4108 6460
191 433 314 497 533

1694 435 2125 500 EPISTOLJE.

3504 438 3623 506 534

185 585 326 628 cum
360 567 580 626 nostris
607 567 858 627 conferri
888 566 1188 639 faciam,ut
1207 588 1276 628 ex
1296 569 1638 645 utrisque,si
1659 571 1847 645 possit
1873 571 1930 639 Α
1961 576 2288 630 memorata
2317 571 2464 630 cella
2493 569 2738 646 implere
2771 571 2955 630 coacti
2989 571 3152 631 estis.
3185 576 3371 644 Quam
3401 573 3474 633 ob
3492 591 3624 632 cau-

183 657 337 728 ﬁeri,
387 658 602 716 veritas
650 659 1014 732 exculpa'tur.
1058 661 1146 716 Tu
1195 666 1392 718 autem
1451 661 1588 718 huic
1646 665 1844 718 nostro

183 749 415 805 cursori
447 747 708 804 Tullium
741 749 800 804 in
829 750 1018 805 Arabe
1049 751 1232 820 trade,
1259 754 1324 806 ut
1353 768 1420 807 ex
1449 768 1515 807 eo
1546 769 1720 824 quem
1753 768 1844 808 me

182 837 646 911 impetraturum
695 839 868 894 credo
916 856 1043 911 quae
1092 840 1295 896 deesse
1337 840 1421 895 illi
1468 840 1618 913 Egili
1648 845 1848 896 noster

181 928 419 1000 aperuit
447 928 850 1000 suppleantur.
886 929 1037 984 Bene
1066 927 1215 996 vale,
1248 933 1306 985 et
1333 930 1452 986 tuis
1485 947 1579 986 me
1617 947 1849 1002 semper

181 1017 556 1074 orationibus
586 1021 843 1090 protege.

751 1133 1096 1190 EPISTOLA
1139 1134 1292 1191 LXX.

749 1240 820 1280 AD
861 1240 1194 1281 MARCVVARD
1203 1241 1288 1280 UM

255 1327 813 1386 Desiderantissimo
845 1334 902 1386 et
931 1330 1266 1404 integritate
1312 1331 1440 1386 vitia
1491 1331 1698 1388 merito
1747 1350 1846 1389 su-

175 1417 484 1490 spiciendo
518 1419 884 1476 Marcwardo
915 1419 1114 1476 abbati
1148 1421 1348 1494 Lupus
1379 1426 1722 1494 perpetuam
1753 1439 1846 1478 sa-

174 1506 395 1564 lutem.

254 1597 477 1672 Dignas
504 1597 670 1654 vobis
701 1600 1015 1671 rependere
1046 1599 1264 1674 gratias
1286 1618 1401 1657 non
1432 1600 1718 1670 valemus,
1744 1602 1845 1657 sed

173 1702 303 1742 non
335 1685 553 1742 idcirco
582 1686 671 1742 vel
701 1687 896 1744 verbis
925 1688 985 1744 id
1018 1693 1242 1745 tentare
1273 1707 1390 1744 non
1419 1690 1722 1746 debemus.
1757 1690 1844 1747 Si-

176 1775 426 1848 quidem
461 1775 616 1832 inter
645 1775 762 1833 alia
790 1794 918 1850 quae
949 1778 1255 1851 nobisjam
1274 1779 1531 1851 plurima
1551 1779 1849 1852 praestitis-

175 1863 504 1938 tis,linguae
525 1871 726 1921 vestrae
752 1884 964 1939 pueros
986 1872 1219 1924 nostros
1260 1867 1480 1925 fecistis
1506 1868 1842 1942 participes,

178 1956 359 2026 cujus
383 1972 558 2010 usum
589 1955 698 2011 hoc
727 1961 986 2029 tempore
1009 1958 1514 2030 pernecessarium
1539 1975 1712 2014 nemo
1735 1958 1844 2014 nisi
1876 1947 1925 2013 B

176 2043 370 2100 nimis
400 2045 603 2100 tardus
635 2044 882 2118 ignorat.
919 2047 1122 2118 Itaque
1153 2064 1270 2102 non
1303 2047 1431 2103 istis
1462 2051 1689 2120 gratam
1723 2066 1845 2104 rem

175 2131 400 2199 solum,
431 2149 637 2190 verum
683 2134 860 2189 etiam
911 2134 1295 2192 utilissimam
1350 2137 1520 2192 nobis
1569 2137 1844 2193 omnibus

174 2223 339 2279 113
371 2222 723 2279 contulistis.
749 2223 1209 2280 Dilectissimum
1242 2226 1480 2282 fratrem
1513 2225 1756 2299 Eigilem
1789 2231 1847 2284 et

175 2315 421 2368 caeteros
470 2329 528 2368 IV
575 2311 722 2368 Non.
762 2313 1122 2385 Septembris
1171 2314 1336 2370 lmtus
1385 2315 1601 2388 excepi.
1637 2317 1742 2371 Sed
1779 2321 1845 2372 ut

175 2417 466 2474 congrum
499 2401 784 2458 curationi
837 2409 1072 2476 tempus
1115 2403 1536 2476 impenderent,
1563 2405 1726 2475 justo
1757 2423 1845 2462 ce-

172 2489 361 2546 lerius
375 2489 802 2559 dimisimus,ea
816 2492 1148 2548 conditione
1171 2493 1482 2550 obstrictos
1505 2499 1567 2550 ut
1589 2511 1692 2567 per
1711 2513 1838 2562 nos,

173 2579 322 2635 dum
342 2579 1347 2652 redierint,proﬁciscantur.Sumus
1369 2583 1524 2638 enim
1547 2584 1616 2638 de
1635 2599 1839 2638 eorum

173 2669 430 2724 sanitate
461 2673 518 2724 et
549 2669 812 2742 ipsorum
844 2675 900 2726 et
929 2671 1106 2727 vcstri
1138 2689 1316 2728 causa
1336 2672 1708 2728 vehementer
1731 2672 1841 2728 sol-

170 2757 345 2814 liciti.
378 2757 660 2814 Cmterum
695 2759 851 2815 hunc
903 2759 1186 2816 novitium
1239 2778 1535 2816 cursorem
1570 2767 1837 2817 nostrum

169 2851 383 2904 vestrae
415 2847 710 2904 sanctitati
743 2851 1249 2918 commendamus,
1285 2851 1446 2906 omni
1474 2868 1684 2924 genere
1706 2869 1839 2907 con-

170 2935 526 2994 versationis
554 2937 902 3010 profcssioni
927 2956 1046 2994 suae
1070 2940 1656 3012 reSpondcntem,nisi
1679 2941 1835 3014 quod

174 3027 397 3092 adhuc,
429 3026 601 3082 credo
631 3032 872 3099 propter
897 3027 1136 3084 timores
1167 3032 1472 3098 noctunos,
1509 3029 1698 3086 solum
1733 3048 1832 3086 cu-

173 3117 319 3172 bare
349 3131 463 3172 non
499 3119 710 3188 potest.
743 3116 890 3189 Opto
938 3134 1043 3174 vos
1084 3117 1274 3174 valere
1307 3117 1570 3186 feliciter,
1605 3119 1835 3192 meique

175 3221 412 3278 semper
440 3208 680 3278 paterno
714 3206 922 3262 all'ectu
953 3207 1312 3265 meminisse.

726 3323 1076 3379 EPISTOLA
1115 3325 1298 3380 LXXI.

171 3428 249 3468 AD
300 3429 487 3468 RBGEM
537 3427 827 3476 CAROLUM,
877 3431 1024 3468 ANTE
1079 3431 1589 3471 RECUPERATION'EM
1629 3433 1832 3472 CELLE.

248 3517 798 3575 Prmcellentissime
829 3517 1067 3576 domine
1100 3519 1180 3575 mi
1214 3538 1332 3588 rex,
1365 3521 1668 3578 humiliter
1697 3539 1836 3596 sup-

173 3607 328 3682 plico
361 3612 426 3664 ut
454 3608 897 3682 suggestionem
919 3609 1004 3664 tui
1031 3609 1612 3667 devotissimifamuli
1634 3611 1835 3684 digne-

173 3699 258 3754 ris
291 3698 613 3770 prudenter
643 3714 992 3770 cognoscere
1022 3703 1079 3754 et
1107 3699 1423 3756 clementer
1453 3703 1836 3758 tractare.Re—

171 3786 552 3860 giosissimus
573 3785 892 3860 imperator
918 3788 1268 3860 Ludovicus,
1281 3795 1483 3846 vestra:
1517 3789 1838 3847 nobilitatis

173 3877 479 3945 auctor,ad
497 3875 836 3949 petitionem
851 3875 1291 3950 gloriosissimze
1315 3879 1610 3935 memoriae
1631 3880 1836 3936 Judith

171 3967 452 4038 Augustae
486 3965 691 4019 matris
739 3969 943 4020 vestrae
995 3965 1202 4021 cellam
1254 3968 1440 4023 sancti
1478 3969 1686 4024 Judoci
1721 3987 1841 4025 mo-

175 4055 432 4112 nasterio
465 4053 820 4111 Ferrariensi
843 4055 1173 4123 contulit,et
1189 4074 1363 4112 suum
1395 4057 1838 4130 donum(a)prae—

173 4149 342 4216 cepto
373 4143 658 4213 firmavit;
691 4148 758 4200 ut
787 4148 843 4200 et
873 4145 1147 4200 monachi
1179 4147 1400 4218 absque
1423 4146 1698 4219 inopiain
1721 4165 1840 4203 mo-

175 4233 434 4290 nasterio
465 4233 582 4289 Deo
612 4233 917 4302 servirent,
952 4239 1010 4289 et
1039 4234 1098 4288 in
1133 4236 1372 4306 praefata
1403 4235 1549 4291 cella
1577 4236 1836 4310 hospita-

177 4323 405 4378 litatem
427 4322 599 4394 juxta
628 4321 728 4377 Dei
762 4321 1031 4378 timorem
1064 4323 1387 4396 peregrinis
1413 4323 1840 4398 impenderent,

178 4416 356 4484 atque
385 4427 491 4483 pro
523 4410 834 4482 utriusque
885 4410 1072 4467 salute
1119 4417 1177 4467 et
1229 4413 1612 4486 prosperitate
1643 4414 1843 4470 Domi-

178 4499 802 4572 nus(b)delectabiliter
821 4505 1144 4557 exorarent.
1170 4502 1384 4557 Eorum
1410 4504 1839 4577 eleemosynam

178 4589 370 4663 primo
403 4589 652 4660 benigne
683 4588 1059 4646 concessistis
1088 4592 1245 4646 114
1285 4608 1432 4647 novo
1489 4593 1666 4648 etiam
1697 4611 1840 4665 prae-

1954 679 2081 718 sam
2113 680 2270 719 nunc
2303 663 2404 720 Dei
2436 663 2612 732 servi,
2645 663 2743 736 qui
2792 680 2896 734 pro
2943 663 3110 720 vobis
3155 665 3389 724 assidue
3428 668 3618 736 orant,

1954 751 2064 808 hoc
2089 753 2339 809 triennio
2372 757 2652 809 consueta
2681 753 3029 809 vestimenta
3062 772 3177 809 non
3212 755 3526 828 accipiunt,
3561 759 3620 812 et

1957 859 2084 914 quae
2118 843 2266 898 ferre
2298 833 2756 915 compell'untur,
2807 843 3008 898 attrita
3056 849 3111 899 et
3162 844 3472 916 plerasque
3522 861 3616 902 re-

1957 936 2116 988 sarta
2175 937 2332 999 sunt,
2403 932 2802 1003 leguminibus
2861 933 3123 1005 empitiis
3183 937 3616 1000 sustentantur,

1955 1021 2207 1094 piscium
2257 1027 2314 1076 et
2365 1021 2516 1076 casei
2569 1020 3029 1077 consolationem
3080 1022 3382 1079 rarissime
3413 1039 3618 1078 conse-

1956 1113 2240 1182 quuntur,
2273 1109 2474 1165 famuli
2505 1109 2702 1166 debita
2749 1110 3098 1166 indumenta
3129 1129 3246 1166 non
3279 1111 3612 1184 accipiunt:

1956 1215 2084 1271 quae
2117 1199 2315 1254 omnia
2346 1198 2514 1254 nobis
2544 1216 2612 1254 ex
2643 1199 2918 1271 praedicta
2939 1199 3083 1256 cella
3104 1199 3616 1272 ministrabantur,

1957 1287 2015 1342 in
2049 1305 2164 1360 qua
2195 1287 2593 1343 intermissam
2643 1288 3176 1344 transmarinorum
3230 1305 3432 1344 curam
3474 1287 3615 1344 alio-

1957 1394 2208 1449 rumque
2240 1393 2563 1450 pauperum
2597 1381 2656 1432 et
2685 1376 3010 1449 neglectam
3043 1377 3134 1433 sui
3162 1377 3456 1432 culturam
3497 1376 3616 1433 uti-

1957 1483 2093 1522 nam
2123 1467 2288 1523 vobis
2323 1467 2472 1522 Deus
2505 1483 2620 1521 non
2655 1466 2924 1538 imputet.
2960 1467 3069 1533 Me,
3103 1471 3311 1539 praeter
3358 1483 3616 1522 commu-

1956 1573 2091 1612 nem
2153 1555 2562 1612 necessitatem
2622 1558 2678 1611 et
2731 1554 3090 1627 singularem
3147 1554 3428 1622 laborem,
3482 1572 3611 1628 gra-

1953 1645 2236 1701 vissimus
2267 1647 2457 1717 pudor
2485 1649 2708 1712 onerat,
2741 1643 2880 1716 quia
2927 1644 2986 1699 id
3037 1644 3193 1716 quod
3242 1643 3340 1700 alii
3371 1645 3612 1701 abbates

1957 1735 2028 1790 ad
2091 1734 2472 1790 stabilitatem
2527 1732 2826 1805 religionis
2877 1733 3284 1788 munificentia
3339 1733 3613 1806 imperia-

1956 1821 1995 1878 li
2046 1823 2345 1879 consecuti
2394 1826 2553 1888 sunt,
2595 1839 2698 1894 ego
2761 1821 2928 1894 quasi
2980 1821 3244 1877 omnium
3291 1821 3614 1878 vilissimus

1955 1917 2013 1968 et
2069 1912 2488 1968 inutilissimus
2544 1911 2737 1967 amisi.
2784 1913 3003 1966 Tamen
3057 1928 3222 1983 spem
3275 1928 3485 1982 gerens
3534 1929 3617 1968 re-

1955 2001 2274 2074 cuperandi
2307 2019 2436 2056 meo
2471 2001 2703 2058 servitio
2753 2001 2908 2070 quod
2952 2001 3116 2056 nulla
3161 2001 3220 2054 in
3269 2017 3372 2055 vos
3421 2000 3612 2073 culpa,

1955 2097 2021 2148 ut
2067 2097 2218 2148 Deus
2253 2093 2420 2148 testis
2458 2096 2566 2158 est,
2599 2091 2850 2164 perdidi,
2884 2091 3135 2147 maxime
3175 2109 3310 2146 cum
3359 2094 3612 2146 vestram

1954 2180 2406 2254 promissionem
2454 2180 2591 2236 inde
2648 2185 2902 2247 teneam,
2954 2197 3132 2252 quam
3192 2179 3390 2235 fallere
3447 2180 3613 2235 nefas

1953 2276 2044 2328 est
2076 2289 2088 2326 :
2122 2270 2372 2343 imploro
2422 2270 2577 2342 quod
2625 2270 2788 2340 juste
2828 2269 3214 2342 reposcimus,
3251 2286 3322 2322 ne
3363 2267 3613 2323 ulterius

1951 2359 2254 2426 dilferatis,
2314 2359 2414 2415 sed
2482 2359 2756 2414 continuo
2817 2357 2980 2414 vobis
3046 2358 3336 2430 nobisque
3403 2357 3613 2429 digne-

1952 2448 2098 2504 mini
2156 2448 2480 2514 consulere,
2534 2453 2600 2502 ut
2642 2452 2700 2502 et
2754 2451 2936 2502 Deum
2986 2447 3214 2502 faciatis
3263 2445 3428 2502 vobis
3477 2462 3609 2518 pro-

1950 2538 2183 2610 pitium,
2232 2543 2288 2594 et
2335 2555 2442 2594 nos
2490 2537 2732 2593 ultimos
2783 2535 3034 2592 famulos
3081 2541 3304 2592 vestros
3353 2534 3610 2592 reddatis

1949 2628 2021 2683 ad
2057 2627 2534 2683 intercedendum
2569 2643 2672 2699 pro
2697 2625 2860 2681 vobis
2891 2623 3050 2680 omni
3085 2629 3346 2698 tempore
3377 2639 3608 2696 promp-

1951 2716 2146 2772 tiores.

2382 2807 2476 2860 11
2491 2805 2534 2862 5
2575 2805 2922 2861 EPISTOLA
2964 2803 3170 2859 LXXII.

2525 2895 2592 2967 (ε)
2631 2912 2704 2950 AD
2743 2911 3016 2950 amonem.

2405 2986 2489 3039 Ea:
2511 3001 2748 3056 persona
2778 2983 3133 3040 Marcwardz’.

2017 3073 2504 3130 Revercutissimo
2555 3077 2612 3128 et
2659 3071 3048 3145 plurimorum
3097 3071 3401 3144 praeconiis
3452 3070 3598 3127 cele-

1944 3164 2167 3220 brando
2200 3161 2410 3218 Didoni
2460 3162 2655 3218 abbati
2708 3161 3113 3217 Marcwardus
3143 3159 3463 3233 plurimam
3502 3177 3602 3216 sa-

1944 3252 2150 3309 lutem.

1865 3321 1908 3388 C
2013 3341 2169 3398 Artis
2201 3345 2400 3398 vestrae
2424 3341 2742 3414 singularis
2767 3339 2974 3413 peritia
2996 3339 3318 3394 multorum
3341 3339 3603 3394 oratione

1946 3431 2284 3505 pervulgata
2331 3431 2528 3485 fratris
2578 3429 2846 3485 Nithardi
2898 3427 3275 3501 potissimum
3321 3427 3602 3483 relatione

1945 3521 2115 3577 nobis
2153 3521 2453 3575 innotuit:
2491 3537 2606 3592 quo
2656 3519 2832 3574 etiam
2875 3519 3158 3574 referente
3208 3517 3605 3589 comperimus

1946 3610 2168 3684 passim
2197 3627 2300 3665 vos
2329 3626 2599 3665 accesum
2632 3607 3424 3680 indigentibus:ﬁrl)aperire,et
3453 3622 3605 3662 sem-

1947 3701 2236 3774 piternam
2272 3716 2511 3754 usuram
2543 3697 2848 3769 temporali
2897 3696 3308 3770 mgrotantium
3350 3693 3606 3750 remedio

1946 3789 2450 3862 procurare.Unde
2475 3787 2708 3843 tametsi
2739 3786 2902 3841 vobis
2933 3787 3126 3841 adhuc
3161 3802 3368 3840 sumus
3401 3783 3604 3857 ignoti,

1949 3897 2064 3935 non
2085 3879 2486 3935 dubitavimus
2505 3876 3085 3950 propter(c)ejusdcm
3109 3873 3403 3947 religionis
3422 3873 3609 3930 unita-

1947 3969 2265 4038 tem,cujus
2295 3966 2468 4022 etiam
2502 3983 2603 4020 vos
2635 3963 3186 4019 observantissimos
3217 3960 3606 4034 gratulamur,

1951 4057 2252 4114 materiam
2271 4054 2584 4128 praestandi
2608 4054 2776 4109 nobis
2810 4053 3072 4108 beneficii
3094 4053 3246 4106 ultro
3265 4067 3608 4124 proponere,

1949 4147 2136 4222 parati
2148 4150 2348 4202 vestra:
2363 4144 2780 4217 opinatissimac
2798 4141 3133 4197 liberalitati
3161 4140 3351 4196 modis
3373 4141 3612 4212 quibus-

1949 4252 2180 4308 cunque
2199 4251 2520 4307 possumus
2541 4231 3186 4305 respondereNamque
3202 4234 3252 4284 et
3272 4229 3373 4283 filii
3400 4228 3606 4296 nostri,

1949 4342 2096 4398 quos
2127 4327 2184 4378 et
2214 4327 2434 4378 vestros
2467 4327 2761 4394 optamus,
2788 4319 3052 4374 molestia
3086 4318 3346 4390 corporis
3378 4317 3610 4374 labora-

1951 4415 2119 4480 bant;
2156 4429 2335 4484 quam
2370 4410 2594 4482 aliquot
2623 4408 2870 4464 adhibiti
2901 4408 3058 4480 apud
3090 4425 3195 4462 nos
3239 4407 3447 4462 medici
3479 4424 3613 4478 pro-

1951 4503 2186 4576 pulsare.
2218 4500 2624 4572 nequiverunt.
2659 4500 2796 4565 Hos,
2833 4498 3080 4553 Domino
3112 4501 3169 4552 et
3196 4500 3398 4552 vestrae
3431 4495 3616 4552 chari-

1950 4593 2052 4648 tati
2086 4591 2352 4654 fidentes,
2381 4589 2674 4643 curandos
2723 4587 2889 4642 vobis
2933 4587 3263 4654 offerimus;
3296 4590 3352 4641 et
3380 4601 3483 4658 per
3511 4603 3614 4642 vos

177 4683 346 4750 cepto
380 4677 689 4746 ﬁrmastis;
725 4679 825 4734 sed
859 4683 1062 4750 postea
1077 4680 1148 4734 ad
1168 4681 1611 4752 persuasionem
1637 4698 1838 4738 eorum
1873 4699 1917 4763 1)
1951 4683 2156 4754 Optata:
2172 4677 2440 4735 sanitatis
2461 4676 2667 4732 solatia
2687 4676 3333 4748 tcmpcrantes,auctori
3348 4677 3614 4749 ejusdem

180 4768 284 4842 qui
317 4785 451 4823 cum
489 4766 584 4822 Dei
609 4768 931 4824 offensione
966 4787 1079 4824 non
1122 4768 1333 4825 timent
1371 4771 1674 4838 ditescere,
1709 4789 1842 4826 eva-

178 4861 355 4914 cuata
384 4855 608 4928 duplici
639 4855 1030 4931 eleemosyna,
1077 4862 1276 4918 votum
1327 4859 1696 4915 saecularium
1743 4861 1842 4916 de-

252 4981 337 5057 (ai
360 4982 732 5057 Praecepton
763 4983 1197 5057 est,diplo_mate
1227 4985 1504 5057 regio.Sic
1536 4985 1694 5042 enim
1715 4990 1843 5042 tum

178 5055 468 5110 vocabant
497 5052 757 5126 diploma
788 5052 1217 5128 principis.N0s
1249 5052 1419 5112 hodie
1450 5075 1728 5114 vocamus
1757 5058 1848 5114 lit-

180 5132 341 5183 teras
373 5130 664 5183 patentes.

254 5197 337 5268 (b),
357 5197 764 5252 Detectabiliter
793 5208 1105 5255 exorarent.
1140 5201 1242 5257 His
1273 5200 1429 5256 enim
1481 5199 1846 5268 solemnibus

181 5266 376 5324 verbis
409 5268 693 5324 finiebant
739 5275 1026 5345 praecepta
1075 5273 1233 5345 regia
1291 5266 1666 5340 monasteriis
1709 5290 1844 5328 con-

183 5357 352 5416 cessa
385 5356 398 5394 :
437 5345 724 5412 Quatenus
757 5343 898 5416 ipsos
929 5343 1218 5400 monachos
1255 5360 1357 5416 pro
1403 5346 1580 5408 nobis,
1623 5345 1848 5416 conjuge

177 5413 443 5486 prataque
472 5420 682 5486 nostra,
716 5414 796 5468 vel
823 5430 927 5485 pro
957 5413 1270 5472 stabzlz’tute'
1283 5417 1450 5471 totius
1475 5417 1635 5484 regni
1653 5413 1846 5484 nostri,

175 5485 392 5557 jugiter
439 5485 665 5557 Domini
707 5485 1148 5557 misericordiam
1193 5504 1422 5542 exorare
1469 5487 1712 5544 delectet.
1755 5488 1850 5544 Sic

184 5555 324 5684 Erg?
357 5555 644 5682 sacriptum
671 5555 779 5611 fuit
799 5557 857 5611 in
882 5564 1168 5632 precepto
1193 5559 1468 5615 Ludovici
1500 5559 1584 5614 Pii
1612 5560 1682 5616 de
1703 5559 1851 5616 cella

238 5669 252 5682 .
325 5645 362 5682 u
409 5645 520 5682 061.

238 5669 252 5682 .
286 5645 520 5682 JUOOCI.

257 5702 331 5768 (ε)
361 5699 440 5754 Ad
471 5697 762 5754 Didonem.
796 5699 1082 5755 Abbatem
1117 5702 1452 5758 monasterii
1487 5703 1674 5757 sancti
1701 5703 1851 5758 Petri

185 5767 314 5825 Vivi
349 5770 1021 5827 Senoncnsis.Chronico
1055 5772 1112 5827 S.
1139 5772 1291 5828 Petri
1325 5773 1447 5828 Vivi
1472 5793 1490 5829 :
1514 5799 1539 5824 (ι
1569 5775 1852 5831 Defuncto

189 5846 394 5900 autem
444 5842 770 5912 Anastasio,
803 5843 988 5901 sancti
1034 5845 1190 5900 Petri
1221 5845 1452 5914 abbate,
1485 5847 1772 5904 successit
1802 5847 1853 5905 ei

1955 4765 2494 4839 nobiscumgratias
2511 4763 3346 4821 referantetvestrolabori.llli
3375 4763 3613 4835 quidem

1952 4859 2534 4928 devotionem,quam
2568 4855 2753 4912 solam
2786 4858 3054 4926 possunt,
3088 4858 3288 4925 utpote
3321 4851 3614 4918 monachi,

1953 4985 2120 5052 Dido,
2160 5007 2185 5032 ››
2219 4999 2371 5038 anno
2405 4981 2686 5036 nimirum
2719 4983 2844 5041 8&7.
2878 4979 3040 5052 Obiit
3078 4983 3274 5052 autem
3321 4995 3478 5052 anno
3511 4979 3615 5052 869

1955 5049 2475 5125 successoremque
2507 5053 2715 5108 habuit
2741 5051 3034 5125 Aquilam,
3069 5049 3267 5125 Eigilis
3295 5049 3616 5125 archiepis-

1956 5127 2086 5201 copi
2117 5120 2474 5183 Senonensis
2505 5120 2885 5197 discipulum,
2917 5128 2981 5177 ut
3011 5122 3069 5176 in
3097 5120 3300 5177 eadem
3325 5120 3615 5176 Chronico

1957 5200 2242 5256 scriptum
2274 5202 2382 5252 est.

2027 5218 2066 5254 l‘l
2091 5217 2242 5253 )tum
2274 5217 2382 5252 est.

2027 5217 2104 5342 (dx
2128 5269 2511 5342 Aperire.Post
2540 5285 2750 5342 vocem,
2777 5268 2946 5342 istam
2982 5265 3179 5320 deerat
3203 5279 3386 5342 unum
3412 5262 3617 5342 folium

1958 5343 2016 5398 in
2037 5336 2443 5406 vetericodicc;
2467 5340 2618 5408 quod
2642 5339 2754 5394 nisi
2779 5336 3218 5404 det'uisset,usui
3245 5353 3371 5408 esse
3395 5338 3621 5406 poterat

1959 5416 2030 5471 ad
2064 5413 2400 5469 sarciendas
2431 5406 2632 5465 ruinas
2663 5410 3039 5482 sequentium
3070 5406 3475 5482 epistolarum.

2030 5490 2102 5555 (ιε)
2133 5484 2387 5555 Ejusdem
2419 5483 2723 5555 retz'gz'or_zis.
2749 5477 2821 5555 id
2865 5487 2954 5534 est
3003 5482 3069 5535 D.
3106 5477 3438 5535 Benedicti.
3471 5477 3618 5555 Nam

1961 5548 2305 5613 Pruiniense
2329 5548 3037 5622 mouaﬂerium,itcmque
3062 5548 3615 5617 Senonense,sancti

1962 5631 2140 5700 hujus
2175 5627 2452 5698 Regulam
2485 5624 3440 5700 prolitebantur,quemadmodum
3463 5625 3624 5700 caete-

1963 5693 2374 5756 ravﬁalliarinn
2399 5704 2453 5750 et
2475 5693 2923 5752 Germaniarum
2955 5695 3458 5765 monasterio,jam
3489 5693 3624 5749 inde

1963 5794 1994 5829 a
2026 5772 2388 5843 temporibus
2425 5768 2698 5824 Ludovici
2734 5766 2837 5823 Pii.
