  <div class='ocr_page' id='page_1' title='image "/cluster/home/n/w/nwhite01/storage/ocr_20150623/119/umn.319510024774125/312.png"; bbox 0 0 4108 6458; ppageno 0'>
   <div class='ocr_carea' id='block_1_1' title="bbox 186 411 331 481">
    <p class='ocr_par' dir='ltr' id='par_1_1' title="bbox 186 411 331 481">
     <span class='ocr_line' id='line_1_1' title="bbox 186 411 331 481; baseline 0 -12"><span class='ocrx_word' id='word_1_1' title='bbox 186 411 331 481; x_wconf 74' lang='grc'>569.</span> 
     </span>
    </p>
   </div>
   <div class='ocr_carea' id='block_1_2' title="bbox 1692 407 2124 473">
    <p class='ocr_par' dir='ltr' id='par_1_2' title="bbox 1692 407 2124 473">
     <span class='ocr_line' id='line_1_2' title="bbox 1692 407 2124 473; baseline -0.007 -1"><span class='ocrx_word' id='word_1_2' title='bbox 1692 407 2124 473; x_wconf 68' lang='lat' dir='ltr'>EPISTOLJE.</span> 
     </span>
    </p>
   </div>
   <div class='ocr_carea' id='block_1_3' title="bbox 3482 408 3626 494">
    <p class='ocr_par' dir='ltr' id='par_1_3' title="bbox 3482 408 3626 494">
     <span class='ocr_line' id='line_1_3' title="bbox 3482 408 3626 494; baseline 0 0"><span class='ocrx_word' id='word_1_3' title='bbox 3482 408 3626 494; x_wconf 63' lang='lat' dir='ltr'>570a</span> 
     </span>
    </p>
   </div>
   <div class='ocr_carea' id='block_1_4' title="bbox 264 540 3609 623">
    <p class='ocr_par' dir='ltr' id='par_1_4' title="bbox 264 540 3609 623">
     <span class='ocr_line' id='line_1_4' title="bbox 264 540 3609 623; baseline -0.001 -18"><span class='ocrx_word' id='word_1_4' title='bbox 264 548 326 615; x_wconf 85' lang='lat' dir='ltr'>Si</span> <span class='ocrx_word' id='word_1_5' title='bbox 357 546 678 622; x_wconf 84' lang='lat' dir='ltr'>prudenter</span> <span class='ocrx_word' id='word_1_6' title='bbox 727 546 1055 621; x_wconf 84' lang='lat' dir='ltr'>cogitemus</span> <span class='ocrx_word' id='word_1_7' title='bbox 1112 546 1269 620; x_wconf 92' lang='lat' dir='ltr'>quod</span> <span class='ocrx_word' id='word_1_8' title='bbox 1305 542 1604 620; x_wconf 81' lang='lat' dir='ltr'>originalis</span> <span class='ocrx_word' id='word_1_9' title='bbox 1626 542 1847 618; x_wconf 84' lang='lat' dir='ltr'>peccati</span> <span class='ocrx_word' id='word_1_10' title='bbox 1874 543 1931 611; x_wconf 76' lang='grc' dir='ltr'><strong>Α</strong></span> <span class='ocrx_word' id='word_1_11' title='bbox 1966 542 2039 615; x_wconf 88' lang='grc' dir='ltr'>(ΙΙ</span> <span class='ocrx_word' id='word_1_12' title='bbox 2067 544 2201 600; x_wconf 87' lang='lat' dir='ltr'>Tim.</span> <span class='ocrx_word' id='word_1_13' title='bbox 2232 541 2340 623; x_wconf 57' lang='lat' dir='ltr'>in),</span> <span class='ocrx_word' id='word_1_14' title='bbox 2373 540 2842 603; x_wconf 88' lang='lat' dir='ltr'>Persecutionem</span> <span class='ocrx_word' id='word_1_15' title='bbox 2873 547 3069 603; x_wconf 87' lang='lat' dir='ltr'>autem</span> <span class='ocrx_word' id='word_1_16' title='bbox 3111 544 3263 605; x_wconf 83' lang='lat' dir='ltr'>hanc</span> <span class='ocrx_word' id='word_1_17' title='bbox 3312 544 3609 620; x_wconf 72' lang='lat' dir='ltr'>religiosis</span> 
     </span>
    </p>
   </div>
   <div class='ocr_carea' id='block_1_5' title="bbox 190 632 1845 708">
    <p class='ocr_par' dir='ltr' id='par_1_5' title="bbox 190 632 1845 708">
     <span class='ocr_line' id='line_1_5' title="bbox 190 632 1845 708; baseline -0.004 -14"><span class='ocrx_word' id='word_1_18' title='bbox 190 636 759 708; x_wconf 88' lang='lat' dir='ltr'>meritojustissima</span> <span class='ocrx_word' id='word_1_19' title='bbox 788 635 889 693; x_wconf 89' lang='lat' dir='ltr'>Dei</span> <span class='ocrx_word' id='word_1_20' title='bbox 919 636 1177 693; x_wconf 81' lang='lat' dir='ltr'>vindicta</span> <span class='ocrx_word' id='word_1_21' title='bbox 1193 632 1423 692; x_wconf 79' lang='lat' dir='ltr'>exsules</span> <span class='ocrx_word' id='word_1_22' title='bbox 1444 633 1579 691; x_wconf 83' lang='lat' dir='ltr'>facti</span> <span class='ocrx_word' id='word_1_23' title='bbox 1615 649 1845 701; x_wconf 91' lang='lat' dir='ltr'>sumus,</span> 
     </span>
    </p>
   </div>
   <div class='ocr_carea' id='block_1_6' title="bbox 192 723 1848 798">
    <p class='ocr_par' dir='ltr' id='par_1_6' title="bbox 192 723 1848 798">
     <span class='ocr_line' id='line_1_6' title="bbox 192 723 1848 798; baseline -0.004 -15"><span class='ocrx_word' id='word_1_24' title='bbox 192 743 332 783; x_wconf 91' lang='lat' dir='ltr'>cum</span> <span class='ocrx_word' id='word_1_25' title='bbox 365 726 608 783; x_wconf 88' lang='lat' dir='ltr'>adversa</span> <span class='ocrx_word' id='word_1_26' title='bbox 639 725 804 782; x_wconf 91' lang='lat' dir='ltr'>nobis</span> <span class='ocrx_word' id='word_1_27' title='bbox 835 724 1204 798; x_wconf 90' lang='lat' dir='ltr'>contingunt,</span> <span class='ocrx_word' id='word_1_28' title='bbox 1236 742 1352 781; x_wconf 91' lang='lat' dir='ltr'>non</span> <span class='ocrx_word' id='word_1_29' title='bbox 1385 723 1717 780; x_wconf 82' lang='lat' dir='ltr'>mirabitur.</span> <span class='ocrx_word' id='word_1_30' title='bbox 1739 723 1848 778; x_wconf 83' lang='lat' dir='ltr'>Re-</span> 
     </span>
    </p>
   </div>
   <div class='ocr_carea' id='block_1_7' title="bbox 191 811 1849 887">
    <p class='ocr_par' dir='ltr' id='par_1_7' title="bbox 191 811 1849 887">
     <span class='ocr_line' id='line_1_7' title="bbox 191 811 1849 887; baseline -0.004 -16"><span class='ocrx_word' id='word_1_31' title='bbox 191 814 353 887; x_wconf 88' lang='lat' dir='ltr'>pulsi</span> <span class='ocrx_word' id='word_1_32' title='bbox 384 815 542 871; x_wconf 89' lang='lat' dir='ltr'>enim</span> <span class='ocrx_word' id='word_1_33' title='bbox 574 832 608 870; x_wconf 93' lang='lat' dir='ltr'>a</span> <span class='ocrx_word' id='word_1_34' title='bbox 639 813 851 871; x_wconf 65' lang='lat' dir='ltr'>laetitias</span> <span class='ocrx_word' id='word_1_35' title='bbox 883 813 1091 887; x_wconf 90' lang='lat' dir='ltr'>patria,</span> <span class='ocrx_word' id='word_1_36' title='bbox 1126 814 1184 868; x_wconf 91' lang='lat' dir='ltr'>in</span> <span class='ocrx_word' id='word_1_37' title='bbox 1215 812 1422 869; x_wconf 80' lang='lat' dir='ltr'>vallem</span> <span class='ocrx_word' id='word_1_38' title='bbox 1456 811 1849 884; x_wconf 81' lang='lat' dir='ltr'>lacrymarum</span> 
     </span>
    </p>
   </div>
   <div class='ocr_carea' id='block_1_8' title="bbox 193 899 1849 977">
    <p class='ocr_par' dir='ltr' id='par_1_8' title="bbox 193 899 1849 977">
     <span class='ocr_line' id='line_1_8' title="bbox 193 899 1849 977; baseline -0.004 -16"><span class='ocrx_word' id='word_1_39' title='bbox 193 922 409 961; x_wconf 90' lang='lat' dir='ltr'>sumus</span> <span class='ocrx_word' id='word_1_40' title='bbox 432 903 674 977; x_wconf 91' lang='lat' dir='ltr'>dejecti.</span> <span class='ocrx_word' id='word_1_41' title='bbox 707 903 806 960; x_wconf 89' lang='lat' dir='ltr'>Dei</span> <span class='ocrx_word' id='word_1_42' title='bbox 839 904 1031 975; x_wconf 86' lang='lat' dir='ltr'>potius</span> <span class='ocrx_word' id='word_1_43' title='bbox 1057 902 1368 959; x_wconf 79' lang='lat' dir='ltr'>ineﬂ‘abilis</span> <span class='ocrx_word' id='word_1_44' title='bbox 1408 899 1716 958; x_wconf 86' lang='lat' dir='ltr'>clementia</span> <span class='ocrx_word' id='word_1_45' title='bbox 1753 917 1849 955; x_wconf 90' lang='lat' dir='ltr'>su-</span> 
     </span>
    </p>
   </div>
   <div class='ocr_carea' id='block_1_9' title="bbox 193 989 1853 1066">
    <p class='ocr_par' dir='ltr' id='par_1_9' title="bbox 193 989 1853 1066">
     <span class='ocr_line' id='line_1_9' title="bbox 193 989 1853 1066; baseline -0.004 -17"><span class='ocrx_word' id='word_1_46' title='bbox 193 993 500 1066; x_wconf 90' lang='lat' dir='ltr'>spicienda</span> <span class='ocrx_word' id='word_1_47' title='bbox 529 993 740 1066; x_wconf 84' lang='lat' dir='ltr'>pieque</span> <span class='ocrx_word' id='word_1_48' title='bbox 773 992 1071 1049; x_wconf 88' lang='lat' dir='ltr'>laudanda</span> <span class='ocrx_word' id='word_1_49' title='bbox 1099 997 1353 1064; x_wconf 68' lang='lat' dir='ltr'>est,quaa</span> <span class='ocrx_word' id='word_1_50' title='bbox 1377 1008 1484 1048; x_wconf 92' lang='lat' dir='ltr'>nos</span> <span class='ocrx_word' id='word_1_51' title='bbox 1515 1007 1619 1047; x_wconf 90' lang='lat' dir='ltr'>nec</span> <span class='ocrx_word' id='word_1_52' title='bbox 1651 989 1853 1061; x_wconf 91' lang='lat' dir='ltr'>inipsa</span> 
     </span>
    </p>
   </div>
   <div class='ocr_carea' id='block_1_10' title="bbox 193 1080 1850 1155">
    <p class='ocr_par' dir='ltr' id='par_1_10' title="bbox 193 1080 1850 1155">
     <span class='ocr_line' id='line_1_10' title="bbox 193 1080 1850 1155; baseline -0.004 -17"><span class='ocrx_word' id='word_1_53' title='bbox 193 1082 286 1139; x_wconf 90' lang='lat' dir='ltr'>ira</span> <span class='ocrx_word' id='word_1_54' title='bbox 318 1082 553 1155; x_wconf 85' lang='lat' dir='ltr'>deserit,</span> <span class='ocrx_word' id='word_1_55' title='bbox 586 1087 641 1138; x_wconf 88' lang='lat' dir='ltr'>et</span> <span class='ocrx_word' id='word_1_56' title='bbox 664 1082 858 1138; x_wconf 83' lang='lat' dir='ltr'>tristia</span> <span class='ocrx_word' id='word_1_57' title='bbox 888 1081 1120 1138; x_wconf 84' lang='lat' dir='ltr'>blandis</span> <span class='ocrx_word' id='word_1_58' title='bbox 1152 1080 1497 1154; x_wconf 90' lang='lat' dir='ltr'>plerumque</span> <span class='ocrx_word' id='word_1_59' title='bbox 1540 1081 1850 1150; x_wconf 81' lang='lat' dir='ltr'>temperat,</span> 
     </span>
    </p>
   </div>
   <div class='ocr_carea' id='block_1_11' title="bbox 195 1168 1851 1247">
    <p class='ocr_par' dir='ltr' id='par_1_11' title="bbox 195 1168 1851 1247">
     <span class='ocr_line' id='line_1_11' title="bbox 195 1168 1851 1247; baseline -0.004 -19"><span class='ocrx_word' id='word_1_60' title='bbox 195 1188 272 1228; x_wconf 87' lang='lat' dir='ltr'>ne</span> <span class='ocrx_word' id='word_1_61' title='bbox 302 1189 548 1228; x_wconf 75' lang='lat' dir='ltr'>mcerore</span> <span class='ocrx_word' id='word_1_62' title='bbox 578 1170 733 1239; x_wconf 81' lang='lat' dir='ltr'>victi,</span> <span class='ocrx_word' id='word_1_63' title='bbox 764 1170 823 1247; x_wconf 81' lang='lat' dir='ltr'>in</span> <span class='ocrx_word' id='word_1_64' title='bbox 868 1170 1292 1244; x_wconf 83' lang='lat' dir='ltr'>desperationis</span> <span class='ocrx_word' id='word_1_65' title='bbox 1332 1168 1676 1225; x_wconf 83' lang='lat' dir='ltr'>barathrum</span> <span class='ocrx_word' id='word_1_66' title='bbox 1724 1184 1851 1222; x_wconf 87' lang='lat' dir='ltr'>cor-</span> 
     </span>
    </p>
   </div>
   <div class='ocr_carea' id='block_1_12' title="bbox 197 1257 1851 1332">
    <p class='ocr_par' dir='ltr' id='par_1_12' title="bbox 197 1257 1851 1332">
     <span class='ocr_line' id='line_1_12' title="bbox 197 1257 1851 1332; baseline -0.004 -16"><span class='ocrx_word' id='word_1_67' title='bbox 197 1277 470 1319; x_wconf 88' lang='lat' dir='ltr'>ruamus.</span> <span class='ocrx_word' id='word_1_68' title='bbox 496 1258 662 1317; x_wconf 87' lang='lat' dir='ltr'>Unde</span> <span class='ocrx_word' id='word_1_69' title='bbox 689 1257 981 1332; x_wconf 81' lang='lat' dir='ltr'>culpanda</span> <span class='ocrx_word' id='word_1_70' title='bbox 1010 1259 1402 1331; x_wconf 88' lang='lat' dir='ltr'>quorumdam</span> <span class='ocrx_word' id='word_1_71' title='bbox 1432 1257 1851 1321; x_wconf 83' lang='lat' dir='ltr'>temeritasest,</span> 
     </span>
    </p>
   </div>
   <div class='ocr_carea' id='block_1_13' title="bbox 199 1344 1851 1423">
    <p class='ocr_par' dir='ltr' id='par_1_13' title="bbox 199 1344 1851 1423">
     <span class='ocr_line' id='line_1_13' title="bbox 199 1344 1851 1423; baseline -0.004 -17"><span class='ocrx_word' id='word_1_72' title='bbox 199 1349 308 1423; x_wconf 91' lang='lat' dir='ltr'>qui</span> <span class='ocrx_word' id='word_1_73' title='bbox 357 1348 559 1423; x_wconf 82' lang='lat' dir='ltr'>gratiae</span> <span class='ocrx_word' id='word_1_74' title='bbox 606 1348 815 1405; x_wconf 66' lang='lat' dir='ltr'>divinae</span> <span class='ocrx_word' id='word_1_75' title='bbox 869 1346 1161 1404; x_wconf 89' lang='lat' dir='ltr'>continuis</span> <span class='ocrx_word' id='word_1_76' title='bbox 1191 1346 1500 1403; x_wconf 83' lang='lat' dir='ltr'>assuefacti</span> <span class='ocrx_word' id='word_1_77' title='bbox 1534 1344 1851 1411; x_wconf 90' lang='lat' dir='ltr'>beneﬁciis,</span> 
     </span>
    </p>
   </div>
   <div class='ocr_carea' id='block_1_14' title="bbox 198 1435 1856 1510">
    <p class='ocr_par' dir='ltr' id='par_1_14' title="bbox 198 1435 1856 1510">
     <span class='ocr_line' id='line_1_14' title="bbox 198 1435 1856 1510; baseline -0.004 -16"><span class='ocrx_word' id='word_1_78' title='bbox 198 1439 349 1503; x_wconf 88' lang='lat' dir='ltr'>dum</span> <span class='ocrx_word' id='word_1_79' title='bbox 381 1437 681 1510; x_wconf 87' lang='lat' dir='ltr'>aliquibus</span> <span class='ocrx_word' id='word_1_80' title='bbox 699 1441 1024 1510; x_wconf 88' lang='lat' dir='ltr'>tanguntur</span> <span class='ocrx_word' id='word_1_81' title='bbox 1046 1435 1458 1504; x_wconf 79' lang='lat' dir='ltr'>incommodis,</span> <span class='ocrx_word' id='word_1_82' title='bbox 1476 1438 1856 1507; x_wconf 90' lang='lat' dir='ltr'>peccataque-</span> 
     </span>
    </p>
   </div>
   <div class='ocr_carea' id='block_1_15' title="bbox 199 1523 1857 1600">
    <p class='ocr_par' dir='ltr' id='par_1_15' title="bbox 199 1523 1857 1600">
     <span class='ocr_line' id='line_1_15' title="bbox 199 1523 1857 1600; baseline -0.003 -19"><span class='ocrx_word' id='word_1_83' title='bbox 199 1525 343 1600; x_wconf 76' lang='lat' dir='ltr'>relis</span> <span class='ocrx_word' id='word_1_84' title='bbox 375 1529 878 1600; x_wconf 87' lang='lat' dir='ltr'>augent,quorum</span> <span class='ocrx_word' id='word_1_85' title='bbox 910 1524 1107 1580; x_wconf 89' lang='lat' dir='ltr'>debita</span> <span class='ocrx_word' id='word_1_86' title='bbox 1134 1541 1239 1581; x_wconf 92' lang='lat' dir='ltr'>nec</span> <span class='ocrx_word' id='word_1_87' title='bbox 1271 1523 1555 1581; x_wconf 84' lang='lat' dir='ltr'>admoniti</span> <span class='ocrx_word' id='word_1_88' title='bbox 1586 1537 1857 1595; x_wconf 87' lang='lat' dir='ltr'>recogno-</span> 
     </span>
    </p>
   </div>
   <div class='ocr_carea' id='block_1_16' title="bbox 200 1611 1855 1675">
    <p class='ocr_par' dir='ltr' id='par_1_16' title="bbox 200 1611 1855 1675">
     <span class='ocr_line' id='line_1_16' title="bbox 200 1611 1855 1675; baseline -0.005 -2"><span class='ocrx_word' id='word_1_89' title='bbox 200 1633 367 1675; x_wconf 88' lang='lat' dir='ltr'>scere</span> <span class='ocrx_word' id='word_1_90' title='bbox 417 1615 763 1671; x_wconf 90' lang='lat' dir='ltr'>debuerunt.</span> <span class='ocrx_word' id='word_1_91' title='bbox 801 1612 1088 1671; x_wconf 87' lang='lat' dir='ltr'>Credibile</span> <span class='ocrx_word' id='word_1_92' title='bbox 1133 1618 1328 1669; x_wconf 89' lang='lat' dir='ltr'>tamen</span> <span class='ocrx_word' id='word_1_93' title='bbox 1375 1615 1463 1668; x_wconf 91' lang='lat' dir='ltr'>est</span> <span class='ocrx_word' id='word_1_94' title='bbox 1511 1611 1571 1667; x_wconf 90' lang='lat' dir='ltr'>in</span> <span class='ocrx_word' id='word_1_95' title='bbox 1611 1625 1855 1666; x_wconf 91' lang='lat' dir='ltr'>numero</span> 
     </span>
    </p>
   </div>
   <div class='ocr_carea' id='block_1_17' title="bbox 201 1700 1859 1777">
    <p class='ocr_par' dir='ltr' id='par_1_17' title="bbox 201 1700 1859 1777">
     <span class='ocr_line' id='line_1_17' title="bbox 201 1700 1859 1777; baseline -0.005 -15"><span class='ocrx_word' id='word_1_96' title='bbox 201 1704 478 1777; x_wconf 75' lang='lat' dir='ltr'>ﬁdelium</span> <span class='ocrx_word' id='word_1_97' title='bbox 510 1703 738 1776; x_wconf 86' lang='lat' dir='ltr'>aliquos</span> <span class='ocrx_word' id='word_1_98' title='bbox 774 1719 901 1759; x_wconf 88' lang='lat' dir='ltr'>esse</span> <span class='ocrx_word' id='word_1_99' title='bbox 932 1702 1453 1775; x_wconf 87' lang='lat' dir='ltr'>sanctitatc,quam</span> <span class='ocrx_word' id='word_1_100' title='bbox 1477 1700 1757 1757; x_wconf 89' lang='lat' dir='ltr'>divinitus</span> <span class='ocrx_word' id='word_1_101' title='bbox 1772 1715 1859 1754; x_wconf 88' lang='lat' dir='ltr'>ac-</span> 
     </span>
    </p>
   </div>
   <div class='ocr_carea' id='block_1_18' title="bbox 201 1789 1858 1867">
    <p class='ocr_par' dir='ltr' id='par_1_18' title="bbox 201 1789 1858 1867">
     <span class='ocr_line' id='line_1_18' title="bbox 201 1789 1858 1867; baseline -0.005 -17"><span class='ocrx_word' id='word_1_102' title='bbox 201 1796 507 1867; x_wconf 86' lang='lat' dir='ltr'>ceperunt,</span> <span class='ocrx_word' id='word_1_103' title='bbox 532 1792 818 1866; x_wconf 88' lang='lat' dir='ltr'>egregios,</span> <span class='ocrx_word' id='word_1_104' title='bbox 845 1808 1097 1865; x_wconf 91' lang='lat' dir='ltr'>quorum</span> <span class='ocrx_word' id='word_1_105' title='bbox 1120 1808 1235 1847; x_wconf 88' lang='lat' dir='ltr'>non</span> <span class='ocrx_word' id='word_1_106' title='bbox 1268 1794 1388 1846; x_wconf 88' lang='lat' dir='ltr'>tam</span> <span class='ocrx_word' id='word_1_107' title='bbox 1419 1789 1628 1846; x_wconf 89' lang='lat' dir='ltr'>delicta</span> <span class='ocrx_word' id='word_1_108' title='bbox 1658 1804 1858 1844; x_wconf 88' lang='lat' dir='ltr'>curen-</span> 
     </span>
    </p>
   </div>
   <div class='ocr_carea' id='block_1_19' title="bbox 203 1875 1857 1954">
    <p class='ocr_par' dir='ltr' id='par_1_19' title="bbox 203 1875 1857 1954">
     <span class='ocr_line' id='line_1_19' title="bbox 203 1875 1857 1954; baseline -0.005 -15"><span class='ocrx_word' id='word_1_109' title='bbox 203 1887 308 1939; x_wconf 86' lang='lat' dir='ltr'>tur</span> <span class='ocrx_word' id='word_1_110' title='bbox 344 1881 601 1939; x_wconf 84' lang='lat' dir='ltr'>adversis</span> <span class='ocrx_word' id='word_1_111' title='bbox 630 1899 811 1954; x_wconf 89' lang='lat' dir='ltr'>quam</span> <span class='ocrx_word' id='word_1_112' title='bbox 843 1880 1055 1936; x_wconf 90' lang='lat' dir='ltr'>merita</span> <span class='ocrx_word' id='word_1_113' title='bbox 1082 1883 1427 1953; x_wconf 84' lang='lat' dir='ltr'>augeantur.</span> <span class='ocrx_word' id='word_1_114' title='bbox 1460 1879 1659 1952; x_wconf 90' lang='lat' dir='ltr'>Neque</span> <span class='ocrx_word' id='word_1_115' title='bbox 1701 1875 1857 1932; x_wconf 91' lang='lat' dir='ltr'>enim</span> 
     </span>
    </p>
   </div>
   <div class='ocr_carea' id='block_1_20' title="bbox 203 1965 1860 2039">
    <p class='ocr_par' dir='ltr' id='par_1_20' title="bbox 203 1965 1860 2039">
     <span class='ocr_line' id='line_1_20' title="bbox 203 1965 1860 2039; baseline -0.005 -10"><span class='ocrx_word' id='word_1_116' title='bbox 203 1969 318 2029; x_wconf 90' lang='lat' dir='ltr'>soli</span> <span class='ocrx_word' id='word_1_117' title='bbox 350 1971 520 2028; x_wconf 91' lang='lat' dir='ltr'>beato</span> <span class='ocrx_word' id='word_1_118' title='bbox 550 1971 659 2027; x_wconf 88' lang='lat' dir='ltr'>Job</span> <span class='ocrx_word' id='word_1_119' title='bbox 683 1970 837 2026; x_wconf 89' lang='lat' dir='ltr'>Deus</span> <span class='ocrx_word' id='word_1_120' title='bbox 873 1986 1093 2024; x_wconf 90' lang='lat' dir='ltr'>munus</span> <span class='ocrx_word' id='word_1_121' title='bbox 1124 1967 1233 2024; x_wconf 89' lang='lat' dir='ltr'>hoc</span> <span class='ocrx_word' id='word_1_122' title='bbox 1277 1967 1542 2034; x_wconf 83' lang='lat' dir='ltr'>contulit,</span> <span class='ocrx_word' id='word_1_123' title='bbox 1578 1984 1754 2039; x_wconf 89' lang='lat' dir='ltr'>quem</span> <span class='ocrx_word' id='word_1_124' title='bbox 1786 1965 1860 2021; x_wconf 90' lang='lat' dir='ltr'>ad</span> 
     </span>
    </p>
   </div>
   <div class='ocr_carea' id='block_1_21' title="bbox 202 2055 1857 2130">
    <p class='ocr_par' dir='ltr' id='par_1_21' title="bbox 202 2055 1857 2130">
     <span class='ocr_line' id='line_1_21' title="bbox 202 2055 1857 2130; baseline -0.003 -14"><span class='ocrx_word' id='word_1_125' title='bbox 202 2060 564 2117; x_wconf 88' lang='lat' dir='ltr'>imitandum</span> <span class='ocrx_word' id='word_1_126' title='bbox 597 2058 781 2116; x_wconf 83' lang='lat' dir='ltr'>servis</span> <span class='ocrx_word' id='word_1_127' title='bbox 810 2058 937 2116; x_wconf 91' lang='lat' dir='ltr'>suis</span> <span class='ocrx_word' id='word_1_128' title='bbox 968 2058 1028 2114; x_wconf 92' lang='lat' dir='ltr'>in</span> <span class='ocrx_word' id='word_1_129' title='bbox 1051 2074 1181 2115; x_wconf 87' lang='lat' dir='ltr'>arce</span> <span class='ocrx_word' id='word_1_130' title='bbox 1210 2057 1506 2130; x_wconf 69' lang='lat' dir='ltr'>patientis:</span> <span class='ocrx_word' id='word_1_131' title='bbox 1538 2055 1857 2112; x_wconf 85' lang='lat' dir='ltr'>collocavit.</span> 
     </span>
    </p>
   </div>
   <div class='ocr_carea' id='block_1_22' title="bbox 204 2144 1861 2227">
    <p class='ocr_par' dir='ltr' id='par_1_22' title="bbox 204 2144 1861 2227">
     <span class='ocr_line' id='line_1_22' title="bbox 204 2144 1861 2227; baseline -0.002 -23"><span class='ocrx_word' id='word_1_132' title='bbox 204 2148 321 2227; x_wconf 82' lang='lat' dir='ltr'>Qui</span> <span class='ocrx_word' id='word_1_133' title='bbox 360 2147 497 2204; x_wconf 84' lang='lat' dir='ltr'>vicit</span> <span class='ocrx_word' id='word_1_134' title='bbox 536 2147 595 2205; x_wconf 90' lang='lat' dir='ltr'>in</span> <span class='ocrx_word' id='word_1_135' title='bbox 626 2146 748 2214; x_wconf 88' lang='lat' dir='ltr'>illo,</span> <span class='ocrx_word' id='word_1_136' title='bbox 779 2147 961 2204; x_wconf 91' lang='lat' dir='ltr'>vincit</span> <span class='ocrx_word' id='word_1_137' title='bbox 1016 2147 1078 2202; x_wconf 90' lang='lat' dir='ltr'>in</span> <span class='ocrx_word' id='word_1_138' title='bbox 1130 2145 1355 2212; x_wconf 90' lang='lat' dir='ltr'>multis,</span> <span class='ocrx_word' id='word_1_139' title='bbox 1387 2161 1521 2202; x_wconf 90' lang='lat' dir='ltr'>cum</span> <span class='ocrx_word' id='word_1_140' title='bbox 1552 2144 1769 2219; x_wconf 88' lang='lat' dir='ltr'>quibus</span> <span class='ocrx_word' id='word_1_141' title='bbox 1799 2160 1861 2200; x_wconf 89' lang='lat' dir='ltr'>se</span> 
     </span>
    </p>
   </div>
   <div class='ocr_carea' id='block_1_23' title="bbox 202 2228 1859 2313">
    <p class='ocr_par' dir='ltr' id='par_1_23' title="bbox 202 2228 1859 2313">
     <span class='ocr_line' id='line_1_23' title="bbox 202 2228 1859 2313; baseline -0.004 -19"><span class='ocrx_word' id='word_1_142' title='bbox 202 2228 479 2313; x_wconf 70' lang='lat' dir='ltr'>futurum</span> <span class='ocrx_word' id='word_1_143' title='bbox 515 2254 702 2311; x_wconf 90' lang='lat' dir='ltr'>usque</span> <span class='ocrx_word' id='word_1_144' title='bbox 732 2237 791 2292; x_wconf 92' lang='lat' dir='ltr'>in</span> <span class='ocrx_word' id='word_1_145' title='bbox 822 2238 1001 2294; x_wconf 87' lang='lat' dir='ltr'>ﬁnem</span> <span class='ocrx_word' id='word_1_146' title='bbox 1031 2235 1229 2293; x_wconf 73' lang='lat' dir='ltr'>saeculi</span> <span class='ocrx_word' id='word_1_147' title='bbox 1260 2234 1586 2308; x_wconf 82' lang='lat' dir='ltr'>pollicetur.</span> <span class='ocrx_word' id='word_1_148' title='bbox 1617 2234 1859 2304; x_wconf 90' lang='lat' dir='ltr'>Sicujus</span> 
     </span>
    </p>
   </div>
   <div class='ocr_carea' id='block_1_24' title="bbox 206 2321 1860 2399">
    <p class='ocr_par' dir='ltr' id='par_1_24' title="bbox 206 2321 1860 2399">
     <span class='ocr_line' id='line_1_24' title="bbox 206 2321 1860 2399; baseline -0.004 -16"><span class='ocrx_word' id='word_1_149' title='bbox 206 2325 552 2384; x_wconf 80' lang='lat' dir='ltr'>felicitatem</span> <span class='ocrx_word' id='word_1_150' title='bbox 606 2324 770 2382; x_wconf 90' lang='lat' dir='ltr'>nulla</span> <span class='ocrx_word' id='word_1_151' title='bbox 817 2342 1081 2399; x_wconf 88' lang='lat' dir='ltr'>unquam</span> <span class='ocrx_word' id='word_1_152' title='bbox 1133 2324 1463 2398; x_wconf 88' lang='lat' dir='ltr'>pertubatio</span> <span class='ocrx_word' id='word_1_153' title='bbox 1510 2321 1860 2395; x_wconf 84' lang='lat' dir='ltr'>interpellet,</span> 
     </span>
    </p>
   </div>
   <div class='ocr_carea' id='block_1_25' title="bbox 206 2413 1861 2490">
    <p class='ocr_par' dir='ltr' id='par_1_25' title="bbox 206 2413 1861 2490">
     <span class='ocr_line' id='line_1_25' title="bbox 206 2413 1861 2490; baseline -0.004 -18"><span class='ocrx_word' id='word_1_154' title='bbox 206 2434 392 2490; x_wconf 90' lang='lat' dir='ltr'>quam</span> <span class='ocrx_word' id='word_1_155' title='bbox 424 2416 630 2471; x_wconf 91' lang='lat' dir='ltr'>tardus</span> <span class='ocrx_word' id='word_1_156' title='bbox 662 2419 771 2483; x_wconf 89' lang='lat' dir='ltr'>est,</span> <span class='ocrx_word' id='word_1_157' title='bbox 786 2414 898 2471; x_wconf 86' lang='lat' dir='ltr'>nisi</span> <span class='ocrx_word' id='word_1_158' title='bbox 932 2420 1155 2470; x_wconf 88' lang='lat' dir='ltr'>metum</span> <span class='ocrx_word' id='word_1_159' title='bbox 1169 2413 1306 2469; x_wconf 90' lang='lat' dir='ltr'>hinc</span> <span class='ocrx_word' id='word_1_160' title='bbox 1336 2413 1709 2486; x_wconf 87' lang='lat' dir='ltr'>concipiatne</span> <span class='ocrx_word' id='word_1_161' title='bbox 1725 2427 1861 2467; x_wconf 92' lang='lat' dir='ltr'>cum</span> 
     </span>
    </p>
   </div>
   <div class='ocr_carea' id='block_1_26' title="bbox 208 2502 1862 2580">
    <p class='ocr_par' dir='ltr' id='par_1_26' title="bbox 208 2502 1862 2580">
     <span class='ocr_line' id='line_1_26' title="bbox 208 2502 1862 2580; baseline -0.004 -19"><span class='ocrx_word' id='word_1_162' title='bbox 208 2507 537 2580; x_wconf 89' lang='lat' dir='ltr'>purpurato</span> <span class='ocrx_word' id='word_1_163' title='bbox 568 2503 743 2560; x_wconf 89' lang='lat' dir='ltr'>divite</span> <span class='ocrx_word' id='word_1_164' title='bbox 775 2504 1073 2577; x_wconf 90' lang='lat' dir='ltr'>quondam</span> <span class='ocrx_word' id='word_1_165' title='bbox 1107 2504 1336 2559; x_wconf 88' lang='lat' dir='ltr'>audiat:</span> <span class='ocrx_word' id='word_1_166' title='bbox 1371 2502 1862 2574; x_wconf 84' lang='lat' dir='ltr'>Reccpistibonain</span> 
     </span>
    </p>
   </div>
   <div class='ocr_carea' id='block_1_27' title="bbox 204 2588 1864 2679">
    <p class='ocr_par' dir='ltr' id='par_1_27' title="bbox 204 2588 1864 2679">
     <span class='ocr_line' id='line_1_27' title="bbox 204 2588 1864 2679; baseline -0.006 -26"><span class='ocrx_word' id='word_1_167' title='bbox 204 2598 325 2653; x_wconf 85' lang='lat' dir='ltr'>vita</span> <span class='ocrx_word' id='word_1_168' title='bbox 354 2603 450 2651; x_wconf 84' lang='lat' dir='ltr'>tua</span> <span class='ocrx_word' id='word_1_169' title='bbox 479 2594 629 2679; x_wconf 64' lang='lat' dir='ltr'>(Luc.</span> <span class='ocrx_word' id='word_1_170' title='bbox 659 2593 777 2666; x_wconf 73' lang='lat' dir='ltr'>xvn)</span> <span class='ocrx_word' id='word_1_171' title='bbox 810 2594 881 2650; x_wconf 90' lang='lat' dir='ltr'>Et</span> <span class='ocrx_word' id='word_1_172' title='bbox 913 2593 1205 2666; x_wconf 89' lang='lat' dir='ltr'>quomodo</span> <span class='ocrx_word' id='word_1_173' title='bbox 1237 2609 1354 2649; x_wconf 92' lang='lat' dir='ltr'>non</span> <span class='ocrx_word' id='word_1_174' title='bbox 1401 2608 1535 2648; x_wconf 91' lang='lat' dir='ltr'>eum</span> <span class='ocrx_word' id='word_1_175' title='bbox 1586 2590 1686 2647; x_wconf 79' lang='lat' dir='ltr'>illa</span> <span class='ocrx_word' id='word_1_176' title='bbox 1713 2588 1864 2644; x_wconf 88' lang='lat' dir='ltr'>veri-</span> 
     </span>
    </p>
   </div>
   <div class='ocr_carea' id='block_1_28' title="bbox 208 2680 1860 2747">
    <p class='ocr_par' dir='ltr' id='par_1_28' title="bbox 208 2680 1860 2747">
     <span class='ocr_line' id='line_1_28' title="bbox 208 2680 1860 2747; baseline -0.003 -8"><span class='ocrx_word' id='word_1_177' title='bbox 208 2684 372 2740; x_wconf 89' lang='lat' dir='ltr'>dicat</span> <span class='ocrx_word' id='word_1_178' title='bbox 404 2686 617 2739; x_wconf 87' lang='lat' dir='ltr'>terreat</span> <span class='ocrx_word' id='word_1_179' title='bbox 647 2683 939 2739; x_wconf 83' lang='lat' dir='ltr'>sententia</span> <span class='ocrx_word' id='word_1_180' title='bbox 971 2698 983 2737; x_wconf 89' lang='lat'><strong>:</strong></span> <span class='ocrx_word' id='word_1_181' title='bbox 1018 2682 1230 2738; x_wconf 78' lang='lat' dir='ltr'>Ducunt</span> <span class='ocrx_word' id='word_1_182' title='bbox 1260 2684 1320 2736; x_wconf 84' lang='lat' dir='ltr'>in</span> <span class='ocrx_word' id='word_1_183' title='bbox 1356 2683 1511 2737; x_wconf 83' lang='lat' dir='ltr'>bonis</span> <span class='ocrx_word' id='word_1_184' title='bbox 1557 2680 1672 2736; x_wconf 82' lang='lat' dir='ltr'>dies</span> <span class='ocrx_word' id='word_1_185' title='bbox 1712 2694 1860 2747; x_wconf 88' lang='lat' dir='ltr'>suos,</span> 
     </span>
    </p>
   </div>
   <div class='ocr_carea' id='block_1_29' title="bbox 207 2767 1864 2846">
    <p class='ocr_par' dir='ltr' id='par_1_29' title="bbox 207 2767 1864 2846">
     <span class='ocr_line' id='line_1_29' title="bbox 207 2767 1864 2846; baseline -0.004 -16"><span class='ocrx_word' id='word_1_186' title='bbox 207 2782 263 2830; x_wconf 87' lang='lat' dir='ltr'>et</span> <span class='ocrx_word' id='word_1_187' title='bbox 294 2776 351 2829; x_wconf 82' lang='lat' dir='ltr'>in</span> <span class='ocrx_word' id='word_1_188' title='bbox 379 2779 577 2846; x_wconf 84' lang='lat' dir='ltr'>puncto</span> <span class='ocrx_word' id='word_1_189' title='bbox 605 2771 675 2827; x_wconf 82' lang='lat' dir='ltr'>ad</span> <span class='ocrx_word' id='word_1_190' title='bbox 706 2772 929 2843; x_wconf 77' lang='lat' dir='ltr'>inferna</span> <span class='ocrx_word' id='word_1_191' title='bbox 955 2771 1289 2829; x_wconf 81' lang='lat' dir='ltr'>descendunt</span> <span class='ocrx_word' id='word_1_192' title='bbox 1319 2770 1433 2842; x_wconf 84' lang='lat' dir='ltr'>(Job</span> <span class='ocrx_word' id='word_1_193' title='bbox 1459 2770 1596 2837; x_wconf 69' lang='lat' dir='ltr'>xxx).</span> <span class='ocrx_word' id='word_1_194' title='bbox 1613 2767 1712 2824; x_wconf 94' lang='lat' dir='ltr'>llle</span> <span class='ocrx_word' id='word_1_195' title='bbox 1731 2783 1864 2824; x_wconf 90' lang='lat' dir='ltr'>vero</span> 
     </span>
    </p>
   </div>
   <div class='ocr_carea' id='block_1_30' title="bbox 212 2859 1868 2937">
    <p class='ocr_par' dir='ltr' id='par_1_30' title="bbox 212 2859 1868 2937">
     <span class='ocr_line' id='line_1_30' title="bbox 212 2859 1868 2937; baseline -0.002 -20"><span class='ocrx_word' id='word_1_196' title='bbox 212 2861 322 2937; x_wconf 87' lang='lat' dir='ltr'>qui</span> <span class='ocrx_word' id='word_1_197' title='bbox 354 2859 515 2936; x_wconf 85' lang='lat' dir='ltr'>vigili</span> <span class='ocrx_word' id='word_1_198' title='bbox 542 2860 827 2917; x_wconf 89' lang='lat' dir='ltr'>memoria</span> <span class='ocrx_word' id='word_1_199' title='bbox 854 2863 1097 2933; x_wconf 87' lang='lat' dir='ltr'>repetat,</span> <span class='ocrx_word' id='word_1_200' title='bbox 1121 2861 1275 2919; x_wconf 76' lang='lat'>142</span> <span class='ocrx_word' id='word_1_201' title='bbox 1305 2859 1568 2932; x_wconf 84' lang='lat' dir='ltr'>Flagellat</span> <span class='ocrx_word' id='word_1_202' title='bbox 1600 2863 1743 2915; x_wconf 83' lang='lat' dir='ltr'>Deus</span> <span class='ocrx_word' id='word_1_203' title='bbox 1759 2874 1868 2914; x_wconf 88' lang='lat' dir='ltr'>om-</span> 
     </span>
    </p>
   </div>
   <div class='ocr_carea' id='block_1_31' title="bbox 210 2946 1866 3023">
    <p class='ocr_par' dir='ltr' id='par_1_31' title="bbox 210 2946 1866 3023">
     <span class='ocr_line' id='line_1_31' title="bbox 210 2946 1866 3023; baseline -0.004 -14"><span class='ocrx_word' id='word_1_204' title='bbox 210 2970 345 3009; x_wconf 85' lang='lat' dir='ltr'>nem</span> <span class='ocrx_word' id='word_1_205' title='bbox 390 2953 574 3023; x_wconf 84' lang='lat' dir='ltr'>ﬁlium</span> <span class='ocrx_word' id='word_1_206' title='bbox 604 2966 761 3023; x_wconf 83' lang='lat' dir='ltr'>quem</span> <span class='ocrx_word' id='word_1_207' title='bbox 796 2951 992 3022; x_wconf 80' lang='lat' dir='ltr'>recipit</span> <span class='ocrx_word' id='word_1_208' title='bbox 1017 2951 1163 3022; x_wconf 83' lang='lat' dir='ltr'>(Heb.</span> <span class='ocrx_word' id='word_1_209' title='bbox 1196 2948 1318 3021; x_wconf 77' lang='lat' dir='ltr'>xu),</span> <span class='ocrx_word' id='word_1_210' title='bbox 1351 2948 1402 3005; x_wconf 90' lang='lat' dir='ltr'>si</span> <span class='ocrx_word' id='word_1_211' title='bbox 1433 2946 1637 3003; x_wconf 89' lang='lat' dir='ltr'>morbo</span> <span class='ocrx_word' id='word_1_212' title='bbox 1666 2963 1866 3020; x_wconf 89' lang='lat' dir='ltr'>grave-</span> 
     </span>
    </p>
   </div>
   <div class='ocr_carea' id='block_1_32' title="bbox 211 3035 1868 3112">
    <p class='ocr_par' dir='ltr' id='par_1_32' title="bbox 211 3035 1868 3112">
     <span class='ocr_line' id='line_1_32' title="bbox 211 3035 1868 3112; baseline -0.005 -13"><span class='ocrx_word' id='word_1_213' title='bbox 211 3046 337 3112; x_wconf 91' lang='lat' dir='ltr'>tur,</span> <span class='ocrx_word' id='word_1_214' title='bbox 383 3056 622 3096; x_wconf 85' lang='lat' dir='ltr'>excessu</span> <span class='ocrx_word' id='word_1_215' title='bbox 673 3037 1167 3095; x_wconf 88' lang='lat' dir='ltr'>necessitudinem</span> <span class='ocrx_word' id='word_1_216' title='bbox 1206 3041 1479 3106; x_wconf 83' lang='lat' dir='ltr'>tentetur,</span> <span class='ocrx_word' id='word_1_217' title='bbox 1524 3035 1868 3092; x_wconf 68' lang='lat' dir='ltr'>substantia</span> 
     </span>
    </p>
   </div>
   <div class='ocr_carea' id='block_1_33' title="bbox 216 3125 1869 3197">
    <p class='ocr_par' dir='ltr' id='par_1_33' title="bbox 216 3125 1869 3197">
     <span class='ocr_line' id='line_1_33' title="bbox 216 3125 1869 3197; baseline -0.005 -10"><span class='ocrx_word' id='word_1_218' title='bbox 216 3128 640 3187; x_wconf 87' lang='lat' dir='ltr'>imminutione</span> <span class='ocrx_word' id='word_1_219' title='bbox 666 3127 752 3185; x_wconf 88' lang='lat' dir='ltr'>vel</span> <span class='ocrx_word' id='word_1_220' title='bbox 785 3128 1100 3184; x_wconf 88' lang='lat' dir='ltr'>amissione</span> <span class='ocrx_word' id='word_1_221' title='bbox 1130 3125 1416 3197; x_wconf 86' lang='lat' dir='ltr'>pulsetur,</span> <span class='ocrx_word' id='word_1_222' title='bbox 1437 3125 1730 3197; x_wconf 90' lang='lat' dir='ltr'>quomodo</span> <span class='ocrx_word' id='word_1_223' title='bbox 1754 3141 1869 3180; x_wconf 90' lang='lat' dir='ltr'>non</span> 
     </span>
    </p>
   </div>
   <div class='ocr_carea' id='block_1_34' title="bbox 197 3213 1866 3291">
    <p class='ocr_par' dir='ltr' id='par_1_34' title="bbox 197 3213 1866 3291">
     <span class='ocr_line' id='line_1_34' title="bbox 197 3213 1866 3291; baseline -0.006 -13"><span class='ocrx_word' id='word_1_224' title='bbox 197 3220 297 3278; x_wconf 75' lang='lat' dir='ltr'>ad</span> <span class='ocrx_word' id='word_1_225' title='bbox 345 3219 617 3275; x_wconf 84' lang='lat' dir='ltr'>affectum</span> <span class='ocrx_word' id='word_1_226' title='bbox 664 3214 884 3291; x_wconf 85' lang='lat' dir='ltr'>gratias</span> <span class='ocrx_word' id='word_1_227' title='bbox 942 3215 1150 3290; x_wconf 88' lang='lat' dir='ltr'>agendi</span> <span class='ocrx_word' id='word_1_228' title='bbox 1182 3214 1276 3286; x_wconf 91' lang='lat' dir='ltr'>pio</span> <span class='ocrx_word' id='word_1_229' title='bbox 1307 3213 1533 3286; x_wconf 89' lang='lat' dir='ltr'>parenti</span> <span class='ocrx_word' id='word_1_230' title='bbox 1566 3213 1866 3282; x_wconf 84' lang='lat' dir='ltr'>excitetur,</span> 
     </span>
    </p>
   </div>
   <div class='ocr_carea' id='block_1_35' title="bbox 216 3293 1870 3380">
    <p class='ocr_par' dir='ltr' id='par_1_35' title="bbox 216 3293 1870 3380">
     <span class='ocr_line' id='line_1_35' title="bbox 216 3293 1870 3380; baseline -0.005 -14"><span class='ocrx_word' id='word_1_231' title='bbox 216 3308 394 3380; x_wconf 86' lang='lat' dir='ltr'>cujus</span> <span class='ocrx_word' id='word_1_232' title='bbox 425 3324 566 3364; x_wconf 90' lang='lat' dir='ltr'>cura</span> <span class='ocrx_word' id='word_1_233' title='bbox 594 3322 657 3363; x_wconf 88' lang='lat' dir='ltr'>se</span> <span class='ocrx_word' id='word_1_234' title='bbox 689 3304 933 3379; x_wconf 89' lang='lat' dir='ltr'>dignum</span> <span class='ocrx_word' id='word_1_235' title='bbox 975 3302 1359 3375; x_wconf 90' lang='lat' dir='ltr'>correptionis</span> <span class='ocrx_word' id='word_1_236' title='bbox 1392 3293 1711 3376; x_wconf 85' lang='lat' dir='ltr'>privilegio,</span> <span class='ocrx_word' id='word_1_237' title='bbox 1742 3302 1870 3375; x_wconf 88' lang='lat' dir='ltr'>ipso</span> 
     </span>
    </p>
   </div>
   <div class='ocr_carea' id='block_1_36' title="bbox 216 3389 1872 3465">
    <p class='ocr_par' dir='ltr' id='par_1_36' title="bbox 216 3389 1872 3465">
     <span class='ocr_line' id='line_1_36' title="bbox 216 3389 1872 3465; baseline -0.004 -13"><span class='ocrx_word' id='word_1_238' title='bbox 216 3395 587 3462; x_wconf 89' lang='lat' dir='ltr'>instituente,</span> <span class='ocrx_word' id='word_1_239' title='bbox 607 3391 947 3465; x_wconf 70' lang='lat' dir='ltr'>praesumit?</span> <span class='ocrx_word' id='word_1_240' title='bbox 965 3393 1192 3448; x_wconf 67' lang='lat' dir='ltr'>Futurae</span> <span class='ocrx_word' id='word_1_241' title='bbox 1222 3391 1351 3447; x_wconf 63' lang='lat' dir='ltr'>vitae</span> <span class='ocrx_word' id='word_1_242' title='bbox 1374 3389 1617 3446; x_wconf 88' lang='lat' dir='ltr'>dulcedo</span> <span class='ocrx_word' id='word_1_243' title='bbox 1630 3391 1872 3463; x_wconf 83' lang='lat' dir='ltr'>segnius</span> 
     </span>
    </p>
   </div>
   <div class='ocr_carea' id='block_1_37' title="bbox 217 3479 1873 3558">
    <p class='ocr_par' dir='ltr' id='par_1_37' title="bbox 217 3479 1873 3558">
     <span class='ocr_line' id='line_1_37' title="bbox 217 3479 1873 3558; baseline -0.006 -16"><span class='ocrx_word' id='word_1_244' title='bbox 217 3488 616 3558; x_wconf 85' lang='lat' dir='ltr'>appeteretur,</span> <span class='ocrx_word' id='word_1_245' title='bbox 634 3481 748 3538; x_wconf 86' lang='lat' dir='ltr'>nisi</span> <span class='ocrx_word' id='word_1_246' title='bbox 778 3480 992 3555; x_wconf 66' lang='lat' dir='ltr'>saepius</span> <span class='ocrx_word' id='word_1_247' title='bbox 1015 3480 1319 3553; x_wconf 72' lang='lat' dir='ltr'>praesentis</span> <span class='ocrx_word' id='word_1_248' title='bbox 1349 3479 1679 3535; x_wconf 72' lang='lat' dir='ltr'>amaritudo</span> <span class='ocrx_word' id='word_1_249' title='bbox 1698 3479 1873 3536; x_wconf 89' lang='lat' dir='ltr'>senti-</span> 
     </span>
    </p>
   </div>
   <div class='ocr_carea' id='block_1_38' title="bbox 215 3567 1870 3645">
    <p class='ocr_par' dir='ltr' id='par_1_38' title="bbox 215 3567 1870 3645">
     <span class='ocr_line' id='line_1_38' title="bbox 215 3567 1870 3645; baseline -0.004 -14"><span class='ocrx_word' id='word_1_250' title='bbox 215 3579 401 3633; x_wconf 87' lang='lat' dir='ltr'>retur.</span> <span class='ocrx_word' id='word_1_251' title='bbox 440 3571 611 3628; x_wconf 91' lang='lat' dir='ltr'>Multi</span> <span class='ocrx_word' id='word_1_252' title='bbox 643 3572 772 3641; x_wconf 87' lang='lat' dir='ltr'>has,</span> <span class='ocrx_word' id='word_1_253' title='bbox 807 3570 998 3645; x_wconf 88' lang='lat' dir='ltr'>qualis</span> <span class='ocrx_word' id='word_1_254' title='bbox 1031 3573 1138 3638; x_wconf 88' lang='lat' dir='ltr'>est,</span> <span class='ocrx_word' id='word_1_255' title='bbox 1163 3568 1545 3626; x_wconf 84' lang='lat' dir='ltr'>delectantur.</span> <span class='ocrx_word' id='word_1_256' title='bbox 1580 3567 1870 3626; x_wconf 85' lang='lat' dir='ltr'>Nimirum</span> 
     </span>
    </p>
   </div>
   <div class='ocr_carea' id='block_1_39' title="bbox 208 3658 1874 3737">
    <p class='ocr_par' dir='ltr' id='par_1_39' title="bbox 208 3658 1874 3737">
     <span class='ocr_line' id='line_1_39' title="bbox 208 3658 1874 3737; baseline -0.004 -18"><span class='ocrx_word' id='word_1_257' title='bbox 208 3663 415 3737; x_wconf 89' lang='lat' dir='ltr'>plures</span> <span class='ocrx_word' id='word_1_258' title='bbox 459 3660 909 3728; x_wconf 88' lang='lat' dir='ltr'>delectarentur,</span> <span class='ocrx_word' id='word_1_259' title='bbox 963 3660 1009 3715; x_wconf 89' lang='lat' dir='ltr'>si</span> <span class='ocrx_word' id='word_1_260' title='bbox 1060 3659 1299 3717; x_wconf 89' lang='lat' dir='ltr'>assidua</span> <span class='ocrx_word' id='word_1_261' title='bbox 1345 3658 1702 3731; x_wconf 85' lang='lat' dir='ltr'>prosperitas</span> <span class='ocrx_word' id='word_1_262' title='bbox 1742 3661 1874 3713; x_wconf 88' lang='lat' dir='ltr'>vota</span> 
     </span>
    </p>
   </div>
   <div class='ocr_carea' id='block_1_40' title="bbox 209 3746 1871 3827">
    <p class='ocr_par' dir='ltr' id='par_1_40' title="bbox 209 3746 1871 3827">
     <span class='ocr_line' id='line_1_40' title="bbox 209 3746 1871 3827; baseline -0.005 -17"><span class='ocrx_word' id='word_1_263' title='bbox 209 3751 483 3827; x_wconf 79' lang='lat' dir='ltr'>omnium</span> <span class='ocrx_word' id='word_1_264' title='bbox 532 3754 894 3822; x_wconf 87' lang='lat' dir='ltr'>sequeretur.</span> <span class='ocrx_word' id='word_1_265' title='bbox 930 3749 1172 3805; x_wconf 91' lang='lat' dir='ltr'>Proinde</span> <span class='ocrx_word' id='word_1_266' title='bbox 1218 3749 1352 3822; x_wconf 89' lang='lat' dir='ltr'>quis</span> <span class='ocrx_word' id='word_1_267' title='bbox 1394 3765 1509 3803; x_wconf 91' lang='lat' dir='ltr'>non</span> <span class='ocrx_word' id='word_1_268' title='bbox 1553 3747 1749 3802; x_wconf 87' lang='lat' dir='ltr'>videat</span> <span class='ocrx_word' id='word_1_269' title='bbox 1777 3746 1871 3801; x_wconf 91' lang='lat' dir='ltr'>in-</span> 
     </span>
    </p>
   </div>
   <div class='ocr_carea' id='block_1_41' title="bbox 209 3835 1872 3914">
    <p class='ocr_par' dir='ltr' id='par_1_41' title="bbox 209 3835 1872 3914">
     <span class='ocr_line' id='line_1_41' title="bbox 209 3835 1872 3914; baseline -0.005 -15"><span class='ocrx_word' id='word_1_270' title='bbox 209 3837 732 3914; x_wconf 88' lang='lat' dir='ltr'>comprehensibili</span> <span class='ocrx_word' id='word_1_271' title='bbox 754 3839 857 3896; x_wconf 92' lang='lat' dir='ltr'>Dei</span> <span class='ocrx_word' id='word_1_272' title='bbox 873 3838 1089 3911; x_wconf 88' lang='lat' dir='ltr'>pietate</span> <span class='ocrx_word' id='word_1_273' title='bbox 1112 3854 1216 3912; x_wconf 91' lang='lat' dir='ltr'>per</span> <span class='ocrx_word' id='word_1_274' title='bbox 1230 3836 1537 3895; x_wconf 88' lang='lat' dir='ltr'>molestam</span> <span class='ocrx_word' id='word_1_275' title='bbox 1553 3835 1732 3908; x_wconf 90' lang='lat' dir='ltr'>hujus</span> <span class='ocrx_word' id='word_1_276' title='bbox 1743 3835 1872 3890; x_wconf 73' lang='lat' dir='ltr'>vitae</span> 
     </span>
    </p>
   </div>
   <div class='ocr_carea' id='block_1_42' title="bbox 211 3924 1872 4000">
    <p class='ocr_par' dir='ltr' id='par_1_42' title="bbox 211 3924 1872 4000">
     <span class='ocr_line' id='line_1_42' title="bbox 211 3924 1872 4000; baseline -0.005 -13"><span class='ocrx_word' id='word_1_277' title='bbox 211 3927 672 3987; x_wconf 89' lang='lat' dir='ltr'>mutabilitatem</span> <span class='ocrx_word' id='word_1_278' title='bbox 703 3926 924 4000; x_wconf 89' lang='lat' dir='ltr'>impelli</span> <span class='ocrx_word' id='word_1_279' title='bbox 957 3944 1064 3983; x_wconf 93' lang='lat' dir='ltr'>nos</span> <span class='ocrx_word' id='word_1_280' title='bbox 1097 3927 1252 3999; x_wconf 93' lang='lat' dir='ltr'>quod</span> <span class='ocrx_word' id='word_1_281' title='bbox 1268 3943 1362 3981; x_wconf 90' lang='lat' dir='ltr'>am</span> <span class='ocrx_word' id='word_1_282' title='bbox 1386 3929 1546 3980; x_wconf 92' lang='lat' dir='ltr'>motu</span> <span class='ocrx_word' id='word_1_283' title='bbox 1566 3924 1636 3979; x_wconf 89' lang='lat' dir='ltr'>ad</span> <span class='ocrx_word' id='word_1_284' title='bbox 1670 3939 1872 3995; x_wconf 90' lang='lat' dir='ltr'>capes-</span> 
     </span>
    </p>
   </div>
   <div class='ocr_carea' id='block_1_43' title="bbox 212 4011 1873 4084">
    <p class='ocr_par' dir='ltr' id='par_1_43' title="bbox 212 4011 1873 4084">
     <span class='ocr_line' id='line_1_43' title="bbox 212 4011 1873 4084; baseline -0.006 -7"><span class='ocrx_word' id='word_1_285' title='bbox 212 4018 462 4078; x_wconf 85' lang='lat' dir='ltr'>sendam</span> <span class='ocrx_word' id='word_1_286' title='bbox 492 4016 731 4073; x_wconf 85' lang='lat' dir='ltr'>alterius</span> <span class='ocrx_word' id='word_1_287' title='bbox 759 4015 889 4072; x_wconf 65' lang='lat' dir='ltr'>vitae</span> <span class='ocrx_word' id='word_1_288' title='bbox 920 4015 1484 4081; x_wconf 87' lang='lat' dir='ltr'>immutabilitatem,</span> <span class='ocrx_word' id='word_1_289' title='bbox 1510 4011 1733 4084; x_wconf 89' lang='lat' dir='ltr'>impelli</span> <span class='ocrx_word' id='word_1_290' title='bbox 1765 4027 1873 4067; x_wconf 89' lang='lat' dir='ltr'>nos</span> 
     </span>
    </p>
   </div>
   <div class='ocr_carea' id='block_1_44' title="bbox 210 4100 1873 4183">
    <p class='ocr_par' dir='ltr' id='par_1_44' title="bbox 210 4100 1873 4183">
     <span class='ocr_line' id='line_1_44' title="bbox 210 4100 1873 4183; baseline -0.005 -20"><span class='ocrx_word' id='word_1_291' title='bbox 210 4109 432 4183; x_wconf 89' lang='lat' dir='ltr'>pietate</span> <span class='ocrx_word' id='word_1_292' title='bbox 461 4123 565 4179; x_wconf 89' lang='lat' dir='ltr'>per</span> <span class='ocrx_word' id='word_1_293' title='bbox 601 4105 909 4162; x_wconf 88' lang='lat' dir='ltr'>molestam</span> <span class='ocrx_word' id='word_1_294' title='bbox 959 4105 1141 4179; x_wconf 92' lang='lat' dir='ltr'>hujus</span> <span class='ocrx_word' id='word_1_295' title='bbox 1189 4103 1319 4160; x_wconf 61' lang='lat' dir='ltr'>vitae</span> <span class='ocrx_word' id='word_1_296' title='bbox 1373 4100 1873 4158; x_wconf 86' lang='lat' dir='ltr'>mutabilitatem?</span> 
     </span>
    </p>
   </div>
   <div class='ocr_carea' id='block_1_45' title="bbox 213 4191 1873 4271">
    <p class='ocr_par' dir='ltr' id='par_1_45' title="bbox 213 4191 1873 4271">
     <span class='ocr_line' id='line_1_45' title="bbox 213 4191 1873 4271; baseline -0.007 -16"><span class='ocrx_word' id='word_1_297' title='bbox 213 4194 506 4271; x_wconf 83' lang='lat' dir='ltr'>Dominus</span> <span class='ocrx_word' id='word_1_298' title='bbox 534 4196 727 4264; x_wconf 91' lang='lat' dir='ltr'>Jesus,</span> <span class='ocrx_word' id='word_1_299' title='bbox 764 4193 865 4268; x_wconf 89' lang='lat' dir='ltr'>qui</span> <span class='ocrx_word' id='word_1_300' title='bbox 909 4211 1043 4251; x_wconf 89' lang='lat' dir='ltr'>cum</span> <span class='ocrx_word' id='word_1_301' title='bbox 1095 4193 1261 4249; x_wconf 90' lang='lat' dir='ltr'>Patre</span> <span class='ocrx_word' id='word_1_302' title='bbox 1302 4197 1360 4248; x_wconf 90' lang='lat' dir='ltr'>et</span> <span class='ocrx_word' id='word_1_303' title='bbox 1405 4191 1625 4263; x_wconf 89' lang='lat' dir='ltr'>Spiritu</span> <span class='ocrx_word' id='word_1_304' title='bbox 1672 4193 1873 4246; x_wconf 90' lang='lat' dir='ltr'>sancto</span> 
     </span>
    </p>
   </div>
   <div class='ocr_carea' id='block_1_46' title="bbox 218 4278 1869 4357">
    <p class='ocr_par' dir='ltr' id='par_1_46' title="bbox 218 4278 1869 4357">
     <span class='ocr_line' id='line_1_46' title="bbox 218 4278 1869 4357; baseline -0.005 -15"><span class='ocrx_word' id='word_1_305' title='bbox 218 4286 523 4357; x_wconf 78' lang='lat' dir='ltr'>beatitudo</span> <span class='ocrx_word' id='word_1_306' title='bbox 546 4288 748 4341; x_wconf 88' lang='lat' dir='ltr'>nostra</span> <span class='ocrx_word' id='word_1_307' title='bbox 775 4284 906 4351; x_wconf 90' lang='lat' dir='ltr'>erit,</span> <span class='ocrx_word' id='word_1_308' title='bbox 922 4300 1022 4339; x_wconf 91' lang='lat' dir='ltr'>eos</span> <span class='ocrx_word' id='word_1_309' title='bbox 1041 4282 1142 4355; x_wconf 91' lang='lat' dir='ltr'>qui</span> <span class='ocrx_word' id='word_1_310' title='bbox 1172 4283 1302 4354; x_wconf 88' lang='lat' dir='ltr'>ejus</span> <span class='ocrx_word' id='word_1_311' title='bbox 1332 4280 1670 4354; x_wconf 85' lang='lat' dir='ltr'>magisterio</span> <span class='ocrx_word' id='word_1_312' title='bbox 1684 4278 1869 4339; x_wconf 69' lang='lat' dir='ltr'>adhes.</span> 
     </span>
    </p>
   </div>
   <div class='ocr_carea' id='block_1_47' title="bbox 214 4367 1872 4442">
    <p class='ocr_par' dir='ltr' id='par_1_47' title="bbox 214 4367 1872 4442">
     <span class='ocr_line' id='line_1_47' title="bbox 214 4367 1872 4442; baseline -0.007 -10"><span class='ocrx_word' id='word_1_313' title='bbox 214 4376 429 4433; x_wconf 85' lang='lat' dir='ltr'>rebant</span> <span class='ocrx_word' id='word_1_314' title='bbox 456 4374 529 4430; x_wconf 92' lang='lat' dir='ltr'>ad</span> <span class='ocrx_word' id='word_1_315' title='bbox 559 4373 861 4429; x_wconf 87' lang='lat' dir='ltr'>toleranda</span> <span class='ocrx_word' id='word_1_316' title='bbox 886 4372 1130 4429; x_wconf 87' lang='lat' dir='ltr'>adversa</span> <span class='ocrx_word' id='word_1_317' title='bbox 1147 4387 1253 4426; x_wconf 92' lang='lat' dir='ltr'>suo</span> <span class='ocrx_word' id='word_1_318' title='bbox 1283 4369 1546 4442; x_wconf 83' lang='lat' dir='ltr'>exemplo</span> <span class='ocrx_word' id='word_1_319' title='bbox 1577 4368 1661 4425; x_wconf 89' lang='lat' dir='ltr'>sic</span> <span class='ocrx_word' id='word_1_320' title='bbox 1692 4367 1872 4422; x_wconf 84' lang='lat' dir='ltr'>infor-</span> 
     </span>
    </p>
   </div>
   <div class='ocr_carea' id='block_1_48' title="bbox 221 4457 1871 4531">
    <p class='ocr_par' dir='ltr' id='par_1_48' title="bbox 221 4457 1871 4531">
     <span class='ocr_line' id='line_1_48' title="bbox 221 4457 1871 4531; baseline -0.006 -11"><span class='ocrx_word' id='word_1_321' title='bbox 221 4468 354 4522; x_wconf 88' lang='lat' dir='ltr'>mat</span> <span class='ocrx_word' id='word_1_322' title='bbox 384 4479 398 4518; x_wconf 90' lang='lat'>:</span> <span class='ocrx_word' id='word_1_323' title='bbox 432 4462 586 4519; x_wconf 88' lang='lat' dir='ltr'>Sicut</span> <span class='ocrx_word' id='word_1_324' title='bbox 616 4464 769 4518; x_wconf 68' lang='lat' dir='ltr'>misit</span> <span class='ocrx_word' id='word_1_325' title='bbox 798 4463 1082 4528; x_wconf 89' lang='lat' dir='ltr'>mePater,</span> <span class='ocrx_word' id='word_1_326' title='bbox 1117 4469 1167 4516; x_wconf 90' lang='lat' dir='ltr'>ct</span> <span class='ocrx_word' id='word_1_327' title='bbox 1204 4476 1297 4531; x_wconf 85' lang='lat' dir='ltr'>ego</span> <span class='ocrx_word' id='word_1_328' title='bbox 1345 4461 1505 4516; x_wconf 89' lang='lat' dir='ltr'>mitto</span> <span class='ocrx_word' id='word_1_329' title='bbox 1552 4474 1643 4513; x_wconf 87' lang='lat' dir='ltr'>vos</span> <span class='ocrx_word' id='word_1_330' title='bbox 1690 4457 1871 4530; x_wconf 83' lang='lat' dir='ltr'>(Joan,</span> 
     </span>
    </p>
   </div>
   <div class='ocr_carea' id='block_1_49' title="bbox 216 4544 1873 4625">
    <p class='ocr_par' dir='ltr' id='par_1_49' title="bbox 216 4544 1873 4625">
     <span class='ocr_line' id='line_1_49' title="bbox 216 4544 1873 4625; baseline -0.006 -15"><span class='ocrx_word' id='word_1_331' title='bbox 216 4557 318 4620; x_wconf 79' lang='lat' dir='ltr'>xx)</span> <span class='ocrx_word' id='word_1_332' title='bbox 353 4571 367 4622; x_wconf 89' lang='lat'><strong>;</strong></span> <span class='ocrx_word' id='word_1_333' title='bbox 420 4568 494 4608; x_wconf 91' lang='lat' dir='ltr'>ne</span> <span class='ocrx_word' id='word_1_334' title='bbox 534 4567 597 4608; x_wconf 91' lang='lat' dir='ltr'>se</span> <span class='ocrx_word' id='word_1_335' title='bbox 642 4549 808 4625; x_wconf 86' lang='lat' dir='ltr'>diligi</span> <span class='ocrx_word' id='word_1_336' title='bbox 849 4551 1227 4623; x_wconf 88' lang='lat' dir='ltr'>desperarent</span> <span class='ocrx_word' id='word_1_337' title='bbox 1258 4548 1330 4604; x_wconf 91' lang='lat' dir='ltr'>ab</span> <span class='ocrx_word' id='word_1_338' title='bbox 1360 4565 1447 4616; x_wconf 90' lang='lat' dir='ltr'>eo,</span> <span class='ocrx_word' id='word_1_339' title='bbox 1496 4564 1632 4604; x_wconf 89' lang='lat' dir='ltr'>cum</span> <span class='ocrx_word' id='word_1_340' title='bbox 1694 4544 1873 4600; x_wconf 89' lang='lat' dir='ltr'>variis</span> 
     </span>
    </p>
   </div>
   <div class='ocr_carea' id='block_1_50' title="bbox 220 4633 1951 4716">
    <p class='ocr_par' dir='ltr' id='par_1_50' title="bbox 220 4633 1951 4716">
     <span class='ocr_line' id='line_1_50' title="bbox 220 4633 1951 4716; baseline -0.007 -16"><span class='ocrx_word' id='word_1_341' title='bbox 220 4644 610 4716; x_wconf 83' lang='lat' dir='ltr'>quaterentur</span> <span class='ocrx_word' id='word_1_342' title='bbox 629 4638 1040 4704; x_wconf 89' lang='lat' dir='ltr'>incommodis,</span> <span class='ocrx_word' id='word_1_343' title='bbox 1056 4637 1290 4709; x_wconf 88' lang='lat' dir='ltr'>quando</span> <span class='ocrx_word' id='word_1_344' title='bbox 1313 4635 1760 4695; x_wconf 88' lang='lat' dir='ltr'>dilectissimum</span> <span class='ocrx_word' id='word_1_345' title='bbox 1775 4633 1875 4689; x_wconf 90' lang='lat' dir='ltr'>Pa—</span> <span class='ocrx_word' id='word_1_346' title='bbox 1904 4649 1951 4714; x_wconf 86' lang='lat' dir='ltr'><strong>D</strong></span> 
     </span>
    </p>
   </div>
   <div class='ocr_carea' id='block_1_51' title="bbox 222 4720 1871 4801">
    <p class='ocr_par' dir='ltr' id='par_1_51' title="bbox 222 4720 1871 4801">
     <span class='ocr_line' id='line_1_51' title="bbox 222 4720 1871 4801; baseline -0.007 -14"><span class='ocrx_word' id='word_1_347' title='bbox 222 4732 303 4787; x_wconf 86' lang='lat' dir='ltr'>tri</span> <span class='ocrx_word' id='word_1_348' title='bbox 336 4729 548 4786; x_wconf 89' lang='lat' dir='ltr'>Filium</span> <span class='ocrx_word' id='word_1_349' title='bbox 572 4746 676 4801; x_wconf 90' lang='lat' dir='ltr'>per</span> <span class='ocrx_word' id='word_1_350' title='bbox 702 4729 908 4784; x_wconf 88' lang='lat' dir='ltr'>eadem</span> <span class='ocrx_word' id='word_1_351' title='bbox 939 4726 1224 4783; x_wconf 86' lang='lat' dir='ltr'>transisse</span> <span class='ocrx_word' id='word_1_352' title='bbox 1238 4724 1573 4780; x_wconf 89' lang='lat' dir='ltr'>recolerent.</span> <span class='ocrx_word' id='word_1_353' title='bbox 1590 4724 1706 4779; x_wconf 89' lang='lat' dir='ltr'>Nec</span> <span class='ocrx_word' id='word_1_354' title='bbox 1728 4720 1871 4794; x_wconf 90' lang='lat' dir='ltr'>quid</span> 
     </span>
    </p>
   </div>
   <div class='ocr_carea' id='block_1_52' title="bbox 216 4811 1874 4887">
    <p class='ocr_par' dir='ltr' id='par_1_52' title="bbox 216 4811 1874 4887">
     <span class='ocr_line' id='line_1_52' title="bbox 216 4811 1874 4887; baseline -0.005 -11"><span class='ocrx_word' id='word_1_355' title='bbox 216 4820 308 4877; x_wconf 89' lang='lat' dir='ltr'>eis</span> <span class='ocrx_word' id='word_1_356' title='bbox 338 4817 677 4875; x_wconf 80' lang='lat' dir='ltr'>immineret</span> <span class='ocrx_word' id='word_1_357' title='bbox 706 4816 1026 4887; x_wconf 88' lang='lat' dir='ltr'>occultans,</span> <span class='ocrx_word' id='word_1_358' title='bbox 1058 4818 1125 4870; x_wconf 84' lang='lat' dir='ltr'>In</span> <span class='ocrx_word' id='word_1_359' title='bbox 1152 4814 1385 4880; x_wconf 82' lang='lat' dir='ltr'>mundo,</span> <span class='ocrx_word' id='word_1_360' title='bbox 1418 4811 1627 4886; x_wconf 90' lang='lat' dir='ltr'>inquit,</span> <span class='ocrx_word' id='word_1_361' title='bbox 1659 4827 1874 4886; x_wconf 79' lang='lat' dir='ltr'>pressu-</span> 
     </span>
    </p>
   </div>
   <div class='ocr_carea' id='block_1_53' title="bbox 225 4900 1869 4976">
    <p class='ocr_par' dir='ltr' id='par_1_53' title="bbox 225 4900 1869 4976">
     <span class='ocr_line' id='line_1_53' title="bbox 225 4900 1869 4976; baseline -0.003 -10"><span class='ocrx_word' id='word_1_362' title='bbox 225 4926 352 4966; x_wconf 86' lang='lat' dir='ltr'>ram</span> <span class='ocrx_word' id='word_1_363' title='bbox 398 4906 647 4975; x_wconf 86' lang='lat' dir='ltr'>habetis;</span> <span class='ocrx_word' id='word_1_364' title='bbox 675 4906 768 4964; x_wconf 86' lang='lat' dir='ltr'>sed</span> <span class='ocrx_word' id='word_1_365' title='bbox 814 4905 1086 4976; x_wconf 82' lang='lat' dir='ltr'>conﬁdite,</span> <span class='ocrx_word' id='word_1_366' title='bbox 1117 4919 1210 4976; x_wconf 87' lang='lat' dir='ltr'>ego</span> <span class='ocrx_word' id='word_1_367' title='bbox 1257 4903 1369 4959; x_wconf 89' lang='lat' dir='ltr'>vici</span> <span class='ocrx_word' id='word_1_368' title='bbox 1393 4900 1662 4958; x_wconf 85' lang='lat' dir='ltr'>mundum</span> <span class='ocrx_word' id='word_1_369' title='bbox 1691 4904 1869 4973; x_wconf 82' lang='lat' dir='ltr'>(Joan.</span> 
     </span>
    </p>
   </div>
   <div class='ocr_carea' id='block_1_54' title="bbox 226 4990 1874 5067">
    <p class='ocr_par' dir='ltr' id='par_1_54' title="bbox 226 4990 1874 5067">
     <span class='ocr_line' id='line_1_54' title="bbox 226 4990 1874 5067; baseline -0.003 -11"><span class='ocrx_word' id='word_1_370' title='bbox 226 5000 385 5067; x_wconf 74' lang='lat' dir='ltr'><strong>xw);</strong></span> <span class='ocrx_word' id='word_1_371' title='bbox 420 4995 643 5053; x_wconf 88' lang='lat' dir='ltr'>scilicet</span> <span class='ocrx_word' id='word_1_372' title='bbox 693 4999 759 5051; x_wconf 90' lang='lat' dir='ltr'>ut</span> <span class='ocrx_word' id='word_1_373' title='bbox 804 4994 1119 5067; x_wconf 88' lang='lat' dir='ltr'>superandi</span> <span class='ocrx_word' id='word_1_374' title='bbox 1166 4993 1316 5049; x_wconf 88' lang='lat' dir='ltr'>vires</span> <span class='ocrx_word' id='word_1_375' title='bbox 1344 4991 1405 5047; x_wconf 90' lang='lat' dir='ltr'>in</span> <span class='ocrx_word' id='word_1_376' title='bbox 1436 4990 1537 5047; x_wconf 90' lang='lat' dir='ltr'>illo</span> <span class='ocrx_word' id='word_1_377' title='bbox 1567 5008 1628 5047; x_wconf 92' lang='lat' dir='ltr'>se</span> <span class='ocrx_word' id='word_1_378' title='bbox 1659 4991 1874 5051; x_wconf 87' lang='lat' dir='ltr'>habere</span> 
     </span>
    </p>
   </div>
   <div class='ocr_carea' id='block_1_55' title="bbox 230 5080 1872 5159">
    <p class='ocr_par' dir='ltr' id='par_1_55' title="bbox 230 5080 1872 5159">
     <span class='ocr_line' id='line_1_55' title="bbox 230 5080 1872 5159; baseline -0.004 -16"><span class='ocrx_word' id='word_1_379' title='bbox 230 5088 655 5159; x_wconf 80' lang='lat' dir='ltr'>cognbscerent</span> <span class='ocrx_word' id='word_1_380' title='bbox 682 5083 785 5156; x_wconf 90' lang='lat' dir='ltr'>qui</span> <span class='ocrx_word' id='word_1_381' title='bbox 816 5082 1189 5154; x_wconf 88' lang='lat' dir='ltr'>omnipotens</span> <span class='ocrx_word' id='word_1_382' title='bbox 1236 5084 1417 5149; x_wconf 82' lang='lat' dir='ltr'>esset.</span> <span class='ocrx_word' id='word_1_383' title='bbox 1445 5080 1695 5135; x_wconf 88' lang='lat' dir='ltr'>Sanctus</span> <span class='ocrx_word' id='word_1_384' title='bbox 1722 5083 1872 5153; x_wconf 89' lang='lat' dir='ltr'>Apo-</span> 
     </span>
    </p>
   </div>
   <div class='ocr_carea' id='block_1_56' title="bbox 227 5166 1871 5246">
    <p class='ocr_par' dir='ltr' id='par_1_56' title="bbox 227 5166 1871 5246">
     <span class='ocr_line' id='line_1_56' title="bbox 227 5166 1871 5246; baseline -0.004 -16"><span class='ocrx_word' id='word_1_385' title='bbox 227 5173 439 5242; x_wconf 89' lang='lat' dir='ltr'>stolus,</span> <span class='ocrx_word' id='word_1_386' title='bbox 471 5174 531 5228; x_wconf 92' lang='lat' dir='ltr'>in</span> <span class='ocrx_word' id='word_1_387' title='bbox 557 5189 674 5246; x_wconf 91' lang='lat' dir='ltr'>quo</span> <span class='ocrx_word' id='word_1_388' title='bbox 706 5172 1001 5228; x_wconf 89' lang='lat' dir='ltr'>evidenter</span> <span class='ocrx_word' id='word_1_389' title='bbox 1046 5171 1148 5227; x_wconf 91' lang='lat' dir='ltr'>Dei</span> <span class='ocrx_word' id='word_1_390' title='bbox 1197 5169 1451 5242; x_wconf 87' lang='lat' dir='ltr'>Spiritus</span> <span class='ocrx_word' id='word_1_391' title='bbox 1498 5166 1871 5242; x_wconf 87' lang='lat' dir='ltr'>loquebatur,</span> 
     </span>
    </p>
   </div>
   <div class='ocr_carea' id='block_1_57' title="bbox 222 5256 1871 5341">
    <p class='ocr_par' dir='ltr' id='par_1_57' title="bbox 222 5256 1871 5341">
     <span class='ocr_line' id='line_1_57' title="bbox 222 5256 1871 5341; baseline -0.004 -20"><span class='ocrx_word' id='word_1_392' title='bbox 222 5279 336 5341; x_wconf 80' lang='lat' dir='ltr'>sua</span> <span class='ocrx_word' id='word_1_393' title='bbox 383 5266 649 5335; x_wconf 87' lang='lat' dir='ltr'>tempora</span> <span class='ocrx_word' id='word_1_394' title='bbox 688 5260 916 5327; x_wconf 84' lang='lat' dir='ltr'>videns,</span> <span class='ocrx_word' id='word_1_395' title='bbox 965 5263 1166 5319; x_wconf 87' lang='lat' dir='ltr'>nostra</span> <span class='ocrx_word' id='word_1_396' title='bbox 1212 5256 1535 5341; x_wconf 70' lang='lat' dir='ltr'>praevidens</span> <span class='ocrx_word' id='word_1_397' title='bbox 1576 5258 1737 5327; x_wconf 84' lang='lat' dir='ltr'>:Qui</span> <span class='ocrx_word' id='word_1_398' title='bbox 1779 5273 1871 5314; x_wconf 88' lang='lat' dir='ltr'>vo-</span> 
     </span>
    </p>
   </div>
   <div class='ocr_carea' id='block_1_58' title="bbox 1956 631 3601 710">
    <p class='ocr_par' dir='ltr' id='par_1_58' title="bbox 1956 631 3601 710">
     <span class='ocr_line' id='line_1_58' title="bbox 1956 631 3601 710; baseline 0.002 -23"><span class='ocrx_word' id='word_1_399' title='bbox 1956 631 2339 708; x_wconf 89' lang='lat' dir='ltr'>intelligimus</span> <span class='ocrx_word' id='word_1_400' title='bbox 2360 634 2561 691; x_wconf 83' lang='lat' dir='ltr'>inferri</span> <span class='ocrx_word' id='word_1_401' title='bbox 2590 633 2678 690; x_wconf 89' lang='lat' dir='ltr'>vel</span> <span class='ocrx_word' id='word_1_402' title='bbox 2709 634 2780 690; x_wconf 91' lang='lat' dir='ltr'>ab</span> <span class='ocrx_word' id='word_1_403' title='bbox 2812 635 3141 693; x_wconf 86' lang='lat' dir='ltr'>immundis</span> <span class='ocrx_word' id='word_1_404' title='bbox 3168 635 3495 710; x_wconf 85' lang='lat' dir='ltr'>spiritibus,</span> <span class='ocrx_word' id='word_1_405' title='bbox 3515 634 3601 691; x_wconf 91' lang='lat' dir='ltr'>vel</span> 
     </span>
    </p>
   </div>
   <div class='ocr_carea' id='block_1_59' title="bbox 1957 723 3602 795">
    <p class='ocr_par' dir='ltr' id='par_1_59' title="bbox 1957 723 3602 795">
     <span class='ocr_line' id='line_1_59' title="bbox 1957 723 3602 795; baseline 0.002 -18"><span class='ocrx_word' id='word_1_406' title='bbox 1957 738 1993 777; x_wconf 91' lang='lat' dir='ltr'>a</span> <span class='ocrx_word' id='word_1_407' title='bbox 2019 723 2209 795; x_wconf 89' lang='lat' dir='ltr'>pravis</span> <span class='ocrx_word' id='word_1_408' title='bbox 2239 723 2602 781; x_wconf 90' lang='lat' dir='ltr'>hominibus.</span> <span class='ocrx_word' id='word_1_409' title='bbox 2634 723 2873 792; x_wconf 90' lang='lat' dir='ltr'>Verum,</span> <span class='ocrx_word' id='word_1_410' title='bbox 2906 725 3027 781; x_wconf 91' lang='lat' dir='ltr'>sive</span> <span class='ocrx_word' id='word_1_411' title='bbox 3055 726 3209 782; x_wconf 90' lang='lat' dir='ltr'>Deus</span> <span class='ocrx_word' id='word_1_412' title='bbox 3246 729 3449 793; x_wconf 82' lang='lat' dir='ltr'>tentet,</span> <span class='ocrx_word' id='word_1_413' title='bbox 3480 725 3602 782; x_wconf 85' lang='lat' dir='ltr'>sive</span> 
     </span>
    </p>
   </div>
   <div class='ocr_carea' id='block_1_60' title="bbox 1955 813 3602 887">
    <p class='ocr_par' dir='ltr' id='par_1_60' title="bbox 1955 813 3602 887">
     <span class='ocr_line' id='line_1_60' title="bbox 1955 813 3602 887; baseline 0.004 -21"><span class='ocrx_word' id='word_1_414' title='bbox 1955 813 2169 867; x_wconf 89' lang='lat' dir='ltr'>tentari</span> <span class='ocrx_word' id='word_1_415' title='bbox 2200 813 2517 885; x_wconf 89' lang='lat' dir='ltr'>permittat,</span> <span class='ocrx_word' id='word_1_416' title='bbox 2539 830 2611 869; x_wconf 92' lang='lat' dir='ltr'>ne</span> <span class='ocrx_word' id='word_1_417' title='bbox 2643 813 3006 871; x_wconf 89' lang='lat' dir='ltr'>muliebriter</span> <span class='ocrx_word' id='word_1_418' title='bbox 3035 814 3227 887; x_wconf 86' lang='lat' dir='ltr'>pavidi</span> <span class='ocrx_word' id='word_1_419' title='bbox 3258 817 3602 883; x_wconf 78' lang='lat' dir='ltr'>succumba-</span> 
     </span>
    </p>
   </div>
   <div class='ocr_carea' id='block_1_61' title="bbox 1960 900 3603 968">
    <p class='ocr_par' dir='ltr' id='par_1_61' title="bbox 1960 900 3603 968">
     <span class='ocr_line' id='line_1_61' title="bbox 1960 900 3603 968; baseline 0.004 -13"><span class='ocrx_word' id='word_1_420' title='bbox 1960 917 2113 968; x_wconf 91' lang='lat' dir='ltr'>mus,</span> <span class='ocrx_word' id='word_1_421' title='bbox 2145 900 2284 957; x_wconf 89' lang='lat' dir='ltr'>alibi</span> <span class='ocrx_word' id='word_1_422' title='bbox 2318 919 2424 958; x_wconf 92' lang='lat' dir='ltr'>nos</span> <span class='ocrx_word' id='word_1_423' title='bbox 2453 901 2546 958; x_wconf 92' lang='lat' dir='ltr'>his</span> <span class='ocrx_word' id='word_1_424' title='bbox 2571 903 2764 958; x_wconf 88' lang='lat' dir='ltr'>verbis</span> <span class='ocrx_word' id='word_1_425' title='bbox 2811 904 3122 961; x_wconf 86' lang='lat' dir='ltr'>conﬁrmat</span> <span class='ocrx_word' id='word_1_426' title='bbox 3154 921 3167 962; x_wconf 89' lang='lat'><strong>:</strong></span> <span class='ocrx_word' id='word_1_427' title='bbox 3200 907 3354 963; x_wconf 71' lang='lat'>143</span> <span class='ocrx_word' id='word_1_428' title='bbox 3402 906 3603 962; x_wconf 83' lang='lat' dir='ltr'>Fidelis</span> 
     </span>
    </p>
   </div>
   <div class='ocr_carea' id='block_1_62' title="bbox 1956 990 3605 1073">
    <p class='ocr_par' dir='ltr' id='par_1_62' title="bbox 1956 990 3605 1073">
     <span class='ocr_line' id='line_1_62' title="bbox 1956 990 3605 1073; baseline 0.004 -28"><span class='ocrx_word' id='word_1_429' title='bbox 1956 990 2119 1055; x_wconf 83' lang='lat' dir='ltr'>Deus,</span> <span class='ocrx_word' id='word_1_430' title='bbox 2156 992 2254 1073; x_wconf 77' lang='lat' dir='ltr'>qui</span> <span class='ocrx_word' id='word_1_431' title='bbox 2280 1007 2390 1048; x_wconf 79' lang='lat' dir='ltr'>non</span> <span class='ocrx_word' id='word_1_432' title='bbox 2418 993 2657 1062; x_wconf 86' lang='lat' dir='ltr'>patietur</span> <span class='ocrx_word' id='word_1_433' title='bbox 2686 1008 2774 1048; x_wconf 81' lang='lat' dir='ltr'>ros</span> <span class='ocrx_word' id='word_1_434' title='bbox 2796 995 3002 1050; x_wconf 84' lang='lat' dir='ltr'>tentari</span> <span class='ocrx_word' id='word_1_435' title='bbox 3023 1011 3193 1066; x_wconf 80' lang='lat' dir='ltr'>supra</span> <span class='ocrx_word' id='word_1_436' title='bbox 3222 993 3280 1051; x_wconf 86' lang='lat' dir='ltr'>id</span> <span class='ocrx_word' id='word_1_437' title='bbox 3310 993 3453 1071; x_wconf 78' lang='lat' dir='ltr'>quod</span> <span class='ocrx_word' id='word_1_438' title='bbox 3462 1001 3605 1066; x_wconf 84' lang='lat' dir='ltr'>pote-</span> 
     </span>
    </p>
   </div>
   <div class='ocr_carea' id='block_1_63' title="bbox 1958 1078 3605 1155">
    <p class='ocr_par' dir='ltr' id='par_1_63' title="bbox 1958 1078 3605 1155">
     <span class='ocr_line' id='line_1_63' title="bbox 1958 1078 3605 1155; baseline 0.005 -21"><span class='ocrx_word' id='word_1_439' title='bbox 1958 1080 2098 1147; x_wconf 86' lang='lat' dir='ltr'>stis;</span> <span class='ocrx_word' id='word_1_440' title='bbox 2143 1078 2235 1135; x_wconf 85' lang='lat' dir='ltr'>sed</span> <span class='ocrx_word' id='word_1_441' title='bbox 2277 1081 2447 1152; x_wconf 80' lang='lat' dir='ltr'>faciet</span> <span class='ocrx_word' id='word_1_442' title='bbox 2493 1096 2619 1136; x_wconf 88' lang='lat' dir='ltr'>cum</span> <span class='ocrx_word' id='word_1_443' title='bbox 2666 1083 2959 1139; x_wconf 80' lang='lat' dir='ltr'>tentatione</span> <span class='ocrx_word' id='word_1_444' title='bbox 3003 1083 3235 1152; x_wconf 75' lang='lat' dir='ltr'>exitum,</span> <span class='ocrx_word' id='word_1_445' title='bbox 3283 1091 3346 1139; x_wconf 87' lang='lat' dir='ltr'>ut</span> <span class='ocrx_word' id='word_1_446' title='bbox 3386 1086 3605 1155; x_wconf 75' lang='lat' dir='ltr'>possitis</span> 
     </span>
    </p>
   </div>
   <div class='ocr_carea' id='block_1_64' title="bbox 1958 1168 3606 1243">
    <p class='ocr_par' dir='ltr' id='par_1_64' title="bbox 1958 1168 3606 1243">
     <span class='ocr_line' id='line_1_64' title="bbox 1958 1168 3606 1243; baseline 0.005 -21"><span class='ocrx_word' id='word_1_447' title='bbox 1958 1168 2230 1225; x_wconf 66' lang='lat' dir='ltr'>sustinere</span> <span class='ocrx_word' id='word_1_448' title='bbox 2260 1169 2307 1236; x_wconf 92' lang='lat' dir='ltr'>(I</span> <span class='ocrx_word' id='word_1_449' title='bbox 2337 1170 2458 1225; x_wconf 88' lang='lat' dir='ltr'>Cor.</span> <span class='ocrx_word' id='word_1_450' title='bbox 2489 1171 2570 1239; x_wconf 65' lang='grc' dir='ltr'>χ),</span> <span class='ocrx_word' id='word_1_451' title='bbox 2594 1168 2750 1224; x_wconf 87' lang='lat' dir='ltr'>Nihil</span> <span class='ocrx_word' id='word_1_452' title='bbox 2781 1169 2977 1243; x_wconf 89' lang='lat' dir='ltr'>itaque</span> <span class='ocrx_word' id='word_1_453' title='bbox 3018 1170 3393 1243; x_wconf 85' lang='lat' dir='ltr'>importabile</span> <span class='ocrx_word' id='word_1_454' title='bbox 3432 1174 3606 1231; x_wconf 89' lang='lat' dir='ltr'>nobis</span> 
     </span>
    </p>
   </div>
   <div class='ocr_carea' id='block_1_65' title="bbox 1961 1258 3603 1335">
    <p class='ocr_par' dir='ltr' id='par_1_65' title="bbox 1961 1258 3603 1335">
     <span class='ocr_line' id='line_1_65' title="bbox 1961 1258 3603 1335; baseline 0.004 -23"><span class='ocrx_word' id='word_1_455' title='bbox 1961 1258 2223 1315; x_wconf 87' lang='lat' dir='ltr'>evenisse</span> <span class='ocrx_word' id='word_1_456' title='bbox 2253 1274 2588 1324; x_wconf 88' lang='lat' dir='ltr'>causemur,</span> <span class='ocrx_word' id='word_1_457' title='bbox 2625 1258 2903 1331; x_wconf 89' lang='lat' dir='ltr'>quoniam</span> <span class='ocrx_word' id='word_1_458' title='bbox 2935 1259 3035 1331; x_wconf 89' lang='lat' dir='ltr'>qui</span> <span class='ocrx_word' id='word_1_459' title='bbox 3076 1265 3372 1321; x_wconf 89' lang='lat' dir='ltr'>certamen</span> <span class='ocrx_word' id='word_1_460' title='bbox 3393 1279 3603 1335; x_wconf 86' lang='lat' dir='ltr'>propo-</span> 
     </span>
    </p>
   </div>
   <div class='ocr_carea' id='block_1_66' title="bbox 1962 1345 3607 1421">
    <p class='ocr_par' dir='ltr' id='par_1_66' title="bbox 1962 1345 3607 1421">
     <span class='ocr_line' id='line_1_66' title="bbox 1962 1345 3607 1421; baseline 0.003 -18"><span class='ocrx_word' id='word_1_461' title='bbox 1962 1346 2068 1415; x_wconf 87' lang='lat' dir='ltr'>nit,</span> <span class='ocrx_word' id='word_1_462' title='bbox 2093 1346 2142 1403; x_wconf 89' lang='lat' dir='ltr'>si</span> <span class='ocrx_word' id='word_1_463' title='bbox 2174 1345 2502 1418; x_wconf 88' lang='lat' dir='ltr'>postuletur</span> <span class='ocrx_word' id='word_1_464' title='bbox 2532 1346 2797 1415; x_wconf 90' lang='lat' dir='ltr'>ﬁdeliter,</span> <span class='ocrx_word' id='word_1_465' title='bbox 2829 1346 3095 1404; x_wconf 90' lang='lat' dir='ltr'>vincendi</span> <span class='ocrx_word' id='word_1_466' title='bbox 3125 1349 3353 1421; x_wconf 88' lang='lat' dir='ltr'>copiam</span> <span class='ocrx_word' id='word_1_467' title='bbox 3384 1351 3607 1409; x_wconf 87' lang='lat' dir='ltr'>submi-</span> 
     </span>
    </p>
   </div>
   <div class='ocr_carea' id='block_1_67' title="bbox 1964 1435 3605 1513">
    <p class='ocr_par' dir='ltr' id='par_1_67' title="bbox 1964 1435 3605 1513">
     <span class='ocr_line' id='line_1_67' title="bbox 1964 1435 3605 1513; baseline 0.005 -22"><span class='ocrx_word' id='word_1_468' title='bbox 1964 1435 2195 1492; x_wconf 89' lang='lat' dir='ltr'>nistrat.</span> <span class='ocrx_word' id='word_1_469' title='bbox 2226 1435 2646 1492; x_wconf 89' lang='lat' dir='ltr'>Benedicamus</span> <span class='ocrx_word' id='word_1_470' title='bbox 2676 1452 2813 1508; x_wconf 89' lang='lat' dir='ltr'>ergo</span> <span class='ocrx_word' id='word_1_471' title='bbox 2852 1452 2987 1493; x_wconf 91' lang='lat' dir='ltr'>eum</span> <span class='ocrx_word' id='word_1_472' title='bbox 3014 1436 3077 1493; x_wconf 71' lang='lat' dir='ltr'>in</span> <span class='ocrx_word' id='word_1_473' title='bbox 3121 1439 3281 1494; x_wconf 89' lang='lat' dir='ltr'>omni</span> <span class='ocrx_word' id='word_1_474' title='bbox 3321 1444 3605 1513; x_wconf 81' lang='lat' dir='ltr'>tempone,</span> 
     </span>
    </p>
   </div>
   <div class='ocr_carea' id='block_1_68' title="bbox 1966 1524 3606 1602">
    <p class='ocr_par' dir='ltr' id='par_1_68' title="bbox 1966 1524 3606 1602">
     <span class='ocr_line' id='line_1_68' title="bbox 1966 1524 3606 1602; baseline 0.002 -21"><span class='ocrx_word' id='word_1_475' title='bbox 1966 1525 2067 1600; x_wconf 90' lang='lat' dir='ltr'>qui</span> <span class='ocrx_word' id='word_1_476' title='bbox 2102 1529 2159 1580; x_wconf 90' lang='lat' dir='ltr'>et</span> <span class='ocrx_word' id='word_1_477' title='bbox 2188 1524 2486 1597; x_wconf 89' lang='lat' dir='ltr'>prosperis</span> <span class='ocrx_word' id='word_1_478' title='bbox 2511 1541 2620 1581; x_wconf 91' lang='lat' dir='ltr'>nos</span> <span class='ocrx_word' id='word_1_479' title='bbox 2650 1524 2877 1597; x_wconf 89' lang='lat' dir='ltr'>invitat,</span> <span class='ocrx_word' id='word_1_480' title='bbox 2908 1529 2967 1582; x_wconf 89' lang='lat' dir='ltr'>et</span> <span class='ocrx_word' id='word_1_481' title='bbox 3010 1526 3270 1584; x_wconf 90' lang='lat' dir='ltr'>adversis</span> <span class='ocrx_word' id='word_1_482' title='bbox 3317 1529 3606 1602; x_wconf 84' lang='lat' dir='ltr'>castigat;</span> 
     </span>
    </p>
   </div>
   <div class='ocr_carea' id='block_1_69' title="bbox 1965 1612 3610 1692">
    <p class='ocr_par' dir='ltr' id='par_1_69' title="bbox 1965 1612 3610 1692">
     <span class='ocr_line' id='line_1_69' title="bbox 1965 1612 3610 1692; baseline 0.004 -21"><span class='ocrx_word' id='word_1_483' title='bbox 1965 1618 2022 1671; x_wconf 88' lang='lat' dir='ltr'>et</span> <span class='ocrx_word' id='word_1_484' title='bbox 2052 1614 2129 1670; x_wconf 88' lang='lat' dir='ltr'>sit</span> <span class='ocrx_word' id='word_1_485' title='bbox 2157 1630 2388 1686; x_wconf 88' lang='lat' dir='ltr'>semper</span> <span class='ocrx_word' id='word_1_486' title='bbox 2416 1612 2547 1670; x_wconf 91' lang='lat' dir='ltr'>laus</span> <span class='ocrx_word' id='word_1_487' title='bbox 2579 1614 2708 1685; x_wconf 85' lang='lat' dir='ltr'>ejus</span> <span class='ocrx_word' id='word_1_488' title='bbox 2737 1613 2798 1669; x_wconf 89' lang='lat' dir='ltr'>in</span> <span class='ocrx_word' id='word_1_489' title='bbox 2827 1631 2924 1671; x_wconf 90' lang='lat' dir='ltr'>ore</span> <span class='ocrx_word' id='word_1_490' title='bbox 2954 1620 3175 1685; x_wconf 89' lang='lat' dir='ltr'>nostro,</span> <span class='ocrx_word' id='word_1_491' title='bbox 3208 1621 3274 1674; x_wconf 85' lang='lat' dir='ltr'>ut</span> <span class='ocrx_word' id='word_1_492' title='bbox 3300 1619 3458 1690; x_wconf 89' lang='lat' dir='ltr'>quod</span> <span class='ocrx_word' id='word_1_493' title='bbox 3480 1618 3610 1692; x_wconf 89' lang='lat' dir='ltr'>ipso</span> 
     </span>
    </p>
   </div>
   <div class='ocr_carea' id='block_1_70' title="bbox 1964 1701 3639 1778">
    <p class='ocr_par' dir='ltr' id='par_1_70' title="bbox 1964 1701 3639 1778">
     <span class='ocr_line' id='line_1_70' title="bbox 1964 1701 3639 1778; baseline 0.003 -20"><span class='ocrx_word' id='word_1_494' title='bbox 1964 1702 2249 1778; x_wconf 84' lang='lat' dir='ltr'>largiente</span> <span class='ocrx_word' id='word_1_495' title='bbox 2280 1702 2339 1759; x_wconf 89' lang='lat' dir='ltr'>in</span> <span class='ocrx_word' id='word_1_496' title='bbox 2371 1701 2585 1759; x_wconf 68' lang='lat' dir='ltr'>saecula</span> <span class='ocrx_word' id='word_1_497' title='bbox 2613 1702 2962 1759; x_wconf 67' lang='lat' dir='ltr'>saeculorum</span> <span class='ocrx_word' id='word_1_498' title='bbox 2985 1704 3193 1761; x_wconf 83' lang='lat' dir='ltr'>facturi</span> <span class='ocrx_word' id='word_1_499' title='bbox 3213 1706 3639 1774; x_wconf 82' lang='lat' dir='ltr'>sumusbeati,.</span> 
     </span>
    </p>
   </div>
   <div class='ocr_carea' id='block_1_71' title="bbox 1959 1792 3613 1865">
    <p class='ocr_par' dir='ltr' id='par_1_71' title="bbox 1959 1792 3613 1865">
     <span class='ocr_line' id='line_1_71' title="bbox 1959 1792 3613 1865; baseline 0.005 -17"><span class='ocrx_word' id='word_1_500' title='bbox 1959 1794 2087 1865; x_wconf 89' lang='lat' dir='ltr'>jam</span> <span class='ocrx_word' id='word_1_501' title='bbox 2120 1809 2274 1848; x_wconf 92' lang='lat' dir='ltr'>nunc</span> <span class='ocrx_word' id='word_1_502' title='bbox 2304 1793 2659 1848; x_wconf 88' lang='lat' dir='ltr'>meditemur</span> <span class='ocrx_word' id='word_1_503' title='bbox 2684 1792 2893 1849; x_wconf 90' lang='lat' dir='ltr'>devoti.</span> <span class='ocrx_word' id='word_1_504' title='bbox 2911 1797 3044 1849; x_wconf 59' lang='lat' dir='ltr'>Haec</span> <span class='ocrx_word' id='word_1_505' title='bbox 3060 1795 3133 1850; x_wconf 88' lang='lat' dir='ltr'>ad</span> <span class='ocrx_word' id='word_1_506' title='bbox 3150 1794 3613 1857; x_wconf 84' lang='lat' dir='ltr'>eonsolationem</span> 
     </span>
    </p>
   </div>
   <div class='ocr_carea' id='block_1_72' title="bbox 1889 1880 3613 1980">
    <p class='ocr_par' dir='ltr' id='par_1_72' title="bbox 1889 1880 3613 1980">
     <span class='ocr_line' id='line_1_72' title="bbox 1889 1880 3613 1980; baseline 0.002 -41"><span class='ocrx_word' id='word_1_507' title='bbox 1889 1915 1938 1980; x_wconf 85' lang='lat' dir='ltr'><strong>B</strong></span> <span class='ocrx_word' id='word_1_508' title='bbox 1970 1881 2242 1953; x_wconf 88' lang='lat' dir='ltr'>strictim,</span> <span class='ocrx_word' id='word_1_509' title='bbox 2256 1880 2478 1938; x_wconf 88' lang='lat' dir='ltr'>vitandi</span> <span class='ocrx_word' id='word_1_510' title='bbox 2500 1881 2719 1937; x_wconf 87' lang='lat' dir='ltr'>fastidii</span> <span class='ocrx_word' id='word_1_511' title='bbox 2735 1881 2943 1952; x_wconf 89' lang='lat' dir='ltr'>gratia,</span> <span class='ocrx_word' id='word_1_512' title='bbox 2958 1882 3383 1955; x_wconf 89' lang='lat' dir='ltr'>comprehensa</span> <span class='ocrx_word' id='word_1_513' title='bbox 3396 1885 3613 1942; x_wconf 87' lang='lat' dir='ltr'>sancti-</span> 
     </span>
    </p>
   </div>
   <div class='ocr_carea' id='block_1_73' title="bbox 1969 1970 3612 2045">
    <p class='ocr_par' dir='ltr' id='par_1_73' title="bbox 1969 1970 3612 2045">
     <span class='ocr_line' id='line_1_73' title="bbox 1969 1970 3612 2045; baseline 0.001 -15"><span class='ocrx_word' id='word_1_514' title='bbox 1969 1972 2075 2030; x_wconf 84' lang='lat' dir='ltr'>tati</span> <span class='ocrx_word' id='word_1_515' title='bbox 2101 1975 2304 2028; x_wconf 66' lang='lat' dir='ltr'>vestrm</span> <span class='ocrx_word' id='word_1_516' title='bbox 2338 1970 2587 2044; x_wconf 84' lang='lat' dir='ltr'>dirigere</span> <span class='ocrx_word' id='word_1_517' title='bbox 2618 1970 2855 2026; x_wconf 86' lang='lat' dir='ltr'>studui:</span> <span class='ocrx_word' id='word_1_518' title='bbox 2889 1988 3037 2044; x_wconf 65' lang='lat' dir='ltr'>quas,</span> <span class='ocrx_word' id='word_1_519' title='bbox 3080 1972 3265 2042; x_wconf 87' lang='lat' dir='ltr'>vobis,</span> <span class='ocrx_word' id='word_1_520' title='bbox 3318 1978 3383 2031; x_wconf 89' lang='lat' dir='ltr'>ut</span> <span class='ocrx_word' id='word_1_521' title='bbox 3418 1976 3612 2045; x_wconf 90' lang='lat' dir='ltr'>credo,</span> 
     </span>
    </p>
   </div>
   <div class='ocr_carea' id='block_1_74' title="bbox 1970 2058 3616 2136">
    <p class='ocr_par' dir='ltr' id='par_1_74' title="bbox 1970 2058 3616 2136">
     <span class='ocr_line' id='line_1_74' title="bbox 1970 2058 3616 2136; baseline 0.002 -19"><span class='ocrx_word' id='word_1_522' title='bbox 1970 2064 2144 2117; x_wconf 90' lang='lat' dir='ltr'>erunt</span> <span class='ocrx_word' id='word_1_523' title='bbox 2173 2060 2451 2133; x_wconf 88' lang='lat' dir='ltr'>proﬁcua,</span> <span class='ocrx_word' id='word_1_524' title='bbox 2485 2058 2623 2130; x_wconf 91' lang='lat' dir='ltr'>quia</span> <span class='ocrx_word' id='word_1_525' title='bbox 2661 2063 2719 2115; x_wconf 91' lang='lat' dir='ltr'>et</span> <span class='ocrx_word' id='word_1_526' title='bbox 2762 2075 2830 2115; x_wconf 82' lang='lat' dir='ltr'>ex</span> <span class='ocrx_word' id='word_1_527' title='bbox 2879 2060 3180 2117; x_wconf 88' lang='lat' dir='ltr'>charitatis</span> <span class='ocrx_word' id='word_1_528' title='bbox 3227 2062 3383 2118; x_wconf 83' lang='lat' dir='ltr'>fonte</span> <span class='ocrx_word' id='word_1_529' title='bbox 3430 2064 3616 2136; x_wconf 90' lang='lat' dir='ltr'>petita</span> 
     </span>
    </p>
   </div>
   <div class='ocr_carea' id='block_1_75' title="bbox 1970 2148 3615 2225">
    <p class='ocr_par' dir='ltr' id='par_1_75' title="bbox 1970 2148 3615 2225">
     <span class='ocr_line' id='line_1_75' title="bbox 1970 2148 3615 2225; baseline 0.002 -19"><span class='ocrx_word' id='word_1_530' title='bbox 1970 2154 2134 2217; x_wconf 90' lang='lat' dir='ltr'>sunt,</span> <span class='ocrx_word' id='word_1_531' title='bbox 2164 2153 2222 2205; x_wconf 91' lang='lat' dir='ltr'>et</span> <span class='ocrx_word' id='word_1_532' title='bbox 2270 2165 2339 2204; x_wconf 87' lang='lat' dir='ltr'>ex</span> <span class='ocrx_word' id='word_1_533' title='bbox 2390 2149 2595 2203; x_wconf 91' lang='lat' dir='ltr'>eodem</span> <span class='ocrx_word' id='word_1_534' title='bbox 2646 2148 2804 2203; x_wconf 87' lang='lat' dir='ltr'>fonte</span> <span class='ocrx_word' id='word_1_535' title='bbox 2853 2155 3190 2205; x_wconf 87' lang='lat' dir='ltr'>manarunt.</span> <span class='ocrx_word' id='word_1_536' title='bbox 3221 2151 3333 2207; x_wconf 91' lang='lat' dir='ltr'>Mei</span> <span class='ocrx_word' id='word_1_537' title='bbox 3364 2152 3615 2225; x_wconf 89' lang='lat' dir='ltr'>benigne</span> 
     </span>
    </p>
   </div>
   <div class='ocr_carea' id='block_1_76' title="bbox 1971 2235 3095 2310">
    <p class='ocr_par' dir='ltr' id='par_1_76' title="bbox 1971 2235 3095 2310">
     <span class='ocr_line' id='line_1_76' title="bbox 1971 2235 3095 2310; baseline -0.002 -15"><span class='ocrx_word' id='word_1_538' title='bbox 1971 2255 2261 2295; x_wconf 89' lang='lat' dir='ltr'>memores</span> <span class='ocrx_word' id='word_1_539' title='bbox 2291 2236 2462 2310; x_wconf 91' lang='lat' dir='ltr'>cupio</span> <span class='ocrx_word' id='word_1_540' title='bbox 2485 2252 2587 2293; x_wconf 88' lang='lat' dir='ltr'>vos</span> <span class='ocrx_word' id='word_1_541' title='bbox 2614 2235 2805 2292; x_wconf 89' lang='lat' dir='ltr'>valere</span> <span class='ocrx_word' id='word_1_542' title='bbox 2835 2235 3095 2293; x_wconf 84' lang='lat' dir='ltr'>feliciter.</span> 
     </span>
    </p>
   </div>
   <div class='ocr_carea' id='block_1_77' title="bbox 2515 2351 3062 2409">
    <p class='ocr_par' dir='ltr' id='par_1_77' title="bbox 2515 2351 3062 2409">
     <span class='ocr_line' id='line_1_77' title="bbox 2515 2351 3062 2409; baseline 0.004 -3"><span class='ocrx_word' id='word_1_543' title='bbox 2515 2351 2867 2407; x_wconf 88' lang='lat' dir='ltr'>EPISTOLA</span> <span class='ocrx_word' id='word_1_544' title='bbox 2902 2351 3062 2409; x_wconf 83' lang='lat' dir='ltr'>XCV.</span> 
     </span>
    </p>
   </div>
   <div class='ocr_carea' id='block_1_78' title="bbox 2553 2456 3028 2498">
    <p class='ocr_par' dir='ltr' id='par_1_78' title="bbox 2553 2456 3028 2498">
     <span class='ocr_line' id='line_1_78' title="bbox 2553 2456 3028 2498; baseline 0.008 -4"><span class='ocrx_word' id='word_1_545' title='bbox 2553 2457 2627 2495; x_wconf 79' lang='lat' dir='ltr'>AD</span> <span class='ocrx_word' id='word_1_546' title='bbox 2655 2456 2688 2495; x_wconf 78' lang='grc' dir='ltr'><strong>Β</strong></span> <span class='ocrx_word' id='word_1_547' title='bbox 2700 2456 3028 2498; x_wconf 77' lang='lat' dir='ltr'>ERIBOLDUM</span> 
     </span>
    </p>
   </div>
   <div class='ocr_carea' id='block_1_79' title="bbox 2536 2531 3066 2603">
    <p class='ocr_par' dir='ltr' id='par_1_79' title="bbox 2536 2531 3066 2603">
     <span class='ocr_line' id='line_1_79' title="bbox 2536 2531 3066 2603; baseline 0.006 -19"><span class='ocrx_word' id='word_1_548' title='bbox 2536 2532 2630 2584; x_wconf 78' lang='lat' dir='ltr'>Ea:</span> <span class='ocrx_word' id='word_1_549' title='bbox 2653 2537 2811 2600; x_wconf 78' lang='lat' dir='ltr'>parte</span> <span class='ocrx_word' id='word_1_550' title='bbox 2826 2531 3066 2603; x_wconf 58' lang='lat' dir='ltr'>regina.</span> 
     </span>
    </p>
   </div>
   <div class='ocr_carea' id='block_1_80' title="bbox 2045 2635 3623 2712">
    <p class='ocr_par' dir='ltr' id='par_1_80' title="bbox 2045 2635 3623 2712">
     <span class='ocr_line' id='line_1_80' title="bbox 2045 2635 3623 2712; baseline 0.004 -19"><span class='ocrx_word' id='word_1_551' title='bbox 2045 2639 2108 2694; x_wconf 92' lang='lat' dir='ltr'>In</span> <span class='ocrx_word' id='word_1_552' title='bbox 2136 2637 2373 2694; x_wconf 90' lang='lat' dir='ltr'>nomine</span> <span class='ocrx_word' id='word_1_553' title='bbox 2402 2636 2635 2692; x_wconf 91' lang='lat' dir='ltr'>Domini</span> <span class='ocrx_word' id='word_1_554' title='bbox 2665 2635 2849 2692; x_wconf 92' lang='lat' dir='ltr'>solius</span> <span class='ocrx_word' id='word_1_555' title='bbox 2879 2640 2936 2694; x_wconf 92' lang='lat' dir='ltr'>et</span> <span class='ocrx_word' id='word_1_556' title='bbox 2959 2638 3397 2712; x_wconf 89' lang='lat' dir='ltr'>omnipotentis.</span> <span class='ocrx_word' id='word_1_557' title='bbox 3413 2643 3623 2711; x_wconf 86' lang='lat' dir='ltr'>Irmin-</span> 
     </span>
    </p>
   </div>
   <div class='ocr_carea' id='block_1_81' title="bbox 1973 2725 3621 2802">
    <p class='ocr_par' dir='ltr' id='par_1_81' title="bbox 1973 2725 3621 2802">
     <span class='ocr_line' id='line_1_81' title="bbox 1973 2725 3621 2802; baseline 0.003 -17"><span class='ocrx_word' id='word_1_558' title='bbox 1973 2727 2200 2797; x_wconf 87' lang='lat' dir='ltr'>drudis,</span> <span class='ocrx_word' id='word_1_559' title='bbox 2216 2727 2403 2798; x_wconf 91' lang='lat' dir='ltr'>ipsius</span> <span class='ocrx_word' id='word_1_560' title='bbox 2416 2730 2417 2733; x_wconf 67' lang='grc'><em>“</em></span> <span class='ocrx_word' id='word_1_561' title='bbox 2432 2725 2621 2799; x_wconf 89' lang='lat' dir='ltr'>gratia</span> <span class='ocrx_word' id='word_1_562' title='bbox 2641 2725 2965 2794; x_wconf 88' lang='lat' dir='ltr'>ordinante,</span> <span class='ocrx_word' id='word_1_563' title='bbox 2982 2727 3186 2801; x_wconf 87' lang='lat' dir='ltr'>regina</span> <span class='ocrx_word' id='word_1_564' title='bbox 3217 2729 3621 2802; x_wconf 84' lang='lat' dir='ltr'>(a)I-Ieriboldo</span> 
     </span>
    </p>
   </div>
   <div class='ocr_carea' id='block_1_82' title="bbox 1972 2813 3623 2889">
    <p class='ocr_par' dir='ltr' id='par_1_82' title="bbox 1972 2813 3623 2889">
     <span class='ocr_line' id='line_1_82' title="bbox 1972 2813 3623 2889; baseline 0.002 -15"><span class='ocrx_word' id='word_1_565' title='bbox 1972 2815 2291 2875; x_wconf 88' lang='lat' dir='ltr'>venerabili</span> <span class='ocrx_word' id='word_1_566' title='bbox 2322 2815 2592 2888; x_wconf 89' lang='lat' dir='ltr'>episcopo</span> <span class='ocrx_word' id='word_1_567' title='bbox 2623 2813 2895 2889; x_wconf 88' lang='lat' dir='ltr'>salutem.</span> <span class='ocrx_word' id='word_1_568' title='bbox 2916 2818 3204 2882; x_wconf 87' lang='lat' dir='ltr'>Quoniam</span> <span class='ocrx_word' id='word_1_569' title='bbox 3235 2819 3623 2878; x_wconf 89' lang='lat' dir='ltr'>diuturnain-</span> 
     </span>
    </p>
   </div>
   <div class='ocr_carea' id='block_1_83' title="bbox 1976 2904 3629 2993">
    <p class='ocr_par' dir='ltr' id='par_1_83' title="bbox 1976 2904 3629 2993">
     <span class='ocr_line' id='line_1_83' title="bbox 1976 2904 3629 2993; baseline 0.003 -31"><span class='ocrx_word' id='word_1_570' title='bbox 1976 2907 2228 2963; x_wconf 85' lang='lat' dir='ltr'>ﬁrmitas</span> <span class='ocrx_word' id='word_1_571' title='bbox 2260 2909 2491 2978; x_wconf 90' lang='lat' dir='ltr'>gratum</span> <span class='ocrx_word' id='word_1_572' title='bbox 2540 2904 2711 2993; x_wconf 92' lang='lat' dir='ltr'>nobis</span> <span class='ocrx_word' id='word_1_573' title='bbox 2752 2907 2957 2961; x_wconf 71' lang='lat' dir='ltr'>vestra:</span> <span class='ocrx_word' id='word_1_574' title='bbox 3003 2907 3329 2965; x_wconf 85' lang='lat' dir='ltr'>sanctitatis</span> <span class='ocrx_word' id='word_1_575' title='bbox 3375 2909 3629 2993; x_wconf 64' lang='lat' dir='ltr'>denegat</span> 
     </span>
    </p>
   </div>
   <div class='ocr_carea' id='block_1_84' title="bbox 1977 2992 3627 3069">
    <p class='ocr_par' dir='ltr' id='par_1_84' title="bbox 1977 2992 3627 3069">
     <span class='ocr_line' id='line_1_84' title="bbox 1977 2992 3627 3069; baseline 0.002 -17"><span class='ocrx_word' id='word_1_576' title='bbox 1977 2994 2355 3065; x_wconf 90' lang='lat' dir='ltr'>colloquium,</span> <span class='ocrx_word' id='word_1_577' title='bbox 2380 2992 2606 3049; x_wconf 88' lang='lat' dir='ltr'>absenti</span> <span class='ocrx_word' id='word_1_578' title='bbox 2639 2992 2956 3051; x_wconf 90' lang='lat' dir='ltr'>scribimus</span> <span class='ocrx_word' id='word_1_579' title='bbox 2968 2995 3122 3067; x_wconf 91' lang='lat' dir='ltr'>quod</span> <span class='ocrx_word' id='word_1_580' title='bbox 3135 2994 3407 3069; x_wconf 61' lang='lat' dir='ltr'>presenti</span> <span class='ocrx_word' id='word_1_581' title='bbox 3438 2999 3627 3069; x_wconf 51' lang='lat' dir='ltr'>libeny‘</span> 
     </span>
    </p>
   </div>
   <div class='ocr_carea' id='block_1_85' title="bbox 1976 3080 3626 3144">
    <p class='ocr_par' dir='ltr' id='par_1_85' title="bbox 1976 3080 3626 3144">
     <span class='ocr_line' id='line_1_85' title="bbox 1976 3080 3626 3144; baseline 0.004 -6"><span class='ocrx_word' id='word_1_582' title='bbox 1976 3083 2099 3139; x_wconf 87' lang='lat' dir='ltr'>tius</span> <span class='ocrx_word' id='word_1_583' title='bbox 2129 3080 2817 3137; x_wconf 89' lang='lat' dir='ltr'>diceremus.Germanus</span> <span class='ocrx_word' id='word_1_584' title='bbox 2845 3085 3035 3137; x_wconf 89' lang='lat' dir='ltr'>vester</span> <span class='ocrx_word' id='word_1_585' title='bbox 3061 3083 3626 3144; x_wconf 88' lang='lat' dir='ltr'>destitutushonori-</span> 
     </span>
    </p>
   </div>
   <div class='ocr_carea' id='block_1_86' title="bbox 1980 3168 3627 3243">
    <p class='ocr_par' dir='ltr' id='par_1_86' title="bbox 1980 3168 3627 3243">
     <span class='ocr_line' id='line_1_86' title="bbox 1980 3168 3627 3243; baseline 0.004 -15"><span class='ocrx_word' id='word_1_586' title='bbox 1980 3172 2366 3243; x_wconf 89' lang='lat' dir='ltr'>bus,pr0pter</span> <span class='ocrx_word' id='word_1_587' title='bbox 2391 3168 2661 3225; x_wconf 89' lang='lat' dir='ltr'>homines</span> <span class='ocrx_word' id='word_1_588' title='bbox 2691 3169 2791 3241; x_wconf 91' lang='lat' dir='ltr'>qui</span> <span class='ocrx_word' id='word_1_589' title='bbox 2823 3169 2873 3225; x_wconf 92' lang='lat' dir='ltr'>ei</span> <span class='ocrx_word' id='word_1_590' title='bbox 2907 3170 3173 3227; x_wconf 82' lang='lat' dir='ltr'>famulati</span> <span class='ocrx_word' id='word_1_591' title='bbox 3206 3178 3345 3229; x_wconf 91' lang='lat' dir='ltr'>sunt</span> <span class='ocrx_word' id='word_1_592' title='bbox 3375 3176 3627 3234; x_wconf 82' lang='lat' dir='ltr'>maxime</span> 
     </span>
    </p>
   </div>
   <div class='ocr_carea' id='block_1_87' title="bbox 1902 3257 3624 3348">
    <p class='ocr_par' dir='ltr' id='par_1_87' title="bbox 1902 3257 3624 3348">
     <span class='ocr_line' id='line_1_87' title="bbox 1902 3257 3624 3348; baseline 0.004 -33"><span class='ocrx_word' id='word_1_593' title='bbox 1902 3282 1946 3348; x_wconf 68' lang='grc' dir='ltr'><strong>ρ</strong></span> <span class='ocrx_word' id='word_1_594' title='bbox 1985 3260 2212 3327; x_wconf 83' lang='lat' dir='ltr'>anxius,</span> <span class='ocrx_word' id='word_1_595' title='bbox 2256 3262 2466 3315; x_wconf 75' lang='lat' dir='ltr'>nostrae</span> <span class='ocrx_word' id='word_1_596' title='bbox 2515 3257 2750 3330; x_wconf 91' lang='lat' dir='ltr'>pietatis</span> <span class='ocrx_word' id='word_1_597' title='bbox 2801 3275 2968 3331; x_wconf 90' lang='lat' dir='ltr'>opem</span> <span class='ocrx_word' id='word_1_598' title='bbox 3013 3260 3269 3332; x_wconf 84' lang='lat' dir='ltr'>expetiit,</span> <span class='ocrx_word' id='word_1_599' title='bbox 3303 3265 3624 3336; x_wconf 89' lang='lat' dir='ltr'>conﬁdens,</span> 
     </span>
    </p>
   </div>
   <div class='ocr_carea' id='block_1_88' title="bbox 1984 3348 3627 3422">
    <p class='ocr_par' dir='ltr' id='par_1_88' title="bbox 1984 3348 3627 3422">
     <span class='ocr_line' id='line_1_88' title="bbox 1984 3348 3627 3422; baseline 0.004 -18"><span class='ocrx_word' id='word_1_600' title='bbox 1984 3354 2118 3422; x_wconf 90' lang='lat' dir='ltr'>post</span> <span class='ocrx_word' id='word_1_601' title='bbox 2147 3349 2353 3417; x_wconf 90' lang='lat' dir='ltr'>Deum,</span> <span class='ocrx_word' id='word_1_602' title='bbox 2386 3350 2589 3403; x_wconf 89' lang='lat' dir='ltr'>nostra</span> <span class='ocrx_word' id='word_1_603' title='bbox 2612 3364 2788 3419; x_wconf 91' lang='lat' dir='ltr'>opera</span> <span class='ocrx_word' id='word_1_604' title='bbox 2819 3365 2881 3404; x_wconf 91' lang='lat' dir='ltr'>se</span> <span class='ocrx_word' id='word_1_605' title='bbox 2911 3348 3265 3407; x_wconf 86' lang='lat' dir='ltr'>calamitatis</span> <span class='ocrx_word' id='word_1_606' title='bbox 3295 3351 3627 3410; x_wconf 88' lang='lat' dir='ltr'>molestiam</span> 
     </span>
    </p>
   </div>
   <div class='ocr_carea' id='block_1_89' title="bbox 1980 3436 3624 3511">
    <p class='ocr_par' dir='ltr' id='par_1_89' title="bbox 1980 3436 3624 3511">
     <span class='ocr_line' id='line_1_89' title="bbox 1980 3436 3624 3511; baseline 0.002 -16"><span class='ocrx_word' id='word_1_607' title='bbox 1980 3454 2321 3504; x_wconf 89' lang='lat' dir='ltr'>evasurum;</span> <span class='ocrx_word' id='word_1_608' title='bbox 2346 3453 2541 3509; x_wconf 87' lang='lat' dir='ltr'>quem,</span> <span class='ocrx_word' id='word_1_609' title='bbox 2559 3436 2734 3492; x_wconf 88' lang='lat' dir='ltr'>solita</span> <span class='ocrx_word' id='word_1_610' title='bbox 2765 3439 3222 3496; x_wconf 86' lang='lat' dir='ltr'>mansuetudine</span> <span class='ocrx_word' id='word_1_611' title='bbox 3255 3440 3624 3511; x_wconf 86' lang='lat' dir='ltr'>miserantes,</span> 
     </span>
    </p>
   </div>
   <div class='ocr_carea' id='block_1_90' title="bbox 1981 3525 3627 3603">
    <p class='ocr_par' dir='ltr' id='par_1_90' title="bbox 1981 3525 3627 3603">
     <span class='ocr_line' id='line_1_90' title="bbox 1981 3525 3627 3603; baseline 0.003 -19"><span class='ocrx_word' id='word_1_612' title='bbox 1981 3525 2475 3599; x_wconf 85' lang='lat' dir='ltr'>Opportunitatem</span> <span class='ocrx_word' id='word_1_613' title='bbox 2524 3525 2638 3582; x_wconf 91' lang='lat' dir='ltr'>Deo</span> <span class='ocrx_word' id='word_1_614' title='bbox 2690 3527 2981 3599; x_wconf 80' lang='lat' dir='ltr'>praebente</span> <span class='ocrx_word' id='word_1_615' title='bbox 3027 3526 3300 3601; x_wconf 90' lang='lat' dir='ltr'>cupimus</span> <span class='ocrx_word' id='word_1_616' title='bbox 3329 3531 3627 3603; x_wconf 90' lang='lat' dir='ltr'>adjuvare.</span> 
     </span>
    </p>
   </div>
   <div class='ocr_carea' id='block_1_91' title="bbox 1978 3608 3634 3694">
    <p class='ocr_par' dir='ltr' id='par_1_91' title="bbox 1978 3608 3634 3694">
     <span class='ocr_line' id='line_1_91' title="bbox 1978 3608 3634 3694; baseline 0.005 -24"><span class='ocrx_word' id='word_1_617' title='bbox 1978 3616 2196 3673; x_wconf 84' lang='lat' dir='ltr'>Verum</span> <span class='ocrx_word' id='word_1_618' title='bbox 2229 3619 2293 3670; x_wconf 90' lang='lat' dir='ltr'>ut</span> <span class='ocrx_word' id='word_1_619' title='bbox 2322 3614 2381 3670; x_wconf 89' lang='lat' dir='ltr'>in</span> <span class='ocrx_word' id='word_1_620' title='bbox 2408 3613 2622 3688; x_wconf 88' lang='lat' dir='ltr'>palatio</span> <span class='ocrx_word' id='word_1_621' title='bbox 2650 3616 2807 3672; x_wconf 79' lang='grc'>144</span> <span class='ocrx_word' id='word_1_622' title='bbox 2825 3614 3144 3674; x_wconf 88' lang='lat' dir='ltr'>voluntatis</span> <span class='ocrx_word' id='word_1_623' title='bbox 3177 3608 3634 3694; x_wconf 39' lang='lat' dir='ltr'>nostrzeprzest&#39;o-</span> 
     </span>
    </p>
   </div>
   <div class='ocr_carea' id='block_1_92' title="bbox 1980 3704 3631 3782">
    <p class='ocr_par' dir='ltr' id='par_1_92' title="bbox 1980 3704 3631 3782">
     <span class='ocr_line' id='line_1_92' title="bbox 1980 3704 3631 3782; baseline 0.004 -21"><span class='ocrx_word' id='word_1_624' title='bbox 1980 3706 2088 3761; x_wconf 87' lang='lat' dir='ltr'>lari</span> <span class='ocrx_word' id='word_1_625' title='bbox 2120 3705 2305 3778; x_wconf 89' lang='lat' dir='ltr'>possit</span> <span class='ocrx_word' id='word_1_626' title='bbox 2333 3704 2623 3772; x_wconf 82' lang='lat' dir='ltr'>effectum,</span> <span class='ocrx_word' id='word_1_627' title='bbox 2659 3704 2977 3761; x_wconf 89' lang='lat' dir='ltr'>suademus</span> <span class='ocrx_word' id='word_1_628' title='bbox 3021 3722 3092 3762; x_wconf 90' lang='lat' dir='ltr'>ne</span> <span class='ocrx_word' id='word_1_629' title='bbox 3139 3709 3458 3781; x_wconf 86' lang='lat' dir='ltr'>gravemini</span> <span class='ocrx_word' id='word_1_630' title='bbox 3502 3711 3631 3782; x_wconf 89' lang='lat' dir='ltr'>ejus</span> 
     </span>
    </p>
   </div>
   <div class='ocr_carea' id='block_1_93' title="bbox 1982 3790 3645 3868">
    <p class='ocr_par' dir='ltr' id='par_1_93' title="bbox 1982 3790 3645 3868">
     <span class='ocr_line' id='line_1_93' title="bbox 1982 3790 3645 3868; baseline 0.003 -18"><span class='ocrx_word' id='word_1_631' title='bbox 1982 3794 2367 3868; x_wconf 89' lang='lat' dir='ltr'>indigentiam</span> <span class='ocrx_word' id='word_1_632' title='bbox 2381 3792 2607 3849; x_wconf 89' lang='lat' dir='ltr'>collatis</span> <span class='ocrx_word' id='word_1_633' title='bbox 2620 3793 2964 3850; x_wconf 88' lang='lat' dir='ltr'>necessariis</span> <span class='ocrx_word' id='word_1_634' title='bbox 2976 3790 3645 3868; x_wconf 43' lang='lat' dir='ltr'>temperare.Cumenim&#39;</span> 
     </span>
    </p>
   </div>
   <div class='ocr_carea' id='block_1_94' title="bbox 1983 3878 3645 3958">
    <p class='ocr_par' dir='ltr' id='par_1_94' title="bbox 1983 3878 3645 3958">
     <span class='ocr_line' id='line_1_94' title="bbox 1983 3878 3645 3958; baseline 0.002 -17"><span class='ocrx_word' id='word_1_635' title='bbox 1983 3882 2167 3941; x_wconf 87' lang='lat' dir='ltr'>soleat</span> <span class='ocrx_word' id='word_1_636' title='bbox 2194 3887 2387 3939; x_wconf 89' lang='lat' dir='ltr'>vestra</span> <span class='ocrx_word' id='word_1_637' title='bbox 2407 3882 2649 3954; x_wconf 89' lang='lat' dir='ltr'>largitas</span> <span class='ocrx_word' id='word_1_638' title='bbox 2671 3881 3005 3941; x_wconf 89' lang='lat' dir='ltr'>ministrare</span> <span class='ocrx_word' id='word_1_639' title='bbox 3033 3885 3328 3957; x_wconf 89' lang='lat' dir='ltr'>postulata</span> <span class='ocrx_word' id='word_1_640' title='bbox 3356 3878 3645 3958; x_wconf 64' lang='lat' dir='ltr'>externis,</span> 
     </span>
    </p>
   </div>
   <div class='ocr_carea' id='block_1_95' title="bbox 1984 3971 3635 4048">
    <p class='ocr_par' dir='ltr' id='par_1_95' title="bbox 1984 3971 3635 4048">
     <span class='ocr_line' id='line_1_95' title="bbox 1984 3971 3635 4048; baseline 0.002 -19"><span class='ocrx_word' id='word_1_641' title='bbox 1984 3973 2159 4029; x_wconf 89' lang='lat' dir='ltr'>etiam</span> <span class='ocrx_word' id='word_1_642' title='bbox 2189 3988 2468 4046; x_wconf 87' lang='lat' dir='ltr'>germano</span> <span class='ocrx_word' id='word_1_643' title='bbox 2500 3971 2785 4046; x_wconf 89' lang='lat' dir='ltr'>indigenti</span> <span class='ocrx_word' id='word_1_644' title='bbox 2816 3989 2934 4029; x_wconf 91' lang='lat' dir='ltr'>non</span> <span class='ocrx_word' id='word_1_645' title='bbox 2955 3972 3081 4030; x_wconf 91' lang='lat' dir='ltr'>sine</span> <span class='ocrx_word' id='word_1_646' title='bbox 3112 3991 3215 4048; x_wconf 89' lang='lat' dir='ltr'>spe</span> <span class='ocrx_word' id='word_1_647' title='bbox 3246 3975 3454 4032; x_wconf 69' lang='lat' dir='ltr'>divinis</span> <span class='ocrx_word' id='word_1_648' title='bbox 3470 3978 3635 4033; x_wconf 89' lang='lat' dir='ltr'>retri-</span> 
     </span>
    </p>
   </div>
   <div class='ocr_carea' id='block_1_96' title="bbox 1984 4060 3639 4134">
    <p class='ocr_par' dir='ltr' id='par_1_96' title="bbox 1984 4060 3639 4134">
     <span class='ocr_line' id='line_1_96' title="bbox 1984 4060 3639 4134; baseline 0.002 -16"><span class='ocrx_word' id='word_1_649' title='bbox 1984 4061 2242 4118; x_wconf 88' lang='lat' dir='ltr'>butionis</span> <span class='ocrx_word' id='word_1_650' title='bbox 2293 4060 2448 4116; x_wconf 93' lang='lat' dir='ltr'>idem</span> <span class='ocrx_word' id='word_1_651' title='bbox 2497 4060 2651 4115; x_wconf 89' lang='lat' dir='ltr'>valet</span> <span class='ocrx_word' id='word_1_652' title='bbox 2697 4066 3010 4133; x_wconf 72' lang='lat' dir='ltr'>praestare:</span> <span class='ocrx_word' id='word_1_653' title='bbox 3043 4064 3200 4134; x_wconf 91' lang='lat' dir='ltr'>quod</span> <span class='ocrx_word' id='word_1_654' title='bbox 3250 4063 3417 4120; x_wconf 83' lang='lat' dir='ltr'>facile</span> <span class='ocrx_word' id='word_1_655' title='bbox 3446 4067 3639 4122; x_wconf 85' lang='lat' dir='ltr'>sacris</span> 
     </span>
    </p>
   </div>
   <div class='ocr_carea' id='block_1_97' title="bbox 1984 4148 3631 4221">
    <p class='ocr_par' dir='ltr' id='par_1_97' title="bbox 1984 4148 3631 4221">
     <span class='ocr_line' id='line_1_97' title="bbox 1984 4148 3631 4221; baseline 0.002 -15"><span class='ocrx_word' id='word_1_656' title='bbox 1984 4155 2451 4206; x_wconf 89' lang='lat' dir='ltr'>monstraremus</span> <span class='ocrx_word' id='word_1_657' title='bbox 2481 4148 2749 4221; x_wconf 87' lang='lat' dir='ltr'>eloquiis,</span> <span class='ocrx_word' id='word_1_658' title='bbox 2766 4150 2879 4206; x_wconf 90' lang='lat' dir='ltr'>nisi</span> <span class='ocrx_word' id='word_1_659' title='bbox 2895 4150 3047 4207; x_wconf 89' lang='lat' dir='ltr'>ultro</span> <span class='ocrx_word' id='word_1_660' title='bbox 3065 4167 3133 4207; x_wconf 88' lang='lat' dir='ltr'>ea</span> <span class='ocrx_word' id='word_1_661' title='bbox 3143 4151 3307 4208; x_wconf 90' lang='lat' dir='ltr'>vobis</span> <span class='ocrx_word' id='word_1_662' title='bbox 3323 4168 3631 4210; x_wconf 89' lang='lat' dir='ltr'>occurrere</span> 
     </span>
    </p>
   </div>
   <div class='ocr_carea' id='block_1_98' title="bbox 1966 4230 3634 4312">
    <p class='ocr_par' dir='ltr' id='par_1_98' title="bbox 1966 4230 3634 4312">
     <span class='ocr_line' id='line_1_98' title="bbox 1966 4230 3634 4312; baseline 0.001 -17"><span class='ocrx_word' id='word_1_663' title='bbox 1966 4230 2311 4305; x_wconf 82' lang='lat' dir='ltr'>credemus,</span> <span class='ocrx_word' id='word_1_664' title='bbox 2365 4242 2422 4294; x_wconf 90' lang='lat' dir='ltr'>et</span> <span class='ocrx_word' id='word_1_665' title='bbox 2468 4242 2680 4294; x_wconf 73' lang='lat' dir='ltr'>nostra:</span> <span class='ocrx_word' id='word_1_666' title='bbox 2725 4242 3044 4311; x_wconf 64' lang='lat' dir='ltr'>vestraque</span> <span class='ocrx_word' id='word_1_667' title='bbox 3082 4256 3343 4312; x_wconf 60' lang='lat' dir='ltr'>personas</span> <span class='ocrx_word' id='word_1_668' title='bbox 3390 4241 3634 4311; x_wconf 53' lang='lat' dir='ltr'>habere¢</span> 
     </span>
    </p>
   </div>
   <div class='ocr_carea' id='block_1_99' title="bbox 1984 4325 3629 4401">
    <p class='ocr_par' dir='ltr' id='par_1_99' title="bbox 1984 4325 3629 4401">
     <span class='ocr_line' id='line_1_99' title="bbox 1984 4325 3629 4401; baseline 0.002 -18"><span class='ocrx_word' id='word_1_669' title='bbox 1984 4345 2119 4385; x_wconf 90' lang='lat' dir='ltr'>mus</span> <span class='ocrx_word' id='word_1_670' title='bbox 2168 4325 2719 4393; x_wconf 82' lang='lat' dir='ltr'>considerationem.</span> <span class='ocrx_word' id='word_1_671' title='bbox 2768 4325 3093 4398; x_wconf 88' lang='lat' dir='ltr'>Impendite</span> <span class='ocrx_word' id='word_1_672' title='bbox 3139 4325 3321 4401; x_wconf 87' lang='lat' dir='ltr'>igitur</span> <span class='ocrx_word' id='word_1_673' title='bbox 3366 4327 3629 4387; x_wconf 90' lang='lat' dir='ltr'>debitum</span> 
     </span>
    </p>
   </div>
   <div class='ocr_carea' id='block_1_100' title="bbox 1984 4414 3631 4490">
    <p class='ocr_par' dir='ltr' id='par_1_100' title="bbox 1984 4414 3631 4490">
     <span class='ocr_line' id='line_1_100' title="bbox 1984 4414 3631 4490; baseline 0.002 -18"><span class='ocrx_word' id='word_1_674' title='bbox 1984 4415 2252 4490; x_wconf 87' lang='lat' dir='ltr'>religioni</span> <span class='ocrx_word' id='word_1_675' title='bbox 2280 4420 2337 4471; x_wconf 91' lang='lat' dir='ltr'>et</span> <span class='ocrx_word' id='word_1_676' title='bbox 2359 4414 2779 4471; x_wconf 89' lang='lat' dir='ltr'>necessitudini</span> <span class='ocrx_word' id='word_1_677' title='bbox 2803 4416 3096 4487; x_wconf 71' lang='lat' dir='ltr'>affectum,</span> <span class='ocrx_word' id='word_1_678' title='bbox 3110 4417 3249 4474; x_wconf 87' lang='lat' dir='ltr'>etin</span> <span class='ocrx_word' id='word_1_679' title='bbox 3265 4416 3631 4477; x_wconf 81' lang='lat' dir='ltr'>orationibus</span> 
     </span>
    </p>
   </div>
   <div class='ocr_carea' id='block_1_101' title="bbox 1984 4503 3525 4562">
    <p class='ocr_par' dir='ltr' id='par_1_101' title="bbox 1984 4503 3525 4562">
     <span class='ocr_line' id='line_1_101' title="bbox 1984 4503 3525 4562; baseline -0.003 1"><span class='ocrx_word' id='word_1_680' title='bbox 1984 4505 2168 4562; x_wconf 91' lang='lat' dir='ltr'>nostri</span> <span class='ocrx_word' id='word_1_681' title='bbox 2198 4503 2436 4560; x_wconf 89' lang='lat' dir='ltr'>assidue</span> <span class='ocrx_word' id='word_1_682' title='bbox 2467 4519 2757 4559; x_wconf 88' lang='lat' dir='ltr'>memores</span> <span class='ocrx_word' id='word_1_683' title='bbox 2788 4503 2934 4560; x_wconf 91' lang='lat' dir='ltr'>bene</span> <span class='ocrx_word' id='word_1_684' title='bbox 2960 4504 3165 4562; x_wconf 90' lang='lat' dir='ltr'>valete.</span> <span class='ocrx_word' id='word_1_685' title='bbox 3515 4515 3525 4523; x_wconf 84' lang='lat'><strong>&#39;</strong></span> 
     </span>
    </p>
   </div>
   <div class='ocr_carea' id='block_1_102' title="bbox 2517 4618 3085 4676">
    <p class='ocr_par' dir='ltr' id='par_1_102' title="bbox 2517 4618 3085 4676">
     <span class='ocr_line' id='line_1_102' title="bbox 2517 4618 3085 4676; baseline 0.004 -2"><span class='ocrx_word' id='word_1_686' title='bbox 2517 4618 2860 4675; x_wconf 81' lang='lat' dir='ltr'>EPISTOLA</span> <span class='ocrx_word' id='word_1_687' title='bbox 2896 4618 3085 4676; x_wconf 87' lang='lat' dir='ltr'><strong>XCVI.</strong></span> 
     </span>
    </p>
   </div>
   <div class='ocr_carea' id='block_1_103' title="bbox 2477 4716 3111 4765">
    <p class='ocr_par' dir='ltr' id='par_1_103' title="bbox 2477 4716 3111 4765">
     <span class='ocr_line' id='line_1_103' title="bbox 2477 4716 3111 4765; baseline 0.003 -3"><span class='ocrx_word' id='word_1_688' title='bbox 2477 4725 2550 4762; x_wconf 80' lang='lat' dir='ltr'>AD</span> <span class='ocrx_word' id='word_1_689' title='bbox 2590 4716 2860 4764; x_wconf 73' lang='lat' dir='ltr'>GAROLUM</span> <span class='ocrx_word' id='word_1_690' title='bbox 2899 4725 3111 4765; x_wconf 68' lang='lat' dir='ltr'>nucem.</span> 
     </span>
    </p>
   </div>
   <div class='ocr_carea' id='block_1_104' title="bbox 2053 4811 3607 4890">
    <p class='ocr_par' dir='ltr' id='par_1_104' title="bbox 2053 4811 3607 4890">
     <span class='ocr_line' id='line_1_104' title="bbox 2053 4811 3607 4890; baseline 0.003 -20"><span class='ocrx_word' id='word_1_691' title='bbox 2053 4813 2316 4870; x_wconf 90' lang='lat' dir='ltr'>Glorioso</span> <span class='ocrx_word' id='word_1_692' title='bbox 2347 4811 2589 4869; x_wconf 91' lang='lat' dir='ltr'>Domino</span> <span class='ocrx_word' id='word_1_693' title='bbox 2619 4812 3159 4886; x_wconf 80' lang='lat' dir='ltr'>praecellentissimo</span> <span class='ocrx_word' id='word_1_694' title='bbox 3180 4816 3302 4890; x_wconf 90' lang='lat' dir='ltr'>regi</span> <span class='ocrx_word' id='word_1_695' title='bbox 3334 4816 3607 4883; x_wconf 86' lang='lat' dir='ltr'>Caroloin</span> 
     </span>
    </p>
   </div>
   <div class='ocr_carea' id='block_1_105' title="bbox 1980 4901 2899 4979">
    <p class='ocr_par' dir='ltr' id='par_1_105' title="bbox 1980 4901 2899 4979">
     <span class='ocr_line' id='line_1_105' title="bbox 1980 4901 2899 4979; baseline 0.001 -21"><span class='ocrx_word' id='word_1_696' title='bbox 1980 4908 2141 4979; x_wconf 86' lang='lat' dir='ltr'>tegre</span> <span class='ocrx_word' id='word_1_697' title='bbox 2172 4902 2359 4958; x_wconf 85' lang='lat' dir='ltr'>ﬁdelis</span> <span class='ocrx_word' id='word_1_698' title='bbox 2393 4902 2596 4975; x_wconf 87' lang='lat' dir='ltr'>Lupus</span> <span class='ocrx_word' id='word_1_699' title='bbox 2626 4901 2899 4959; x_wconf 86' lang='lat' dir='ltr'>salutem.</span> 
     </span>
    </p>
   </div>
   <div class='ocr_carea' id='block_1_106' title="bbox 2052 4991 3626 5067">
    <p class='ocr_par' dir='ltr' id='par_1_106' title="bbox 2052 4991 3626 5067">
     <span class='ocr_line' id='line_1_106' title="bbox 2052 4991 3626 5067; baseline 0.001 -17"><span class='ocrx_word' id='word_1_700' title='bbox 2052 4994 2198 5050; x_wconf 85' lang='lat' dir='ltr'>Cum</span> <span class='ocrx_word' id='word_1_701' title='bbox 2228 4995 2473 5049; x_wconf 90' lang='lat' dir='ltr'>avestra</span> <span class='ocrx_word' id='word_1_702' title='bbox 2511 4992 2820 5064; x_wconf 89' lang='lat' dir='ltr'>majestate</span> <span class='ocrx_word' id='word_1_703' title='bbox 2869 4991 3222 5065; x_wconf 88' lang='lat' dir='ltr'>digrederer,</span> <span class='ocrx_word' id='word_1_704' title='bbox 3266 4994 3626 5067; x_wconf 65' lang='lat' dir='ltr'>precepistis</span> 
     </span>
    </p>
   </div>
   <div class='ocr_carea' id='block_1_107' title="bbox 1982 5079 3626 5153">
    <p class='ocr_par' dir='ltr' id='par_1_107' title="bbox 1982 5079 3626 5153">
     <span class='ocr_line' id='line_1_107' title="bbox 1982 5079 3626 5153; baseline -0.001 -15"><span class='ocrx_word' id='word_1_705' title='bbox 1982 5080 2448 5153; x_wconf 86' lang='lat' dir='ltr'>ut,impendente</span> <span class='ocrx_word' id='word_1_706' title='bbox 2469 5079 2946 5153; x_wconf 88' lang='lat' dir='ltr'>Quadragesima,</span> <span class='ocrx_word' id='word_1_707' title='bbox 2980 5079 3261 5151; x_wconf 88' lang='lat' dir='ltr'>quiddam</span> <span class='ocrx_word' id='word_1_708' title='bbox 3282 5079 3446 5137; x_wconf 90' lang='lat' dir='ltr'>vobis</span> <span class='ocrx_word' id='word_1_709' title='bbox 3486 5080 3626 5137; x_wconf 89' lang='lat' dir='ltr'>diri-</span> 
     </span>
    </p>
   </div>
   <div class='ocr_carea' id='block_1_108' title="bbox 1982 5166 3626 5246">
    <p class='ocr_par' dir='ltr' id='par_1_108' title="bbox 1982 5166 3626 5246">
     <span class='ocr_line' id='line_1_108' title="bbox 1982 5166 3626 5246; baseline -0.001 -19"><span class='ocrx_word' id='word_1_710' title='bbox 1982 5186 2179 5246; x_wconf 90' lang='lat' dir='ltr'>gerem</span> <span class='ocrx_word' id='word_1_711' title='bbox 2213 5169 2367 5224; x_wconf 91' lang='lat' dir='ltr'>unde</span> <span class='ocrx_word' id='word_1_712' title='bbox 2398 5166 2673 5241; x_wconf 81' lang='lat' dir='ltr'>ceperitis</span> <span class='ocrx_word' id='word_1_713' title='bbox 2697 5168 2950 5223; x_wconf 90' lang='lat' dir='ltr'>fructum</span> <span class='ocrx_word' id='word_1_714' title='bbox 2990 5166 3244 5240; x_wconf 89' lang='lat' dir='ltr'>aliquem</span> <span class='ocrx_word' id='word_1_715' title='bbox 3292 5167 3626 5225; x_wconf 66' lang='lat' dir='ltr'>mdiﬁcatio-</span> 
     </span>
    </p>
   </div>
   <div class='ocr_carea' id='block_1_109' title="bbox 1982 5255 3624 5332">
    <p class='ocr_par' dir='ltr' id='par_1_109' title="bbox 1982 5255 3624 5332">
     <span class='ocr_line' id='line_1_109' title="bbox 1982 5255 3624 5332; baseline -0.005 -15"><span class='ocrx_word' id='word_1_716' title='bbox 1982 5260 2095 5317; x_wconf 90' lang='lat' dir='ltr'>nis.</span> <span class='ocrx_word' id='word_1_717' title='bbox 2127 5262 2465 5315; x_wconf 90' lang='lat' dir='ltr'>Sermonem</span> <span class='ocrx_word' id='word_1_718' title='bbox 2506 5256 2701 5329; x_wconf 88' lang='lat' dir='ltr'>itaque</span> <span class='ocrx_word' id='word_1_719' title='bbox 2737 5255 2889 5313; x_wconf 90' lang='lat' dir='ltr'>beati</span> <span class='ocrx_word' id='word_1_720' title='bbox 2924 5255 3258 5329; x_wconf 87' lang='lat' dir='ltr'>Augustini,</span> <span class='ocrx_word' id='word_1_721' title='bbox 3293 5258 3352 5314; x_wconf 88' lang='lat' dir='ltr'>in</span> <span class='ocrx_word' id='word_1_722' title='bbox 3402 5275 3517 5330; x_wconf 89' lang='lat' dir='ltr'>quo</span> <span class='ocrx_word' id='word_1_723' title='bbox 3550 5258 3624 5332; x_wconf 69' lang='grc' dir='ltr'>(ὁ)</span> 
     </span>
    </p>
   </div>
   <div class='ocr_carea' id='block_1_110' title="bbox 228 5345 3625 5429">
    <p class='ocr_par' dir='ltr' id='par_1_110' title="bbox 228 5345 3625 5429">
     <span class='ocr_line' id='line_1_110' title="bbox 228 5345 3625 5429; baseline -0.002 -20"><span class='ocrx_word' id='word_1_724' title='bbox 228 5353 375 5418; x_wconf 74' lang='lat' dir='ltr'>lunt,</span> <span class='ocrx_word' id='word_1_725' title='bbox 407 5348 508 5420; x_wconf 86' lang='lat' dir='ltr'>ait,</span> <span class='ocrx_word' id='word_1_726' title='bbox 539 5351 720 5411; x_wconf 85' lang='lat' dir='ltr'>vivere</span> <span class='ocrx_word' id='word_1_727' title='bbox 766 5350 830 5405; x_wconf 82' lang='lat' dir='ltr'>in</span> <span class='ocrx_word' id='word_1_728' title='bbox 871 5348 1103 5416; x_wconf 80' lang='lat' dir='ltr'>Christo,</span> <span class='ocrx_word' id='word_1_729' title='bbox 1129 5348 1557 5420; x_wconf 82' lang='lat' dir='ltr'>persecutionem</span> <span class='ocrx_word' id='word_1_730' title='bbox 1588 5347 1877 5418; x_wconf 80' lang='lat' dir='ltr'>patientur</span> <span class='ocrx_word' id='word_1_731' title='bbox 1974 5346 2215 5420; x_wconf 89' lang='lat' dir='ltr'>jurandi</span> <span class='ocrx_word' id='word_1_732' title='bbox 2248 5345 2734 5429; x_wconf 88' lang='lat' dir='ltr'>consuetudinem</span> <span class='ocrx_word' id='word_1_733' title='bbox 2765 5345 3085 5413; x_wconf 85' lang='lat' dir='ltr'>dissuadet,</span> <span class='ocrx_word' id='word_1_734' title='bbox 3114 5361 3411 5418; x_wconf 90' lang='lat' dir='ltr'>quamque</span> <span class='ocrx_word' id='word_1_735' title='bbox 3439 5346 3516 5403; x_wconf 87' lang='lat' dir='ltr'>sit</span> <span class='ocrx_word' id='word_1_736' title='bbox 3543 5347 3625 5403; x_wconf 87' lang='lat' dir='ltr'>fe-</span> 
     </span>
    </p>
   </div>
   <div class='ocr_carea' id='block_1_111' title="bbox 290 5508 3628 5597">
    <p class='ocr_par' dir='ltr' id='par_1_111' title="bbox 290 5508 3628 5597">
     <span class='ocr_line' id='line_1_111' title="bbox 290 5508 3628 5597; baseline -0.001 -22"><span class='ocrx_word' id='word_1_737' title='bbox 290 5522 379 5588; x_wconf 82' lang='grc' dir='ltr'>(α)</span> <span class='ocrx_word' id='word_1_738' title='bbox 396 5518 701 5597; x_wconf 66' lang='lat' dir='ltr'>ngiboldo.</span> <span class='ocrx_word' id='word_1_739' title='bbox 724 5515 1178 5597; x_wconf 73' lang='lat' dir='ltr'>Autissidorensi</span> <span class='ocrx_word' id='word_1_740' title='bbox 1201 5516 1494 5589; x_wconf 89' lang='lat' dir='ltr'>episcopo,</span> <span class='ocrx_word' id='word_1_741' title='bbox 1515 5515 1684 5588; x_wconf 89' lang='lat' dir='ltr'>cujus</span> <span class='ocrx_word' id='word_1_742' title='bbox 1700 5514 1874 5573; x_wconf 88' lang='lat' dir='ltr'>toties</span> <span class='ocrx_word' id='word_1_743' title='bbox 1982 5510 2185 5597; x_wconf 77' lang='lat' dir='ltr'>multis</span> <span class='ocrx_word' id='word_1_744' title='bbox 2206 5512 2265 5567; x_wconf 92' lang='lat' dir='ltr'>in</span> <span class='ocrx_word' id='word_1_745' title='bbox 2283 5511 2439 5594; x_wconf 72' lang='lat' dir='ltr'>locis</span> <span class='ocrx_word' id='word_1_746' title='bbox 2465 5512 2726 5597; x_wconf 75' lang='lat' dir='ltr'>disputat</span> <span class='ocrx_word' id='word_1_747' title='bbox 2738 5512 3028 5597; x_wconf 67' lang='lat' dir='ltr'>adversus</span> <span class='ocrx_word' id='word_1_748' title='bbox 3049 5531 3149 5597; x_wconf 79' lang='lat' dir='ltr'>eos</span> <span class='ocrx_word' id='word_1_749' title='bbox 3180 5513 3276 5588; x_wconf 91' lang='lat' dir='ltr'>qui</span> <span class='ocrx_word' id='word_1_750' title='bbox 3295 5514 3365 5569; x_wconf 90' lang='lat' dir='ltr'>ad</span> <span class='ocrx_word' id='word_1_751' title='bbox 3380 5508 3628 5597; x_wconf 74' lang='lat' dir='ltr'>quamli-</span> 
     </span>
    </p>
   </div>
   <div class='ocr_carea' id='block_1_112' title="bbox 224 5586 976 5650">
    <p class='ocr_par' dir='ltr' id='par_1_112' title="bbox 224 5586 976 5650">
     <span class='ocr_line' id='line_1_112' title="bbox 224 5586 976 5650; baseline -0.012 1"><span class='ocrx_word' id='word_1_752' title='bbox 224 5586 408 5650; x_wconf 77' lang='lat' dir='ltr'>sunra</span> <span class='ocrx_word' id='word_1_753' title='bbox 437 5586 592 5646; x_wconf 77' lang='lat' dir='ltr'>facta</span> <span class='ocrx_word' id='word_1_754' title='bbox 619 5589 839 5645; x_wconf 89' lang='lat' dir='ltr'>mentio</span> <span class='ocrx_word' id='word_1_755' title='bbox 868 5594 976 5645; x_wconf 91' lang='lat' dir='ltr'>est.</span> 
     </span>
    </p>
   </div>
   <div class='ocr_carea' id='block_1_113' title="bbox 314 5656 1875 5734">
    <p class='ocr_par' dir='ltr' id='par_1_113' title="bbox 314 5656 1875 5734">
     <span class='ocr_line' id='line_1_113' title="bbox 314 5656 1875 5734; baseline -0.004 -16"><span class='ocrx_word' id='word_1_756' title='bbox 314 5656 621 5734; x_wconf 74' lang='lat' dir='ltr'>b)Jurandi</span> <span class='ocrx_word' id='word_1_757' title='bbox 649 5658 959 5734; x_wconf 64' lang='lat' dir='ltr'>consuetud.</span> <span class='ocrx_word' id='word_1_758' title='bbox 982 5656 1259 5734; x_wconf 72' lang='lat' dir='ltr'>Intelligit</span> <span class='ocrx_word' id='word_1_759' title='bbox 1276 5656 1429 5713; x_wconf 89' lang='lat' dir='ltr'>haud</span> <span class='ocrx_word' id='word_1_760' title='bbox 1455 5656 1630 5734; x_wconf 84' lang='lat' dir='ltr'>dubie</span> <span class='ocrx_word' id='word_1_761' title='bbox 1660 5672 1875 5734; x_wconf 84' lang='lat' dir='ltr'>sermo-</span> 
     </span>
    </p>
   </div>
   <div class='ocr_carea' id='block_1_114' title="bbox 223 5728 1872 5821">
    <p class='ocr_par' dir='ltr' id='par_1_114' title="bbox 223 5728 1872 5821">
     <span class='ocr_line' id='line_1_114' title="bbox 223 5728 1872 5821; baseline -0.004 -30"><span class='ocrx_word' id='word_1_762' title='bbox 223 5728 358 5791; x_wconf 80' lang='lat' dir='ltr'>nem</span> <span class='ocrx_word' id='word_1_763' title='bbox 379 5736 471 5805; x_wconf 81' lang='lat'>28,</span> <span class='ocrx_word' id='word_1_764' title='bbox 502 5733 573 5789; x_wconf 91' lang='lat' dir='ltr'>de</span> <span class='ocrx_word' id='word_1_765' title='bbox 603 5732 796 5821; x_wconf 88' lang='lat' dir='ltr'>verbis</span> <span class='ocrx_word' id='word_1_766' title='bbox 826 5729 1107 5804; x_wconf 89' lang='lat' dir='ltr'>Apostoli.</span> <span class='ocrx_word' id='word_1_767' title='bbox 1134 5728 1479 5801; x_wconf 78' lang='lat' dir='ltr'>Quanquam</span> <span class='ocrx_word' id='word_1_768' title='bbox 1510 5728 1872 5803; x_wconf 81' lang='lat' dir='ltr'>Augustinus</span> 
     </span>
    </p>
   </div>
   <div class='ocr_carea' id='block_1_115' title="bbox 1982 5582 3624 5659">
    <p class='ocr_par' dir='ltr' id='par_1_115' title="bbox 1982 5582 3624 5659">
     <span class='ocr_line' id='line_1_115' title="bbox 1982 5582 3624 5659; baseline 0.001 -20"><span class='ocrx_word' id='word_1_769' title='bbox 1982 5586 2080 5659; x_wconf 89' lang='lat' dir='ltr'>bet</span> <span class='ocrx_word' id='word_1_770' title='bbox 2108 5584 2471 5659; x_wconf 70' lang='lat' dir='ltr'>occasionem</span> <span class='ocrx_word' id='word_1_771' title='bbox 2495 5582 2721 5655; x_wconf 39' lang='lat' dir='ltr'>ju—rant,</span> <span class='ocrx_word' id='word_1_772' title='bbox 2735 5582 3507 5659; x_wconf 55' lang='lat' dir='ltr'>itemqueadvers&#39;useos&#39;qui</span> <span class='ocrx_word' id='word_1_773' title='bbox 3522 5602 3624 5658; x_wconf 91' lang='lat' dir='ltr'>pe-</span> 
     </span>
    </p>
   </div>
   <div class='ocr_carea' id='block_1_116' title="bbox 1975 5652 3626 5782">
    <p class='ocr_par' dir='ltr' id='par_1_116' title="bbox 1975 5652 3626 5782">
     <span class='ocr_line' id='line_1_116' title="bbox 1975 5652 3626 5782; baseline 0.002 -72"><span class='ocrx_word' id='word_1_774' title='bbox 1975 5658 2190 5782; x_wconf 44' lang='lat' dir='ltr'>ierarit.</span> <span class='ocrx_word' id='word_1_775' title='bbox 2222 5654 2366 5711; x_wconf 86' lang='lat' dir='ltr'>Vide</span> <span class='ocrx_word' id='word_1_776' title='bbox 2394 5652 2604 5710; x_wconf 55' lang='lat' dir='ltr'>Jon&#39;am</span> <span class='ocrx_word' id='word_1_777' title='bbox 2633 5652 2951 5727; x_wconf 47' lang='lat' dir='ltr'>Aureliani,</span> <span class='ocrx_word' id='word_1_778' title='bbox 2973 5655 3075 5712; x_wconf 88' lang='lat' dir='ltr'>lib.</span> <span class='ocrx_word' id='word_1_779' title='bbox 3098 5673 3137 5713; x_wconf 88' lang='grc' dir='ltr'>ιι</span> <span class='ocrx_word' id='word_1_780' title='bbox 3168 5652 3626 5715; x_wconf 75' lang='lat' dir='ltr'>delnstitutione</span> 
     </span>
     <span class='ocr_line' id='line_1_117' title="bbox 2006 5724 3597 5782; baseline -0.005 0"><span class='ocrx_word' id='word_1_781' title='bbox 2006 5724 2171 5782; x_wconf 76' lang='lat' dir='ltr'>aicali</span> <span class='ocrx_word' id='word_1_782' title='bbox 2199 5741 2324 5782; x_wconf 86' lang='lat' dir='ltr'>can.</span> <span class='ocrx_word' id='word_1_783' title='bbox 2359 5727 2448 5782; x_wconf 75' lang='lat'>95.</span> <span class='ocrx_word' id='word_1_784' title='bbox 3592 5742 3597 5747; x_wconf 91' lang='grc'>·</span> 
     </span>
    </p>
   </div>
   <div class='ocr_carea' id='block_1_117' title="bbox 2006 5724 2448 5798">
    <p class='ocr_par' dir='ltr' id='par_1_117' title="bbox 2006 5724 2448 5798">
     <span class='ocr_line' id='line_1_118' title="bbox 2006 5724 2448 5798; baseline -0.005 -15"><span class='ocrx_word' id='word_1_785' title='bbox 2006 5724 2171 5784; x_wconf 89' lang='lat' dir='ltr'>aicali</span> <span class='ocrx_word' id='word_1_786' title='bbox 2199 5741 2324 5798; x_wconf 91' lang='lat' dir='ltr'>cap.</span> <span class='ocrx_word' id='word_1_787' title='bbox 2359 5727 2448 5782; x_wconf 75' lang='lat'>95.</span> 
     </span>
    </p>
   </div>
  </div>
