4108 6476
493 444 607 511 571

1485 446 1552 508 Β.
1602 445 1664 508 S.
1713 445 1894 508 LUPI
1937 443 2268 508 ABBATIS
2315 445 2918 509 FERRARIENSIS.

3791 449 3924 511 572

495 579 614 639 rale
644 578 968 654 perjurium
991 579 1264 650 ostendit,
1278 583 1481 637 vestrae
1493 579 1815 652 prudentia;
1834 576 2140 645 destinavi,
2173 579 2228 646 Α
2257 579 2401 636 citas
2423 579 2649 649 mundi,
2666 579 2760 636 cui
2773 583 3055 654 perpetua
3067 578 3741 654 promittiturbeatitudo
3757 579 3888 639 coeli
3904 626 3919 639 .

495 672 872 745 profuturum
901 671 1065 728 vobis
1115 670 1437 743 plurimum
1469 671 1734 737 credens,
1760 669 1809 724 si
1846 669 2011 724 vobis
2041 669 2142 724 ad-

493 760 873 816 monentibus
887 759 1126 833 quidam
1141 761 1372 815 assidue
1377 760 1400 830 j
1412 775 1578 814 urarc
1592 758 1898 824 desistant,
1914 762 1971 814 et
1986 758 2141 830 quod

492 854 648 906 recte
663 850 992 921 juraverint
1012 866 1126 905 non
1155 852 1549 904 contemnant.
1567 849 1691 903 Non
1712 847 1991 902 adulandi
2004 847 2142 902 vitio

493 939 553 995 in
586 939 833 1013 gratiam
858 942 1109 994 vestram
1140 939 1290 1005 dico,
1323 938 1422 993 sed
1453 936 1739 992 desiderio
1791 936 1998 992 salutis
2047 953 2142 991 eo-

493 1045 627 1084 rum
660 1029 758 1100 qui
790 1028 1093 1083 nobiscum
1127 1027 1356 1082 Patrem
1389 1027 1448 1081 in
1477 1025 1639 1081 caelis
1671 1026 1963 1080 invocant.
2000 1025 2142 1091 Qui-

493 1135 725 1189 cunque
755 1117 928 1172 ﬁdem
961 1115 1122 1171 vobis
1159 1117 1536 1186 jurejurando
1569 1115 2034 1182 ﬁrmaverunt,si
2071 1115 2140 1169 ab

493 1223 560 1262 ea
609 1205 817 1262 saltem
866 1205 1116 1260 latenter
1155 1205 1454 1272 deﬁciunt,
1477 1205 1604 1274 jam
1637 1203 1750 1258 sibi
1784 1204 1861 1276 (α)
1894 1210 2141 1259 mortem

491 1295 700 1350 animae
723 1294 1070 1358 intulerunt,
1104 1310 1209 1348 nec
1261 1297 1510 1365 possunt
1557 1309 1687 1348 esse
1739 1292 1840 1347 ﬁlii
1888 1291 2004 1360 Dei,
2041 1292 2140 1364 qui

489 1383 700 1439 nolunt
763 1400 891 1439 esse
947 1383 1195 1454 paciﬁci.
1238 1383 1680 1438 Admoneantur
1747 1398 1884 1454 ergo
1950 1385 2144 1436 vestra

488 1472 640 1529 145
670 1471 964 1528 industria
1012 1472 1105 1527 sui
1149 1470 1414 1544 periculi,
1446 1475 1504 1526 et
1533 1469 1926 1526 saluberrima
1973 1469 2140 1525 insti-

487 1561 714 1617 tutione
757 1561 904 1616 tanti
950 1561 1203 1616 doctoris
1247 1560 1320 1615 ad
1372 1559 1746 1615 correctionis
1815 1558 2140 1614 remedium

486 1650 826 1706 invitantur.
843 1650 973 1706 Misi
995 1655 1270 1721 praeterea
1291 1647 1625 1704 celsitudini
1656 1653 1859 1704 vestrae
1875 1664 2142 1720 gemmas

489 1755 636 1812 quas
653 1739 879 1794 dudum
898 1739 1090 1811 opifex
1111 1741 1310 1793 noster
1325 1737 1750 1810 exsculpendas
1761 1741 1817 1792 et
1838 1736 2140 1808 poliendas

489 1832 818 1900 acceperat:
841 1844 1093 1900 quarum
1126 1828 1372 1882 formam
1396 1831 1572 1899 atque
1597 1825 1844 1881 nitorem
1865 1825 1913 1881 si
1930 1842 2141 1898 appro-

485 1916 782 1985 baveritis,
816 1920 1136 1972 memorato
1167 1915 1373 1970 artiﬁci
1406 1915 1765 1988 gratulabor.
1801 1914 1948 1987 Opto
1972 1918 2138 1970 etoro

487 2009 554 2060 ut
584 2005 730 2061 bene
761 2020 992 2077 semper
1021 2005 1228 2077 agatis,
1262 2008 1318 2060 et
1348 2003 1599 2077 propitio
1641 2003 1756 2059 Deo
1807 2002 1958 2060 felici
2007 2019 2141 2058 suc-

487 2110 656 2150 cessu
689 2093 1021 2149 diutissime
1051 2093 1372 2167 gaudeatis.

1013 2236 1367 2292 EPISTULA
1407 2234 1623 2290 XCVII.

1093 2343 1164 2380 AD
1196 2341 1531 2381 HILDUINUM.

555 2450 1100 2510 Precellentissimo
1117 2449 1313 2505 abbati
1329 2453 1404 2518 (ὁ)
1420 2449 1700 2504 Hilduino
1715 2450 1914 2521 Lupus
1928 2453 2148 2521 tempo-

485 2541 669 2600 ralem
695 2545 751 2597 et
783 2543 1126 2613 perpetuam
1154 2537 1440 2596 salutem.

555 2630 891 2687 Recordans
915 2628 1095 2684 nostri
1129 2627 1429 2683 convictus
1461 2628 1518 2682 in
1542 2631 1735 2682 vestra
1755 2626 2149 2684 adolescentia

484 2725 543 2777 et
571 2719 741 2775 initio
763 2735 904 2774 meae
919 2717 1247 2788 juventutis
1281 2716 1789 2782 consuetudinem,
1807 2721 1863 2772 et
1885 2717 2148 2789 cogitans

485 2810 641 2884 quod
654 2812 844 2865 vestra
856 2805 1128 2862 nobilitas
1142 2822 1488 2878 morumque
1514 2806 1776 2878 probitas
1788 2805 2151 2862 blandimen-

483 2899 561 2956 tis
575 2899 818 2954 fortunae
860 2895 1196 2951 nullatenus
1226 2894 1414 2951 valeat
1434 2895 1755 2961 immutari,
1771 2896 2152 2966 quemadmo-

484 2988 627 3044 dum
640 2990 779 3042 tuno
795 2983 1661 3056 familiariterloquebamur,ita
1673 2984 2004 3040 nuncvobis
2018 2984 2156 3039 sim-

485 3075 718 3150 pliciter
746 3073 1366 3140 scribo.0mnibus,ut
1411 3072 1682 3144 pluribus
1722 3072 1952 3127 videtur
1978 3075 2153 3130 vestri

487 3162 857 3239 propositi,in
892 3161 1212 3235 largiendis
1229 3161 1441 3233 opibus
1479 3161 1860 3233 omnipotens
1881 3179 1982 3216 vos
2003 3162 2158 3218 Deus

484 3251 741 3326 praetulit
760 3269 772 3320 ;
789 3255 847 3307 et
860 3251 985 3307 sine
1001 3250 1178 3306 dubio
1193 3250 1285 3306 cui
1299 3253 1529 3304 tantum
1547 3249 1812 3320 contulit,
1830 3249 2153 3322 plurimum

2252 671 2522 725 Exercete
2559 672 2713 726 146
2744 670 3102 743 ubicumque
3124 671 3370 744 potestis
3383 670 3924 745 justitiam,etqui-

2253 759 2618 831 buscumque
2632 759 2900 815 sufﬁcitis
2915 760 3236 831 impendite
3258 760 3720 816 misericordiam
3739 777 3751 815 :
3769 762 3921 834 quia

2253 849 2352 921 qui
2383 849 2546 904 vobis
2569 850 2714 904 bene
2737 848 3298 922 agendifacultatem
3321 849 3570 921 largitus
3601 855 3708 917 est,
3726 868 3918 922 quan-

2253 939 2354 993 diu
2379 938 2435 992 id
2463 938 2861 1011 permissurus
2887 937 2965 992 sit
2993 929 3295 1011 ignoratis.
3333 939 3524 1010 Ipsius
3551 956 3660 994 vox
3679 944 3794 995 est:
3819 940 3914 994 Vi-

2251 1030 2438 1100 gilatc,
2473 1029 2604 1100 quia
2633 1029 2852 1083 nescitis
2900 1028 3046 1082 diem
3091 1045 3264 1100 neque
3312 1029 3506 1084 horam
3537 1029 3712 1102 (Μαιε.
3743 1029 3905 1100 xxv).

2252 1117 2369 1173 Nos
2400 1117 2712 1188 etiam,qui
2746 1133 2847 1171 vos
2880 1117 3051 1171 unice
3083 1115 3484 1189 diligimus,et
3508 1133 3611 1188 per
3641 1134 3740 1172 vos
3755 1117 3915 1173 sola-

2253 1206 2402 1261 tium
2434 1205 2671 1277 aliquod
2720 1205 3025 1260 habituros
3066 1204 3443 1276 conﬁdimus,
3476 1205 3911 1277 aliquantulam

2253 1294 2493 1366 (c)diutu
2503 1293 2776 1348 rnitatem
2791 1293 3095 1365 dignitatis
3107 1311 3206 1349 vos
3223 1311 3600 1366 possessuros
3614 1294 3914 1350 credimus

2251 1381 2301 1435 si
2333 1398 2434 1436 vos
2465 1379 2721 1454 largitori
2737 1380 3026 1436 bonorum
3041 1381 3307 1436 omnium
3333 1383 3535 1437 devote
3560 1382 3912 1438 submiseri-

2249 1469 2347 1525 tis.
2381 1469 2573 1524 Donec
2591 1486 2691 1524 vos
2703 1468 2899 1524 videre
2926 1486 3169 1538 merear,
3187 1470 3409 1542 absque
3421 1469 3655 1526 fastidio
3668 1470 3914 1526 hecfre-

2251 1562 2499 1630 quenter
2525 1557 2697 1630 legite
2727 1562 2830 1613 aut
2861 1556 3122 1626 recolite;
3149 1562 3213 1614 ut
3243 1558 3396 1614 sicut
3410 1559 3482 1613 de
3509 1559 3913 1616 vestraexcel-

2250 1646 2429 1702 lentia
2450 1645 2795 1720 gloriamur,
2811 1646 2893 1700 ita
2904 1647 2974 1701 de
2987 1645 3273 1718 probitate
3287 1647 3503 1703 certius
3520 1647 3908 1704 exsultemus.

2249 1739 2388 1792 Peto
2402 1735 2576 1791 etiam
2611 1739 2674 1790 ut
2703 1735 3103 1807 propinquum
3137 1752 3334 1792 meum
3359 1737 3633 1794 abbatem
3647 1736 3805 1793 cella:
3820 1755 3914 1794 ve-

2250 1829 2381 1881 strae
2413 1843 2540 1896 quae
2573 1824 2790 1879 dicitur
2818 1827 2968 1892 Cor.,
3004 1825 3104 1896 qui
3138 1829 3195 1880 et
3230 1826 3370 1894 Deo,
3404 1831 3469 1881 ut
3506 1827 3821 1894 credimus,
3855 1832 3914 1884 et

2249 1913 2418 1970 bonis
2431 1913 2727 1978 omnibus,
2744 1917 2804 1967 ut
2823 1913 3015 1984 palam
3028 1918 3136 1982 est,
3154 1931 3257 1986 pro
3271 1932 3378 1970 sua
3392 1915 3682 1988 probitate
3697 1915 3911 1988 placet,

2250 2003 2571 2058 honoriﬁce
2620 2001 2976 2074 suscipiatis,
3013 2002 3265 2075 benigue
3311 2005 3597 2071 tractetis,
3643 2010 3718 2071 et,
3754 2006 3912 2077 quod

2252 2092 2522 2148 sufﬁcere
2553 2092 2724 2146 credo
2758 2091 2933 2162 (sicut
2959 2095 3214 2147 vestram
3247 2093 3414 2148 decet
3443 2092 3834 2162 nobilitatem,
3857 2098 3918 2150 et

2250 2181 2558 2237 honestam
2579 2180 3064 2247 eruditionem,ac
3087 2181 3252 2237 bona:
3280 2183 3448 2238 fama:
3471 2186 3906 2256 augmentum),

2252 2271 2335 2327 sic
2365 2270 2687 2343 dignemini
2720 2270 3023 2327 consulere
3055 2269 3139 2325 illi
3175 2272 3478 2344 sempcrin
3493 2272 3769 2328 omnibus
3787 2277 3916 2328 tan-

2253 2364 2382 2416 tum
2415 2377 2647 2433 semper
2677 2364 2964 2432 quantum
2994 2359 3240 2431 cupiunt
3271 2361 3370 2433 qui
3403 2362 3552 2418 bene
3601 2362 3818 2418 sciunt.
3848 2362 3912 2418 In

2257 2448 2468 2506 saeculo
2499 2453 2555 2505 et
2584 2448 2642 2504 in
2676 2448 2926 2504 Domino
2957 2449 3175 2506 valeas.

2763 2539 3118 2595 EPISTOLA
3155 2539 3396 2595 XCVIII.

2467 2645 2540 2685 AD
2571 2646 2927 2685 GUENILONEM
2958 2645 3200 2693 EJUSQUE
3229 2646 3687 2688 SUFFRAGANEOS.

2331 2717 2812 2792 Religiosissimis
2862 2719 3141 2775 Patribus
3173 2724 3230 2776 et
3258 2719 3542 2776 fratribus
3579 2721 3913 2794 Gueniloni,

2261 2807 2706 2880 metropolitano
2732 2808 3027 2864 Senonicaa
3065 2809 3222 2865 sedis
3255 2810 3527 2880 antistiti,
3561 2816 3618 2866 et
3639 2811 3914 2869 universo

2261 2898 2414 2954 clero
2433 2898 2481 2968 ej
2492 2915 2580 2964 us,
2598 2901 2654 2952 et
2667 2901 2800 2952 caete
2809 2915 3005 2952 rarum
3021 2897 3410 2953 Ecclesiarum
3423 2899 3772 2971 praesulibus
3786 2918 3916 2973 quae

2264 2986 2490 3043 diaecesi
2505 2986 2585 3057 (ει)
2611 2993 2944 3042 memoratae
2959 2987 3118 3043 sedis
3131 2992 3464 3056 censentur,
3481 2990 3827 3062 cunctisque
3856 2991 3917 3046 in

2263 3077 2348 3132 eis
2367 3081 2474 3132 Deo
2499 3074 2942 3144 famulantibus,
2961 3076 3240 3148 clerus(e)
3255 3077 3462 3133 matris
3489 3079 3746 3135 ecclesiae
3762 3079 3922 3135 Pari—

2264 3165 2486 3222 siorum
2509 3167 2658 3220 141
2694 3168 2750 3220 et
2782 3166 2990 3221 fratres
3023 3165 3292 3222 ccenobili
3325 3167 3511 3222 sancti
3550 3167 3804 3241 Dionysii
3859 3173 3920 3225 et

2266 3254 2454 3310 sancti
2486 3254 2758 3310 Germani
2793 3258 2849 3309 et
2877 3255 3056 3310 beata
3089 3255 3391 3311 Gcnovefae
3436 3273 3502 3312 ac
3532 3257 3922 3329 Fossatensis,

485 3343 558 3399 ab
591 3358 657 3398 eo
688 3343 972 3414 reposcet.
1007 3341 1137 3412 Ipse
1169 3337 1329 3394 enim
1361 3339 1668 3412 dicitzoui
1689 3339 2019 3409 gloriﬁcavit
2035 3357 2139 3406 me,
2174 3329 2216 3395 C
2256 3343 2736 3414 diversorumque
2767 3341 3189 3397 monasterium
3239 3343 3622 3411 unanimitas,
3656 3361 3920 3416 praesen-

483 3431 798 3503 gloriﬁcabo
817 3447 983 3497 eum;
1013 3430 1111 3502 qui
1141 3432 2145 3500 autemcontemnuntmc,eruntigno-

486 3522 618 3578 biles
648 3521 696 3590 (Ι
727 3518 1173 3591 Reg.n).ltaque
1195 3534 1310 3572 non
1342 3517 1420 3573 sit
1451 3517 1615 3573 vobis
1645 3519 1808 3574 oneri
1841 3519 1994 3590 quod
2012 3518 2145 3574 illa-

485 3614 656 3667 turus
677 3625 833 3664 sum.
864 3609 1151 3663 Honorate
1181 3605 1349 3661 illum
1391 3606 1601 3662 timore
1631 3606 1820 3679 ipsius
1851 3611 1907 3663 et
1950 3625 2148 3664 amore

486 3699 589 3772 qui
619 3701 852 3753 vostam
867 3694 1197 3752 sublimiter
1216 3695 1777 3762 honoravit;etdum
1809 3697 1968 3752 vobis
1996 3697 2149 3752 bona

493 3790 821 3859 suppetunt
843 3785 901 3840 in
933 3784 1044 3840 hoc
1066 3783 1599 3848 saeculo,curateilli
1631 3785 1730 3856 qui
1759 3785 2150 3840 hzecdeditin-

491 3875 830 3932 desinenter
847 3874 1108 3946 placere;
1132 3890 1234 3928 nec
1263 3890 1366 3928 vos
1398 3872 1649 3945 decipiat
1668 3873 2146 3930 transitoriafeli-

561 4018 637 4090 (a)
651 4017 873 4090 Mortem
885 4017 1110 4090 ani-mae.
1138 4015 1421 4088 Loquitur
1435 4015 1514 4090 de
1535 4015 1649 4090 his
1663 4015 1762 4090 qui
1786 4016 1958 4090 ﬁdem
1977 4033 2146 4072 suam

487 4086 876 4163 jurejurando
909 4086 1307 4160 obligaveraht
1337 4087 1458 4160 regi
1490 4086 1695 4142 Carolo
1723 4087 1913 4154 Calvo,
1940 4092 2148 4213 Ipostea

487 4179 621 4213 vero
651 4177 778 4213 eam
814 4164 1196 4213 mutaverant.
1215 4158 1575 4213 Pronterhoc
1598 4159 1816 4213 crimen
1842 4159 1922 4213 ait
1986 4176 2140 4213 unus

485 4158 637 4218 vero
651 4177 778 4217 eam
814 4158 1196 4216 mutaverant.
1215 4158 1575 4231 Propterhoc
1598 4159 1816 4231 crimen
1842 4159 1922 4213 ait
1940 4158 2140 4230 Lupus

492 4250 592 4290 eos
662 4236 908 4287 mortem
973 4231 1180 4286 animae
1247 4229 1589 4295 incurrisse,
1655 4229 1762 4284 hoc
1809 4235 1899 4285 est
1934 4229 2148 4286 aeterna

490 4307 677 4360 morte
709 4305 1038 4371 damnatos,
1073 4302 1186 4357 nisi
1215 4301 1596 4372 resipiscant:
1633 4301 1778 4355 tanti
1814 4306 1902 4355 est
1932 4301 2147 4358 violare

487 4377 664 4447 ﬁdem
686 4375 934 4447 principi
951 4371 1530 4447 obligatamlA’uctori
1546 4378 1742 4447 nostro
1757 4389 1999 4447 prorsus
2016 4390 2147 4428 con-

489 4446 667 4525 sentit
687 4444 824 4525 Atto
855 4444 1241 4525 vercellensis
1261 4444 1601 4525 episcopus,
1619 4444 1733 4525 qui
1750 4445 1908 4525 circa
1918 4461 2140 4525 annum

489 4519 597 4572 940
625 4518 843 4572 ﬂoruit.
897 4517 990 4572 Sic
1043 4515 1200 4588 enim
1261 4515 1437 4588 habet
1480 4515 1538 4570 in
1570 4515 1848 4588 epistola
1891 4517 1958 4570 10
2011 4534 2138 4588 quae

490 4589 711 4660 scripta
761 4593 849 4644 est
893 4586 1331 4660 aduepiscopos
1390 4585 1741 4642 Vercellensi
1796 4585 2143 4660 dimcesi'ﬁ-

491 4658 811 4715 nitimoszu
845 4658 1208 4729 Fidelitatem
1243 4674 1477 4729 quoque
1509 4663 1842 4713 nostrorum
1878 4658 2146 4713 domino-

489 4748 617 4786 rum
653 4735 710 4786 et
742 4747 944 4802 regum
969 4728 1215 4802 pleniter
1332 4703 2146 4802 oihnibusjudicoobservan-
2178 4703 2222 4766 D

490 4800 834 4858 dam.Nullo
867 4802 1039 4856 modo
1073 4800 1227 4855 enim
1252 4805 1385 4854 ante
1407 4800 1608 4870 oculos
1634 4800 1841 4870 divina:
1874 4803 2142 4870 majesta-

491 4875 568 4929 tis
601 4874 730 4945 puri
756 4872 999 4945 inveniri
1031 4887 1368 4945 possumus,
1386 4869 1434 4924 si
1458 4871 1540 4945 eis
1563 4869 1828 4945 inﬁdeles
1852 4869 2144 4926 ullatenus

490 4940 832 5001 existamus.
871 4966 898 4992 »
934 4940 1091 4998 Hanc
1121 4959 1293 5013 porro
1333 4942 1563 5013 Attonis
1611 4940 1941 5012 epistolam,
1975 4947 2040 4996 ut
2089 4946 2146 5013 et

493 5015 806 5089 plerasque
838 5014 984 5070 alias
1005 5012 1270 5089 ejusdem
1293 5012 1620 5089 scriptoris,
1641 5029 1868 5089 mecum
1887 5030 1989 5089 pro
2007 5012 2146 5067 ami-

493 5082 631 5143 citia
670 5082 872 5143 nostra
911 5082 1364 5141 communicavit
1411 5082 1500 5136 vir
1547 5082 1912 5138 clarissimus
1957 5085 2144 5138 Lucas

493 5159 835 5225 Dacherius,
865 5156 1190 5214 monachus
1243 5153 1674 5219 Benedictinus,
1709 5154 1807 5225 qui
1858 5155 2014 5209 brevi
2047 5172 2145 5210 eas

494 5231 762 5287 editurus
794 5234 901 5285 est.
919 5230 999 5285 De
1023 5244 1193 5301 paena
1211 5231 1410 5301 autem
1423 5225 1835 5301 episcoporum
1850 5226 1948 5301 qui
1967 5227 2142 5301 ﬁdem

495 5301 744 5376 principi
775 5297 1361 5376 obligata—mjiolant,
1379 5297 1634 5351 diximus
1655 5297 1727 5351 ad
1743 5297 2137 5369 Agobardum.

494 5369 646 5444 (Vide
674 5369 882 5444 Patrol.
900 5369 1044 5444 iam.
1077 5369 1243 5444 civ.)

565 5446 641 5514 (b)
656 5440 1149 5514 Hilduirio.Abbati
1165 5439 1348 5514 sancti
1364 5438 1619 5511 Dionysii
1634 5437 1690 5493 in
1709 5455 1846 5512 agro
1861 5439 2062 5495 Parien
2072 5440 2139 5509 si,

495 5519 552 5572 et
575 5509 735 5570 sacri
762 5512 961 5584 palatii
994 5509 1476 5584 archicapellano.

567 5587 634 5655 (ο)
659 5581 1103 5655 υἰ-ιιῖᾳτηίωιεφη.
1127 5581 1269 5655 Hinc
1298 5581 1567 5655 colligere
1581 5598 1898 5655 possumus
1923 5600 2142 5638 munus

494 5653 1046 5726 archicapellanisio
1071 5653 1248 5709 tribui
1281 5653 1520 5726 solitum
1549 5654 1869 5726 aqprincipe
1902 5655 2027 5707 utei
2047 5655 2141 5707 cui

493 5728 696 5782 datum
729 5724 852 5780 erat
874 5725 1049 5780 adimi
1065 5730 1376 5797 possetpro
1401 5724 1641 5780 arbitrio
1662 5724 1962 5797 principis.
1979 5726 2059 5778 Ea
2074 5726 2143 5780 de

492 5813 672 5852 causa
703 5797 1045 5853 Hilduinum
1066 5795 1289 5852 monet
1309 5797 1506 5868 Lupus
1539 5802 1604 5868 ut
1643 5795 1785 5868 quia
1827 5795 1976 5868 scire
2027 5813 2141 5868 non

492 5873 686 5941 potest
709 5887 886 5942 quam
915 5869 1196 5928 diuturna
1228 5866 1424 5924 futura
1445 5867 1521 5923 sit
1545 5866 2141 5935 haec—administratio,

2260 3437 2380 3487 tem
2407 3435 2463 3486 et
2494 3431 2752 3486 futuram
2785 3430 3056 3486 salutem.

2324 3517 2731 3575 Venerabilem
2748 3523 3042 3590 pastorem
3057 3521 3799 3593 nostrum(/')Ercanradum
3815 3541 3923 3579 nu-

2256 3625 2359 3682 per
2383 3607 2707 3664 decessisse
2738 3625 2871 3662 cum
2896 3607 3067 3681 longe
3099 3608 3331 3682 lateque
3355 3609 3658 3683 vulgatum
3684 3611 3919 3680 sit,tnm

2257 3697 2630 3754 sanctitatem
2662 3699 2915 3751 vestram
2949 3695 3128 3752 latere
3149 3715 3263 3753 non
3279 3697 3498 3770 potuit;
3520 3717 3745 3771 nosque
3759 3701 3918 3757 afﬁci

2255 3785 2537 3842 maestitia
2549 3785 2619 3840 de
2632 3785 2929 3841 vocatione
2943 3785 3128 3842 Patris
3142 3787 3419 3854 defuncti,
3441 3804 3505 3843 ac
3520 3788 3921 3846 sollicitudine

2255 3874 2578 3948 permoveri
2612 3875 2682 3930 de
2711 3873 2990 3930 electione
3021 3876 3700 3950 successuri,prudentia
3721 3885 3923 3936 vestra

2254 4021 2371 4091 tem
2382 4018 2676 4091 porebene
2691 4020 2891 4072 utatur
2894 4018 3246 4091 justumque
3258 4019 3644 4091 seinjudiciis
3661 4021 3921 4079 redden-

2256 4090 2352 4165 dis
2379 4089 2750 4165 exhibeat,‘ac
2781 4093 2978 4144 tamen
3011 4089 3102 4165 eis
3117 4107 3178 4144 se
3203 4089 3640 4165 misericordem
3663 4095 3923 4165 praebeat

2256 4160 2367 4234 qui
2385 4161 2634 4234 gratiam
2667 4160 2818 4215 hanc
2850 4160 3517 4234 meruerint.Namipso
3551 4160 3794 4221 munere
3809 4183 3920 4222 suo

2256 4232 2651 4304 ecclesiastica
2681 4238 2737 4288 et
2765 4249 2934 4287 sacra
2963 4233 3162 4287 omnia
3191 4232 3429 4304 negotia
3450 4235 3537 4290 vel
3571 4237 3922 4304 expediebat

2257 4305 2401 4371 ipse,
2417 4302 2504 4357 vel
2534 4320 2668 4358 cum
2703 4320 2836 4371 rege
2851 4304 3232 4371 tractabat,ut
3251 4302 3747 4363 S'irmondiverbis
3763 4313 3916 4364 utar.

2257 4322 2269 4358 1
2321 4322 2401 4371 se,
2417 4322 2504 4357 νει
2534 4322 2668 4358 cum
2703 4322 2763 4359 re
2808 4322 2836 4358 e
2851 4322 3232 4371 traeianat,ut
3251 4322 3747 4363 airmonoivernis
3763 4322 3916 4364 utar.

2254 4322 2401 4449 \Vide
2428 4391 2600 4449 porro
2619 4391 2746 4445 qua:
2761 4322 2831 4430 ge
2854 4391 3094 4431 munere
3109 4376 3559 4449 archicapellani
3573 4378 3831 4435 diximus
3845 4383 3918 4436 ad

2258 4446 2566 4518 epistolam
2599 4449 2688 4502 37.

2331 4517 2756 4594 (d)ﬁl)iwcesi._ld
2789 4521 2878 4594 est
2907 4516 3304 4594 provingia,ut
3335 4519 3592 4594 diximus
3614 4522 3686 4594 ad
3699 4521 3918 4594 episto-

2256 4587 2496 4655 lam'84,
2513 4587 2728 4644 etsatis
2761 4587 2964 4642 notum
2980 4592 3088 4643 est.
3106 4589 3185 4643 Ex
3208 4590 3534 4647 innumeris
3555 4587 3917 4650 testimoniis

2257 4677 2382 4732 qua
2415 4659 2660 4732 proferri
2693 4659 2749 4713 in
2774 4659 3158 4732 hocApossunt
3188 4678 3373 4716 unum
3403 4667 3635 4718 tantum
3671 4665 3917 4721 afferam

2255 4729 2324 4812 ex
2344 4729 2639 4812 praecepto
2651 4729 2836 4812 βε.Ροιὶ
2868 4729 3024 4812 Calvi
3048 4747 3172 4812 _pro_
3184 4735 3556 4812 monasterio
3569 4735 3916 4812 _Cu_xa_nensi

2256 4804 2310 4876 in
2328 4800 2559 4876 dimcesi
2576 4800 3484 4876 Helenensi,quod'authenticum
3499 4804 3617 4861 illic
3629 4807 3913 4876 vidimus,

2254 4871 2595 4947 Helenensis
2626 4871 2847 4947 civitas,
2865 4871 3098 4947 utinemi
3109 4874 3166 4928 ni
3196 4873 3464 4947 ignotum
3489 4894 3616 4932 esse
3638 4871 3915 4947 arbitror,

2254 4945 2366 4998 fuit
2387 4943 2459 4997 ab
2487 4944 2644 4998 omni
2675 4961 2791 4999 sevo
2810 4945 3178 5005 suffragenea
3197 4943 3464 5002 Ecclesiae
3487 4943 3914 5005 Narbonensis.

2255 5015 2348 5090 Sic
2380 5030 2515 5090 ergo
2537 5014 2892 5090 ait_Carolus
2919 5014 3128 5090 Calvus
3147 5034 3159 5071 :
3179 5039 3206 5065 ‹‹
3229 5017 3414 5090 Locus
3436 5019 3815 5090 supradictus
3829 5026 3920 5077 est

2254 5087 2403 5142 situs
2419 5086 2477 5139 in
2492 5086 2745 5157 conflnio
2772 5087 3087 5142 Geridaniae
3107 5088 3380 5143 marchiae
3413 5086 3647 5157 nostra,
3667 5093 3780 5146 sub
3795 5093 3918 5148 dio-

2255 5157 2372 5234 cesi
2405 5156 2669 5234 Fredalgi
2693 5157 3091 5234 Narbonensis
3105 5159 3550 5234 archiepiscopi,
3565 5167 3621 5218 et
3633 5163 3920 5234 parochia

2253 5228 2574 5301 Audesindi
2605 5228 2874 5285 Elnensis
2905 5230 3186 5301 episcopi.
3223 5253 3252 5280 »

2326 5300 2392 5373 (ε)
2408 5301 2595 5373 Matris
2627 5302 2884 5357 ecclesiae.
2906 5301 2967 5356 Id
2989 5300 3466 5372 est,cathedralis
3487 5302 3744 5359 ecclesiae
3759 5304 3919 5361 Pari-

2254 5370 2486 5436 sie'n'sis,
2521 5387 2646 5442 quae
2678 5376 2766 5427 est
2796 5376 2982 5428 mater
3013 5370 3279 5429 omnium
3318 5374 3696 5430 ecclesiarum
3751 5375 3917 5433 Pari-

2253 5441 2560 5498 siensium.
2581 5441 2672 5497 Sic
2703 5444 2763 5498 in
2787 5444 3081 5498 veteribus
3115 5444 3259 5500 actis
3290 5445 3538 5502 ecclesia
3568 5445 3919 5504 Helenensis

2253 5513 2470 5588 dicitur
2499 5512 2668 5588 Mater
2697 5517 2946 5588 omnium
2980 5515 3348 5571 Ecclesian
3395 5518 3913 5588 Rossilionensinm,

2256 5585 2678 5662 Con/tuentium,
2726 5602 2822 5662 seu
2870 5587 3452 5662 Valle-Aspirensium,
3487 5589 3559 5644 ob
3611 5585 3916 5662 hoogquia

2253 5655 2566 5735 comitatus
2596 5655 3074 5735 Ruscinonensis,
3092 5655 3536 5735 Confluentinus
3558 5664 3614 5715 et
3625 5655 3916 5734 Valla-spi-

2254 5727 2465 5781 riensis
2499 5729 2638 5780 sunt
2669 5727 2725 5781 in
2760 5728 2992 5783 dimcesi
3027 5729 3354 5785 Helenensi.

2253 5797 2319 5868 (Γ)
2349 5796 2745 5926 Ενίὲίὲἒναάωη.
2781 5799 3167 5857 Parisiensem
3217 5801 3581 5874 episcopum,
3625 5802 3726 5875 qui
3763 5805 3915 5860 obiit

2256 5886 2407 5925 anno
2549 5910 2560 5923 .

2293 5886 2407 5925 nno
2436 5886 2560 5925 δοῦ.
