4108 6462
237 413 361 473 585
1032 478 1037 484 .

709 547 862 604 108
916 547 1258 604 EPISTOLA
1299 548 1432 604 CXI.

711 635 787 709 (α)
809 654 882 693 AD
904 653 1138 693 ODONEM
1161 654 1437 694 annuam.

313 722 673 781 Charissimo
692 741 799 781 suo
812 724 1021 794 Odoni,
1042 726 1319 783 abbatum
1339 725 1898 798 clarissimo,Lupus

234 810 561 886 plurimam
592 811 880 869 salutemr

312 900 542 975 Magnis
571 905 628 957 et
656 901 987 960 innumeris
1016 907 1219 960 vestrae
1254 902 1624 959 liberalitatis
1655 904 1899 959 affectus

234 987 560 1059 beneﬁciis,
612 988 683 1058 si,
716 1007 864 1063 quas
914 992 1114 1047 animo
1161 992 1404 1059 retineo,
1439 990 1660 1065 gratias
1709 990 1898 1047 verbis

235 1076 526 1149 explicare
548 1095 808 1148 conarer,
835 1096 952 1136 non
974 1079 1230 1154 epistolae
1252 1080 1463 1151 solum,
1493 1096 1699 1136 verum
1719 1080 1899 1147 etiam

232 1165 556 1224 voluminis
577 1169 820 1225 modum
844 1170 1203 1226 excederem.
1227 1169 1566 1244 Amplitudo
1587 1174 1782 1226 vestra
1801 1186 1902 1225 no-

142 1302 145 1303 ν
235 1260 423 1315 stram
444 1257 825 1331 exiguitatem
849 1275 966 1314 non
989 1259 1275 1332 despexit,
1295 1263 1614 1333 egestatem
1636 1259 1900 1316 ubertate

235 1343 425 1402 nimia
471 1346 826 1417 sublevavit;
878 1365 986 1405 nec
1017 1347 1132 1406 tale
1161 1349 1302 1421 quid
1346 1365 1439 1405 me
1470 1348 1757 1421 suspicari
1790 1366 1898 1404 au-

233 1434 495 1505 dentem,
529 1440 731 1510 utpote
759 1436 932 1511 longe
961 1438 1268 1511 imparem,
1294 1437 1586 1494 ﬁdissima
1614 1438 1725 1495 sibi
1758 1437 1900 1494 ami-

231 1523 377 1581 citia
422 1525 779 1599 comquavit:
832 1527 1005 1598 cujus
1039 1544 1144 1600 ego
1199 1527 1569 1585 suavissimis
1608 1527 1897 1584 fructibus

228 1614 563 1687 perfruens,
612 1615 851 1672 tametsi
897 1615 1175 1673 facultate
1207 1616 1513 1686 destituor,
1548 1633 1662 1673 non
1695 1616 1897 1673 desino

231 1703 446 1762 anxius
476 1705 749 1762 meditari
780 1704 991 1762 saltem
1038 1707 1315 1762 affectum
1346 1707 1462 1763 mei
1492 1706 1676 1763 animi
1705 1705 1895 1762 decla-

228 1808 384 1849 rare.
416 1792 695 1850 Omnium
716 1792 1012 1871 siquidem
1037 1794 1363 1852 amicorum
1386 1812 1534 1869 quos
1556 1796 1628 1852 ab
1660 1794 1897 1851 ineunte

227 1884 402 1938 aetate
449 1881 648 1939 divina
693 1882 841 1939 mihi
870 1884 1059 1957 pietas
1108 1883 1358 1941 contulit
1407 1884 1747 1941 ﬁrmissime
1794 1901 1897 1941 vos

226 1975 403 2028 teneo
435 1971 750 2045 principes,
786 1989 891 2029 nec
936 1974 1294 2047 cujusquam
1343 1973 1586 2031 alterius
1614 1978 1683 2029 ut
1707 1977 1900 2031 vestra

229 2059 574 2133 dignatione
605 2066 663 2118 et
678 2060 1017 2136 largissime
1041 2062 1410 2121 humanitate
1436 2081 1529 2120 me
1550 2063 1738 2120 sentio
1758 2063 1899 2121 obli-

228 2152 477 2222 gatum;
510 2151 653 2207 adeo
677 2155 742 2208 ut
765 2169 901 2208 cum
922 2152 1045 2209 haec
1070 2157 1287 2226 repeto,
1312 2153 1543 2210 ruboris
1564 2152 1898 2210 molestiam

228 2237 700 2313 haudquaquam
730 2240 956 2298 valeam
985 2242 1202 2299 evitare
1227 2260 1241 2312 ;
1274 2246 1449 2315 atque
1480 2260 1667 2300 unum
1697 2260 1764 2299 ac
1783 2243 1900 2299 sin-

227 2327 438 2401 gulare
468 2329 661 2386 fessus
693 2331 921 2403 reperio
956 2329 1258 2401 solatium,
1292 2332 1448 2403 quod
1466 2331 1662 2388 divina
1688 2332 1897 2405 gratia,

230 2434 364 2489 quae
398 2435 492 2474 me
525 2418 672 2485 nihil
706 2419 1052 2492 hujusmodi
1084 2425 1407 2477 merentem
1440 2421 1500 2476 in
1530 2426 1762 2478 tantum
1784 2421 1903 2478 cul-

227 2522 370 2562 men
402 2507 700 2565 societatis
721 2509 924 2579 evexit,
954 2510 1238 2567 collatura
1267 2511 1438 2566 sitne
1469 2511 1527 2566 in
1552 2515 1899 2584 perpetuum

226 2597 598 2652 erubescam.
632 2599 838 2663 Quaeso
872 2615 944 2654 ne
974 2599 1195 2670 putetis
1227 2617 1319 2655 me
1365 2599 1764 2655 delinimentis
1795 2599 1900 2653 fal-

226 2685 461 2742 lacibus
474 2686 640 2742 vobis
664 2686 932 2759 illudere,
955 2689 1435 2761 quandoquidem
1460 2693 1579 2745 tam
1602 2690 1721 2745 sint
1746 2690 1900 2762 apud

229 2791 330 2831 me
381 2792 508 2848 quae
556 2774 760 2832 leviter
789 2779 968 2850 tango
1000 2777 1154 2834 seria
1185 2784 1250 2833 ut
1300 2779 1358 2833 in
1392 2778 1477 2834 eis
1517 2778 1691 2852 digne
1721 2778 1900 2852 expli-

229 2864 441 2920 candis
460 2865 703 2937 quaesita
720 2864 946 2923 laboret
963 2868 1169 2923 oratio.
1188 2868 1471 2924 Caeterum
1488 2870 1713 2925 utinam
1731 2869 1904 2924 fallax

230 2956 399 3010 fama
419 2954 740 3028 vulgaverit
762 2955 821 3011 in
846 2956 1151 3029 procinctu
1186 2961 1391 3013 contra
1420 2959 1700 3015 barbaros
1720 2976 1901 3031 quos-

232 3043 377 3099 dam
407 3048 736 3101 vestrorum
768 3046 1023 3121 graviter
1043 3047 1356 3113 sauciatos,
1386 3046 1446 3102 in
1468 3048 1686 3120 quibus
1707 3049 1905 3107 admo-

234 3132 382 3189 dum
414 3133 694 3190 dilectum
729 3134 900 3192 nobis
930 3135 997 3191 G.
1028 3135 1346 3192 lethalibus
1381 3136 1717 3193 confossum
1749 3139 1905 3194 164

231 3222 583 3280 vulneribus
630 3224 725 3281 vix
764 3239 1100 3281 evasurum.
1136 3224 1284 3282 Hinc
1333 3225 1661 3283 vehementi
1708 3227 1907 3283 dolore

1747 414 2171 487 EPISTULA].

1902 618 1905 623 ι
1927 548 1982 615 Α
2011 545 2246 618 plurimi
2299 548 2558 622 lugeant.
2611 548 2981 623 Emptionem
3025 548 3182 618 ferri,
3228 548 3383 621 quod
3428 548 3664 621 propter

1926 1927 1975 1993 B

3541 413 3660 493 586

2007 638 2262 693 messem
2293 642 2419 694 erat
2444 637 2813 707 difﬁcillima,
2848 637 3213 708 distulimus,
3248 636 3437 711 parati
3467 637 3528 692 in
3559 652 3665 693 na-

2006 742 2134 780 vem
2182 743 2361 798 quam
2405 727 2765 785 aediﬁcamus
2795 745 2898 784 vos
2946 727 3222 801 recipere,
3257 726 3373 783 nisi
3419 724 3664 782 naulum

2006 816 2292 873 recusatis
2339 817 2586 873 auferre.
2637 817 2882 890 Dirigite
2921 815 3285 889 impendenti
3314 812 3663 887 Septembri,

2006 902 2057 958 si
2089 903 2255 975 prius
2303 921 2418 960 non
2468 905 2645 962 fuerit
2696 910 3114 979 opportunum,
3164 903 3665 978 quemadmodum

2007 991 2178 1049 nobis
2208 994 2495 1063 convenit,
2530 994 2737 1052 fratres
2758 995 2856 1068 qui
2881 994 3067 1052 saltus
3089 998 3315 1068 partem
3341 993 3662 1066 assignent.

2008 1080 2082 1152 (ὑ)
2115 1071 2444 1139 lnfaustum
2475 1082 2651 1139 etiam
2684 1084 2963 1140 Faustum
2998 1084 3264 1151 afferant,
3298 1085 3356 1138 et
3383 1096 3668 1154 responsa

2007 1169 2079 1225 de
2129 1171 2405 1227 omnibus
2455 1189 2581 1246 quae
2631 1172 3049 1230 mandaveritis
3096 1171 3346 1229 ﬁdeliter
3385 1171 3661 1227 referant.

2005 1258 2239 1315 Persica
2260 1278 2386 1333 qua:
2404 1261 2699 1334 pollicitus
2720 1279 2851 1318 sum
2872 1279 2974 1336 per
2994 1277 3316 1329 cursorem,
3343 1276 3518 1333 quem
3532 1259 3662 1331 jam

2006 1348 2153 1404 bene
2181 1350 2553 1422 cognoscitis,
2604 1351 2761 1407 misi.
2792 1353 2875 1408 Ea
2904 1351 2973 1420 si,
3008 1356 3075 1408 ut
3100 1367 3322 1419 vereor,
3351 1347 3659 1414 voraverit,

2003 1437 2092 1493 vel
2122 1436 2175 1493 vi
2199 1438 2311 1494 sibi
2329 1443 2531 1512 erepta
2552 1444 2795 1513 questus
2817 1440 3012 1509 fuerit,
3036 1441 3373 1512 extorquete
3389 1435 3662 1510 precibus

2005 1530 2071 1583 ut
2099 1526 2189 1583 vel
2220 1544 2355 1585 ossa
2383 1529 2596 1600 tradat,
2619 1529 2733 1585 nisi
2755 1532 2953 1586 tamen
2976 1532 3034 1584 et
3053 1528 3183 1601 ipsa
3209 1524 3660 1599 consumpserit,

2005 1619 2071 1671 ut
2093 1616 2667 1688 jucundissimorum
2717 1619 3081 1692 persicorum
3130 1616 3263 1674 sitis
3311 1615 3663 1689 quandoque

2004 1705 2341 1780 participes.

2467 1820 2621 1877 165
2654 1821 3007 1879 EPISTOLA
3037 1820 3198 1879 CXII.

2576 1936 2712 1976 ITEM
2733 1938 2807 1976 AD
2828 1937 3094 1977 EUMDEM.

2078 2057 2438 2115 Charissimo
2487 2075 2593 2117 suo
2647 2060 2855 2131 Odoni,
2903 2061 3104 2134 Lupus
3130 2061 3474 2133 perpetuam
3503 2057 3666 2116 salu-

2004 2148 2277 2309 teﬁuper
2305 2237 2452 2293 mihi
2483 2237 2706 2295 litteras
2736 2238 2995 2296 redditas
3035 2238 3085 2294 si
3118 2254 3355 2312 possem
3402 2237 3665 2294 divinare

1970 2382 1979 2387 -
2010 2343 2044 2382 a
2070 2326 2236 2383 vobis
2266 2326 2413 2400 ipsis
2445 2344 2622 2399 quam
2656 2328 2728 2384 ab
2759 2327 2873 2384 alio
2904 2327 3280 2402 compositas,
3315 2326 3663 2384 conveniens

2010 2413 2252 2471 forsitan
2285 2415 2633 2488 reperissem
2664 2434 3035 2489 responsum.
3067 2417 3234 2474 Nunc
3265 2415 3542 2489 ambiguo
3562 2417 3665 2473 de-

2011 2504 2273 2575 territus,
2324 2506 2539 2577 quibus
2582 2505 2773 2562 verbis
2804 2507 2889 2562 uti
2935 2506 3180 2576 valeam,
3214 2506 3502 2579 quibusve
3530 2522 3664 2563 sen-

2009 2595 2230 2664 tentiis,
2281 2595 2449 2651 anxie
2480 2612 2697 2668 quaero,
2730 2613 2802 2652 ne
2848 2597 3003 2669 apud
3048 2614 3150 2653 vos
3179 2600 3368 2653 metas
3398 2596 3667 2653 modera-

2011 2683 2191 2739 tionis
2221 2685 2517 2752 excedam,
2543 2686 3023 2757 quandoquidem
3042 2688 3244 2741 vestraa
3264 2701 3524 2759 personae
3551 2684 3668 2745 sin-

2011 2773 2295 2846 gulariter
2342 2774 2487 2829 mihi
2537 2774 2925 2831 consideratio
2975 2775 3199 2847 jugiter
3253 2775 3334 2833 sit
3375 2774 3665 2831 habenda.

2012 2862 2152 2927 Quis
2182 2863 2337 2919 enim
2372 2881 2466 2919 me
2519 2864 2824 2920 ferendum
2865 2865 3183 2935 judicaret,
3217 2863 3267 2920 si
3296 2881 3419 2934 vos,
3452 2862 3668 2936 quibus

2013 2957 2220 3026 praeter
2250 2954 2470 3026 gratias
2501 2953 2757 3027 plurima
2796 2954 2915 3009 imo
2954 2954 3154 3010 omnia
3181 2955 3384 3023 debeo,
3417 2952 3667 3011 sinistrae

2012 3042 2366 3115 suspicionis
2385 3059 2690 3116 arguerem
2707 3046 2729 3099 Ρ
2744 3044 2889 3109 Nam
2908 3043 2959 3098 si
2975 3044 3157 3100 alium
3178 3044 3389 3101 scirem
3409 3041 3668 3117 epistola:

2014 3136 2334 3202 auctorem,
2367 3132 2627 3190 cohibito
2654 3133 2853 3190 dolore
2872 3134 3069 3191 doceri
3098 3133 3424 3207 ﬂagitarem
3452 3133 3668 3206 quibus

2013 3222 2251 3278 tandem
2302 3222 2494 3278 modis
2537 3223 2674 3279 fidei
2726 3222 3011 3293 studium,
3053 3222 3276 3296 aperire
3304 3222 3665 3296 praeciperet,

232 3311 515 3381 afﬂictus,
535 3313 1278 3387 opemqueintercessionis
1295 3332 1429 3371 cum
1453 3315 1733 3373 fratribus
1754 3316 1901 3374 meis
1929 3303 1973 3372 C
2013 3312 2114 3384 qui
2170 3311 2416 3381 litteras,
2471 3316 2539 3368 ut
2592 3313 2675 3369 ita
2732 3312 3000 3381 dixerim,
3059 3312 3285 3371 calamo
3314 3312 3377 3370 in
3424 3311 3668 3369 veritate

233 3401 616 3471 eontinuans,
652 3420 829 3477 super
850 3407 1004 3461 statu
1038 3421 1243 3461 eorum
1266 3405 1440 3479 cupio
1460 3406 1670 3462 vestris
1690 3405 1904 3464 litteris

232 3494 469 3548 mature
516 3491 645 3549 ﬁeri
693 3494 925 3550 certior.
987 3494 1216 3568 Ingenti
1278 3512 1511 3568 quoque
1556 3495 1733 3552 vestri
1765 3514 1905 3553 cura

229 3580 542 3650 sollicitor,
563 3598 699 3638 cum
727 3599 831 3639 vos
859 3581 1116 3640 inermes
1144 3582 1377 3641 incaute
1399 3585 1460 3640 in
1481 3585 1677 3642 media
1696 3585 1904 3642 discri-

234 3669 403 3727 mina
430 3688 813 3744 prorumpere
826 3671 1029 3729 solitos
1051 3673 1327 3747 recogito,
1353 3674 1414 3730 in
1437 3692 1564 3748 quae
1580 3674 1902 3748 juvenilem

190 3831 203 3841 ~
233 3759 561 3834 agilitatrm
591 3760 860 3817 vincendi
888 3761 1041 3835 rapit
1069 3763 1337 3820 aviditas.
1373 3764 1620 3821 Proinde
1649 3764 1906 3839 benigna

233 3849 543 3907 devotione
573 3852 791 3909 suadeo
814 3854 898 3919 ut,
928 3851 1055 3909 sola
1076 3852 1461 3927 dispositione
1490 3855 1901 3928 eontenti,qua

232 3940 649 3997 tantummodo
677 3945 870 3999 vestro
891 3942 1190 4015 proposito
1220 3943 1510 4016 congruit,
1536 3950 1793 4001 armatos
1814 3962 1906 4001 ex-

232 4029 407 4102 sequi
436 4031 792 4104 permittatis
824 4032 980 4104 quod
1025 4032 1441 4089 instrumentis
1471 4034 1695 4090 bellicis
1726 4036 1900 4107 proﬁ-

231 4123 455 4176 tentur.
504 4120 767 4194 Denique
817 4121 1071 4177 multum
1103 4122 1334 4195 proﬁcit
1362 4122 1463 4195 qui
1513 4124 1902 4197 prudentibus

235 4208 503 4267 consiliis
552 4214 950 4285 competenter
994 4210 1107 4267 sibi
1138 4216 1198 4268 et
1229 4212 1359 4268 aliis
1380 4214 1682 4285 prospicit.
1715 4216 1902 4282 Quare

234 4302 464 4357 servate
507 4317 610 4357 vos
656 4304 849 4357 vestro
891 4300 1038 4371 loco,
1094 4306 1319 4358 servate
1362 4319 1466 4359 vos
1515 4303 1741 4373 amicis,
1775 4321 1901 4361 ser-

232 4393 369 4446 vate
396 4388 568 4446 bonis
599 4390 899 4464 omnibus,
931 4408 1038 4448 nec
1067 4391 1449 4449 committatis
1480 4393 1636 4465 quod
1669 4410 1901 4452 mecum

310 4531 386 4605 (α)
409 4531 488 4609 4d
511 4533 747 4609 Odqnem
761 4534 1028 4609 abbatem.
1049 4534 1480 4609 Corbeiensem,
1501 4537 1602 4609 qui
1624 4554 1743 4593 una
1763 4556 1900 4595 cum

235 4604 403 4676 Lupo
433 4605 951 4683 interfuitsynpdo
984 4606 1396 4683 suessionensi
1427 4604 1580 4683 anno
1610 4610 1737 4683 853,
1773 4612 1899 4683 epi-

232 4692 571 4758 scopusque
601 4677 804 4750 postea
829 4677 941 4758 fuit
960 4677 1409 4758 Bell‘ovacensis.
1432 4681 1515 4758 Ad
1549 4697 1683 4736 eum
1705 4677 1903 4755 itaque
1930 4683 1979 4749 D
2010 4682 2296 4758 haereseos
2341 4677 2764 4758 Albigensium.
2817 4678 3031 4758 contra

223 4749 725 4823 jamepiscopum
757 4752 913 4805 extat
943 4749 1191 4823 epistola
1222 4751 1323 4805 127
1356 4751 1524 4823 Lupi.

307 4768 357 4802 [ιι
385 4768 417 4803 e
460 4768 725 4822 lSCOpum
757 4768 913 4805 BXI-tu.
943 4768 1191 4823 episwia
1222 4768 1317 4805 121
1356 4768 1437 4806 nu
1485 4768 1524 4806 ι.

307 4819 384 4892 (b)
405 4768 716 4898 lin/qustum
736 4822 1308 4898 Faysgumﬁeiorum
1333 4768 1762 4894 Apo‘ilinarium
1784 4825 1900 4898 epi-

233 4891 574 5018 scopunijn
607 4892 867 4949 secunda
888 4892 1273 4963 Narbonensi,
1299 4897 1363 4949 ut
1383 4891 1541 4967 patet
1565 4912 1633 4951 ex
1653 4891 1901 4969 epistela

233 4978 457 5018 seauen
486 4980 524 5018 1.

232 4978 524 5035 sequenti.

307 5034 737 5111 (1:)Sublimz'tas
780 5037 1098 5111 virginalis.
1150 5036 1501 5111 Perstringit
1550 5054 1648 5094 eos
1697 5040 1796 5111 qui
1836 5039 1897 5095 in

232 5109 471 5181 tantum
512 5107 839 5181 fastigium
874 5108 1129 5164 evehunt
1174 5107 1589 5181 virginitatem,
1626 5114 1689 5166 ut
1713 5107 1896 5168 etiam

233 5178 478 5250 nuptias
494 5178 796 5236 damnent.
820 5180 1178 5236 Immodicas
1208 5178 1399 5236 in'hoc
1422 5186 1767 5253 argumento
1790 5182 1900 5238 fuit

233 5249 647 5323 Hieronymus,
679 5252 865 5307 durus
895 5252 1070 5307 etiam
1105 5252 1385 5309 adversus
1418 5253 1661 5308 unicum
1694 5254 1898 5310 matri-

233 5295 525 5405 monium.
557 5295 647 5405 Et,
661 5323 820 5380 fuere
850 5324 951 5405 qui
981 5323 1379 5405 legitimarum
1415 5325 1897 5405 damnarentfm-

233 5394 810 5468 dera__nuptiarum;
862 5394 923 5452 in
972 5394 1135 5468 quos
1169 5400 1437 5451 secutum
1468 5401 1557 5452 est
1599 5397 1896 5453 decretum

233 5463 469 5550 concilii
484 5463 862 5550 Gangrensis,
878 5463 1035 5550 quod
1057 5471 1113 5522 et
1126 5467 1322 5550 ipsum
1345 5472 1682 5550 renovatum
1698 5474 1900 5550 postea

231 5540 292 5610 et
325 5537 385 5591 in
418 5537 659 5610 synodis
696 5537 1099 5610 posteriorum
1138 5537 1508 5595 saeculorum.
1542 5537 1819 5597 Callistus
1851 5543 1901 5597 Il

233 5608 294 5662 in
329 5608 575 5665 concilio
608 5608 916 5683 Tolosano,
952 5611 1106 5683 quod
1141 5627 1293 5683 anno
1324 5611 1462 5667 Hl9
1491 5611 1761 5669 habitum
1790 5617 1897 5682 est,

229 5684 644 5758 eosht‘anquam
676 5681 1090 5758 haereticosab
1116 5682 1392 5758 Ecclesia_
1414 5684 1551 5755 pelli
1578 5686 1773 5758 jussit,
1801 5681 1902 5758 qui

230 5749 635 5825 legitimarum
666 5754 952 5809 damnant
980 5754 1199 5825 foedera
1228 5749 1592 5825 nuptiarum:
1622 5749 1900 5813 Necessa-

231 5821 387 5880 rium
420 5822 576 5880 enim
609 5828 732 5879 erat
760 5826 1062 5881 decretum
1106 5823 1251 5882 illud
1285 5821 1566 5887 adversus
1598 5828 1904 5888 haereticos

555 5951 821 6015 PATROL.
866 5951 1075 6015 CXIX.

2011 3401 2194 3458 tincto
2243 3402 2618 3475 perscriptas,
2672 3406 2979 3475 suspectas
3006 3406 3128 3459 tam
3159 3400 3667 3483 inverecundefep

2012 3492 2204 3549 cisset.
2239 3493 2357 3564 Ego
2388 3492 2543 3549 enim
2597 3492 2745 3548 nihil
2786 3508 3050 3566 unquam
3081 3492 3155 3550 de
3181 3491 3460 3549 humanis
3487 3491 3665 3549 rebus

2010 3580 2237 3638 homini
2290 3581 2519 3638 locutus
2549 3599 2683 3638 sum
2714 3581 2929 3651 verius,
2990 3581 3139 3637 nihil
3188 3581 3377 3639 amico
3420 3580 3668 3639 revelavi

2012 3670 2240 3744 purius,
2274 3671 2424 3728 nihil
2446 3672 2687 3728 retineri
2716 3671 2944 3729 decrevi
2975 3670 3360 3729 constantius.
3392 3673 3459 3728 In
3489 3671 3665 3728 rebus

2013 3761 2145 3818 aliis
2162 3761 2412 3818 libenter
2431 3761 2733 3818 exercendi
2758 3766 2859 3818 aut
2879 3760 3406 3835 delectandigratia
3419 3761 3667 3819 admitto

2012 3851 2280 3907 ridicula.
2317 3852 2491 3907 Porro
2523 3852 2581 3906 in
2605 3852 2967 3924 professione
2986 3852 3275 3926 amicitiai,
3309 3851 3668 3925 contempla-

2010 3941 2169 3998 tione
2196 3943 2344 3997 tanti
2365 3946 2617 4014 tamque
2645 3940 2826 3997 divini
2856 3942 3143 4010 muneris,
3171 3943 3325 3998 seria
3352 3943 3478 3999 sola
3507 3958 3668 3999 com-

2010 4031 2247 4104 plector.
2278 4032 2422 4087 Hinc
2443 4032 2727 4103 quiddam
2750 4035 2917 4087 acute
2945 4032 3017 4087 de
3039 4031 3404 4088 Persicorum
3422 4048 3668 4089 numero

2011 4122 2313 4179 inventum
2337 4122 2743 4194 approbarem,
2767 4120 2926 4178 sisic
2947 4121 3459 4178 commendaretur
3480 4122 3548 4194 (ο)
3572 4138 3668 4178 su-

2011 4211 2276 4267 blimitas
2319 4210 2623 4284 virginalis
2672 4214 2737 4265 ut
2776 4227 2892 4266 non
2941 4213 3317 4283 sperneretur
3360 4209 3666 4268 humilitas

2011 4300 2358 4374 conjugalis.
2415 4299 2678 4375 Denique
2705 4299 2947 4372 virginis
2985 4299 3144 4356 ﬁlius
3194 4316 3312 4356 non
3341 4301 3665 4357 modoanon

2010 4391 2313 4448 damnavit
2359 4390 2723 4464 conjugium,
2770 4406 2975 4447 verum
3026 4388 3201 4447 etiam
3244 4391 3373 4462 ejus
3402 4390 3663 4461 initium,

2011 4536 2321 4620 quosdam,
2370 4533 2628 4620 quitum
2682 4535 2969 4620 docebant
3017 4533 3313 4620 neminem
3342 4535 3402 4592 in
3458 4535 3665 4620 matri-

2010 4606 2207 4667 fnonio
2224 4606 2817 4681 constitutumposse
2830 4606 3050 4681 salvari
3067 4623 3095 4681 τί
3105 4624 3233 4681 quae
3255 4608 3416 4681 fuere
3436 4609 3667 4666 semina

2622 4678 2764 4765 ium.
2817 4678 3031 4765 Cpntra
3077 4678 3665 4765 Helvidilushnpptias

2010 4755 2293 4826 zequabat
2319 4751 2662 4826 virginitati.
2713 4752 2875 4819 Quod
2926 4753 3069 4826 adeo
3115 4768 3265 4826 aegre
3294 4751 3430 4826 tulit
3457 4751 3664 4811 Hiero-

2008 4823 2240 4910 nymus,
2268 4827 2333 4908 ut
2362 4823 2600 4910 propter
2624 4823 2777 4910 hanc
2805 4823 3369 4910 excandes‘centiam,
3394 4825 3535 4882 dum
3553 4826 3664 4883 vir-

2046 4896 2238 4971 initati
2268 4896 2523 4971 nimium,
2550 4896 2722 4964 favet,
2761 4897 3002 4971 nuptias
3035 4898 3106 4953 ad
3126 4901 3441 4971 peccatum
3473 4914 3663 4970 usque

2046 4915 2238 4953 innati
2268 4915 2523 4963 nimium,
2550 4915 2722 4964 lavet,
2765 4915 3002 4968 nuptias
3035 4915 3106 4953 au
3139 4915 3441 4970 peccatum
3473 4915 3663 4970 usque

2006 4915 2333 5043 ﬁeprimere
2353 4969 2641 5043 videatur,
2653 4966 2960 5043 mulierem
2973 4970 3181 5043 tandiu
3201 4967 3512 5043 obnoxiam
3533 4987 3671 5026 esse

2007 5039 2404 5097 maledictioni
2442 5044 2499 5096 et
2555 5041 2882 5111 subjectam
2938 5040 3045 5094 viri
3090 5039 3350 5097 dominio
3408 5040 3661 5099 innuens
3748 5098 3751 5099 ν

2006 5113 2269 5185 quandiu
2300 5113 2518 5194 coitum
2551 5111 2790 5194 appetit.
2826 5112 2936 5166 Sed
2967 5115 3166 5167 tamen
3198 5112 3475 5194 Erasmus
3496 5130 3571 5194 ex
3585 5130 3660 5194 eo

2006 5182 2284 5240 excusare
2341 5182 2646 5240 contendit
2696 5182 3113 5254 Hieronymum
3156 5183 3329 5254 quod
3374 5184 3435 5240 in
3493 5185 3660 5242 initio

2004 5256 2139 5313 libri
2171 5258 2451 5313 adversus
2480 5253 2809 5310 Helvidium
2838 5253 3087 5309 testatus
3119 5253 3208 5310 siti
3225 5271 3287 5310 se
3318 5272 3434 5311 non
3467 5256 3659 5313 detra-

2006 5329 2144 5384 here
2200 5328 2442 5400 nuptiis,
2493 5343 2627 5382 cum
2684 5325 2887 5400 laudat
2934 5324 3357 5400 rvirginitatem,
3418 5331 3485 5400 ut
3536 5327 3662 5400 haec

2008 5416 2241 5472 semper
2261 5395 2338 5472 a'dg
2354 5398 2515 5472 illam
2545 5397 2806 5472 regulam
2830 5395 2948 5451 sint
2968 5395 3309 5472 accipienda
3327 5414 3453 5470 quae
3472 5398 3530 5453 in
3543 5398 3661 5472 hac

2007 5468 2633 5553 causeduriu'sOdicta’
2653 5468 3006 5553 videbuntur
3035 5468 3113 5553 ab
3139 5468 3509 5553 Hieronymo.
3541 5469 3662 5553 Egp

2009 5544 2356 5599 crediderim
2379 5542 2818 5614 Hieronymum,
2844 5543 2909 5614 ut
2928 5544 3054 5597 erat
3072 5540 3275 5597 fervidi
3302 5538 3391 5614 vir
3417 5538 3662 5614 ingenii,

2009 5614 2316 5671 audaciam
2346 5611 2789 5687 illamAHelvidii
2816 5612 2981 5687 ferre
3011 5629 3128 5687 non
3159 5613 3440 5685 potuisse,
3487 5611 3668 5687 atque

2010 5687 2154 5742 adeo
2177 5702 2373 5766 amore
2395 5682 2679 5766 castitatis
2697 5682 2871 5756 paulo
2893 5682 3271 5766 longiusesse
3288 5682 3668 5760 progressum

2009 5775 2187 5837 quam
2207 5758 2485 5837 oportuit.
2511 5755 2714 5837 Quo‘in’
2728 5772 2939 5837 genere
2952 5755 3425 5837 disputationum
3437 5774 3672 5837 semper

2005 5827 2380 5889 vehementes
2413 5829 2650 5888 fuerunt
2678 5827 2881 5903 magni
2911 5827 3068 5887 viri.‘
3570 5827 3588 5837 '
3626 5830 3637 5837 ’

3262 5958 3337 6024 19
