4108 6454
514 397 631 460 587

1529 397 1598 456 Β.
1648 398 1712 459 S.
1763 396 1941 459 LUPI
1985 393 2322 457 ABBATIS
2367 396 2963 461 FERRARIENSIS.

3814 399 3941 461 588

512 530 750 605 nuptias
767 529 1153 602 videlicet,(a)
1172 529 1361 604 primo
1383 528 1664 586 miraculo
1686 529 2018 587 illustravit.
2040 529 2166 585 Pla-
2194 529 2252 598 Α
2279 528 2635 587 intolerabili
2664 549 2758 589 me
2787 532 3161 589 incommodo
3201 530 3398 588 divina
3428 531 3614 605 pietas
3643 531 3939 601 liberavit,

471 644 475 649 υ
512 624 603 678 cet
630 620 784 678 166
817 621 1017 693 itaque
1036 637 1103 677 ac
1132 619 1642 676 vehementissime
1673 618 1975 693 virginalis
2019 620 2167 674 inte-

511 710 727 784 gritas;
762 710 866 767 sed
892 728 1007 767 non
1031 709 1368 783 despicitur,
1397 726 1469 765 ne
1501 709 1572 765 ab
1606 710 1730 782 ipso
1762 709 2000 782 quidem
2032 709 2167 776 Deo,

511 799 842 874 conjugalis
889 798 1155 857 societas.
1207 799 1339 855 Jam
1388 798 1533 853 illud
1581 816 1756 871 quam
1790 797 2049 871 lepidum
2083 803 2172 855 est

512 887 672 960 quod
704 886 882 960 recipi
935 903 1164 943 mecum
1199 886 1257 941 in
1316 902 1523 942 navem
1583 885 1950 959 imponendae
2006 887 2170 944 vobis

513 974 801 1032 mercedis
827 975 1119 1032 taxatione
1141 975 1447 1049 refugitis?
1472 976 1583 1031 Sed
1613 975 1661 1032 si
1684 993 1785 1033 vos
1808 977 2171 1034 necessitatis

514 1063 819 1133 articulus,
869 1065 1023 1137 quod
1083 1065 1349 1120 futurum
1406 1065 1675 1134 arbitror,
1737 1067 2168 1134 constrinxerit,

514 1170 691 1226 quem
724 1153 1061 1210 offerentem
1078 1158 1198 1211 tam
1230 1153 1553 1211 insolenter
1582 1154 1882 1228 repellitis,
1898 1157 2061 1228 juste
2082 1174 2169 1213 re-

513 1247 817 1299 cusantem
847 1243 1164 1316 prospicite
1186 1260 1258 1299 ne
1279 1244 1653 1316 impudenter
1674 1244 1986 1318 implorare
2008 1262 2172 1320 coga-

515 1331 680 1388 mini.
721 1332 937 1389 Verum
971 1337 1037 1388 ut
1067 1332 1411 1407 gravitatem
1444 1332 1630 1406 stylus
1663 1338 1903 1407 repetat,
1937 1340 2173 1392 strenue

513 1421 855 1496 profligatos
901 1422 1182 1478 barbaros
1229 1426 1286 1478 et
1343 1423 1415 1478 ad
1474 1423 1933 1480 internecionem
1992 1442 2171 1483 czesos

511 1515 709 1568 vestra
735 1510 856 1567 imo
887 1510 988 1568 Dei
1027 1509 1243 1567 virtute
1273 1512 1521 1585 gaudeo,
1554 1530 1773 1586 vosque
1803 1512 1963 1586 ipsos
1989 1519 2047 1570 et
2078 1531 2171 1571 ve-

514 1604 670 1657 stros
700 1600 1077 1656 ineﬂ‘abilitcr
1107 1600 1333 1657 exsulto
1364 1601 1705 1658 discrimine
1734 1602 2032 1673 liberatos,
2066 1622 2173 1662 nec

516 1689 719 1746 minus
748 1688 961 1763 partim
995 1690 1583 1763 admonitos,partim
1614 1696 1902 1765 expertos,
1934 1695 2171 1751 tandem

515 1797 620 1836 vos
679 1780 914 1836 credere
945 1797 1062 1835 non
1118 1784 1336 1836 temere
1385 1782 1677 1836 fortunam
1710 1800 1815 1837 nec
1846 1800 1998 1855 saepe
2046 1786 2172 1840 ten-

516 1869 782 1926 tandam.
815 1872 925 1925 Pro
957 1869 1024 1926 G.
1058 1868 1420 1943 reliquisquo
1450 1870 1508 1926 in
1541 1870 1939 1929 defensionem
1972 1873 2173 1946 patriae

518 1957 801 2015 sauciatis
831 1975 944 2014 non
977 1959 1343 2016 cessabimus
1372 1976 1571 2033 preces
1601 1961 1845 2017 fundere
1867 1978 2172 2035 quousque

516 2051 712 2105 vestra
768 2046 969 2105 relatio
1028 2049 1372 2121 parvitatem
1434 2053 1692 2105 nostram
1754 2052 2007 2107 sanitate
2056 2051 2174 2108 illis

518 2137 792 2194 restituta
819 2136 1089 2193 laetificet.
1115 2137 1194 2211 (b)
1229 2138 1508 2194 Faustum
1528 2138 1701 2212 dirigi
1724 2140 2032 2212 postulavi,
2057 2158 2172 2197 non

517 2226 586 2299 (c)
619 2242 795 2299 quem
826 2225 1036 2282 refellit
1058 2228 1442 2299 Augustinus,
1477 2229 1576 2283 sed
1602 2246 1777 2302 quem
1802 2234 1965 2286 notat
1986 2231 2041 2285 in
2072 2238 2172 2287 De-

516 2316 692 2373 cretis
709 2315 786 2389 (ά)
807 2315 1097 2374 Gelasius.
1116 2316 1332 2373 Vinum
1352 2318 1516 2373 vobis
1535 2320 1834 2375 mercandi
1858 2338 2059 2376 curam
2085 2322 2178 2377 de-

516 2422 854 2481 posueram,
906 2409 1213 2480 propterea
1259 2409 1413 2480 quod
1448 2409 1847 2481 desperabatis
1896 2410 2176 2483 possibile

514 2496 681 2552 vobis
732 2496 998 2552 futurum
1055 2496 1124 2552 ad
1161 2514 1267 2553 nos
1307 2497 1622 2566 destinare,
1684 2503 2017 2556 nostrorum
2051 2500 2176 2557 dis-

515 2584 716 2642 cordia
758 2589 815 2642 et
861 2585 1247 2641 barbarorum
1294 2585 1648 2658 impediente
1705 2589 1971 2645 audacia.
2024 2593 2174 2656 Quo-

517 2673 677 2731 niam
725 2691 861 2731 vero
911 2675 1130 2731 recenti
1186 2691 1278 2731 me
1337 2674 1696 2734 sollicitastis
1755 2679 2173 2747 admonitione,

516 2779 859 2837 quanquam
916 2763 1223 2820 vindemia:
1278 2765 1435 2838 apud
1492 2783 1597 2822 nos
1629 2784 1743 2823 non
1777 2773 1867 2824 est
1918 2774 2177 2844 quantus

508 2853 848 2925 jactabatur
877 2856 1217 2926 proventus,
1262 2854 1495 2911 vincere
1526 2856 1894 2915 sterilitatem
1920 2861 2058 2916 anni
2094 2860 2177 2917 la-

516 2943 657 2999 bore
688 2943 1059 3009 contendam,
1096 2941 1143 2998 si
1179 2942 1489 2999 consilium
1542 2947 1697 3018 quod
1737 2947 1903 3005 vobis
1933 2950 2178 3006 nuntius

517 3045 689 3087 meus
712 3034 961 3103 exponet
979 3031 1285 3104 placuerit.
1311 3031 1458 3088 Illud
1482 3038 1677 3090 autem
1700 3038 1855 3109 quod
1881 3037 2178 3110 pollicitus

518 3136 652 3177 sum
693 3137 828 3176 cum
859 3121 1144 3191 direxere,
1179 3122 1541 3196 cognoscetis
1575 3129 1797 3197 quanta
1824 3128 2181 3201 proprietate

516 3207 845 3283 intelligam
877 3210 1306 3284 indulgentiam
1336 3213 1618 3285 Apostoli,
1652 3232 1770 3287 qua
1799 3233 1861 3273 se
1892 3217 2178 3276 avidiores

2282 637 2417 675 cum
2449 621 2697 678 molesta
2719 622 2896 679 nimis
2927 627 2985 678 et
3015 622 3295 678 diuturna
3316 621 3489 679 statio
3513 622 3940 694 imponeretur,

2278 710 2503 767 Vestris
2533 711 2730 785 itaque
2761 711 3091 769 innumeris
3139 716 3195 769 et
3226 711 3480 769 assiduis
3509 710 3810 768 beneﬁciis
3842 728 3944 769 me

2278 799 2566 874 imparem
2598 803 2841 858 credens
2873 807 2929 858 et
2960 802 3245 858 conﬁtens
3280 802 3633 874 respondere
3664 802 3946 875 omnipo-

2279 895 2500 946 tentem
2532 890 2801 964 imploro,
2835 893 3005 963 cujus
3037 908 3279 947 munere
3304 894 3528 946 tantam
3579 895 3636 947 et
3664 891 3723 947 in
3754 908 3849 947 me
3885 897 3947 949 et

2279 980 2339 1035 in
2359 997 2563 1036 omnes
2579 980 2705 1052 opis
2719 985 2953 1054 egentes
2975 980 3118 1038 estis
3129 979 3593 1037 benevolentiam
3616 982 3942 1040 consecuti.

2281 1069 2563 1126 Caeterum
2596 1069 2866 1125 homines
2897 1070 3010 1126 mei
3046 1069 3450 1142 frequentibus
3482 1069 3748 1127 exhausti
3773 1088 3949 1145 expe~

2281 1158 2627 1226 ditionibus,
2659 1158 2861 1215 audita
2889 1159 3243 1232 profectione
3276 1159 3501 1214 domini
3531 1160 3685 1232 regis
3716 1160 3947 1217 Britan-

2281 1248 2442 1305 niam
2469 1266 2694 1317 versus,
2719 1253 2777 1304 et
2800 1248 3131 1305 denuntiati
3151 1247 3291 1304 olim
3312 1247 3510 1321 placiti
3534 1249 3795 1321 aliquam
3813 1267 3948 1322 spe-

2282 1342 2478 1395 rantes
2509 1336 2872 1401 dilationem,
2918 1342 3311 1409 poposcerunt
3340 1342 3407 1393 ut
3434 1355 3537 1393 vos
3568 1338 3945 1395 consulerem

2283 1428 2381 1484 ubi
2416 1432 2474 1484 et
2505 1428 2740 1499 quando
2760 1426 2925 1483 vobis
2945 1427 3119 1499 jungi
3141 1427 3437 1483 deberem.
3466 1426 3715 1484 Proinde
3742 1432 3946 1484 vestra

2282 1518 2382 1574 ind
2393 1517 2802 1590 ulgentissima
2816 1516 3138 1572 moderatio
3159 1520 3392 1573 nostras
3414 1517 3663 1573 metiens
3695 1516 3945 1573 difﬁcul-

2280 1612 2431 1665 tates
2462 1607 2738 1681 dignetur
2757 1606 2929 1661 nobis
2951 1605 3160 1661 litteris
3180 1606 3503 1678 exprimere
3523 1606 3784 1678 quandiu
3809 1610 3946 1679 post

2283 1697 2679 1771 praestitutum
2712 1695 2911 1768 placiti
2943 1695 3096 1750 diem
3126 1698 3253 1750 tuto
3276 1694 3493 1751 morari
3516 1696 3835 1768 possimus,
3860 1695 3947 1753 ita

2284 1792 2350 1843 ut
2381 1803 2484 1842 nec
2515 1785 2778 1841 desimus
2810 1784 3043 1857 placito,
3076 1789 3134 1840 et
3154 1783 3375 1856 aliquid
3399 1784 3595 1857 spatii,
3621 1788 3812 1841 vestro
3834 1802 3948 1841 nos

2283 1876 2526 1935 consilio
2544 1880 2798 1949 regente,
2826 1875 3141 1931 lucremur.
3163 1874 3309 1929 Illud
3332 1875 3508 1931 etiam
3533 1891 3603 1931 ne
3626 1874 3947 1932 fastidiatis

2287 1968 2667 2039 subjungere,
2702 1966 2749 2019 si
2785 1965 3008 2037 absque
3039 1963 3296 2037 periculo
3329 1964 3397 2035 (ε)
3420 1964 3743 2036 piratarum
3778 1965 3946 2020 navis

2284 2062 2486 2114 nostra
2514 2072 2826 2127 expensam
2860 2053 3077 2109 vehens
3126 2053 3313 2126 possit
3340 2058 3538 2109 tenere
3568 2070 3810 2110 cursum
3841 2071 3950 2126 per

2285 2147 2639 2218 Sequanam,
2687 2148 2743 2199 et
2790 2144 2927 2198 inde
2979 2159 3084 2215 per
3141 2143 3535 2198 confluentem
3568 2143 3723 2199 168
3770 2143 3945 2199 Isara:

2284 2253 2472 2308 usque
2503 2234 2573 2290 ad
2608 2234 2683 2311 (Γ)
2711 2232 3026 2288 Credilium
3058 2232 3349 2305 progredi.
3383 2232 3464 2287 De
3492 2236 3687 2287 vestra
3714 2238 3948 2305 exopta-

2285 2326 2383 2382 bili
2419 2324 2702 2397 sospitate
2734 2340 2910 2395 super
2958 2321 3157 2377 omnia
3195 2321 3537 2393 parvitatem
3570 2338 3760 2377 meam
3794 2321 3948 2377 laeti-

2286 2420 2473 2481 licate,
2508 2413 2740 2486 meique
2771 2413 3021 2486 benigne
3062 2428 3373 2479 memores,
3406 2412 3553 2468 bene
3582 2428 3818 2484 semper
3847 2429 3946 2468 va-

2285 2505 2417 2562 lete.

2829 2644 3173 2701 EPISTOLA
3211 2644 3394 2701 CXIV.

2917 2769 2991 2809 AD
3043 2769 3308 2809 EUMDEM.

2358 2951 2696 3010 Clarissimo
2729 2950 3009 3007 abbatum
3057 2948 3364 3018 Ludovico,
3399 2947 3597 3022 Lupus
3626 2947 3950 3020 plurimam

2420 3047 2559 3098 tem.

2354 3043 2559 3100 lutem.
2818 3071 2826 3079 -

2288 3062 2584 3190 saVestris
2616 3129 3023 3203 frequentibus
3056 3128 3173 3185 imo
3195 3128 3455 3185 assiduis
3475 3128 3775 3185 beneﬁciis
3808 3129 3954 3186 obli-

2289 3228 2461 3299 gatus
2491 3221 2657 3279 doleo
2688 3221 2865 3276 rebus
2894 3236 2988 3275 me
3019 3235 3134 3274 non
3166 3235 3339 3291 posse
3367 3217 3683 3290 rependere
3704 3218 3951 3291 gratias.

515 3298 637 3356 vini
682 3303 957 3356 tuentur:
1012 3301 1224 3358 Modico
1270 3304 1398 3358 vino
1445 3311 1593 3360 utere
1642 3306 1688 3377 (I
1740 3307 1872 3361 Tim.
1923 3307 2003 3380 v.)
2055 3308 2176 3365 Cir-
2208 3290 2251 3358 (ἶ
2290 3290 2599 3386 Propterea
2628 3310 2685 3366 id
2718 3309 2979 3383 proxime
3023 3312 3268 3365 conatus
3314 3324 3447 3364 sum
3479 3290 3950 3381 litterisiagere;

518 3388 808 3462 cumsepti
857 3389 1014 3446 enim
1066 3391 1421 3448 conditionis
1471 3394 1838 3463 necessitate,
1870 3414 1987 3453 non
2019 3398 2179 3454 aliud

518 3494 699 3550 quam
731 3496 765 3534 a
785 3495 879 3534 me
897 3479 1146 3535 missum
1167 3480 1401 3537 bibendi
1422 3483 1663 3539 modum
1686 3484 1918 3542 dedisse
1943 3487 2179 3545 nomine

518 3569 668 3623 167
706 3568 919 3624 modici
954 3585 1048 3624 me
1088 3570 1306 3626 sentire
1337 3571 1835 3629 animadvertetis.
1873 3576 2032 3632 Licet
2064 3577 2178 3633 mi-

519 3655 741 3711 naciter
787 3656 1095 3730 epistolam
1145 3660 1606 3728 terminaverim,
1657 3662 1828 3735 cupio
1856 3682 1958 3720 vos
1988 3666 2179 3723 valere

515 3742 781 3801 feliciter.

1058 3865 1405 3921 EPISTOLA
1453 3867 1637 3923 CXIII.

979 3979 1052 4018 AD
1096 3981 1165 4019 LU
1174 3981 1429 4021 DOVICUM
1465 3983 1747 4023 ABBA’I‘EM.

582 4102 924 4161 Clarissimo
948 4104 1226 4162 abbatum
1256 4107 1567 4178 Ludovico,
1598 4110 1800 4183 Lupus
1831 4117 2178 4183 praesentem

511 4197 570 4250 et
599 4194 861 4249 futuram
894 4194 1167 4251 salutem.

583 4282 709 4340 Non
765 4283 971 4340 dubito
1025 4284 1291 4341 ubertate
1341 4287 1549 4341 divinae
1600 4287 1798 4359 gratim
1849 4290 2067 4346 factum
2116 4297 2180 4347 ut

513 4375 709 4429 vestra
739 4372 1075 4430 sublimitas
1098 4390 1237 4430 meae
1264 4375 1585 4430 humilitati
1611 4376 1953 4449 dignaretur
1975 4382 2181 4437 conde-

515 4460 795 4517 scendere
848 4465 905 4518 et
936 4480 1028 4519 me
1058 4464 1119 4519 in
1152 4463 1549 4537 qualicunque
1598 4465 1922 4523 amicorum
1977 4470 2179 4526 ordine

517 4566 847 4607 numerare.
883 4552 990 4608 Per
1020 4571 1119 4610 vos
1167 4553 1324 4609 enim
1358 4560 1416 4609 et
1456 4572 1609 4628 saepe
1640 4555 1784 4612 alias
1817 4562 1873 4613 et
1917 4559 2179 4631 proxime

588 4691 882 4775 (φρ-ζῴῳ
905 4698 1197 4775 miraculo.
1234 4697 1364 4775 Hoc_
1379 4696 1533 4752 enim
1566 4699 1825 4775 primum
1867 4701 2171 4775 signorum
2206 4668 2252 4734 D

514 4764 651 4841 fecit
697 4764 965 4823 Christus
1015 4768 1302 4841 Dominus
1350 4767 1409 4822 in
1453 4764 1676 4840 nuptiis
1719 4764 2075 4841 Chananaeze,
2111 4781 2177 4830 ut

513 4837 804 4964 ﬁeriptum
826 4845 915 4894 est
936 4841 994 4894 in
1028 4840 1217 4912 capite
1240 4842 1497 4896 secundo
1530 4837 1825 4915 Evangelii
1847 4837 2173 4901 secundum

551 4925 828 4963 oannem.

551 4925 828 4963 oannem.

588 4979 664 5057 (_b)
694 4983 976 5057 Faustum.
1012 4982 1212 5053 Itaque
1245 5000 1592 5057 persuasum
1627 4988 1749 5039 erat
1782 4985 1944 5057 Lupo
1975 4987 2175 5044 Fausti

514 5050 783 5131 Reiensis
817 5069 992 5131 opera
1026 5050 1136 5108 non
1171 5050 1299 5109 esse
1342 5056 1665 5131 admodum
1711 5050 1892 5131 sana';
1923 5057 2175 5131 ideoque

513 5122 828 5199 iii/bustum
842 5122 1117 5199 Faustum
1134 5143 1267 5180 eum
1292 5126 1605 5197 appellavit
1632 5127 1711 5199 in,
1728 5128 1978 5199 epismla
2008 5122 2177 5199 δοίη·

512 5194 700 5271 ι’ῆοςεξζ
722 5195 931 5271 Melius
964 5203 1216 5271 mentem
1248 5194 1415 5271 suam
1442 5194 2040 5271 aperuitgin'epistola
2071 5194 2178 5259 H2

514 5268 572 5344 et
601 5265 727 5344 42_8,
761 5265 989 5344 inhqua
1042 5266 1288 5344 loquens
1322 5270 1392 5324 (le
1444 5265 1637 5344 Fausti
1680 5265 1853 5344 istius
1901 5275 2177 5344 operibus

513 5336 1060 5412 _C_arplurn__(_3alvum
1091 5336 1367 5395 admonet
1398 5358 1468 5395 ne
1499 5342 1547 5395 ei
1576 5342 1911 5412 acquiescat
1933 5336 2173 5403 erranti.

513 5407 678 5483 Unde
708 5407 903 5478 colligi
953 5410 1135 5465 ferme
1166 5420 1357 5482 potest
1388 5412 1613 5483 Lupum
1651 5407 1921 5470 abbatem
1975 5418 2174 5474 Ferra-

514 5480 770 5561 riensem
800 5494 929 5561 esse
977 5480 1272 5561 auctorem
1322 5480 1664 5538 Colleetanei
1697 5486 1767 5540 de
1797 5486 1993 5561 tribus
2012 5507 2174 5561 quae-

515 5550 827 5631 stionibus.
848 5551 984 5631 _Non
1018 5552 1182 5609 video
1204 5561 1399 5631 autem
1425 5573 1679 5631 quonam
1706 5559 1877 5631 modo
1906 5550 2178 5617 (lollecta-

511 5637 690 5702 neum
720 5619 865 5702 illud
898 5628 1264 5702 esse-possit
1294 5619 1526 5702 abbatis
1556 5628 1748 5702 istius,
1777 5629 1931 5702 liber
1947 5649 2078 5687 vero
2104 5635 2174 5688 de

511 5692 1166 5773 tribusguzestjonibus
1198 5699 1535 5773 sit_alterius
1557 5700 1909 5773 cujuspiam,
1935 5707 2176 5773 presby-

516 5724 704 5748 u‘luua
736 5724 1166 5760 νυαπιιυιιωυδ
1198 5724 1274 5754 su.
1295 5724 1535 5755 ulterius
1557 5724 1909 5772 UUJuspmuI,
1938 5724 2109 5773 pl'eSD
2138 5724 2171 5748 '-

509 5762 618 5830 teri
650 5763 870 5828 scilicet
893 5767 1241 5849 Moguntini.
1264 5770 1410 5831 Vide
1440 5771 1616 5830 etiam
1638 5771 1811 5849 epist.
1841 5773 1942 5829 128
1965 5781 2021 5834 et
2049 5724 2171 5834 CUI-

2289 3420 2394 3459 nec
2425 3400 2656 3458 ruboris
2688 3400 2801 3455 mei
2844 3398 3147 3472 angustias
3180 3396 3590 3470 amplitudinis
3620 3400 3824 3453 vestrae
3854 3396 3952 3453 di-

2288 3493 2487 3566 gnatio
2501 3489 2803 3547 fastidivit.
2824 3489 3008 3555 Unde,
3030 3487 3186 3560 quod
3202 3487 3395 3543 solum
3414 3504 3679 3559 possum,
3694 3487 3954 3559 ingenue

2289 3584 2474 3639 fateor
2504 3579 2735 3637 arctiori
2769 3577 3114 3652 parvitatem
3145 3594 3339 3633 meam
3372 3576 3551 3633 debiti
3585 3574 3816 3631 vinculo
3848 3576 3953 3632 de-

2286 3670 2576 3729 vinxistis.
2633 3669 2763 3724 Haec
2793 3672 2912 3724 tam
2946 3668 3156 3740 ingens
3184 3670 3379 3723 vestra
3436 3664 3839 3722 benevolentia
3897 3669 3955 3722 et

2288 3762 2350 3817 in
2399 3777 2493 3816 me
2541 3763 2597 3815 et
2627 3759 2687 3813 in
2719 3774 2942 3825 omnes,
2978 3773 3011 3812 a
3054 3773 3169 3827 quo
3197 3756 3319 3812 solo
3370 3754 3723 3824 infunditur,
3757 3754 3829 3810 ab
3886 3771 3954 3811 eo

2289 3852 2460 3907 credo
2519 3846 3012 3904 remunerabitur.
3061 3846 3200 3913 Nos,
3234 3844 3337 3916 qui
3366 3845 3544 3900 vestri
3589 3849 3722 3916 post
3766 3843 3955 3899 Deum

2287 3939 2644 4013 indigemus,
2680 3934 2973 3992 continuis
3007 3934 3389 4007 petitionibus
3417 3937 3642 3989 aeterna:
3674 3932 3841 3989 illius
3874 3951 3962 3989 re-

2288 4027 2629 4085 tributionis
2660 4029 2975 4100 augmenta
3006 4024 3355 4096 praebemus.
3390 4022 3623 4079 Positus
3657 4022 3715 4077 in
3744 4022 3960 4079 itinere

2289 4118 2547 4191 comperi
2599 4117 2908 4172 dominum
2941 4130 3137 4185 regem
3169 4130 3239 4168 ne
3271 4117 3413 4169 tunc
3444 4112 3684 4184 quidem
3717 4113 3959 4184 quando

2290 4207 2671 4264 constituerat
2704 4206 2775 4259 ad
2808 4221 2910 4259 vos
2942 4219 3262 4258 reversum.
3318 4201 3567 4258 Proinde
3613 4200 3959 4257 dilationem

2291 4294 2692 4370 ﬂagitantibus
2740 4292 3082 4349 hominibus
3130 4291 3300 4359 meis,
3335 4295 3400 4346 ut
3445 4290 3601 4347 soleo
3634 4291 3705 4346 ad
3754 4290 3958 4363 praesi-

2290 4388 2455 4444 dium
2486 4383 2716 4442 consilii
2743 4382 2917 4439 vestri
2950 4381 3222 4454 confugio
3252 4399 3264 4437 :
3302 4381 3456 4453 quod
3490 4380 3573 4436 sic
3605 4397 3802 4453 quaeso
3833 4397 3958 4436 mo-

2288 4474 2599 4539 deramini,
2635 4489 2762 4545 quae
2796 4471 2941 4527 mihi
2978 4470 3205 4544 agenda
3235 4470 3354 4526 sint
3383 4470 3851 4542 praseribentes,
3889 4475 3956 4524 ut

2287 4570 2343 4622 et
2372 4564 2446 4621 ab
2479 4564 2702 4619 offensa
2757 4564 2921 4616 tutus
2980 4577 3109 4616 esse
3164 4559 3385 4616 valeam
3414 4577 3427 4628 ;
3461 4563 3518 4614 et
3551 4558 3597 4614 si
3630 4559 3687 4613 in
3748 4562 3953 4614 retun-

2285 4710 2616 4765 lectaneum
2649 4705 2707 4759 in
2743 4705 2876 4759 fine.
3308 4775 3325 4777 ῃ
3828 4774 3884 4777 __
3934 4774 3937 4777 η

2354 4782 2425 4859 (c)
2461 4779 2629 4846 Quem
2670 4778 2879 4859 refellit
2908 4777 3272 4859 Augustinus.
3307 4775 3487 4859 Idest
3512 4777 3794 4859 Faustum
3828 4774 3955 4859 Ma:

2286 4848 2598 4917 nichaaum,
2632 4848 2912 4905 adversus
2945 4863 3120 4921 quem
3156 4852 3344 4902 exstat
3373 4848 3605 4921 insigne
3634 4848 3956 4919 Augustini

2286 4940 2435 4995 Opus
2466 4921 2527 4976 in
2560 4921 2741 4975 libros
2771 4936 2951 4974 xxxm
2982 4919 3355 4974 distinctum.
3502 4919 3516 4921 ⁷

2359 4994 2441 5048 (ἀ)
2473 4994 2739 5048 Getasius.
2775 4994 2819 5042 ν
2826 4991 2920 5045 ide
2952 4990 3130 5046 Notas
3162 4992 3235 5046 ad
3266 4990 3575 5048 epistolam
3606 4989 3712 5045 428

2727 5032 2739 5045 .
2783 5005 2920 5045 νιαθ
2952 5005 3130 5046 Νοιειε
3162 5005 3235 5046 8.11
3266 5005 3575 5046 emstotam
3606 5005 3731 5045 126.

2359 4994 2441 5067 (ἀ)
2473 4994 2739 5049 Getasius.
2775 4994 2819 5042 ν
2826 4994 2920 5045 ide
2952 4994 3130 5046 Notas
3162 4994 3235 5046 ad
3266 4994 3575 5063 epistolam
3606 4994 3731 5045 128.

2357 5068 2426 5138 (θ)
2461 5062 2927 5138 Piratngum.__l_d
2959 5069 3048 5117 est
3105 5060 3598 5138 Normannorum,
3646 5064 3713 5138 ut
3759 5077 3959 5138 supra

2286 5132 2564 5192 diximus.
2619 5135 2767 5190 Nam
2814 5132 2855 5206 ii
2879 5135 3006 5206 jam
3038 5134 3339 5206 navigare
3382 5137 3674 5206 cmperant
3706 5132 3957 5188 adverso

2287 5210 2559 5286 Sequana
2582 5206 2782 5286 fluvie.
2818 5204 3091 5286 Igitur‘id
3119 5204 3335 5286 factum
3369 5204 3524 5261 anno
3555 5205 3690 5286 85},
3707 5208 3772 5257 ut
3793 5206 3961 5286 patet

2285 5298 2351 5337 ex
2379 5275 2667 5336 Chronico
2694 5275 3151 5357 “F-ontanellensi
3179 5276 3310 5357 ain“
3342 5294 3458 5349 quo
3518 5276 3805 5357 scriptum
3824 5282 3956 5357 est,

2285 5354 2656 5408 Normannos
2689 5349 2872 5431 fuisse
2899 5365 2966 5431 eo
2999 5346 3531 5431 anno'in'Seq—uana
3558 5364 3592 5401 a
3622 5346 3784 5431 tertio
3820 5346 3957 5429 ldus

2286 5426 2528 5480 Octobris
2563 5437 2746 5501 jusque
2761 5419 2962 5501 “Nonis
3000 5420 3325 5501 ‘Jum'i‘gties
3352 5419 3627 5501 ducentos
3677 5419 3957 5501 octoginta

2283 5505 2503 5551 senem.
2563 5490 2708 5547 Vide
2761 5492 3121 5548 Radbertum
3183 5490 3283 5546 lib.
3327 5510 3382 5547 1v
3430 5491 3825 5547 Commentar.
3890 5490 3953 5545 in

2286 5514 2550 5622 Tiirenos
2580 5562 2865 5619 Jeremiaa.

2354 5583 2550 5621 IPBUOS
2580 5581 2865 5619 Jeremlaa.

2356 5642 2426 5711 (Γ)
2490 5638 2841 5711 (Στθινίιίιξωηη
2883 5633 3295 5711 Oppidummin
3349 5652 3456 5711 ora
3528 5634 3700 5711 Isarae
3759 5630 3950 5711 fluvii,

2281 5702 2454 5780 vulgo
2512 5710 2652 5775 Oise,
2689 5706 2845 5762 haud
2895 5702 3098 5779 procul
3156 5706 3536 5779 Ghantiliaco,
3590 5702 3767 5780 vulgo
3795 5706 3951 5763 Creil

2284 5727 2457 5841 Ξῖ,ξὲἒέ
