4108 6458
428 403 543 474 591

1428 404 1498 463 Β.
1547 405 1610 464 S.
1661 403 1915 493 LUPUS
1961 404 2539 467 FEltllARlENSIS
2583 404 2855 464 ABBAS.

3728 398 3855 479 59.2

431 536 669 609 egentes
698 532 937 608 hospitii
969 550 1072 590 vos
1104 532 1475 606 potissimum
1507 534 1811 591 adeundos
1836 534 2091 591 credidi-
2118 536 2175 604 Α
2203 542 2262 594 et
2290 536 2699 594 universaliter
2726 534 2891 593 utilis
2910 533 3632 608 estjudicatus.Pra3terea
3650 534 3861 588 vestra:

432 641 586 682 mus.
610 625 726 682 Nec
757 641 860 698 spe
893 629 1095 681 nostra
1123 624 1273 693 falsi,
1298 624 1555 681 officiose
1586 642 1795 681 sumus
1826 625 2085 698 excepti;

432 718 488 771 et
518 712 825 788 publicum
853 718 1115 771 vestrum
1143 713 1471 770 convictum
1493 714 1650 788 regio
1684 713 1970 771 famulatu
1993 732 2092 772 no-

432 803 525 863 bis
556 804 794 879 penitus
825 803 1141 872 adimente,
1169 820 1519 876 quacunquc
1551 804 1695 861 hora
1722 803 1873 861 elabi
1905 804 2092 878 potui-

434 909 971 967 mus,nequaquam
989 894 1285 949 sensimus
1302 891 1810 966 importunitatem
1829 899 2091 952 nostram

434 983 602 1041 vobis
635 983 795 1040 oneri
828 981 1139 1040 exstitisse.
1175 983 1491 1057 Postquam
1523 1000 1627 1057 per
1674 984 2091 1041 charissimum

435 1073 833 1147 propinquum
864 1071 1196 1145 Remigium
1229 1078 1287 1129 et
1324 1072 1731 1147 gratissimum
1763 1074 2093 1130 auditorem

436 1178 635 1219 meum
662 1160 1015 1219 Fridilonem
1036 1162 1332 1218 sanctitati
1355 1167 1560 1219 vestrae
1583 1163 2097 1232 satisfecimus,os-

432 1252 734 1309 tendentes
763 1254 963 1307 votum
994 1255 1286 1319 nostrum,
1302 1252 1518 1325 quibus
1541 1252 1711 1309 reniti
1733 1270 1848 1309 non
1869 1252 2105 1311 valebo...

432 1358 587 1410 mus,
622 1341 901 1398 mandata
930 1341 1083 1415 regis
1116 1340 1230 1397 alio
1274 1359 1454 1415 quam
1482 1342 1767 1399 vellemus
1814 1348 2092 1403 avertere.

434 1430 783 1499 Discessuri,
804 1447 877 1487 ne
898 1431 1119 1504 gratias
1140 1431 1379 1503 quidem
1404 1431 1462 1487 in
1488 1436 1776 1490 conventu
1808 1434 2097 1491 referendi

435 1520 663 1595 copiam
678 1520 1310 1595 habuimus,quoniam
1327 1538 1522 1578 moras
1540 1539 1745 1579 omnes
1768 1524 2096 1581 deferendae

438 1610 512 1685 (a)
543 1609 856 1685 legationis
886 1610 1333 1684 impossibilitas
1362 1612 1683 1668 auferebat.
1706 1614 1865 1671 Unde
1898 1614 1957 1670 in
1990 1615 2101 1671 hac

438 1704 603 1773 parte
634 1702 990 1757 memoratos
1034 1699 1478 1758 amantissimos
1509 1702 1717 1759 fratres
1748 1703 1932 1760 vicem
1965 1722 2100 1762 nos-

438 1793 593 1847 tram
614 1789 859 1863 implere
878 1790 1315 1846 obsecravimus
1345 1791 1530 1847 donec
1558 1809 1661 1863 per
1689 1809 1794 1849 nos
1823 1792 1878 1849 id
1903 1794 2099 1867 ipsum

441 1877 681 1981 exsequi
712 1878 996 1981 Divinitas
1024 1877 1355 1981 largiretur.
1387 1881 1470 1935 Ad
1503 1879 1623 1980 llaec
1650 1897 1776 1981 quis
1808 1899 1989 1955 supra
2018 1900 2099 1938 re-
2129 1915 2175 1981 Β

440 1967 712 2036 tulimus,
743 1970 993 2025 terrente
1026 1967 1098 2041 (b)
1131 1968 1470 2040 praedonum
1502 1969 1895 2043 improbitate,
1921 1988 2098 2027 orna-

441 2059 640 2112 menta
658 2054 922 2114 ecclesiae
942 2058 1151 2112 nostra:
1169 2057 1515 2113 occultanda
1536 2059 1809 2128 curastis,
1826 2078 1930 2116 nec
1952 2061 2024 2116 ad
2043 2060 2099 2116 id

441 2146 839 2220 praestandum
862 2144 1082 2201 inventi
1102 2146 1243 2202 estis
1266 2146 1696 2214 difﬁciles.Quee
1720 2166 1920 2206 secum
1940 2168 2106 2223 repu-

440 2239 574 2291 tans
605 2233 1024 2291 dilectissimus
1054 2234 1232 2292 frater
1261 2241 1460 2293 noster
1489 2238 1548 2293 S.
1583 2242 1642 2294 et
1671 2256 1808 2295 cum
1840 2239 1952 2296 sibi
1977 2245 2104 2297 tum

441 2325 617 2382 etiam
647 2323 916 2398 pluribus
948 2324 1079 2381 aliis
1110 2328 1377 2382 nostrum
1411 2326 1599 2383 multa
1624 2328 1872 2402 benigne
1894 2330 2106 2386 collata

444 2430 774 2484 recensens,
791 2413 1186 2486 impendente,
1202 2418 1268 2470 ut
1282 2416 1715 2483 metuebamus,
1732 2417 1902 2474 ruina
1918 2420 2105 2476 nostri

443 2503 578 2572 loci,
610 2521 788 2578 quam
818 2508 874 2559 et
904 2508 1105 2560 nostra
1135 2508 1371 2576 peccata
1416 2509 1473 2561 et
1520 2504 1845 2578 piratarum
1893 2507 2107 2564 vicinia

446 2593 963 2661 minabantur,vos
991 2592 1183 2666 elegit,
1206 2610 1323 2648 non
1353 2594 1509 2665 apud
1539 2611 1687 2666 quos
1715 2596 2107 2669 peregrinare-

445 2687 562 2754 tur,
578 2684 679 2740 sed
707 2682 864 2739 intra
884 2698 1136 2755 quorum
1159 2681 1472 2756 collegium
1495 2683 2105 2751 admissus,vicarium

447 2772 632 2830 nostri
650 2772 761 2829 loci
785 2771 1235 2828 contubernium
1259 2770 1826 2844 possideret.Verum
1847 2773 1906 2831 id
1929 2775 2105 2832 etiam

446 2862 547 2919 alii
578 2860 1038 2935 postulaverunt,
1062 2865 1349 2934 optantes,
1379 2860 1516 2918 licet
1545 2862 1776 2928 diversi,
1811 2863 1872 2920 in
1903 2882 2106 2922 mona-

446 2951 642 3009 steriis
674 2951 995 3008 consistere
1023 2968 1201 3024 quam
1235 2968 1370 3007 cum
1418 2951 1640 3024 majore
1669 2970 1913 3010 suorum
1943 2959 2108 3026 parte

448 3042 509 3098 in
540 3040 679 3099 villa
706 3041 945 3098 versari.
990 3041 1335 3114 Quanquam
1385 3041 1566 3114 igitur
1612 3042 1769 3099 Deus
1817 3043 2106 3102 incertum

449 3135 651 3188 utrum
673 3148 783 3189 sua
802 3130 1014 3205 pietate
1034 3130 1091 3186 in
1115 3135 1463 3204 perpetuum
1489 3134 1531 3187 I
1547 3133 1643 3190 72
1667 3134 2106 3191 subversionem

449 3221 635 3279 nostri
666 3220 1005 3278 monasterii
1038 3220 1452 3288 removerit,an
1478 3221 1675 3295 aliqua
1694 3221 1909 3280 latente
1930 3241 2110 3281 causa

2198 626 2492 684 sanctitati
2542 625 2864 699 plurimum
2917 623 3144 693 confisi,
3188 623 3317 681 ausi
3362 641 3570 680 sumus
3618 622 3863 678 fratrem

2198 717 2883 790 Bernegaudum,rudem
2900 714 3091 771 adhuc
3112 712 3868 786 monachum,rogantives~

2200 810 2302 861 tres
2333 805 2666 879 paternitati
2698 805 2968 878 dirigere,
3000 807 3204 860 vestrae
3234 801 3521 860 voluntati
3554 802 3868 883 obsecutu-

2202 911 2354 963 rum,
2369 900 2426 951 et
2440 895 2497 950 in
2519 912 2624 952 suo
2642 894 2940 968 proposito
2955 894 3369 966 perfectiorum
3384 891 3665 964 exemplis
3686 895 3867 963 atque

2202 984 2470 1041 doctrina
2498 982 2821 1041 studiosius
2843 982 3335 1040 confirmandum.
3352 979 3698 1054 Exiguitatis
3725 995 3867 1035 nos-

2201 1079 2304 1131 tra:
2335 1074 2587 1148 benigne
2617 1090 2908 1131 memores
2940 1077 3213 1147 optamus
3242 1089 3344 1128 vos
3372 1070 3564 1128 valere
3595 1068 3866 1126 feliciter.

2730 1189 3081 1246 EPISTOLA
3117 1189 3326 1247 CXVII.

2738 1281 2811 1349 (ο)
2847 1296 2921 1336 AD
2957 1296 3326 1335 ANSBOLDUM.

2279 1385 2768 1443 Reverentissimo
2796 1387 2863 1441 A.
2897 1386 3095 1442 abbati
3144 1390 3202 1443 et
3242 1385 3532 1443 universis
3582 1386 3866 1444 fratribus

2207 1477 2356 1547 ejus,
2388 1476 2587 1549 Lupus
2615 1479 2672 1531 et
2695 1475 2888 1531 omnis
2919 1475 3310 1533 Ferrariensis
3341 1476 3586 1533 cmnobii
3618 1477 3871 1535 societas

2209 1566 2269 1621 in
2300 1565 2549 1622 Domino
2580 1565 2854 1622 salutem.

2280 1654 2629 1728 Asperrimis
2658 1654 3109 1712 difficultatibus
3139 1655 3363 1725 evictis,
3411 1655 3739 1730 gaudemus
3770 1673 3875 1714 vos

2208 1744 2445 1801 tandem
2477 1742 2794 1817 aliquando
2824 1744 3015 1818 gratia
3043 1744 3245 1801 divina
3268 1744 3395 1802 loco
3426 1744 3662 1819 proprio
3693 1744 3874 1802 resti-

2210 1837 2389 1890 tutos.
2424 1834 2539 1889 Nec
2568 1833 2713 1889 illud
2747 1851 2864 1890 non
2896 1833 3144 1889 libenter
3173 1832 3516 1907 accipimus,
3543 1835 3700 1907 quod
3733 1851 3876 1891 nos-

2206 1928 2357 1979 tram
2391 1924 2448 1977 in
2480 1940 2583 1979 vos
2613 1940 2859 1995 pronam
2893 1922 3254 1979 voluntatem
3289 1924 3384 1996 pio
3418 1924 3627 1979 affectu
3650 1925 3877 1996 jucun-

2213 2014 2421 2085 disque
2451 2013 2825 2068 sermonibus
2854 2013 3302 2086 prosequimini,
3328 2028 3671 2086 quanquam
3700 2013 3877 2087 longe

2215 2102 2385 2176 plura
2410 2106 2584 2175 atque
2614 2104 2838 2174 majora
2866 2102 3030 2158 vobis
3062 2103 3321 2175 praestita
3350 2119 3719 2175 caperemus.
3741 2102 3877 2159 Tri-

2213 2191 2543 2249 bulationes
2575 2197 2808 2248 nostras
2839 2192 3053 2265 partim
3084 2191 3350 2248 dolenter
3368 2191 3874 2265 audistis,partim

2214 2282 2369 2338 anxii
2402 2281 2752 2354 aspexistis;
2789 2282 2889 2337 sed
2940 2299 3060 2350 eas,
3093 2285 3456 2355 temperante
3503 2281 3592 2339 vel
3635 2282 3878 2355 penitus

2215 2372 2515 2428 auferente
2564 2373 2717 2428 I78
2770 2371 3015 2427 Domino
3066 2371 3183 2427 Deo
3233 2376 3454 2440 nostro,
3498 2388 3634 2428 cum
3682 2376 3879 2428 vestro

2214 2461 2523 2518 commodo
2571 2459 2737 2517 vobis
2785 2460 3115 2532 vestrisque
3167 2459 3270 2532 qui
3299 2477 3407 2516 nos
3439 2460 3692 2517 adierint
3719 2461 3884 2517 desi-

2215 2553 2493 2608 deramus
2523 2550 2657 2606 usui
2713 2566 2841 2606 esse
2890 2567 2957 2606 ac
3006 2549 3418 2606 sincerissima:
3464 2550 3770 2623 voluptati.
3805 2551 3883 2608 Ut

2216 2640 2397 2715 igitur
2424 2639 2794 2696 familiaritas
2825 2638 2966 2695 olim
3009 2639 3157 2695 inita
3201 2638 3457 2695 uberiori
3488 2640 3756 2712 proﬁciat
3786 2640 3883 2696 in-

2216 2734 2532 2795 cremento,
2583 2729 2643 2784 in
2688 2728 2932 2784 occidua
2962 2728 3136 2801 plaga
3166 2734 3519 2802 recuperatis
3567 2729 3881 2787 facultates

2216 2820 2435 2876 fuerint
2463 2819 2804 2891 adjumento
2835 2819 2975 2873 dum
3020 2834 3302 2875 excursus
3344 2822 3406 2874 et
3454 2835 3729 2876 recursus
3775 2836 3884 2892 per

2216 2926 2323 2967 nos
2353 2925 2481 2982 quae
2513 2908 2791 2979 utrinque
2840 2912 3122 2980 gerantur
3169 2908 3408 2981 aperiet.
3461 2908 3744 2981 Cupimus
3774 2926 3882 2966 vos

2216 2998 2401 3057 nostri
2432 2997 2683 3071 benigne
2715 3013 3005 3053 memores
3037 3013 3271 3069 semper
3298 2997 3488 3053 valere
3520 2997 3783 3055 feliciter.

2732 3113 3079 3171 EPISTULA
3117 3114 3353 3171 CXVIII.

2635 3222 2709 3259 AD
2751 3221 3072 3260 IIERARDUM
3110 3220 3455 3260 EPISCOPUM.

450 3311 523 3368 ad
555 3316 789 3386 tempus
821 3310 1133 3378 distulerit,
1169 3286 1363 3367 tamen
1396 3286 1708 3384 praedictus
1739 3313 1918 3369 frater
1949 3315 2103 3386 quod
2137 3286 2180 3355 Ο
2289 3310 2781 3369 Reverentissimo
2825 3310 3127 3367 Turonicze
3170 3310 3437 3367 Ecclesia
3486 3311 3735 3367 antistiti
3766 3312 3882 3368 He-

447 3400 833 3458 obtinendum
855 3404 1200 3475 conceperat
1220 3402 1606 3473 perseveravit
1626 3402 1887 3475 flagitare
1912 3419 1925 3457 :
1952 3404 2108 3479 quqd

448 3490 678 3547 utinam
707 3490 871 3547 vobis
913 3490 1311 3547 annuentibus
1359 3495 1773 3562 consequatur,
1827 3509 1899 3548 ne
1928 3491 2107 3548 simili

447 3596 588 3637 casu
619 3583 877 3649 coactus,
893 3579 1171 3635 ulteriora
1198 3578 1585 3652 compellatur
1613 3580 1849 3637 sectari!
1872 3581 2109 3655 Suppli-

447 3685 770 3742 camusque
794 3671 860 3725 ut
890 3685 1025 3725 eum
1058 3668 1213 3742 apud
1245 3685 1346 3724 vos
1369 3669 1786 3725 consistentem
1811 3670 1904 3743 pie
1926 3670 2111 3728 fovea-

447 3759 560 3815 tis:
586 3758 727 3832 quia
757 3773 1022 3815 meorum
1052 3757 1321 3814 laborum
1345 3758 1445 3813 diu
1469 3758 1760 3832 particeps
1793 3758 1985 3828 fuit,et
2004 3776 2108 3831 pro

448 3865 558 3915 sua
580 3847 867 3921 probitate
891 3864 956 3904 ac
978 3846 1326 3905 strenuitate
1350 3864 1584 3920 semper
1606 3853 1811 3921 gratus
1833 3848 2109 3906 omnibus

450 3990 551 4046 rex
582 3973 909 4046 Germaniae
938 3972 1242 4046 ingressus
1263 3977 1359 4046 est
1390 3973 1448 4028 in
1481 3990 1729 4046 regnum
1760 3973 1970 4043 Caroli,
1992 3992 2108 4032 non

448 4045 608 4102 velut
639 4044 1091 4117 hospes,sed‘ut
1120 4045 1343 4114 hostis;
1378 4050 1442 4117 ut
1472 4044 1726 4117 patetex
1757 4046 1962 4101 Herico
1991 4063 2111 4103 mo-

451 4117 638 4174 nacho
669 4117 728 4174 in
751 4115 907 4174 libro
937 4135 977 4173 ιι
1027 4118 1098 4174 dc
1132 4115 1436 4173 miraculis
1469 4115 1657 4171 Sancti
1688 4118 1961 4172 Germani
1993 4121 2109 4173 Au-

448 4189 892 4247 tissiodorensis
922 4207 1047 4262 cap.
1075 4191 1128 4258 8,
1160 4190 1215 4258 9,
1250 4191 1335 4243 10.
1372 4187 1531 4242 Istud
1565 4205 1736 4259 porro
1767 4189 1980 4262 accidit
2010 4191 2109 4245 de-

451 4262 679 4318 sinente
709 4278 863 4318 anno
890 4260 1014 4326 858}
1049 4266 1113 4316 ut
1165 4262 1333 4316 docet
1378 4263 1584 4314 auctor
1627 4260 1942 4317 Annalium
1977 4262 2108 4317 Ful-

450 4333 764 4407 densium._
796 4333 939 4407 Vide
998 4331 1379 4407 Sirmondum
1431 4331 1489 4385 in
1529 4331 1682 4387 notis
1722 4333 1793 4388 ad
1843 4333 2112 4407 Capitula

450 4404 639 4462 Caroli
671 4405 846 4473 Calvi,
880 4406 969 4461 tit.
1004 4406 1094 4459 23.

519 4480 601 4548 (a)
628 4476 1121 4551 Legationis._Cum
1152 4479 1409 4551 anno,ut
1438 4474 1838 4551 disimus,_858
1867 4476 2113 4551 Ludovi-

448 4546 552 4605 cus
580 4546 683 4606 rex
701 4546 1033 4607 Germaniae
1054 4565 1311 4621 regnum
1326 4546 1513 4621 Caroli
1545 4548 2108 4621 invasisset,afﬂictm

447 4636 516 4675 ex
546 4638 611 4678 eo
642 4621 809 4678 valde
840 4622 1000 4677 fuere
1031 4619 1360 4687 res'Caroli,
1394 4620 1536 4675 adeo
1569 4623 1634 4674 ut
1663 4625 1900 4676 coactus
1931 4620 2108 4676 fuerit

445 4690 595 4772 fuga":
627 4711 690 4772 se
714 4694 943 4772 dedere,
973 4697 1036 4772 et
1055 4691 1115 4746 in
1149 4691 1547 4772 Burgundiam
1584 4690 1870 4772 secedere:
1902 4692 2107 4772 Inhac

445 4709 595 4820 luges
627 4711 690 4749 se
714 4709 943 4761 dedere,
973 4709 1031 4747 et
1055 4709 1115 4746 in
1149 4709 1547 4772 nurgunniam
1584 4709 1870 4747 secedere.
1902 4709 1965 4747 1n
1998 4709 2104 4748 nac

445 4781 514 4837 ca
540 4766 779 4822 amitate
814 4781 957 4837 pene
1005 4763 1075 4818 de
1107 4763 1379 4837 principe
1406 4763 1595 4837 factus
1624 4761 1809 4837 exsul,
1845 4762 2104 4835 legatum

447 4833 830 4909 aliquoimisit
850 4833 1343 4909 Lupum,‘fortean
1366 4833 1425 4909 in
1453 4834 1826 4909 Germaniam
1848 4852 1859 4901 ;
1882 4833 1945 4890 ut
1967 4853 2106 4909 quo-

446 4904 605 4981 niam
638 4908 757 4981 illic
788 4925 890 4981 per
920 4904 1138 4962 multos
1171 4922 1357 4961 annos
1379 4904 1584 4981 fuerat,
1602 4905 1862 4981 adeoque
1884 4911 1942 4981 et
1972 4904 2105 4963 Ger-

446 4980 689 5035 manica}
722 4976 1186 5053 linguaegnarus
1218 4978 1465 5053 erat,_de
1498 4976 1715 5053 injuria
1738 4976 1927 5033 Caroli
1960 4996 2102 5050 que-

446 5057 609 5107 retur
637 5048 917 5108 adversus
950 5048 1410 5105 lIudovicum.Et
1433 5048 1709 5120 quoniam
1743 5066 1811 5105 ea
1840 5048 2106 5121 tempora

493 5125 737 5197 romptis
771 5120 1433 5197 remediis_i_ndigebant,
1480 5121 1641 5197 abire
1686 5122 1885 5197 statim
1920 5120 2105 5193 jussit

493 5141 737 5197 rompus
771 5141 1046 5178 remeans
1078 5141 1433 5190 mulgebant,
1480 5141 1641 5175 abire
1686 5141 1885 5177 εωιιῐῐι
1920 5141 2100 5193 jussu

448 5141 699 5268 Eupum,
718 5195 947 5268 nedata
968 5193 1204 5268 quidem
1220 5192 1463 5268 licentia
1482 5192 1871 5268 amplectendi
1900 5210 2100 5248 mona-

445 5263 587 5323 chos
618 5266 803 5323 sancti
838 5263 1132 5319 Germani.
1153 5265 1305 5319 Adeo
1329 5265 1545 5336 quippe
1568 5263 1794 5319 afflicta:
1826 5269 1992 5319 erant
2010 5282 2103 5321 res

443 5338 631 5395 Caroli
656 5344 721 5393 ut
748 5354 861 5392 non
884 5336 1015 5391 aliis
1037 5336 1263 5391 artibus
1287 5342 1564 5408 reparata:
1594 5336 1903 5390 videantur
1922 5352 2100 5406 quam

481 5416 676 5483 ropter
704 5407 1161 5483 imprudentiam
1196 5407 1484 5483 Ludovici,
1521 5412 1585 5461 ut
1619 5412 1778 5483 patet
1808 5423 1875 5483 035
1905 5409 2101 5483 {inna-

481 5427 676 5483 ropter
704 5427 1161 5480 Impruaenuam
1196 5427 1484 5475 LUGOVK‘I,
1521 5427 1585 5461 ιιι
1619 5427 1778 5478 patet
1808 5427 1875 5460 CX
1905 5427 2097 5463 anna-

436 5427 593 5537 libus
628 5480 1038 5551 Fuldensibus.
1075 5480 1270 5551 Neque
1310 5479 1465 5534 enim
1498 5478 1789 5533 assentior
1838 5477 2097 5547 Ccllotio,

438 5553 539 5625 qui
569 5550 927 5607 Ludovicum
954 5552 1030 5625 ab
1062 5550 1281 5623 injuste
1316 5551 1464 5625 bello
1497 5566 1741 5625 manum
1791 5552 2101 5625 retraxisse

438 5621 605 5697 putat
622 5624 861 5695 propter
874 5621 1509 5697 episc0porum‘admou
1521 5621 1555 5674 it
1570 5622 1729 5697 longs
1745 5638 1757 5675 :
1774 5622 1930 5692 quod
1945 5622 2102 5678 colli-

478 5693 657 5768 ere‘se
674 5693 842 5768 putat
855 5693 925 5751 ei
938 5693 1262 5768 Annalibus
1280 5693 1649 5768 Bertinianis.
1667 5693 1877 5768 Eorum
1902 5698 2100 5768 tamen

478 5711 575 5751 ere
594 5711 657 5752 se
674 5711 842 5768 putat
855 5712 924 5751 ex
938 5711 1262 5751 annalibus
1282 5711 1649 5748 nerumams.
1668 5711 1877 5747 eorum
1902 5711 2100 5750 tamen

437 5711 758 5850 inualium
775 5772 1071 5850 auctorem
1087 5766 1258 5850 paria
1272 5764 1487 5821 sentire
1504 5780 1638 5819 cum
1659 5765 1839 5850 coqui
1864 5765 2101 5840 scripsit

445 5838 698 5925 Annales
715 5839 1032 5902 Fuldenses
1051 5835 1111 5899 si
1119 5838 1505 5908 afﬁrmavero,
1521 5854 1636 5896 non
1659 5835 1927 5896 existimo
1950 5835 2044 5898 me
2066 5856 2101 5897 α

2216 3401 2407 3468 rardo,
2432 3401 2629 3474 Lupus
2658 3406 2715 3457 et
2743 3399 3206 3457 Bethlehemitici
3238 3400 3485 3457 ccsnobii
3516 3401 3882 3457 'unanimitas

2217 3490 2532 3564 plurimam
2565 3490 2625 3545 in
2657 3489 2903 3546 Domino
2937 3488 3212 3546 salutem.

2286 3579 2795 3644 Quemadmodum
2844 3578 3096 3635 scribere
3146 3579 3370 3653 dignati
3402 3580 3563 3650 estis,
3598 3579 3886 3637 divinitus

2215 3685 2352 3724 cum
2382 3668 2699 3742 exiguitate
2730 3672 2931 3725 nostra
2965 3667 3381 3725 familiaritatis
3413 3669 3627 3725 foedera
3657 3669 3881 3726 socias-

2217 3758 2311 3815 tis.
2351 3758 2612 3815 Charitas
2658 3757 2838 3824 enim,
2873 3762 2937 3813 ut
2988 3757 3193 3813 scribit
3235 3757 3571 3831 Apostolus,
3604 3777 3638 3814 (ι
3667 3761 3774 3815 Deo
3803 3768 3885 3816 est

2216 3848 2266 3918 (Ι
2281 3849 2445 3905 Joan.
2467 3852 2590 3917 vn),
2618 3864 2745 3920 quae
2776 3847 3031 3905 maxime
3059 3846 3120 3903 in
3152 3846 3246 3904 his
3278 3847 3496 3904 eminet
3526 3848 3628 3921 qui
3652 3848 3886 3905 sincera

2216 3990 2350 4030 VBPO
2382 3990 2753 4029 recessurum
2765 4016 2775 4027 .

2290 4045 2363 4117 (b)
2394 4045 2747 4102 Prwdonum.
2789 4044 2961 4118 Haud
3010 4044 3185 4118 dubie
3237 4044 3730 4118 Normannorum,
3776 4046 3883 4118 qui

2216 4115 2351 4172 tum
2374 4121 2759 4189 pervenerant
2785 4115 2847 4173 in
2877 4115 3175 4189 dioecesim
3207 4118 3626 4189 Senonensem.
3678 4115 3885 4189 Itaque

2218 4188 2417 4261 Lupus
2446 4194 2804 4261 ornamenta
2822 4188 3167 4261 monasterii
3203 4188 3590 4261 Ferrariensis
3638 4188 3887 4245 miserat

2219 4260 2291 4316 ad
2307 4259 2643 4317 monachos
2674 4259 3237 4328 Autissiodorenses,
3270 4260 3428 4316 velut
3457 4260 3529 4316 ad
3560 4260 3753 4316 locum
3786 4264 3883 4316 tu-

2217 4331 2448 4401 tiorem,
2484 4331 2601 4387 illic
2632 4332 3000 4387 occultanda.

2290 4409 2360 4472 (ιτ)
2390 4404 2469 4459 Ad
2499 4404 2848 4460 Ansboldum.
2883 4404 3072 4459 Codex
3101 4406 3268 4460 vetus
3298 4404 3572 4472 habebat,
3604 4402 3682 4459 Ad
3711 4402 3881 4459 Ansb.

2216 4479 2471 4531 tantum.
2496 4475 2684 4531 Editio
2718 4481 2913 4531 autem
2948 4475 3227 4541 Massoni,
3250 4476 3330 4531 Ad
3352 4474 3699 4531 Ansboldum.
3725 4477 3883 4541 Quo-

2217 4547 2379 4629 nian}
2397 4564 2542 4629 _v_ero
2603 4546 2653 4602 is
2703 4547 2788 4629 inn
2809 4545 3057 4629 epistola
3084 4548 3155 4601 69
3195 4552 3437 4604 vocatur
3464 4546 3792 4629 Auseatdus,
3826 4553 3887 4602 et

2218 4620 2372 4693 apud
2397 4620 2736 4701 Massouum
2759 4618 2915 4701 facili
2936 4618 3264 4674 litterarum
3286 4618 3719 4746 permutatione
3740 4619 3880 4674 Aus-

2218 4692 2427 4747 baldus.
2450 4707 2767 4746 rursumin
2801 4690 3046 4747 epistola
3077 4692 3144 4745 10
3173 4696 3285 4746 Ans
3323 4691 3498 4747 otdus.
3533 4691 3689 4747 apud
3721 4690 3880 4745 Mas-

2250 4706 2427 4747 ataus.
2450 4707 2688 4746 I‘UI‘SUIII
2707 4708 2767 4746 1n
2801 4706 3046 4747 BDISEOIB.
3077 4706 3144 4745 1U
3173 4706 3498 4747 Ληςςοοιιιιιες.
3533 4706 3689 4747 εωυα
3721 4706 3883 4745 Μυε-

2218 4708 2427 4759 oataus,
2450 4708 2767 4746 rursumin
2801 4708 3046 4762 eplswia
3077 4708 3144 4745 1U
3173 4708 3498 4758 ansoomus,
3533 4708 3689 4762 apud
3721 4708 3881 4745 mas-

2216 4780 2427 4820 sonum
2460 4761 2713 4826 denique
2760 4763 3087 4826 Ausboldus,
3123 4766 3179 4816 et
3226 4778 3295 4817 ex
3341 4762 3415 4818 iis
3465 4765 3696 4817 constat
3740 4777 3881 4818 eum

2217 4834 2399 4890 fuisse
2412 4833 2768 4915 monachum
2782 4835 2892 4915 s_u_b
2912 4833 3277 4915 Marcvvardo
3296 4834 3505 4890 abbate
3522 4833 3880 4915 Prumiensi2

2215 4905 2719 4988 eapropterfacile
2748 4906 3009 4988 adducor
3046 4910 3113 4960 ut
3144 4906 3377 4961 credam
3428 4922 3559 4960 eum
3613 4921 3741 4986 esse
3774 4905 3880 4976 qui

2216 4979 2579 5057 Prunuensis
2602 4978 2785 5057 abbas
2808 4979 2916 5057 fuit
2931 4982 3063 5057 post
3082 4975 3878 5057 MarcwardumhetEigilem.

2216 5050 2434 5121 llegino
2461 5066 2474 5104 :
2502 5055 2656 5104 Anno
2679 5050 2982 5106 Dominirze
3004 5051 3411 5121 hwarnratimzis
3430 5051 3537 5104 860
3558 5049 3683 5116 Egit
3714 5048 3885 5121 abba-

2215 5119 2351 5177 tiafn
2382 5122 2763 5176 Prumiensem
2800 5138 2903 5176 sua
2946 5129 3134 5191 sponte
3178 5120 3429 5187 dimisit;
3458 5130 3509 5176 et
3558 5119 3883 5191 Auspatdus

2212 5193 2549 5320 Eegendum
2607 5192 2913 5248 Ansbaldus
2970 5210 3040 5247 ex
3096 5192 3417 5248 Tritbemio
3474 5193 3535 5247 in
3593 5191 3882 5248 Chronico

2269 5264 2616 5320 irsaugiensi
2648 5265 2720 5320 ad
2770 5281 2995 5320 annum
3026 5265 3151 5320 860i
3186 5266 3243 5319 in
3274 5266 3567 5320 regimine.
3601 5264 3878 5320 successit.

2269 5264 2616 5338 ir'saugiensi
2648 5265 2720 5320 ad
2770 5281 2995 5320 annum
3026 5265 3151 5334 860}
3186 5266 3243 5319 in
3274 5264 3878 5338 regimine,_successit,

2211 5339 2299 5391 vir
2326 5335 2479 5393 οιηήί
2505 5338 2790 5392 sanctitate
2819 5345 2870 5391 et
2902 5338 3137 5392 bonitate
3182 5338 3529 5407 conspicuus.
3575 5335 3779 5407 Itaque
3809 5350 3883 5390 ex

2212 5407 2321 5464 hoc
2353 5409 2530 5464 etiam
2561 5407 2686 5463 loco
2733 5409 3019 5463 habemus
3064 5405 3608 5479 Lupum—nondum
3663 5405 3883 5479 abiisse

2211 5498 2364 5536 anno
2394 5482 2502 5535 860
2531 5496 2666 5535 cum
2700 5480 2771 5534 ad
2803 5477 3170 5535 Ansbaldum
3188 5480 3315 5551 jam
3340 5480 3610 5536 abbatem
3635 5477 3878 5551 scribat.

2211 5552 2292 5607 Ex
2338 5552 2410 5606 iis
2462 5568 2632 5623 porro
2664 5568 2792 5677 quas
2844 5548 3464 5624 sequuntur'apparet
3508 5548 3879 5607 Ansboldum

2211 5622 2565 5677 monasterio
2598 5640 2675 5677 nu
2704 5639 2858 5677 sum.
2878 5624 3117 5677 tandem
3148 5639 3282 5677 vero
3314 5624 3654 5677 restitutum
3681 5639 3694 5677 :
3719 5621 3879 5677 quod

2210 5621 2565 5679 monasterio
2598 5621 2858 5695 pulsum,
2878 5621 3117 5678 tandem
3148 5621 3282 5679 vero
3300 5621 3654 5679 'restitutum
3681 5639 3694 5677 :
3719 5621 3880 5692 quod

2212 5695 2428 5749 indicat
2448 5694 2931 5767 hanc’epistolam
2955 5695 3235 5767 scriptam
3259 5712 3388 5751 esse
3408 5695 3711 5767 aliquanto
3736 5697 3881 5767 tem-

2209 5783 2349 5850 pore
2380 5763 2691 5849 postquam
2715 5766 3053 5850 Anabaldus
3075 5763 3344 5841 regimen
3366 5763 3711 5825 monasterii
3734 5763 3879 5822 Pru-

2212 5840 2458 5897 miensis
2489 5840 2846 5914 susceperat.
