4108 6510
154 481 272 555 605

155 710 345 766 ovibus
374 709 528 776 meis,
565 706 705 780 quia
732 706 966 763 videbat
994 722 1092 762 eos
1115 705 1187 761 ad
1219 704 1643 778 sempiternum
1666 706 1812 761 inte-

155 798 333 854 ritum
356 796 947 870 praedestinatosmon
970 796 1042 850 ad
1062 793 1243 851 vitam
1266 800 1543 851 aeternam
1566 795 1692 851 suis
1713 812 1813 850 an-

153 885 349 960 guinis
380 884 567 958 pretio
598 890 987 956 comparatos.
1021 884 1123 940 His
1145 890 1265 940 tam
1289 883 1462 940 claris
1485 884 1812 940 luminibus

154 975 485 1032 doctrinam
516 988 687 1030 suam
718 973 1048 1047 evangelico
1073 990 1249 1030 sensu
1278 974 1691 1030 roborantibus
1712 972 1812 1046 qui

155 1064 411 1121 audeant
438 1063 838 1119 contradicere
859 1062 972 1118 nisi
996 1061 1097 1133 qui
1117 1063 1471 1118 erubescunt
1496 1062 1622 1119 sine
1640 1061 1814 1118 lumi-

153 1153 330 1210 nibus
359 1169 639 1226 apparere
660 1151 688 1207 ‘?
720 1151 792 1208 Ut
824 1168 963 1224 pace
992 1157 1191 1207 tamen
1220 1157 1279 1206 et
1308 1151 1630 1208 reverentia
1663 1152 1811 1208 tanti

151 1241 261 1299 viri
297 1243 521 1299 dictum
564 1241 660 1310 sit,
694 1241 854 1297 hunc
889 1240 1246 1297 intellectum
1276 1240 1606 1314 evangelico
1655 1242 1812 1297 fonte

154 1334 495 1387 manantem
510 1347 624 1386 non
638 1328 842 1386 videns
860 1329 1116 1385 Joannes
1133 1329 1811 1403 ConstantinOpolitanus

152 1419 487 1493 episcopus,
520 1435 654 1474 cum
705 1422 1017 1490 exponeret
1063 1418 1203 1474 illud
1244 1418 1528 1491 Apostoli,
1562 1419 1812 1491 qualiter

153 1507 345 1581 gratia
360 1508 461 1564 Dei
484 1524 588 1579 pro
610 1507 887 1563 omnibus
909 1508 1230 1580 gustaverit
1250 1511 1532 1563 mortem:
1558 1509 1683 1564 Non
1707 1524 1811 1581 pro

153 1595 430 1654 fidelibus
460 1600 717 1663 tantum,
750 1595 965 1667 inquit,
996 1597 1097 1651 sed
1129 1613 1233 1669 pro
1265 1597 1486 1652 mundo
1517 1597 1808 1666 universo;

153 1691 211 1742 et
230 1684 358 1758 ipse
378 1683 618 1757 quidem
633 1701 736 1757 pro
750 1685 1028 1741 omnibus
1043 1690 1312 1742 mortuus
1326 1692 1434 1741 est.
1455 1686 1601 1752 Quid
1614 1690 1811 1741 autem

153 1772 338 1830 sinon
357 1788 562 1828 omnes
584 1773 867 1828 credunt?
886 1772 986 1829 Ille
1010 1774 1164 1845 quod
1186 1790 1363 1830 suum
1386 1780 1510 1830 erat
1527 1773 1810 1846 implevit.

152 1862 374 1918 Verum
398 1878 504 1917 cur
530 1861 639 1917 hoc
659 1860 930 1930 senserit,
957 1860 1119 1918 nullo
1140 1863 1334 1919 divino
1364 1865 1520 1920 I90
1548 1864 1811 1921 testimo-

154 1951 256 2006 nio
286 1950 706 2023 comprobavit.
739 1950 902 2014 Quod
925 1951 973 2007 si
998 1952 1133 2023 quis
1153 1952 1506 2009 excellentiae
1536 1953 1812 2010 culminis
1841 1989 1890 2055 B

151 2040 335 2098 vestri
353 2041 609 2097 ostendit
628 2044 730 2097 aut
751 2041 1071 2097 ostenderit
1093 2042 1176 2114 (α)
1198 2043 1476 2099 Faustum
1494 2045 1812 2115 quemdam

151 2129 227 2186 de
258 2129 354 2186 his
400 2127 573 2202 longe
621 2128 850 2186 diversa
897 2130 1271 2200 scribentem,
1304 2148 1376 2188 ne
1410 2132 1812 2203 acquieveritis

151 2217 375 2275 erranti
398 2235 410 2274 ε
432 2218 713 2291 quoniam
740 2220 905 2274 docet
918 2219 992 2290 (b)
1006 2218 1275 2276 Gelasius
1287 2236 1422 2276 cum
1441 2222 1817 2295 septuaginta

150 2307 450 2381 episcopis
465 2306 606 2364 viris
627 2307 1047 2364 eruditissimis
1059 2308 1160 2381 qui
1187 2310 1500 2381 scriptores
1513 2315 1712 2366 essent
1725 2312 1814 2368 vel

152 2414 278 2453 non
310 2400 509 2453 essent
539 2396 857 2468 recipiendi
884 2413 897 2452 :
933 2400 1199 2454 statuens
1229 2398 1420 2469 primo
1448 2400 1818 2455 commenda-

148 2486 379 2543 tionem
410 2485 727 2558 Augustini
755 2490 813 2542 et
859 2485 1189 2559 singulares
1220 2487 1424 2544 laudes
1456 2488 1812 2561 Hieronymi,

149 2574 469 2632 memorati
516 2574 714 2630 Fausti
763 2573 982 2646 scripta
1010 2575 1103 2631 his
1152 2576 1345 2632 verbis
1384 2576 1813 2633 exauctoravit:

152 2664 438 2736 Optascuta
490 2665 686 2719 Fausti
741 2665 999 2733 Regensis
1066 2665 1213 2721 Galli
1262 2669 1595 2738 apocrypha.
1656 2668 1817 2722 Hanc

148 2754 358 2819 ﬁdem,
391 2768 570 2825 quam
602 2753 860 2824 expressi
890 2752 950 2807 in
982 2753 1337 2825 supradictis
1369 2756 1814 2827 quaestionibus,

149 2840 749 2899 tenueruntEcclesiae
763 2840 1058 2897 catholicae
1072 2842 1445 2899 invictissimi
1460 2844 1815 2901 defensores.

148 2931 323 2987 Hanc
348 2947 454 3004 ego
487 2929 772 2986 minimus
793 2929 1059 2986 omnium
1085 2932 1370 3000 custodio,
1404 2932 1555 2989 hanc
1574 2933 1818 2991 volenti-

148 3019 272 3076 bus
293 3020 517 3091 absque
536 3018 758 3075 invidia
778 3020 1050 3087 ostendo;
1085 3020 1421 3077 nolentibus
1440 3039 1583 3078 meae
1604 3024 1821 3079 medio-

148 3108 385 3166 critatis
417 3109 688 3164 conscius
711 3125 825 3164 non
858 3110 1076 3180 ingero.
1106 3109 1240 3173 Nec,
1264 3116 1330 3164 ut
1361 3111 1600 3182 quidam
1625 3112 1821 3184 suspi-

147 3197 281 3254 cari
302 3213 366 3253 se
396 3196 700 3265 simulant,
726 3196 997 3266 inaniter,
1031 3196 1141 3253 hoc
1171 3202 1279 3268 est,
1306 3215 1466 3254 vana
1486 3199 1680 3271 gloriae
1705 3203 1824 3255 stu-

1646 480 2077 546 EPISTOLJE.

156 620 330 689 (Joan.
365 619 427 688 1):
488 614 811 685 Quomodo,
871 614 974 685 ait,
1027 614 1155 671 istis
1208 614 1372 684 dixit,
1404 632 1516 672 non
1555 619 1681 673 estis
1736 621 1889 685 ραςΑ

3450 476 3572 542 606

2310 616 2457 671 1M
2487 613 2555 687 (c)
2576 613 2927 671 EPISTOLA
2949 612 3175 671 CXXIX.

2500 722 2574 760 AD
2613 721 2987 761 HINGMARUM.

1992 793 2483 850 Reverentissimo
2514 793 2752 867 praesuli
2799 794 3115 852 Hincmaro
3144 795 3340 868 Lupus
3368 812 3573 870 perpe-

1921 887 2085 938 tuam
2117 883 2175 938 in
2208 884 2453 939 Domino
2485 883 2757 939 salutem.

1993 972 2287 1028 Scrutanti
2302 973 2445 1028 mihi
2459 973 2560 1028 diu
2574 973 2946 1045 multumque
2958 974 3029 1029 de
3042 974 3571 1046 predestinatione,

1919 1061 1991 1116 de
2021 1061 2225 1132 quain
2251 1079 2413 1133 pace,
2445 1062 2507 1117 in
2540 1079 2659 1134 qua
2684 1062 2870 1117 vocati
2897 1079 3107 1118 sumus
3138 1080 3173 1117 a
3201 1064 3340 1131 Deo,
3373 1066 3577 1138 quaeri-

1921 1165 2055 1204 mus
2071 1153 2128 1206 et
2148 1149 2562 1217 deliberamus,
2584 1151 2726 1223 quid
2750 1151 3125 1224 probabiliter
3140 1158 3296 1209 esset
3314 1155 3576 1211 sentien-

1920 1238 2086 1305 dum,
2102 1255 2176 1294 ne
2188 1238 2333 1294 illud
2351 1239 2634 1312 Apostoli,
2653 1257 2783 1312 quos
2794 1243 3077 1312 prxscivit
3095 1250 3147 1298 ct
3156 1244 3577 1314 praedestinavit

1920 1329 2074 1394 (Rom
2101 1330 2247 1396 vni),
2306 1334 2536 1401 pateat;
2587 1328 2733 1384 illud
2786 1346 2940 1396 vero,
2992 1346 3125 1386 vasa
3152 1333 3259 1389 irae
3308 1336 3573 1406 perfecta,

1916 1418 2035 1472 sive
2057 1426 2278 1488 parata,
2311 1419 2426 1473 sive
2453 1426 2576 1490 apta
2608 1421 2674 1474 in
2703 1420 2992 1475 interitum
3014 1421 3190 1482 (Rom.
3216 1422 3315 1489 Ix);
3349 1427 3406 1478 et
3429 1422 3576 1479 illud

1922 1505 2077 1576 quod
2109 1505 2392 1562 divinitus
2437 1506 2578 1562 alibi
2627 1506 2924 1575 scribitur,
2970 1511 3145 1565 nescit
3181 1511 3338 1567 hmno
3388 1520 3573 1568 utrum

1920 1610 2104 1649 amore
2133 1612 2208 1649 an
2237 1596 2359 1651 odio
2388 1595 2588 1665 dignus
2617 1597 2693 1651 sit
2722 1597 2922 1658 (Eccle.
2956 1596 3053 1663 1x),
3086 1598 3363 1671 itemque,
3389 1601 3579 1658 Consi-

1919 1683 2050 1738 dera
2073 1700 2237 1755 opera
2264 1685 2380 1750 Dei,
2413 1685 2553 1756 quod
2598 1701 2759 1741 nemo
2785 1687 2953 1757 possit
2989 1689 3269 1756 corrigere
3297 1705 3456 1760 quem
3482 1691 3580 1746 itte

1918 1771 2225 1843 despexerit
2273 1774 2460 1841 (Eccti.
2493 1776 2616 1841 vn),
2648 1778 2706 1830 et
2735 1773 2954 1831 similia
3007 1776 3229 1848 passim
3274 1776 3333 1832 in
3366 1777 3580 1835 divinis

1921 1866 2153 1932 reperta
2181 1861 2451 1933 eloquiis,
2480 1862 2727 1935 dignum
2758 1880 2874 1919 non
2900 1863 3156 1920 habeant
3183 1866 3424 1935 exitum,
3457 1866 3582 1923 haec

1919 1948 2226 2006 verissima
2254 1950 2487 2006 videtur
2516 1952 2825 2019 sententia,
2860 1957 2927 2008 ut
2956 1954 3391 2024 praedestinatio
3418 1955 3495 2012 sit
3519 1955 3581 2014 in

1923 2039 2112 2107 bonis,
2121 2040 2291 2111 juxta
2306 2038 2667 2096 intellectum
2690 2041 3019 2097 doctissimi
3039 2043 3581 2117 Augustini,gratiaa

1921 2127 2288 2199 praeparatio,
2308 2128 2738 2200 praedestinatio
2760 2130 3029 2186 autemin
3044 2130 3237 2201 malis,
3253 2133 3580 2203 secundum

1923 2221 2185 2271 nostram
2219 2217 2621 2288 capacitatem,
2655 2219 2853 2291 gratiae
2882 2220 3224 2277 subtractio.
3257 2221 3336 2277 De
3361 2222 3581 2294 quibus

1921 2304 2077 2361 idem
2101 2306 2469 2361 certissimus
2489 2312 2692 2363 auctor
2712 2307 2794 2363 ita
2815 2306 3046 2364 scribit:
3072 2308 3295 2372 Quibus
3316 2327 3433 2366 non
3455 2311 3584 2368 vult

1923 2393 2232 2451 subvenire
2261 2411 2378 2450 non
2401 2395 2687 2463 subvenit,
2721 2397 2793 2452 de
2824 2395 3040 2468 quibus
3067 2397 3128 2452 in
3160 2415 3268 2454 sua
3285 2399 3584 2471 pra-desti-

1925 2483 2160 2539 natione
2209 2483 2367 2539 aliud
2409 2484 2719 2555 judicavit,
2770 2485 2852 2541 ita
2882 2491 3076 2541 tamen
3106 2491 3174 2542 ut
3211 2487 3271 2542 in
3317 2489 3584 2562 utrisque

1925 2576 2150 2627 creator
2171 2572 2546 2644 aequissimus
2567 2574 2915 2640 inveniatur,
2939 2575 3082 2630 dum
3105 2579 3165 2631 et
3193 2576 3310 2632 illis
3332 2578 3585 2650 gratiam

1927 2661 2330 2717 misericordia
2359 2661 2716 2733 impertitur,
2759 2667 2816 2719 et
2846 2663 2977 2719 istis
3009 2665 3276 2720 eamdem
3309 2667 3583 2738 gratiam,

1927 2767 2267 2822 quanquam
2283 2752 2450 2806 occul
2462 2753 2709 2822 to,justo
2722 2756 2919 2807 tamen
2935 2753 3159 2824 judicio
3183 2771 3298 2810 non
3317 2753 3584 2827 largitur.

1931 2840 2195 2912 Dumque
2212 2840 2271 2895 in
2294 2840 2475 2894 Adam
2503 2857 2707 2896 omnes
2730 2841 2872 2897 recti
2893 2843 3070 2897 creati
3093 2859 3325 2912 sumus,
3344 2849 3402 2899 et
3416 2843 3589 2900 liber-

1927 2932 2105 2983 tatem
2120 2928 2344 2983 arbitrii
2359 2929 2580 3001 absque
2594 2929 2773 2986 ullius
2791 2929 3155 2986 difﬁcultatis
3166 2931 3586 3004 impedimento

1928 3020 1985 3070 et
2003 3015 2466 3088 interpellatione
2491 3017 2847 3089 accepimus,
2868 3022 3077 3088 sponte
3091 3024 3288 3075 autem
3313 3025 3588 3093 peccante

1926 3104 2137 3174 Adam,
2169 3106 2229 3159 in
2259 3122 2383 3176 quo,
2415 3109 2481 3161 ut
2507 3104 2821 3177 Apostolus
2852 3106 3024 3162 testis
3053 3112 3162 3173 est,
3195 3124 3379 3165 omnes
3406 3126 3591 3182 pecca-

1928 3202 2123 3249 verunt
2170 3194 2342 3255 (Rom.
2374 3195 2451 3263 v),
2504 3210 2729 3262 omnes,
2762 3210 2830 3250 ex
2873 3211 2939 3250 eo
2999 3195 3284 3252 duntaxat
3339 3203 3589 3271 utroque

148 3286 260 3342 dio
277 3285 450 3357 cupio
474 3285 858 3351 innotescere,
880 3302 1016 3340 cum
1034 3289 1250 3341 terreat
1263 3303 1355 3342 me
1376 3286 1702 3359 plurimum
1719 3288 1823 3343 illa
1930 3283 2084 3338 192
2107 3299 2246 3338 sexu
2271 3283 2581 3356 progeniti,
2619 3283 2972 3339 conditionis
3003 3284 3350 3356 dignitatem
3384 3288 3588 3343 amisi-

148 3376 231 3432 de
266 3373 488 3431 Scribis
518 3378 576 3430 et
606 3373 913 3430 Pharisaais
962 3374 1194 3429 Domini
1245 3376 1567 3431 sententia:
1622 3377 1821 3433 Omnia
1850 3360 1892 3427 C
1931 3388 2086 3439 mus,
2116 3376 2172 3426 et
2194 3386 2429 3443 poenam
2450 3371 2692 3442 peccati,
2720 3370 2829 3427 hoc
2845 3375 2935 3428 est
2950 3372 3511 3445 concupiscentiam,
3532 3380 3591 3432 et

149 3479 329 3536 opera
351 3478 457 3519 sua
483 3464 700 3535 faciunt
725 3470 786 3518 ut
823 3463 1117 3518 videantur
1141 3464 1209 3518 ab
1249 3463 1563 3519 hominibus
1613 3464 1820 3533 (Matth.

148 3554 368 3622 XXIII);
399 3556 457 3607 et
487 3552 557 3608 de
586 3551 933 3624 hypocritis:
964 3557 1131 3608 Amen
1165 3552 1284 3608 dico
1312 3552 1479 3622 vobis,
1510 3562 1827 3626 receperunt

149 3642 462 3699 mercedem
491 3657 651 3697 suam
680 3641 884 3711 (Matth.
918 3645 1019 3710 v1).
1055 3642 1165 3697 Sed
1210 3643 1534 3699 asserenda;
1567 3643 1825 3700 veritatis

149 3729 385 3787 intuitu
404 3730 558 3802 quod
580 3730 640 3784 in
661 3729 873 3785 divinis
891 3730 1342 3787 auctoritatibus
1358 3749 1678 3804 earumque
1698 3749 1829 3789 sen-

148 3836 297 3877 sum
330 3819 716 3891 sequentibus
746 3817 1306 3891 praecellentissimis
1336 3821 1677 3876 auctoribus
1707 3823 1824 3878 Deo

145 3908 492 3983 inspirante
523 3907 881 3980 deprehendi
914 3908 1312 3980 quzsrentibus
1340 3909 1563 3980 absque
1592 3914 1827 3966 conten-

147 3999 323 4056 tione
343 3996 678 4054 manifesto.
699 3996 917 4052 Vestrae
935 3996 1116 4068 igitur
1133 3997 1553 4068 opinatissimae
1570 4000 1826 4069 pruden-

142 4087 250 4144 tiae
283 4085 333 4141 si
360 4086 487 4158 jam
521 4084 892 4141 satisfactum
924 4089 1032 4154 est,
1067 4086 1312 4158 gaudeo.
1339 4086 1468 4141 Sint
1492 4091 1709 4156 autem,
1734 4087 1824 4144 vel

143 4191 340 4243 nunc,
371 4173 462 4230 vel
493 4190 629 4230 cum
658 4178 809 4229 Deus
842 4178 1040 4229 noster
1067 4177 1326 4246 optatam
1357 4174 1524 4230 vobis
1564 4176 1822 4248 quietem

143 4263 497 4332 contulerit,
530 4267 767 4337 propter
787 4262 903 4319 alia
937 4263 1111 4320 etiam
1144 4264 1376 4337 negotia
1407 4264 1820 4336 ecclesiastica,

142 4351 417 4412 evocatis
437 4353 510 4409 ad
533 4356 884 4409 conventum
916 4352 1274 4410 doctioribus
1305 4353 1657 4427 quibusque,
1700 4372 1823 4411 rec-

141 4449 314 4511 tene,
340 4458 715 4515 perperamve
737 4442 1011 4510 sentiam,
1035 4441 1310 4498 subtilior
1331 4442 1590 4515 plurium
1614 4449 1825 4500 tracta-

142 4533 254 4589 lus
294 4530 509 4604 poterit
546 4530 824 4587 invenire.
853 4531 949 4587 Sic
980 4532 1133 4587 Deus
1164 4548 1285 4601 vos,
1311 4536 1447 4604 opto
1479 4537 1536 4588 et
1565 4550 1686 4599 oro,
1719 4533 1821 4588 diu

141 4620 522 4693 feliciterque
542 4620 717 4677 faciat
741 4637 1005 4694 regnare,
1030 4624 1096 4677 ut
1117 4637 1317 4678 secum
1333 4638 1435 4678 vos
1457 4621 1517 4677 in
1538 4627 1820 4678 aeternum

138 4724 407 4783 regnare
438 4709 739 4765 concedat.

252 4957 310 5028 a)
341 4959 604 5014 Faustum
649 4958 955 5032 quemdam.
1009 4958 1153 5014 Vide
1186 4961 1355 5014 notas
1385 4959 1455 5013 ad
1506 4959 1817 5032 epistolam

223 5100 307 5172 (b)
341 5099 580 5172 Gelasius
590 5116 715 5156 cum
729 5103 1090 5172 septuaginta.
1110 5101 1391 5157 Eamdem
1408 5102 1817 5158 auctoritatem

131 5172 370 5244 iisdem
393 5171 578 5244 ferme
605 5171 798 5244 verbis
819 5173 1037 5244 profert
1062 5171 1157 5228 hic
1179 5176 1378 5228 noster
1399 5173 1598 5244 Lupus
1619 5173 1677 5228 in
1702 5176 1818 5230 ﬁne

131 5242 505 5299 Collectanei
531 5243 603 5300 de
632 5242 837 5299 tribus
851 5243 1301 5306 Quaestionibus.
1333 5242 1814 5301 Sane—decretum

132 5316 267 5371 hoc
293 5313 556 5389 deﬂlihris
576 5314 953 5389 canoniciset
973 5315 1322 5389 apocryphis
1342 5315 1624 5389 tribuitur
1642 5316 1814 5389 vulgo

181 5402 323 5458 apte
354 5384 604 5458 Gelasio.
628 5386 903 5458 ln__veteri
924 5384 1120 5458 tamen
1144 5384 1341 5443 codice
1364 5404 1474 5441 ms.
1509 5384 1813 5444 cathedra-

181 5404 323 5458 apaa
354 5404 604 5441 ueiasio.
628 5404 691 5441 in
724 5404 903 5441 veteri
924 5404 1120 5442 tamen
1144 5404 1341 5443 conice
1364 5404 1474 5441 ms.
1509 5404 1813 5444 cathedra-

126 5404 220 5531 ﬁs
254 5454 517 5531 ecclesiae
549 5455 925 5531 Urgellensis,
958 5457 1019 5513 in
1053 5474 1167 5531 quo
1207 5458 1542 5531 continetur
1588 5458 1818 5516 sincera

130 5527 366 5586 Isidori
389 5527 671 5595 collectio,
695 5529 852 5584 idem
874 5527 1175 5585 decretum
1190 5530 1474 5586 tribuitur
1492 5530 1814 5586 Hormisdte

125 5598 736 5675 poptilici_Romano,_
755 5599 855 5672 qui
879 5617 994 5675 non
1025 5600 1212 5675 multo
1228 5599 1686 5675 postGelasium
1711 5602 1813 5658 ﬂo-

125 5670 294 5728 ruit.
328 5670 434 5724 Sed
470 5676 529 5725 et
552 5671 691 5726 olim
722 5670 1005 5726 beneﬁcio
1027 5670 1252 5727 clariss.
1276 5672 1384 5726 viri
1417 5673 1617 5728 domni
1650 5675 1812 5729 Lucae

123 5740 443 5807 Dacherii,
477 5741 750 5798 monachi
783 5742 1164 5810 Benedictini,
1195 5743 1313 5799 vidi
1342 5744 1811 5802 vetustissimum

119 5812 415 5872 codicem
429 5830 541 5870 ms.
557 5813 925 5871 Collectionis
942 5813 1310 5887 Dionysianze
1323 5813 1381 5870 in
1396 5832 1511 5887 quo
1523 5816 1810 5889 scriptum

1933 3466 2203 3528 mortem,
2236 3477 2351 3516 non
2383 3461 2592 3516 animae
2638 3458 2852 3529 solum,
2884 3477 3089 3516 verum
3121 3461 3296 3518 etiam
3328 3463 3589 3537 corporis

1933 3548 2141 3605 merito
2199 3553 2397 3606 nostro
2448 3548 2830 3605 incurrimus.
2892 3549 3040 3605 Hinc
3070 3554 3159 3606 est
3205 3552 3363 3624 quod
3394 3552 3588 3625 qualis

1932 3639 2117 3694 Adam
2148 3657 2180 3696 a
2211 3640 2326 3696 Deo
2350 3643 2579 3696 creatus
2601 3643 2690 3695 est
2720 3656 2837 3695 non
2860 3638 3182 3707 nascimur,
3206 3641 3307 3696 sed
3338 3641 3592 3715 origina-

1933 3726 2067 3783 liter
2096 3732 2452 3801 peccatores,
2500 3727 2883 3800 damnatique
2927 3744 3099 3800 poena
3127 3729 3389 3800 peccati:
3442 3747 3592 3804 quo-

1933 3833 2064 3872 rum
2097 3817 2345 3873 alterum
2374 3816 2507 3873 fecit
2538 3821 2861 3890 spontanea
2881 3816 3055 3891 culpa
3076 3817 3259 3873 nostri
3281 3819 3457 3892 primi
3487 3837 3590 3894 pa-

1933 3905 2138 3973 rentis,
2170 3905 2421 3962 alterum
2452 3905 2687 3979 culpam
2711 3904 2965 3979 puniens
2987 3907 3293 3963 tremenda
3314 3907 3591 3966 severitas

1923 3994 2246 4067 justissimi
2284 3994 2527 4069 judicis.
2569 3994 2714 4050 Cum
2744 4012 2880 4066 ergo
2939 3995 3330 4052 communiter
3386 4014 3591 4054 omnes

1932 4084 2195 4139 damnati
2223 4085 2411 4139 simus
2436 4085 2606 4155 cujus
2635 4088 2902 4139 nostrum
2924 4084 3047 4139 vult
3072 4084 3228 4141 Deus
3256 4084 3590 4155 miseretur,

1933 4178 1989 4228 et
2020 4190 2196 4246 quem
2240 4173 2366 4229 vult
2412 4173 2672 4241 indurat,
2722 4172 2831 4229 hoc
2862 4177 2972 4242 est,
3012 4174 3073 4228 in
3103 4173 3342 4246 propria
3371 4175 3591 4232 duritia

1932 4262 2301 4337 derelinquit.
2320 4262 2394 4319 Mi
2403 4266 2629 4318 seretur
2640 4278 2857 4335 magna
2872 4261 3150 4328 bonitate,
3171 4262 3408 4319 indurat
3426 4264 3591 4320 nulla

1932 4351 2260 4424 iniquitate.
2295 4352 2389 4408 Sic
2422 4352 2619 4423 itaque
2634 4349 2743 4407 hos
2763 4367 2912 4422 quos
2933 4350 3172 4407 indurat
3188 4353 3585 4424 praedestin‘at,

1931 4457 2048 4495 non
2077 4442 2149 4496 ad
2182 4439 2538 4513 supplicium
2560 4438 2936 4512 impellendo,
2972 4440 3074 4495 sed
3107 4457 3140 4496 a
3171 4444 3406 4512 peccato
3429 4444 3588 4513 quod

1932 4534 2189 4585 meretur
2200 4528 2558 4603 supplicium
2572 4545 2687 4583 non
2701 4527 3072 4598 retrahendo;
3088 4530 3587 4602 quemadmodum

1932 4618 2231 4675 induravit
2261 4635 2358 4675 cor
2390 4617 2732 4686 Pharaonis,
2780 4634 2897 4674 non
2929 4618 3001 4674 ad
3035 4618 3268 4691 culpam
3302 4621 3584 4694 urgendo,

1849 4732 1898 4797 D
1931 4709 2034 4764 sed
2081 4706 2269 4781 gratia
2316 4705 2646 4797 emollitum
2678 4723 2712 4797 a
2742 4704 2919 4797 culpa
2947 4724 3065 4764 non
3115 4710 3459 4767 revocando.
3494 4710 3589 4767 Sic

1928 4801 2082 4854 recte
2116 4812 2436 4871 possumus
2460 4794 2671 4867 dicere,
2693 4795 2893 4852 induci
2917 4813 2953 4852 a
2980 4797 3096 4853 Deo
3119 4797 3179 4853 in
3207 4799 3587 4855 tentationem

1928 4964 2052 5015 erat
2072 4958 2370 5014 decretum
2393 4954 2504 5011 hoc
2524 4955 2826 5029 aDamaso
2848 4972 3021 5029 papa,
3046 4957 3145 5012 diu
3165 4957 3429 5029 videlicet
3449 4962 3586 5015 ante

1928 5029 2141 5087 Gelasii
2171 5033 2456 5100 tempora,
2494 5027 2714 5082 editum
2740 5027 2946 5100 fuisse:
2979 5027 3141 5084 Unde
3164 5028 3433 5100 fortassis
3455 5029 3584 5085 elici

1968 5101 2113 5182 ossit
2141 5098 2484 5182 Damasium
2512 5099 2771 5182 primum
2793 5098 3149 5182 omniumhde
3175 5099 3584 5182 hujuscemodi

1926 5120 2113 5227 {)OSSIE
2142 5120 2484 5155 11811185111111
2512 5120 2771 5182 PI‘IHIUII}
2793 5120 3055 5154 ΟΪΠΠΙΗΙῙ]
3079 5120 3149 5155 ue
3175 5120 3583 5178 ﬂpJUSCEmOOI

1951 5174 1965 5227 i
1973 5173 2093 5229 bris
2107 5170 2337 5244 publico
2356 5171 2877 5244 statuisse,_deinde
2887 5169 3333 5244 vero_Gelas:um
3347 5171 3583 5228 Damasi

1928 5241 2227 5301 decretum
2252 5259 2580 5314 renovasse,
2612 5241 2876 5314 illudque
2902 5241 3136 5314 auxisse
3167 5259 3370 5298 eorum
3389 5248 3585 5300 aucto-

1926 5334 2056 5371 rum
2071 5314 2410 5370 nominibus
2423 5313 2520 5385 qui
2541 5318 2677 5386 post
2695 5312 3012 5386 Damasum
3024 5312 3236 5386 vixere.
3251 5315 3412 5386 Quod
3426 5315 3581 5371 idem

1926 5389 1997 5443 de
2021 5387 2335 5458 Hormisda
2369 5384 2603 5458 quoque
2625 5384 2737 5439 dici
2764 5390 2976 5458 potest.
3010 5385 3157 5458 Vide
3183 5385 3579 5458 clarissimum

1922 5457 2430 5530 virumJoannem
2464 5457 2752 5530 Pcarsgn,
2772 5457 3111 5530 episcOpum
3136 5457 3495 5525 Carrensem,
3519 5457 3580 5514 in

1920 5528 2194 5586 vindiciis
2224 5527 2604 5601 epistolarum
2637 5527 2695 5601 S.
2732 5527 2960 5599 Ignatii.

1994 5606 2068 5669 (c)
2096 5597 2594 5674 Hanc'epistolam
2616 5597 2994 5674 clam—praeses
3015 5601 3372 5674 Mauguinus
3389 5601 3581 5674 existi-

1924 5678 2047 5728 mat
2078 5690 2111 5727 a
2142 5672 2301 5744 Lupo
2322 5670 2612 5744 scriptam
2647 5686 2799 5744 anno
2822 5672 2946 5744 849,
2982 5672 3067 5744 ad,
3088 5670 3577 5729 consultationem

1922 5740 2247 5811 Hincmari;
2266 5742 2367 5815 qui
2392 5740 2717 5815 Batramni,
2742 5740 3106 5815 Corbeiensis
3131 5744 3424 5815 monachi,
3450 5762 3581 5802 cen-

1921 5834 2120 5873 suram
2155 5812 2388 5888 passus,
2423 5812 2771 5869 sententiam
2804 5813 2948 5887 Lupi
2981 5813 3375 5887 exquisiverit.
