4108 6514
530 460 650 525 607

1520 463 1593 525 B.
1640 462 1706 525 S.
1751 463 1933 527 LUPI
1975 459 2312 528 ABBATIS
2356 460 2958 525 F’EBRARIENSIS.

3835 457 3978 522 δῦθι

532 596 634 670 qui
666 610 782 652 non
811 592 1226 664 exaudiuntur,
1258 598 1522 654 orantes:
1559 601 1625 655 Et
1651 614 1721 654 ne
1747 615 1849 655 nos
1877 599 2104 657 inducas
2124 600 2185 656 in.
2213 598 2271 669 Α
2300 598 2455 673 quod
2488 595 2679 672 elegit,
2705 599 2770 652 ut
2789 596 2861 652 de
2891 591 3046 653 malo
3066 593 3213 652 bene
3230 595 3509 668 operante
3536 593 3653 652 Deo
3675 591 3957 655 claresce-

531 687 917 754 tentatiouem;
941 703 1056 742 non
1091 687 1246 759 quod
1269 686 1392 760 ipse
1413 688 1653 743 inducat
1671 688 1731 743 in
1752 688 2043 745 malorum
2069 694 2190 745 ten-

527 776 833 843 tationem,
888 776 1045 847 quod
1091 775 1312 849 utique,
1365 780 1431 832 ut
1459 777 1597 833 alibi
1637 778 1898 845 docetur,
1952 780 2188 836 intenta-

528 873 615 923 tor
636 866 912 921 malorum
939 872 1016 921 est
1047 864 1176 937 (Jac.
1211 866 1271 937 1),
1314 866 1416 921 sed
1462 867 1717 939 quodam
1751 867 2061 924 locutionis
2089 886 2188 942 ge-

530 971 669 1011 nere
699 954 973 1009 inducere
1004 952 1220 1009 dicitur
1249 971 1384 1010 cum
1421 954 1648 1027 judicio
1676 957 1939 1013 desertos
1969 958 2189 1030 patitur

528 1043 591 1099 in
625 1041 1005 1100 tentationem
1038 1041 1257 1110 induci,
1284 1060 1432 1115 quos
1451 1060 1485 1098 a
1507 1044 1826 1100 tentatione
1852 1046 2041 1118 gratia
2070 1064 2185 1103 non

527 1133 743 1189 educit.
778 1132 956 1187 Nemo
986 1135 1183 1186 tamen
1208 1132 1481 1203 opinetur
1511 1134 1805 1206 autjustis
1826 1140 1928 1191 aut
1949 1136 2186 1208 injustis

525 1221 791 1294 reprobis
821 1220 1352 1293 praedestinationis
1373 1223 1615 1278 veritate
1656 1224 1894 1280 fatalem
1939 1225 2189 1281 necessi-

524 1314 708 1367 tatem
740 1308 963 1379 induci,
989 1326 1123 1365 cum
1145 1309 1203 1364 in
1230 1311 1499 1383 utrisque
1520 1313 1915 1384 suspicionem
1940 1315 2186 1370 necessi-

524 1399 660 1456 tatis
710 1398 954 1455 libertas
1002 1399 1272 1456 excludat
1297 1399 1636 1457 voluntatis.
1683 1402 1983 1474 Siquidem
2017 1403 2183 1459 electi

523 1487 880 1560 accipientes
903 1505 939 1544 a
956 1488 1076 1545 Deo
1098 1492 1155 1544 et
1179 1487 1328 1545 velle
1351 1493 1409 1545 et
1431 1490 1709 1562 perﬁcere
1733 1491 1981 1547 libenter
2002 1497 2185 1566 agunt

524 1578 683 1634 unde
696 1577 1014 1649 sempitern
1024 1596 1057 1632 υ
1067 1595 1119 1631 m
1136 1578 1443 1650 prtemium
1457 1584 1914 1652 consequantur;
1930 1583 2183 1654 perversi

525 1672 723 1724 autem
756 1666 969 1723 deserti
993 1667 1066 1721 ab
1108 1668 1312 1723 eodem
1337 1668 1474 1736 Deo,
1510 1686 1627 1724 non
1660 1667 1846 1738 inviti,
1871 1672 1972 1727 sed
1996 1675 2051 1727 et
2068 1672 2184 1745 ipsi

522 1755 774 1812 libenter
803 1759 986 1829 agunt
1015 1756 1170 1812 unde
1200 1756 1260 1811 in
1291 1759 1572 1813 aeternum
1605 1758 1810 1815 merito
1841 1760 2181 1833 puniantur.

524 1847 682 1903 198
713 1844 850 1911 Quis
880 1861 1016 1901 vero
1064 1845 1200 1915 nisi,
1254 1851 1321 1901 ut
1350 1846 1553 1903 mitius
1584 1847 1810 1920 loquar,
1846 1851 2052 1906 tardus
2084 1851 2179 1920 sit,

522 1933 607 1991 ibi
629 1938 855 1991 asserat
872 1934 1281 1990 necessitatem
1303 1935 1402 1991 ubi
1421 1920 1614 1993 videat
1645 1954 1885 2011 regnare
1916 1939 2181 1996 volunta-

522 2027 643 2082 tem
692 2023 781 2080 vel
816 2024 1082 2095 adjutam
1113 2022 1516 2082 misericordia
1543 2025 1631 2083 vel
1666 2027 1957 2084 desertam
1990 2029 2185 2087 divino

514 2112 744 2186 judicio
766 2113 794 2167 ?
824 2113 1120 2169 Bonorum
1142 2129 1279 2186 ergo
1298 2114 1659 2172 voluntatem
1692 2117 1777 2172 sic
1807 2117 2004 2174 divina
2034 2136 2187 2176 com-

523 2204 806 2260 mendant
835 2201 1071 2274 eloquia
1096 2218 1109 2256 :
1144 2204 1343 2259 Beatus
1362 2207 1451 2259 vir
1478 2207 1578 2277 qui
1605 2207 1759 2262 timet
1785 2209 2094 2278 Dominum,
2125 2212 2185 2265 in

517 2293 801 2349 mandatis
820 2292 938 2364 ejus
978 2292 1122 2348 volet
1145 2294 1315 2348 nimis
1340 2296 1512 2364 (Psal.
1547 2294 1653 2367 In).
1689 2296 1863 2352 Porro
1891 2297 2183 2355 malorum

518 2383 880 2439 voluntatem
928 2380 1108 2437 talem
1159 2381 1504 2439 insinuant:
1557 2384 1745 2441 Noluit
1793 2387 2099 2456 intelligere
2126 2406 2189 2455 ut

521 2471 652 2529 bene
679 2478 882 2540 ageret,
940 2472 1291 2542 iniquitatem
1336 2472 1628 2528 meditatus
1656 2482 1734 2528 est
1777 2476 1839 2529 in
1867 2475 2023 2532 corde
2050 2492 2180 2534 suo:

519 2562 701 2618 astitit
730 2561 882 2616 omni
908 2560 1019 2617 viae
1047 2575 1161 2615 non
1191 2560 1365 2629 bonae,
1396 2563 1675 2618 malitiam
1703 2571 1886 2619 autem
1914 2581 2021 2621 non
2059 2568 2181 2624 odi-

517 2652 600 2706 vit
630 2649 803 2722 (Psal.
835 2651 1024 2718 xxxv).
1059 2648 1391 2705 Permissus
1435 2654 1526 2706 est
1555 2667 1690 2724 ergo
1721 2651 1981 2723 injustus
2009 2671 2182 2729 agere

616 2794 669 2861 a)
700 2791 963 2863 Pardulo.
1005 2791 1290 2863 Episcopo
1320 2792 1712 2850 Laudunensi.

616 2865 667 2938 ᾧ)
700 2863 842 2938 Haec
862 2862 1108 2938 epistola
1128 2862 1345 2938 scripta
1367 2864 1477 2919 fuit
1492 2883 1531 2938 ea
1550 2866 1709 2938 Lupo
1732 2868 1967 2924 nomine
1989 2869 2179 2926 Weni-

518 2934 692 3013 lnnis,
713 2934 1150 3013 archiepiscopi
1183 2934 1538 3013 Seononensis
1568 2934 2176 3013 efsuffraganeorum

517 3009 668 3079 ejus.
705 3007 989 3084 Caeterum
1021 3007 1150 3084 eam
1194 3024 1309 3084 _non
1342 3009 1789 3084 esseintegram
1822 3007 1981 3084 potet
2010 3030 2076 3067 ex
2108 3031 2178 3069 ea

517 3078 698 3161 quam
731 3079 804 3161 ad
834 3078 965 3162 illos
997 3079 1406 3162 scripsit‘papa
1434 3078 1727 3162 Nicola'us,
1756 3078 1891 3162 quae
1923 3084 2176 3162 aclaris-

518 3149 670 3226 simo
699 3149 1077 3226 viro_.loanne
1108 3149 1400 3226 Cordesio,
1446 3149 1725 3226 canonico
1756 3149 2174 3226 Eemovicensi,

514 3222 774 3304 primum
789 3222 964 3304 edita;
955 3221 1114 3304 estin
1131 3223 1451 3304 appendiee
1463 3221 2171 3304 epistolarumHincmeri,

515 3293 651 3351 dein
699 3311 834 3350 vero
863 3310 897 3349 a
926 3293 992 3349 R.
1028 3294 1088 3349 P.
1135 3293 1446 3350 Sirmondo
1478 3293 1537 3351 in
1586 3300 1730 3353 tom.
1765 3298 1841 3354 IIl
1890 3293 2171 3356 Concilio;

2214 1982 2273 2049 Β

2299 693 2387 745 ret
2407 688 2548 761 quid
2572 702 2701 743 esse
2721 684 2872 741 inter
2909 683 3257 741 servientem
3278 683 3329 739 ei
3358 688 3416 739 et
3444 701 3561 741 non
3583 685 3956 758 servientem,

2299 782 2357 834 et
2386 776 2593 835 salvati
2626 778 2877 848 quantas
2898 774 3113 830 habere
3133 777 3190 830 et
3211 790 3380 847 agere
3402 774 3680 831 deberent
3698 776 3813 848 ipsi
3839 776 3959 833 Deo

2296 866 2518 939 gratias
2538 868 2942 939 agnoscerent,
2957 863 3099 918 dum
3114 862 3381 918 eamdem
3403 862 3689 920 habentes
3710 865 3960 921 damna-

2295 955 2474 1011 tionis
2488 953 2819 1019 causam,in
2840 952 2952 1009 isto
2970 951 3294 1025 aspicerent
3313 953 3469 1024 quod
3482 950 3810 1009 liberatoris
3822 969 3956 1026 gra-

2294 1044 2377 1100 tia
2406 1044 2750 1100 evasissent.
2784 1043 2913 1097 Haec
2945 1041 3189 1098 assertio
3222 1040 3538 1098 voluntatis
3569 1058 3641 1097 ne
3669 1042 3729 1097 in
3751 1058 3959 1099 recens

2296 1134 2532 1204 quidem
2556 1132 2710 1188 natis
2729 1131 2923 1187 locum
2946 1148 3062 1186 non
3079 1131 3273 1186 habet.
3290 1131 3436 1185 Nam
3450 1136 3552 1186 aut
3571 1136 3844 1204 percepta
3860 1132 3961 1188 ba-

2292 1222 2588 1294 ptismatis
2605 1221 2792 1295 gratia
2805 1220 2853 1277 si
2867 1221 3173 1289 decedunt,
3191 1218 3490 1276 voluntate
3506 1220 3605 1276 Dei
3628 1220 3953 1291 salvantur,

2294 1316 2397 1368 aut
2407 1313 2611 1368 eadem
2625 1312 2815 1384 gratia
2826 1312 2875 1384 ej
2885 1309 3959 1382 usdemDeijudiciofraudati,haeredi-

2292 1401 2426 1457 tarii
2445 1400 2666 1476 peccati
2680 1400 2885 1457 merito
2902 1404 3147 1472 paterna
3159 1400 3458 1456 commissi
3471 1399 3767 1456 voluntate
3780 1401 3957 1456 dam-

2294 1494 2529 1546 nantur.
2556 1492 2673 1563 Ego
2693 1491 2850 1562 quod
2864 1491 3051 1546 sentio
3065 1488 3412 1562 simpliciter
3422 1488 3586 1545 vobis
3599 1491 3819 1562 aperui.
3835 1490 3957 1547 Vos

2289 1580 2574 1651 vicissim,
2598 1579 2646 1635 si
2678 1580 2737 1635 in
2769 1578 2962 1652 aliquo
2985 1578 3201 1635 diversi
3219 1579 3381 1646 estis,
3407 1595 3480 1634 ne
3509 1568 3955 1651 graveminire-

2293 1685 2507 1726 serare.
2529 1668 2730 1726 Simile
2750 1673 2808 1725 et
2829 1669 2903 1742 (a)
2928 1666 3178 1724 Pardulo
3199 1672 3399 1724 nostro
3421 1667 3624 1725 direxi.
3649 1668 3831 1742 Cupio
3853 1685 3957 1725 vos

2290 1758 2483 1816 valere
2514 1758 2779 1831 feliciter,

2687 1895 2841 1950 194
2873 1891 3217 1948 EPISTOLA
3244 1892 3431 1948 CXXX
3460 1894 3558 1966 (ὁ).

2789 1999 2861 2039 AD
2902 1997 3196 2038 NICOLAUM
3237 1999 3449 2038 PAPAM.

2430 2119 2514 2173 Ex
2537 2126 2695 2190 parte
2738 2116 3059 2173 Guenilonis
3087 2123 3139 2171 et
3179 2116 3655 2188 suﬁraganeorum
3679 2116 3819 2189 ejus.

2366 2207 2752 2282 Suggerimus
2783 2205 3275 2262 mansuetissimi};
3305 2206 3641 2278 paternitati
3659 2209 3865 2264 vestrae
3893 2206 3957 2266 in

2293 2302 2498 2354 nostra
2520 2297 2589 2361 (ο)
2610 2294 2865 2363 dioecesi,
2879 2295 2940 2350 in
2957 2294 3170 2367 oppido
3184 2293 3339 2368 quod
3365 2295 3693 2351 Nevernum
3714 2295 3953 2366 dicitur,

2293 2403 2422 2445 esse
2453 2387 2768 2459 quemdam
2797 2384 3115 2457 episcopali
3147 2384 3337 2441 ofﬁcio
3367 2384 3678 2456 praeditum
3710 2385 3954 2444 nomine

2292 2477 2360 2534 H.
2395 2477 2494 2550 qui
2527 2477 2864 2548 frequenter
2905 2472 3264 2541 admonitus,
3298 2477 3357 2529 et
3387 2473 3487 2529 diu
3517 2478 3857 2547 expectatus
3886 2480 3956 2533 ut

2292 2564 2689 2636 revalesceret,
2736 2562 2983 2636 implere
3031 2579 3148 2619 non
3197 2561 3418 2618 sufﬁcit
3458 2561 3654 2636 ipsum
3685 2563 3951 2622 ofﬁcium

2290 2658 2487 2712 mente
2500 2671 2615 2711 non
2630 2653 2879 2726 integra.
2894 2652 3082 2710 Dicitu
3093 2671 3120 2708 r
3131 2655 3327 2709 autem
3340 2651 3414 2725 (ἀ)
3431 2651 3785 2710 Melchiades
3796 2671 3955 2729 papa

2288 2798 2592 2853 occasione
2621 2795 2799 2853 statui
2848 2811 3026 2868 posse
3064 2793 3364 2868 intellexit.
3399 2795 3588 2868 Atque
3618 2798 3686 2851 ut
3714 2796 3951 2854 cautius

2288 2874 2502 2943 ageret,
2536 2885 2665 2924 eam
2689 2864 2930 2943 causam
2958 2867 3034 2943 ad
3067 2884 3128 2922 se
3160 2866 3354 2943 traxit,
3379 2883 3444 2922 eo
3459 2864 3666 2943 _colore
3697 2869 3946 2943 quaesito

2288 2938 2445 3014 quod
2477 2956 2649 3014 nemo
2677 2939 2894 3014 absens
2915 2942 2971 3014 et
3000 2938 3305 3014 inauditus
3330 2938 3812 3014 condemnandus
3834 2945 3947 3014 est,

2286 3009 2608 3085 praesertim
2641 3012 2713 3085 ab
2742 3027 2808 3067 eo
2830 3010 3032 3085 judice
3073 3010 3172 3082 qui
3202 3009 3807 3085 sitpronsusignarus
3833 3012 3948 3085 eri-3

2286 3080 2484 3139 minis.
2517 3082 2747 3139 Wenilo
2777 3080 2937 3138 enim
2966 3082 3036 3138 de
3066 3080 3400 3137 excessibus
3424 3080 3763 3137 Herimanni
3796 3082 3946 3140 nihil

2284 3156 2588 3229 speciatim
2622 3154 3022 3229 rescripserat,
3057 3154 3160 3209 sed
3191 3153 3251 3229 in
3295 3153 3634 3229 aversione;
3669 3153 3944 3226 frequen-

2282 3224 2370 3284 ter
2401 3225 2667 3283 videlicet
2684 3224 3075 3293 admonitum,
3110 3228 3167 3280 et
3190 3224 3289 3297 diu
3321 3228 3720 3297 exspectatum
3756 3224 3822 3281 ut
3853 3245 3946 3283 rc-

2282 3298 2616 3371 valesceret,
2650 3298 2807 3371 haud
2840 3301 3051 3371 tamen
3077 3296 3456 3351 emendatum
3487 3312 3637 3371 esse,
3680 3298 3946 3371 adeoque

514 3383 648 3445 _rum
672 3365 896 3445 Gallias1
916 3364 1248 3445 Scribendae
1265 3383 1437 3440 porro
1460 3367 1633 3425 istius
1656 3368 1915 3441 epistolis
1938 3371 2173 3445 Lupinae
2204 3359 2248 3428 Ο
2281 3359 2613 3445 episcopale
2630 3369 2891 3445 ofﬁeium
2913 3367 3157 3440 implere
3181 3384 3296 3445 non
3320 3383 3511 3445 posse.
3538 3359 3741 3445 itaque
3764 3359 3947 3445 inter-

511 3438 634 3494 haec
661 3454 841 3495 causa
870 3436 1001 3493 fuit.

584 3510 998 3590 Herimannus,
1034 3508 1346 3590 episcepus
1368 3509 1761 3590 Niv'erneneis,
1787 3512 1927 3567 utin
1950 3514 2171 3590 synodo

509 3582 663 3654 apud
698 3581 1075 3657 Suessionem
1127 3580 1345 3657 habita
1370 3598 1540 3657 anno
1571 3583 1698 3657 _853,
1734 3600 1933 3657 mense
1964 3580 2168 3657 Aprili,

508 3651 868 3725 conquestus
891 3657 981 3725 est
998 3651 1251 3725 Wenilo,
1278 3653 1421 3725 adeo
1444 3653 1633 3708 dubiae
1652 3655 1924 3710 sanitatis
1947 3651 2090 3725 erat,
2115 3651 2173 3713 et

508 3722 815 3797 tam—gravi
841 3722 1269 3797 capitisdolore
1292 3723 1615 3797 laborabat,
1650 3731 1714 3781 ut
1742 3727 1802 3781 in
1851 3722 2169 3784 amentiam

509 3795 946 3871 quodammodo
976 3795 1270 3871 videretur
1300 3796 1632 3871 prolapsus,
1663 3798 1922 3869 adeoque
1953 3800 2169 3871 cpisco-

507 3865 638 3943 pale
669 3865 980 3943 collegium
1012 3865 1276 3943 moribus
1300 3865 1443 3943 suis
1466 3865 1895 3943 dehonestaret.
1919 3894 1946 3921 ‹‹
1973 3865 2170 3943 ΪΠῙΠΠ-

509 3937 670 3995 otum
704 3944 793 3994 est
822 3937 1290 4010 metropolitano,
1316 3962 1343 3989 »
1375 3939 1664 3996 Weniloni
1695 3941 2000 4008 nimirum,
2041 3937 2071 3993 ἱ(
2105 3947 2170 3999 ut

509 4011 806 4083 adjunctis
821 4009 1561 4094 secum’aliquotepiseopis
1579 4012 1650 4068 ad
1670 4013 2167 4094 oppidnmbliver-

509 4082 694 4157 nense
713 4082 1035 4148 accederet,
1080 4086 1137 4137 et
1186 4082 1385 4157 omnia
1411 4082 1492 4138 ibi
1515 4082 2169 4157 negotia—ecclesiastica

506 4155 801 4229 sapienter
830 4157 1240 4229 _componeret.
1304 4156 1504 4229 Ipsum
1564 4155 1698 4212 vero
1754 4157 2165 4229 coepiscopum

505 4224 681 4283 suum
713 4224 1136 4282 Heriman'num
1170 4224 1349 4298 apud
1382 4227 1584 4282 urbem
1615 4224 1913 4283 Senonum
1962 4224 2164 4284 sebum

503 4298 788 4371 haberet;
830 4298 1013 4371 donec
1060 4296 1323 4371 aestivum
1354 4302 1608 4371 tempus,
1644 4300 1798 4370 quod
1829 4298 1994 4355 valde
2025 4317 2164 4356 con-

504 4370 750 4426 trarium
776 4368 1103 4441 infirmitati
1146 4368 1304 4425 illius
1337 4368 1712 4435 referebatur,
1748 4372 2160 4441 pertransirct:

503 4445 560 4498 et
571 4441 654 4497 sic
666 4440 913 4514 Domino
926 4445 1220 4514 annuente
1232 4440 1954 4514 abstinentiacompetenti
1969 4460 2165 4499 assue-

502 4518 668 4586 tum,
709 4511 1025 4586 episcepali
1082 4514 1363 4586 gravitate
1404 4511 1779 4586 instructum,
1826 4514 2163 4586 apostolicis

501 4584 768 4640 moribus
801 4584 1180 4656 informatum
1205 4584 1396 4639 clerus
1429 4588 1487 4638 et
1516 4584 1768 4656 populus
1799 4584 1934 4641 eum
1968 4587 2035 4641 ad
2070 4604 2161 4643 se-

500 4656 637 4729 dem
669 4656 965 4729 propriam
989 4655 1210 4711 utiliter
1231 4656 1454 4729 favente
1476 4656 1575 4710 Dei
1597 4655 1785 4729 gratia
1803 4664 2160 4729 revocaret.»

501 4726 825 4810 Transacta
857 4727 1037 4810 ferme
1057 4730 1276 4810 testate,
1303 4726 1717 4810 Herimanuus,
1741 4729 1840 4810 qui
1865 4728 2048 4785 Caroli
2074 4747 2162 4810 re:
2196 4737 2240 4801 Ι)

542 4800 592 4855 is
641 4800 852 4856 studiis
881 4799 1038 4855 haud
1074 4797 1262 4854 dubie
1297 4797 1692 4866 attollebatur,
1754 4797 1913 4855 visus
1970 4805 2059 4856 est
2090 4803 2162 4856 ad

542 4816 592 4855 IS
641 4815 852 4856 stuuus
883 4815 1038 4855 naua
1074 4815 1248 4854 aume
1297 4815 1692 4866 attouenatur,
1754 4817 1913 4855 Visus
1970 4815 2059 4856 est
2090 4815 2159 4856 ad

500 4815 716 4927 genam
741 4872 971 4944 frugem
995 4869 1259 4944 rediisse.
1285 4871 1470 4935 Quam
1487 4871 1559 4944 ob
1584 4887 1706 4926 rem
1729 4871 1981 4944 episcopi
2008 4873 2159 4943 apud

498 4942 865 5023 Vermeriani
879 4942 1164 5015 palatium
1182 4942 1515 5023 congregati
1538 4942 2160 5023 sequenti'mense‘Au-

499 5021 673 5089 gusto
709 5013 1134 5089 Herimannum
1157 5036 1183 5061 ‹‹
1206 5030 1323 5067 suae
1358 5013 1568 5089 ditioni
1600 5018 1656 5089 et
1684 5014 2165 5089 potestatiatquc

500 5083 817 5160 opisrcopali
840 5086 1117 5160 custodite
1148 5101 1388 5160 suasque
1409 5083 2108 5160 Ecclesize’gubernationi
2134 5108 2162 5135 »

500 5156 901 5215 restituerunt.
956 5158 1093 5213 Post
1140 5156 1366 5227 aliquot
1412 5156 1619 5211 exinde
1651 5156 1836 5211 annos
1886 5156 2162 5214 Nicolaus

500 5248 653 5304 papa
681 5230 907 5304 locatus
937 5233 1030 5285 est
1058 5228 1116 5283 in
1149 5228 1286 5284 sede
1309 5227 1481 5304 Petri.
1502 5227 1895 5304 llerimannus
1925 5228 2160 5304 interim

501 5298 800 5360 revolutus
832 5302 904 5358 ad
933 5317 1158 5356 errores
1190 5316 1349 5367 suos,
1375 5298 1697 5356 Wenilonis
1730 5300 1993 5355 animum
2020 5301 2078 5356 in
2098 5319 2159 5358 se

501 5374 831 5431 concitavit.
866 5374 936 5428 Et
966 5370 1754 5444 quiaAHerimannusCaroli
1786 5372 1973 5444 gratia
2004 5373 2158 5429 fove-

501 5388 831 5431 concltavm.
866 5388 936 5428 ω
966 5389 1107 5444 quia
1144 5388 1538 5426 nerimannus
1570 5388 1754 5427 uarou
1828 5388 1973 5429 rana
2004 5388 2157 5429 Iove-

500 5448 697 5526 batur,
720 5446 983 5526 adeoque
1002 5442 1302 5526 facileuon
1319 5443 1763 5526 eratoep‘iscopis
1786 5388 1944 5526 hunc
1965 5444 2157 5526 virum

501 5520 751 5592 dejicere
781 5534 812 5592 e
833 5514 1109 5592 cathedra
1128 5514 1492 5592 Nivernensi,
1514 5514 1766 5587 Wenilo,
1798 5520 1863 5571 ut
1884 5533 2020 5592 eum
2042 5517 2156 5573 for-

502 5588 621 5647 tius
636 5588 1010 5663 opprimeret,
1031 5603 1137 5663 suo
1157 5588 1778 5663 suifraganeorumque
1800 5589 2036 5663 nomine
2054 5606 2158 5645 au-

502 5659 833 5733 ctoritatem
889 5659 1131 5714 Romani
1181 5659 1472 5733 pontiﬁcis
1522 5659 1876 5733 imploravit,
1938 5678 2158 5733 gnarus

500 5731 769 5789 videlicet
786 5735 1116 5803 temporum
1139 5748 1404 5786 suorum.
1426 5732 1583 5786 Ilanc
1605 5731 1969 5787 occasionem
1995 5732 2158 5787 avide

504 5803 1054 5877 arripuitiNicolaus
1076 5820 1244 5876 papa,
1266 5804 1617 5877 laudataque
1640 5804 1948 5876 magniﬁce
1966 5804 2161 5877 Weni-

506 5875 659 5949 lonis
670 5875 1294 5949 suﬁraganﬁeorumque
1315 5877 1444 5949 ejus
1466 5875 1678 5949 pietate
1690 5875 2158 5949 acreverentiain

506 5948 704 6009 sedem
754 5945 1157 6025 apostolicam,
1197 5945 1553 6023 "exemplum
1585 5947 1645 6003 in
1689 5947 1954 6006 futurum
1995 5965 2064 6006 ex
2093 5966 2162 6006 ea

2282 3439 2514 3499 locutus
2563 3445 2655 3497 est
2696 3440 2976 3514 ,Nicolaus
3007 3439 3458 3511 anquirendum
3490 3455 3621 3514 esse
3653 3439 3947 3514 deculpis

2281 3514 2560 3571 accusati.
2602 3512 2749 3578 Quid
2783 3516 2978 3568 autem
3012 3510 3213 3584 postea
3242 3514 3439 3566 actum
3471 3510 3569 3584 sit,
3602 3510 3947 3584 mihiicoin-

2279 3591 2648 3658 pertumnon
2663 3587 2784 3658 est._
2807 3580 3095 3639 Fortassis
3112 3582 3457 3658 objurgatus
3473 3580 3704 3658 Wenilo
3726 3583 3799 3658 ab
3820 3585 3948 3658 epi-

2281 3602 2511 3658 pertum
2529 3602 2645 3639 non
2663 3602 2769 3640 esu
2807 3602 3095 3639 r'ortasms
3112 3602 3457 3655 ODJUI'gaLUS
3483 3602 3704 3639 wenuo
3726 3602 3799 3638 an
3820 3602 3851 3641 e
3898 3604 3947 3640 ι-

2281 3658 2473 3729 scopis
2506 3654 2841 3729 Gallicanis,
2875 3671 3024 3727 quos
3048 3671 3162 3729 non
3193 3654 3441 3709 obscure
3471 3654 3814 3727 perstringit
3842 3602 3947 3711 lgi-

2280 3726 2480 3784 colaus
2503 3730 2575 3783 ad
2601 3726 2970 3783 Wenilonem
2993 3726 3274 3793 scribens,
3298 3730 3583 3797 tanquam
3607 3726 3817 3797 parum
3842 3728 3945 3784 de-

2279 3803 2530 3856 ferentes
2561 3798 2890 3854 auctoritati
2925 3797 3189 3870 episcopi,
3206 3797 3485 3870 Romani,
3516 3798 3779 3870 adeoque
3799 3815 3944 3855 cau-

2279 3890 2376 3928 sas
2406 3872 2816 3944 episcoporum
2846 3870 2906 3944 in
2937 3868 3250 3944 provinciis
3272 3868 3395 3923 suis
3410 3870 3545 3944 jure
3566 3868 3944 3944 sno'deﬁnire
3980 3883 3996 3899 ‘

2277 3940 2736 4023 praasomentes,_
2765 3940 3131 4023 objurgatus,
3164 3940 3430 4023 inquam,
3462 3940 3712 4023 Wenilo,
3741 3946 3876 4023 tum
3908 3961 3944 3999 a

2277 4011 2412 4088 rege
2444 4030 2676 4087 quoque
2708 4011 3482 4088 forteaniucrepitus,_quod
3515 4028 3577 4067 se
3606 4012 3793 4088 inscio
3825 4014 3940 4070 Ro-

2277 4083 2522 4167 manum
2580 4083 2792 4158 papam
2851 4083 3225 4167 implorasset
3263 4083 3543 4167 adversus
3591 4084 3938 4158 episcopum

2276 4154 2677 4225 Gallicanum;
2699 4154 3132 4212 accusationem
3164 4154 3382 4210 omisit.

2346 4230 2417 4301 (ε)
2451 4230 2695 4301 Diwcesi.
2731 4228 2791 4283 ld
2816 4227 3241 4301 estprovincia,
3267 4230 3332 4301 ut
3353 4224 3695 4301 monuimus
3716 4227 3788 4281 ad
3813 4228 3937 4300 epi-

2275 4297 2557 4357 stolamS-t
2568 4345 2577 4354 .
2588 4300 2631 4354 N
2642 4297 2960 4355 ivernensis
2974 4299 3072 4371 qui
3080 4297 3512 4371 ppeepiseopus
3525 4297 3937 4371 suifraganéus

2274 4380 2363 4429 est
2393 4371 2821 4443 archiepiscoin
2868 4369 3254 4427 Senonensisf
3298 4369 3937 4443 Sicolvofelaruotensis

2273 4444 2333 4499 in
2356 4438 2611 4516 epistola
2625 4444 2691 4497 61
2713 4438 2979 4516 scribens
2995 4443 3075 4516 _a_d
3096 4443 3401 4516 Hugouem
3424 4438 3936 4516 archiepiscopum

2272 4512 2747 4589 Lugdunensem,
2782 4513 2897 4589 ait:
2936 4536 2964 4589 «ξ
2994 4512 3217 4589 verum
3247 4513 3323 4589 de
3347 4529 3413 4568 eo
3444 4512 3600 4589 quod
3625 4512 3937 4589 consecra-

2271 4583 2492 4644 tionem
2517 4584 3079 4658 Nivernensisielecti
3101 4584 3172 4639 ad
3200 4588 3461 4658 nostram
3485 4583 3786 4658 dimcesim
3809 4602 3938 4658 per-

2272 4660 2578 4723 tinentem,
2605 4656 3019 4727 Augustuduni
3045 4657 3231 4711 facere
3261 4654 3659 4727 disposuistis.
3688 4677 3717 4705 »

2345 4674 2578 4723 lentem,
2605 4674 2690 4712 au
2738 4674 3019 4712 usnuaunl
3045 4674 3231 4711 Iacere
3261 4674 3659 4727 disposuisus.
3688 4677 3717 4705 »

2345 4731 2418 4811 (ct)
2444 4674 2798 4811 teaching-es.
2838 4745 3005 4811 papa.
3062 4727 3179 4811 ῌοο
3211 4725 3577 4811 .Melchiac‘lis
3626 4727 3934 4808 decretum

2273 4797 2462 4857 exstat
2491 4801 2551 4855 in
2594 4797 2998 4873 epistola'ejus
3023 4799 3101 4873 _ad
3136 4797 3439 4873 episcopos
3471 4798 3889 4873 Hispanienses
3918 4816 3932 4854 :

2277 4895 2304 4923 «
2338 4868 2673 4944 Episcopos,
2707 4868 2920 4944 inquit,
2944 4869 3122 4944 nolite
3144 4868 3432 4944 judicare,
3456 4868 3634 4944 nolite
3652 4870 3937 4944 condem-

2273 4940 2413 5000 nare
2442 4940 2664 5015 absque
2695 4940 2851 4998 sedis
2871 4941 3051 5015 hujus
3072 4940 3434 5015 auctoritate.
3469 4940 3705 5015 Quodsi
3728 4940 3939 5015 feceri-

2271 5016 2367 5081 tis,
2401 5012 2585 5070 irrita
2598 5018 2772 5070 erunt
2799 5012 2993 5069 vestra
3013 5012 3260 5084 judicia,
3295 5016 3353 5067 et
3380 5028 3481 5067 vos
3512 5012 3936 5068 condemnabi-

2273 5087 2417 5142 mini
2428 5087 2563 5142 .Hoc
2574 5086 2732 5142 enim
2745 5084 3257 5158 privilegiumhuic
3270 5087 3483 5158 sanctae
3496 5084 3660 5158 sedis
3668 5088 3940 5158 etiampo-

2272 5159 2437 5214 ribus
2449 5153 2848 5231 apostolorum
2861 5153 3149 5231 statutum
3164 5159 3253 5211 est
3264 5155 3661 5231 s_e_rvari,qgod
3676 5153 3935 5231 illaesum

2273 5225 2715 5301 manet‘usque
2745 5228 2813 5301 in
2860 5227 3215 5301 hodiernum
3275 5225 3720 5301 dierum—Haud
3752 5226 3937 5283 dubie

2270 5298 2679 5380 episcoporum
2684 5302 2708 5372 j
2719 5299 2912 5380 _udicia
2930 5300 3198 5380 Remane
3214 5298 3478 5380 pontiﬁci
3489 5302 3785 5380 reservata
3803 5313 3937 5380 esse

2269 5368 2650 5445 constitisset,
2682 5368 3102 5445 sigeauctoritas
3130 5368 3305 5426 istius
3334 5368 3595 5442 epistolas
3624 5368 3953 5445 valuisset._

2256 5446 2381 5501 Sed
2414 5443 2691 5523 quoniam
2722 5442 2971 5523 illatum
3004 5442 3279 5523 primum
3292 5458 3399 5523 per
3425 5457 3526 5497 eas
3540 5445 3938 5523 tempestates

2268 5511 2584 5595 emersenat
2613 5515 2737 5595 (diu
2767 5511 3036 5595 videlicet
3070 5511 3371 5595 recondita
3401 5513 3558 5595 apud
3589 5511 3936 5595 Hispanias,

2268 5590 2453 5645 donec
2502 5582 2769 5659 Ricultus
2824 5586 3138 5659 episcopus
3175 5582 3599 5659 AMeguntinus,
3633 5582 3755 5659 _qu_i
3783 5584 3934 5659 _eub

2268 5660 2471 5716 Carolo
2505 5660 2714 5732 Magno
2748 5654 2963 5732 floruit,
2988 5654 3150 5732 illinc
3172 5656 3231 5711 in
3253 5654 3473 5732 Galliae
3503 5654 3701 5711 attulit
3723 5654 3937 5732 Isideri

2269 5726 2720 5803 Collectionevm),
2756 5731 2826 5785 de
2870 5729 3124 5803 novitate
3154 5726 3470 5803 periclitari
3501 5726 3937 5803 pnorsusnvifle-

2270 5804 2471 5873 batur;
2506 5797 2829 5876 praesertim
2852 5818 2985 5876 cum
3009 5797 3722 5876 episcopi_Gallicani,_qui
3746 5797 3937 5876 Colle-

2270 5840 2432 5860 υιιυυι
2548 5840 2829 5858 imm“...
2852 5840 2985 5856 wn.
3010 5840 3038 5855 υ
3086 5840 3204 5854 ww
3250 5840 3268 5853 .
3296 5840 3574 5855 μυκηνυη..
3668 5840 3722 5852 υ.
3750 5840 3931 5855 μνην

2270 5840 2713 5931 οῐὶοηθῖῐινὶυθηι
2737 5840 3434 5943 admitterelrecus'abant,
3459 5840 3691 5942 publioe
3711 5869 3939 5943 excipe

2270 5952 2400 6005 rent
2428 5945 2707 6020 epistolas
2728 5945 2862 6003 illas
2891 5948 3154 6003 veterum
3176 5941 3497 6018 praesulum
3529 5941 3935 6001 Romanorum
