4108 6450
444 409 560 473 627

1435 409 1507 471 Β.
1557 410 1622 472 S.
1667 408 1850 470 LUPI
1892 404 2225 468 ABBATIS
2270 403 2868 466 FERRARIENSIS.

3741 390 3865 462 628

444 545 607 614 Quod
638 561 944 617 nunquam
975 541 1132 600 enim
1163 542 1383 599 veritus
1414 541 1620 607 fuerat,
1641 540 1909 597 ultricem
1941 540 2094 597 ειη
2125 538 2180 605 Α
2208 553 2552 608 recuperare
2582 553 2687 592 nec
2717 539 2934 609 posset,
2965 533 3238 592 habituro
3265 532 3492 604 invidit,
3526 536 3582 592 et
3610 533 3866 592 fortasse

442 635 833 707 comitemque
864 633 1084 706 peccati
1121 630 1651 704 concupiscentiam
1687 630 1890 698 sensit,
1916 645 2098 684 mem-

440 723 682 780 brorum
731 721 955 778 scilicet
1001 720 1344 795 genitalium
1395 719 1740 792 appetitum,
1784 735 1958 792 quem
2013 718 2097 774 ita

439 811 742 881 exhorruit
773 814 838 864 ut
867 810 936 865 ad
971 809 1214 882 pudoris
1240 807 1563 862 remedium
1593 807 1854 863 velamen
1873 825 2094 880 quaere-

441 904 531 956 ret
555 897 936 964 foliorum,ita
957 897 1252 953 adamavit
1275 901 1341 951 ut
1357 897 1429 952 ad
1444 898 1678 968 justum
1701 897 2098 952 damnationis

437 989 730 1062 judicium
765 988 1160 1059 importunam
1190 987 1320 1057 ejus
1376 985 1713 1041 illeecbram
1765 1003 1872 1040 nec
1902 984 1951 1041 si
1983 985 2098 1041 vel-

445 1077 529 1134 let
557 1077 632 1150 (a)
655 1077 834 1132 vitare
856 1075 1341 1142 sufﬁceret.Quod
1365 1075 1564 1147 itaque
1582 1091 1820 1148 peccare
1833 1081 2032 1147 posset
2051 1074 2102 1130 si

445 1167 637 1234 vellet,
671 1166 963 1238 peccando
995 1163 1313 1237 publicavit
1337 1165 1514 1236 ;quod
1549 1180 1678 1220 vero
1709 1168 1904 1236 posset
1925 1163 2103 1220 etiam

450 1273 566 1312 non
597 1271 834 1328 peccare
866 1254 916 1309 si
945 1253 1136 1322 vellet,
1177 1253 1444 1309 conditor
1491 1251 1780 1326 patefecit,
1814 1253 1914 1326 qui
1945 1271 2104 1310 com-

449 1345 711 1400 minatus
743 1359 996 1416 poenam,
1031 1359 1103 1398 ne
1151 1346 1418 1414 peccaret
1475 1343 1846 1415 praemonuit.
1893 1342 2107 1399 Habuit

451 1451 587 1507 ergo
603 1434 789 1488 Adam
803 1432 1055 1488 liberum
1069 1432 1386 1487 voluntatis
1401 1432 1710 1487 arbitrium
1725 1436 1781 1488 et
1800 1433 1870 1488 ad
1885 1434 2104 1489 bonum

451 1529 509 1580 et
539 1523 610 1579 ad
643 1522 866 1579 malum
894 1540 906 1590 ;
941 1522 1045 1577 sed
1077 1523 1149 1576 ad
1180 1521 1399 1592 bonum
1452 1521 1647 1576 divino
1681 1539 1920 1578 munere
1942 1523 2108 1595 adju-

449 1613 734 1680 vandum,
765 1612 838 1666 ad
871 1610 1092 1666 malum
1119 1615 1317 1666 autem
1351 1610 1545 1666 divino
1582 1611 1808 1684 judicio
1839 1613 2108 1668 deseren-

455 1701 1135 1766 dum.Quemadmodum
1162 1699 1317 1756 enim
1338 1718 1454 1756 non
1478 1701 1853 1773 adjuvaretur
1870 1700 1930 1756 in
1958 1702 2110 1757 bono

459 1793 532 1847 ab
563 1808 628 1846 eo
657 1789 756 1862 qui
787 1789 906 1844 vita
930 1791 1085 1844 esset
1113 1787 1321 1844 animae
1353 1790 1502 1861 ejus,
1539 1793 1603 1844 ut
1630 1790 1828 1845 anima
1853 1789 2112 1863 corporis

457 1879 890 1952 ejus?Denique
919 1878 968 1933 si
999 1880 1189 1934 aniina
1217 1895 1343 1950 quae
1355 1881 1676 1950 peccaverit,
1705 1881 1824 1951 ipsa
1850 1883 2116 1936 morietur

460 1969 676 2040 (Ezech.
705 1967 887 2039 xvm),
923 1971 990 2022 ut
1045 1967 1382 2040 prophetica
1413 1968 1738 2040 praescribit
1776 1969 2113 2038 auctoritas,

460 2075 828 2130 consequens
849 2061 937 2113 est
953 2061 1017 2112 ut
1039 2056 1328 2130 vivatquaa
1351 2058 1498 2114 bene
1513 2057 1762 2131 gesserit
1789 2059 2118 2116 vivificante

459 2148 577 2204 Deo
604 2147 723 2203 vita
751 2147 960 2218 ipsius.
997 2147 1269 2202 Liberum
1293 2151 1490 2203 autem
1518 2148 1778 2204 hominis
1807 2148 2116 2204 arbitrium

460 2237 520 2292 in
551 2236 706 2292 malo
736 2235 952 2292 idcirco
984 2237 1174 2292 fuerat
1205 2236 1400 2292 divino
1425 2237 1652 2309 judicio
1684 2239 2072 2294 deserendum
2101 2257 2114 2305 ;

459 2326 600 2400 quia
626 2343 761 2382 cum
791 2325 875 2380 illi
898 2342 1066 2398 aequa
1088 2325 1334 2382 facultas
1362 2327 1498 2381 boni
1523 2327 1781 2400 malique
1802 2331 2114 2396 constaret,

458 2414 622 2471 nulla
671 2415 1012 2488 indigentia,
1067 2413 1229 2470 nulla
1283 2415 1576 2483 violentia,
1637 2416 1996 2472 voluntatem
2044 2419 2114 2473 ad

458 2504 683 2561 malum
716 2505 958 2573 inﬂexit,
993 2505 1134 2558 dum
1168 2508 1522 2576 praeceptum
1556 2505 1656 2561 Dei
1689 2507 1779 2560 sui
1808 2507 2118 2562 observata

461 2593 873 2662 facillimum,a
904 2611 1020 2666 quo
1047 2611 1107 2648 se
1135 2597 1299 2648 tanta
1329 2594 1483 2649 bona
1504 2595 1833 2668 percepisse
1862 2595 2115 2664 videbat,

462 2682 747 2756 sacrilega
776 2683 1078 2755 impietate
1108 2683 1274 2754 quasi
1304 2687 1644 2756 suspectum
1676 2685 2122 2758 contempsit,et

463 2771 651 2828 hostis
679 2771 882 2845 ignoti,
917 2772 1088 2842 cujus
1119 2771 1177 2824 in
1211 2770 1374 2826 nullo
1407 2773 1642 2844 penitus
1683 2772 2003 2847 indigebat,
2038 2775 2120 2830 in-

464 2862 992 2927 citamentum,non
1023 2859 1214 2915 solum
1239 2861 1310 2915 ad
1343 2877 1586 2917 examen
1623 2862 1722 2918 Dei
1759 2881 1872 2920 non
1902 2864 2117 2932 retulit,

464 2968 667 3008 verum
703 2951 908 3006 audaci
941 2951 1267 3005 temeritate
1291 2951 1457 3022 quasi
1483 2951 1854 3024 profuturum
1875 2955 2119 3026 excepit.

469 3039 813 3096 Justissime
840 3039 1022 3112 igitur
1046 3039 1104 3094 in
1135 3038 1235 3094 illo
1265 3039 1434 3095 haesit
1483 3041 1638 3112 quod
1689 3046 1896 3114 sponte
1927 3043 2119 3116 elegit.

468 3130 540 3185 Et
569 3129 728 3201 quia,
764 3131 826 3183 ut
855 3126 1166 3200 Apostolus
1198 3127 1460 3197 assserit,
1494 3129 1554 3183 in
1583 3145 1643 3184 eo
1667 3145 1851 3185 omnes
1875 3147 2125 3202 peccave-

467 3226 600 3275 runt
627 3220 800 3287 (Rom.
833 3217 975 3289 v),in
1007 3216 1280 3272 omnibus
1311 3233 1440 3288 ejus
1469 3217 1670 3273 vitiata
1697 3222 1786 3272 est
1816 3223 2028 3276 natura
2056 3237 2124 3276 ex

2203 626 2546 699 priusquam
2597 626 2772 682 verba
2827 625 3042 694 ederet,
3085 624 3388 680 incautum
3438 641 3556 697 qua
3611 626 3868 698 perierat

2205 719 2368 788 peste
2396 715 2673 787 corrupit.
2699 714 3001 780 Quomodo
3033 713 3190 770 enim
3209 714 3278 770 ad
3295 713 3645 787 capiendum
3663 715 3865 772 cibum

2205 804 2458 861 exterius
2488 809 2609 860 tam
2639 803 2750 859 cito
2783 803 3195 876 acquievisset,
3235 803 3344 859 nisi
3381 804 3454 860 ad
3487 804 3867 861 obtinendam

2208 893 2503 967 propriam
2587 893 2920 948 libertatem
2999 891 3319 948 tumuisset
3389 897 3524 950 ante
3573 893 3873 951 interius?

2211 984 2748 1055 Quomodocunque
2791 981 3115 1056 contigerit,
3151 986 3356 1038 auctor
3409 983 3592 1039 nostri
3640 983 3875 1056 generis

2213 1091 2340 1140 suo,
2374 1077 2438 1128 ut
2469 1073 2662 1145 palam
2695 1077 2805 1142 est,
2839 1071 2980 1128 vitio
3013 1072 3242 1128 cecidit.
3277 1074 3348 1128 Et
3400 1073 3677 1145 quoniam
3709 1073 3771 1128 in
3803 1090 3874 1130 eo

2213 1178 2417 1218 omnes
2443 1161 3047 1234 peccavimus,omnes
3069 1179 3176 1217 nos
3197 1160 3256 1216 in
3289 1161 3522 1234 lapsum
3542 1163 3672 1234 ejus
3702 1163 3877 1219 ruina

2215 1248 2418 1323 procul
2449 1249 2626 1306 dubio
2659 1265 2858 1305 secum
2883 1250 3272 1323 traxit.Atque
3293 1249 3532 1306 cuilibet
3561 1251 3714 1308 sicut
3737 1269 3874 1325 pos-

2217 1339 2386 1396 sibile
2418 1343 2510 1394 est
2544 1356 2679 1395 cum
2727 1337 2976 1394 voluerit
3007 1339 3065 1394 in
3120 1339 3344 1395 foveam
3394 1356 3456 1396 se
3487 1341 3874 1414 praecipitare,

2217 1445 2345 1500 quae
2373 1427 2450 1483 sit
2479 1428 2678 1501 ampla
2708 1444 2814 1483 nec
2835 1428 3042 1484 scabra
3057 1432 3254 1484 tamen
3267 1429 3724 1502 crepidine,cum
3743 1448 3878 1488 vero

2219 1518 2414 1590 egredi
2447 1517 2693 1573 voluerit
2723 1535 2838 1572 non
2869 1517 3104 1585 valebit,
3125 1517 3239 1574 nisi
3270 1518 3616 1592 (b)extrariis
3647 1520 3882 1578 nisibus

2219 1607 2548 1678 adjuvetur,
2582 1607 2662 1662 ita
2711 1607 2939 1678 primus
2981 1607 3156 1662 homo
3203 1613 3411 1680 sponte
3455 1609 3610 1666 214
3639 1609 3882 1682 quidem

2221 1695 2445 1765 cecidit,
2481 1697 2540 1752 in
2571 1713 2686 1769 quo
2723 1697 2835 1770 ipsi
2885 1695 3250 1770 originaliter
3303 1697 3453 1770 lapsi
3513 1716 3747 1768 sumus,
3778 1701 3882 1757 sed

2222 1802 2384 1842 οωηο
2415 1786 2634 1860 peccati
2668 1803 2794 1856 nos,
2850 1786 3084 1842 etiamsi
3142 1785 3436 1857 volumus,
3468 1788 3738 1861 expedire
3767 1807 3885 1846 non

2226 1891 2542 1946 possumus
2573 1879 2638 1930 ut
2683 1892 3087 1948 resurgamus,
3121 1875 3234 1931 nisi
3268 1880 3590 1949 prostratos
3619 1879 3890 1936 extrahat

2226 1967 2283 2020 et
2311 1963 2497 2037 erigat
2528 1963 2718 2035 gratia
2750 1963 2850 2020 Dei
2881 1981 2984 2036 per
3011 1965 3213 2020 Jesum
3235 1965 3533 2022 Christum
3566 1968 3885 2026 Dominum

2228 2053 2848 2110 nostrum.Voluntarii
2869 2053 3133 2110 criminis
3155 2059 3386 2111 tantum
3411 2056 3633 2112 malum
3651 2075 3768 2115 non
3784 2059 3889 2116 ho-

2228 2142 2446 2198 minem
2480 2143 2735 2216 primum
2769 2145 2964 2212 modo,
2999 2145 3100 2200 sed
3157 2145 3489 2202 universam
3548 2147 3726 2203 etiam
3755 2149 3887 2220 ejus

2229 2231 2689 2300 sobolem,sexus
2721 2233 3028 2306 utriusque
3059 2233 3269 2306 copula
3300 2239 3886 2306 manantem,merito

2229 2319 2623 2376 damnationis
2654 2321 2967 2377 obstrinxit
2987 2339 3351 2394 ;quam,cum
3373 2325 3578 2381 eadem
3609 2342 3790 2383 causa
3811 2327 3892 2384 sit

2227 2411 2515 2480 omnium,
2551 2412 2946 2467 communiter
2966 2429 3170 2468 omnes
3185 2415 3773 2490 paterentur,quippe
3787 2417 3890 2491 qui

2229 2517 2344 2555 non
2375 2501 2512 2556 Deo.
2561 2501 2661 2556 sed
2713 2500 2945 2558 diabolo
3003 2501 3462 2559 auscultaverint
3513 2521 3741 2563 omnes.
3773 2507 3892 2564 Nec

2228 2589 2366 2646 hinc
2397 2589 2646 2646 oriretur
2703 2591 2860 2660 iusta
2922 2591 3267 2664 conquestio
3326 2594 3603 2665 aequitate
3660 2601 3894 2652 servata

2230 2683 2620 2752 praeterquam
2651 2679 2806 2750 quod
2841 2685 3207 2736 mererentur
3236 2679 3416 2738 nullis
3445 2682 3888 2756 recipientibus,

2229 2767 2342 2824 nisi
2373 2773 2528 2824 esset
2571 2773 2742 2834 Deus,
2798 2769 3296 2841 quemadmodum
3357 2771 3893 2846 incomparabiliter

2225 2858 2533 2929 justus,ita
2565 2857 2931 2914 ineffabiliter
2951 2859 3232 2931 pius,imo
3257 2864 3322 2915 ut
3351 2861 3525 2918 verbo
3547 2867 3886 2922 nostrarum

2231 2945 2664 3018 Scripturarum
2701 2952 2954 3014 utamur,
2995 2965 3110 3020 quo
3161 2947 3512 3023 colligimur,
3546 2969 3662 3024 quo
3693 2952 3888 3010 salva-

2232 3035 2746 3108 mur,misericors.
2773 3037 2919 3092 Cum
2941 3036 3140 3109 itaque
3163 3055 3270 3094 suo
3294 3039 3500 3096 merito
3523 3043 3888 3114 pereundum

2233 3130 2386 3182 esset
2417 3125 2716 3196 omnibus,
2751 3125 2948 3199 plures
2979 3126 3176 3182 divina
3204 3128 3464 3186 bonitate
3493 3129 3888 3188 salvantur.ln

2234 3215 2326 3270 his
2341 3231 2731 3288 agnoscamus
2747 3219 2801 3270 et
2819 3231 2908 3270 am
2919 3215 3245 3288 plectamur
3258 3217 3718 3276 misericordiam
3735 3223 3786 3294 ej
3797 3239 3888 3292 us;

465 3313 714 3378 utroque
745 3323 882 3362 sexu
915 3305 1258 3378 progenitis,
1281 3309 1348 3360 ut
1369 3307 1440 3360 ad
1473 3306 1623 3362 male
1655 3311 2121 3382 agendum,qua.
2151 3290 2194 3357 C
2233 3307 2290 3360 et
2319 3308 2383 3359 ut
2411 3303 2505 3359 his
2537 3304 2838 3377 aggregari
2870 3319 3204 3360 mereamur
3232 3306 3484 3380 supplici
3520 3290 3894 3367 observantia

466 3405 635 3454 lenus
667 3401 857 3452 tamen
893 3395 1162 3468 progredi
1194 3394 1612 3466 permittimur,
1647 3397 1724 3452 sit
1743 3399 1912 3453 nobis
1943 3404 2007 3454 ut
2038 3399 2120 3454 illi

461 3485 714 3542 liberum
748 3486 901 3542 213
933 3483 1267 3550 arbitrium,
1315 3485 1384 3538 ad
1422 3485 1568 3540 bene
1624 3490 1820 3542 autem
1879 3505 2124 3560 operan-

463 3577 606 3632 dum
637 3591 1007 3646 nequaquam
1042 3572 1117 3628 sit
1141 3572 1414 3641 liberum,
1446 3574 1562 3630 nisi
1593 3575 1766 3630 fuerit
1809 3577 1908 3632 Dei
1933 3579 2124 3649 gratia

461 3664 796 3720 liberatum.
851 3662 914 3716 In
967 3661 1155 3733 primo
1201 3666 1436 3734 parente
1488 3669 1710 3730 nostro,
1742 3667 1841 3738 qui
1892 3667 2120 3722 utinam

466 3753 752 3818 stetisses,
799 3767 1003 3807 omnes
1057 3753 1350 3822 peccando
1409 3753 1750 3823 cecidimus,
1810 3759 1865 3809 et
1917 3773 2122 3812 omnes

465 3841 765 3898 communi
795 3840 1000 3895 merito
1054 3839 1421 3896 atrocissima
1479 3843 1715 3914 quidem
1765 3862 1973 3900 sumus
2019 3846 2120 3902 sed

457 3929 794 4004 justissima
810 3947 979 4002 poena
996 3929 1408 3985 damnati.Non
1433 3931 1639 3988 fuisset
1659 3932 1834 3989 homo
1856 3935 2123 4008 ingratus

467 4020 520 4076 ei
560 4019 658 4092 qui
711 4037 772 4075 se
831 4019 1062 4087 fecerat,
1124 4019 1586 4092 obtemperasset
1643 4023 1950 4090 conditori,
2005 4041 2121 4079 non

465 4108 780 4176 seductori,
811 4107 1094 4164 noluisset
1125 4125 1253 4164 esse
1303 4109 1414 4164 nisi
1467 4111 1619 4182 quod
1651 4111 1823 4167 vellet
1855 4113 1952 4184 qui
1985 4130 2120 4168 eum

465 4199 726 4272 potentia
757 4199 989 4262 fecerat,
1023 4197 1330 4253 clementia
1375 4199 1762 4272 gubernabat,
1802 4201 1992 4256 Verba
2022 4203 2122 4257 ho-

463 4288 592 4356 stis,
627 4305 752 4360 quae
785 4286 1111 4343 forinsecus
1137 4305 1236 4360 per
1253 4293 1581 4359 serpentem
1605 4297 2124 4361 sonuerunt,sacra

463 4377 750 4433 revelante
781 4376 1102 4450 Scriptura,
1137 4378 1552 4450 cognovimus:
1589 4396 1717 4450 quze
1747 4397 1879 4436 vero
1908 4379 2119 4436 intrin-

388 4533 394 4538 _
464 4483 632 4523 secus
664 4466 843 4522 menti
865 4466 1136 4522 humana:
1170 4467 1566 4540 suggestionis
1596 4468 1902 4524 molimina
1925 4471 2122 4526 admo-

461 4555 627 4624 verit,
647 4555 876 4611 tametsi
901 4556 1303 4611 indubitanter
1321 4572 1432 4609 non
1456 4555 1718 4612 valemus
1737 4560 2120 4632 comprehen-

2232 3395 2646 3449 mandatorum
2677 3393 2868 3466 ipsius
2898 3398 2957 3449 et
2985 3393 3259 3467 precibus:
3297 3395 3555 3453 assiduis
3585 3398 3893 3458 flectamus

2232 3482 2658 3556 indulgentiam
2681 3483 2983 3554 ejus.Cum
3004 3501 3138 3539 vero
3162 3485 3362 3541 itidem
3387 3485 3588 3558 plures
3607 3489 3894 3546 damnan-

2232 3576 2346 3639 tur,
2399 3589 2517 3628 non
2564 3572 3086 3644 reprehendamus,
3117 3573 3260 3644 quia
3312 3575 3519 3632 merito
3579 3594 3686 3634 suo
3727 3579 3892 3650 juste

2233 3663 2622 3730 damnantur;
2659 3663 2760 3717 sed
2794 3663 3283 3734 pertimescamus
3307 3665 3605 3735 judicium
3629 3669 3757 3740 ejus
3788 3668 3891 3742 qui

2233 3755 2320 3806 est
2363 3750 2642 3807 terribilis
2688 3752 2748 3806 in
2807 3751 3067 3807 consiliis
3121 3769 3299 3826 super
3355 3753 3506 3810 filios
3556 3754 3889 3832 hominum,

2233 3857 2456 3913 nosque
2489 3839 2654 3912 paria
2684 3844 2975 3896 merentes
2994 3841 3280 3897 miremur
3298 3843 3558 3914 potuisse
3582 3844 3892 3904 salvarimt

2231 3929 2443 3986 horum
2495 3929 2960 3986 consideratione
3011 3931 3325 3986 ferventius
3384 3935 3778 3991 accendamur
3813 3937 3887 3993 ad

2232 4018 2954 4088 amandam,laudandam,
2971 4020 3399 4092 praedicandam
3424 4021 3888 4081 misericordiam

2232 4109 2380 4180 ejus.
2415 4109 2516 4164 His
2547 4108 2881 4164 constitutis
2911 4111 2969 4163 et
2991 4109 3144 4165 fideli
3166 4126 3414 4166 assensu
3445 4111 3889 4179 retentis,nemo

2231 4197 2422 4252 sobrie
2472 4195 2826 4269 sapientium
2875 4197 2983 4252 erit
3032 4198 3300 4254 nesciens
3363 4216 3479 4256 non
3527 4216 3656 4257 esse
3699 4202 3890 4259 Deum

2231 4289 2526 4342 auctorem
2561 4303 2915 4358 causamque
2963 4287 3308 4358 perditionis
3353 4287 3598 4358 homini,
3633 4308 3808 4362 quem
3834 4297 3893 4348 et

2231 4379 2455 4430 rectum
2487 4374 2764 4442 condidit,
2799 4379 2856 4430 et
2886 4392 3078 4448 posse,
3103 4374 3152 4432 si
3177 4375 3425 4432 velletin
3447 4394 3563 4434 ouo
3594 4384 3751 4436 statu
3769 4397 3893 4438 ma-

2229 4481 2366 4520 nere
2397 4464 2687 4519 monendo
2719 4465 3087 4520 monstravit.
3123 4466 3274 4522 215
3329 4467 3595 4539 Namque
3634 4469 3888 4526 necdum

2229 4558 2353 4610 erat
2382 4555 2508 4626 ejus
2552 4553 2754 4608 vitiata
2805 4557 3017 4608 natura
3065 4559 3129 4608 ut
3185 4553 3275 4610 vel
3325 4555 3565 4611 scienda
3613 4558 3885 4628 nesciret,

464 4645 620 4714 dere,
653 4649 847 4700 tamen
881 4643 1170 4718 probabili
1223 4645 1559 4714 conjectura
1610 4664 1927 4718 possumus
1965 4649 2120 4705 aesti—
2151 4669 2196 4733 D
2226 4643 2311 4698 vel
2344 4642 3070 4733 impedienteidlmcuumg
3093 4643 3322 4716 cognita
3351 4643 3597 4718 implere
3617 4664 3731 4702 non
3751 4665 3889 4720 pos-

463 4751 643 4790 mare.
678 4733 977 4806 Siquidem
1013 4733 1282 4788 diabolus
1337 4734 1499 4788 misit
1527 4734 1587 4789 in
1644 4752 1742 4791 cor
1775 4741 1837 4791 ut
1868 4739 2122 4793 traderet

462 4823 776 4880 Dominum
811 4824 1016 4891 Judas,
1043 4840 1158 4878 non
1193 4821 1386 4895 palam
1418 4825 1658 4879 vocibus
1681 4829 2114 4899 perstrependo,

459 4929 662 4968 verum
695 4913 1076 4968 clandestinis
1106 4911 1356 4966 avaritiae
1382 4911 1604 4968 facibus
1623 4913 1902 4970 miserum
1922 4933 2120 4971 accen-

424 5071 435 5081 _
462 5001 673 5058 dendo.
708 5000 1128 5056 Celsitudinem
1151 4999 1560 5056 similitudinis
1593 5001 1693 5056 Dei
1724 5005 2117 5075 superbiendo

462 5089 730 5146 diabolus
762 5089 1172 5162 concupierat;
1199 5090 1445 5160 jamque
1487 5089 1660 5144 alieni
1695 5096 1994 5164 appetens,
2025 5094 2118 5150 sui

460 5180 678 5252 gradus
710 5179 992 5252 dignitate
1023 5177 1613 5250 deciderat.Dumque
1643 5178 1793 5236 hanc
1825 5199 1928 5237 nec
1950 5182 2120 5239 vellet

530 5377 606 5446 (α)
634 5377 848 5451 Vitare
879 5376 1183 5451 su.[/i.cerct._
1231 5373 1499 5451 Valerius
1561 5375 1850 5451 Maximus
1898 5379 2002 5438 lib.
2034 5400 2111 5451 1x,

457 5463 583 5518 cap.
625 5448 644 5501 1
678 5463 690 5500 :
727 5469 753 5495 ‹‹
791 5445 1284 5525 litandumetiam
1345 5445 1564 5525 malum
1617 5448 1881 5525 luxuria:
1935 5445 2114 5525 quam

457 5515 732 5591 accusare
764 5515 1063 5591 aliquanto
1097 5517 1325 5591 facilius
1357 5524 1463 5591 est,
1498 5536 1675 5591 quam
1704 5522 1904 5580 vitare.
1934 5515 1966 5573 ιῖ
1993 5527 2113 5581 Ru-

456 5589 636 5664 ricius
671 5586 769 5642 lib.
807 5586 880 5664 n_.,'
901 5588 1068 5664 epist.
1104 5590 1207 5644 ιιὲε
1250 5586 1670 5664 «Etideo'vide
1701 5597 1854 5664 quod
1890 5597 2112 5652 malum

453 5658 554 5733 sit,
592 5663 768 5733 traier
799 5658 1163 5733 charissime,
1222 5661 1400 5733 quod,
1433 5663 1570 5716 dum
1632 5658 1976 5733 detestatur,
2009 5669 2112 5722 ad-

455 5729 708 5805 mittitur
737 5747 750 5796 ;
783 5731 926 5805 dum
957 5729 1278 5805 refugituﬁ,
1300 5732 1390 5805 vix
1421 5733 1840 5791 vitatur.»Eam
1876 5729 2112 5793 ob'cau-

452 5817 578 5856 sam
614 5801 1116 5861 Pseutlo-Plautus
1166 5803 1312 5859 dixit
1342 5803 1400 5858 in
1453 5806 1720 5874 Querolo,
1757 5808 2110 5866 adulterium

2232 4732 2632 4788 set.Nimirum
2669 4731 3020 4804 sibimetipsi
3054 4731 3250 4802 homo,
3284 4737 3386 4788 aut
3427 4751 3494 4789 ex
3535 4735 3750 4808 seipse,
3783 4742 3891 4793 aut

2227 4839 2294 4876 ex
2325 4821 2578 4887 diabolo,
2613 4819 2834 4876 malum
2863 4821 3129 4895 concepit
3150 4829 3207 4877 et
3225 4823 3619 4895 peperit,dum
3643 4843 3676 4880 a
3705 4843 3768 4882 se
3791 4827 3888 4882 di-

2223 4911 2418 4966 vinam
2451 4909 2780 4966 amoliendo
2813 4911 3192 4966 reverentiam
3219 4911 3512 4984 deceptori
3543 4914 3811 4982 credidit,
3832 4921 3891 4972 et

2227 4999 2423 5055 cibum
2470 4999 2810 5071 usurpando
2851 4999 3123 5056 illicitum
3166 5001 3416 5074 capitale
3471 5003 3690 5060 crimen
3725 5020 3887 5060 com-

2227 5089 2408 5144 misit.
2445 5089 2790 5156 tstud,istud
2816 5088 2987 5161 plane
3017 5089 3354 5146 mortalium
3377 5092 3584 5164 generi
3616 5093 3886 5152 omnium

2225 5195 2403 5234 causa
2417 5176 2527 5233 fuit
2545 5175 3247 5248 malorum.(c)Peccatum
3262 5178 3555 5252 siquidem
3571 5197 3889 5254 pmnacon-

2225 5375 2594 5449 crime_n__non
2631 5389 2778 5449 esse:
2811 5375 2966 5449 Tum
3016 5374 3216 5430 addit:
3254 5396 3283 5426 «
3315 5375 3433 5432 Hoc
3472 5381 3562 5432 est
3590 5378 3749 5449 quod
3779 5396 3888 5437 nec

2224 5443 2482 5520 permitti
2521 5461 2636 5520 nec
2653 5445 2953 5520 prohiberi
2987 5450 3196 5520 potest.
3235 5469 3262 5520 ν

2298 5520 2370 5591 (ὁ)
2404 5517 2705 5591 Eximi-iis.
2740 5517 2834 5591 Sic
2877 5518 2936 5571 in
2989 5517 3188 5591 epist._
3228 5517 3370 5574 dicit
3425 5521 3666 5576 extrarii
3692 5520 3884 5578 hostes.

2222 5589 2522 5647 Extrarius
2553 5593 2748 5642 autem
2783 5589 2936 5644 idem
2971 5593 3061 5644 est
3091 5589 3192 5660 qui
3243 5594 3574 5658 extraneus,
3609 5596 3669 5647 et
3699 5595 3887 5649 exter-

2225 5680 2356 5718 nus.

2296 5736 2364 5816 ζμ)
2395 5737 2686 5816 Peccatum
2716 5746 2878 5816 parua
2897 5731 3700 5816 consgqqilur.ﬁSalyianus.in
3733 5733 3885 5816 libro

2222 5801 2410 5877 primo
2443 5803 2514 5858 de
2545 5801 2978 5858 Gubernatione
3020 5801 3161 5858 Dei:
3197 5827 3224 5854 ‹‹
3259 5804 3420 5868 Quod
3465 5804 3659 5876 potuit
3686 5807 3886 5877 majus
