4108 6464
199 438 340 506 »633

1281 443 1425 509 LIB.
1470 444 1575 507 DE
1615 444 1899 509 TRIBUS
1945 442 2571 517 QUESTIONIBUS.

3510 444 3631 509 634

216 575 552 650 operahitur
582 592 891 653 quousque
919 578 1335 636 excedentibus
1350 578 1471 635 vita
1490 577 1743 651 singulis
1766 579 1866 635 ad-
1897 577 1951 644 A
1979 578 2214 636 brosius
2235 582 2430 636 autem
2454 578 2739 650 scribens,
2764 593 2881 636 non
2909 581 3002 637 est
3028 578 3090 636 in
3117 583 3320 639 nostra
3345 585 3630 655 potestate

212 667 453 723 veniens
482 667 728 740 incipiat
758 669 998 725 reddere
1029 670 1185 742 quod
1217 668 1508 742 promisit.
1544 669 1644 724 His
1675 668 1864 724 omni-

211 756 327 812 bus
345 757 735 813 erudimurne
754 773 921 831 spem
944 758 1004 813 in
1027 758 1196 814 nobis
1219 757 1573 814 collocemus
1595 758 1868 831 opinione

211 845 448 919 gravius
478 846 1032 919 delinquentes;sed
1052 850 1271 903 statum
1302 851 1571 903 nostrum
1603 845 1869 903 munien-

210 938 324 1002 tes,
354 934 535 990 totius
577 939 790 991 nostrae
828 935 951 1008 spei
983 934 1409 1008 plenitudinem
1442 936 1869 992 transferamus

213 1022 277 1079 in
306 1022 495 1091 illum,
530 1023 632 1096 qui
680 1028 987 1097 propterea
1021 1041 1129 1081 nos
1159 1025 1232 1080 ad
1264 1041 1326 1081 se
1353 1029 1521 1081 vocat
1551 1030 1617 1080 ut
1644 1025 1867 1092 iulciat,

216 1113 436 1169 idcirco
458 1113 765 1185 profutura
793 1130 900 1170 nos
930 1118 1125 1186 petere
1155 1113 1365 1170 invitat
1392 1118 1457 1169 ut
1475 1114 1714 1182 tribuat,
1738 1115 1869 1171 ideo

222 1219 291 1258 ne
342 1201 512 1257 nobis
562 1202 930 1259 confidamus
974 1207 1177 1271 terret,
1205 1220 1279 1259 ne
1321 1204 1568 1259 deserat.
1604 1204 1869 1276 Namque

216 1290 567 1347 maledic‘tus
615 1291 791 1348 homo
841 1295 932 1347 est
978 1291 1079 1364 qui
1121 1292 1491 1365 spem'ponit
1519 1293 1576 1347 in
1608 1293 1866 1349 homine.

215 1380 324 1445 Qui
357 1383 553 1436 autem
600 1397 730 1437 eam
778 1380 838 1436 in
870 1381 1064 1454 seipso
1098 1381 1285 1454 ponit,
1318 1382 1377 1436 in
1409 1382 1649 1438 homine
1681 1383 1867 1455 ponit.

215 1468 566 1525 Maledictus
595 1468 777 1542 igitur
822 1473 930 1526 est.
963 1470 1115 1526 Sane
1162 1470 1263 1527 Dei
1315 1471 1546 1527 bonitas
1594 1471 1869 1545 praeclare

214 1558 683 1625 commendatur,
714 1575 848 1614 cum
899 1559 1241 1615 benedictus
1288 1576 1417 1616 esse
1461 1560 1550 1616 vir
1588 1562 1872 1617 asseritur

214 1647 316 1720 qui
339 1647 585 1703 confidit
603 1647 663 1702 in
689 1647 954 1716 Domino,
973 1652 1031 1704 et
1049 1648 1212 1705 solus
1242 1648 1542 1705 interdum
1568 1650 1869 1706 conﬁden-

211 1736 292 1793 tis
313 1737 561 1793 affectus
583 1736 891 1809 praemium
905 1738 1032 1809 jam
1062 1737 1485 1794 benedictionis
1513 1739 1868 1811 assequitur.

213 1827 639 1882 Amantautem
653 1826 946 1883 immundi
967 1826 1209 1899 spiritus
1221 1826 1546 1900 decipiendi
1560 1832 1689 1883 astu
1705 1845 1869 1900 spem

1977 686 2076 724 cor
2090 674 2357 725 nostrum
2378 673 2436 726 et
2457 674 2670 725 nostra:
2702 668 3105 744 cogitationes,
3129 671 3305 727 etiam
3325 672 3458 745 ipsa
3475 671 3632 729 facta

1975 764 2033 814 et
2062 759 2219 814 dicta
2266 758 2728 832 comprehendit,
2762 776 2891 831 quae
2940 760 3198 833 profecto
3239 777 3309 817 ex
3353 762 3527 817 corde
3571 765 3633 829 et

1976 847 2330 920 cogitatione
2361 849 2708 920 procedunt.
2744 849 3135 922 Hieronymus
3156 848 3354 905 divina
3372 854 3430 906 et
3448 851 3526 919 (b)
3547 866 3633 907 se-

1978 937 2160 993 culari
2192 938 2456 993 doctrina
2488 938 2818 1010 praecipuus
2846 942 2904 993 et
2929 938 3090 994 velut
3126 939 3370 1011 quidam
3419 954 3633 1012 parens

1978 1043 2110 1082 cum
2142 1026 2469 1099 Augustino
2500 1026 2908 1083 ecclesiasticae
2940 1026 3344 1100 philosophiae,
3368 1045 3497 1101 qua;
3528 1027 3634 1085 hu-

1978 1132 2216 1171 manam
2249 1132 2354 1170 nec
2388 1115 2640 1170 multum
2681 1116 2921 1187 appetit,
2960 1132 3063 1172 nec
3092 1116 3154 1171 in
3185 1117 3463 1174 omnibus
3493 1132 3631 1174 con-

1976 1204 2208 1271 temnit,
2234 1203 2604 1277 Pelagianam
2636 1204 2884 1260 haeresin
2913 1221 3115 1261 recens
3144 1210 3405 1262 exortam
3438 1211 3635 1279 poten-

1948 1297 2066 1349 tter
2095 1293 2414 1349 debellans.
2449 1293 2530 1361 Si,
2565 1294 2777 1365 inquit,
2812 1293 2872 1349 in
2903 1311 2970 1350 eo
3010 1298 3245 1350 tantum
3292 1294 3395 1351 Dei
3442 1295 3634 1367 gratia

1978 1387 2087 1450 est,
2124 1383 2278 1455 quod
2312 1383 2557 1455 propriae
2590 1384 2744 1440 228
2775 1400 2882 1439 nos
2914 1384 3176 1439 condidit
3200 1383 3544 1453 voluntatis,
3573 1388 3634 1441 et

1978 1471 2161 1528 libero
2186 1472 2426 1528 arbitrio
2459 1472 2713 1528 contenti
2744 1488 2977 1541 sumus,
3009 1489 3117 1529 nec
3146 1471 3300 1529 ultra
3326 1475 3456 1546 ejus
3486 1473 3634 1530 indi-

1979 1577 2296 1634 gemus,ne
2327 1561 2375 1616 si
2405 1561 2839 1633 indiguerimus
2868 1560 3120 1618 liberum
3150 1562 3457 1635 frangatur
3485 1562 3635 1618 arbi-

1980 1652 2184 1716 trium,
2216 1666 2352 1723 ergo
2385 1667 2576 1723 neque
2608 1649 2765 1706 ultra
2810 1667 2977 1707 orare
3026 1651 3311 1707 debemus
3341 1667 3446 1707 nec
3468 1651 3634 1707 illius

1979 1739 2350 1796 clementiam
2372 1739 2644 1812 precibus
2666 1739 2897 1796 ﬂectere
2916 1745 2981 1795 ut
2996 1740 3354 1813 accipiamus
3374 1739 3637 1813 quotidie

1981 1830 2136 1902 quod
2167 1828 2346 1886 semel
2380 1833 2684 1900 acceptum
2716 1828 2775 1884 in
2805 1833 3005 1886 nostra
3033 1833 3122 1886 est
3150 1833 3452 1901 potestate.

213 1914 528 2017 hqminum
550 1915 609 1970 in
637 1931 713 2017 ‘se
742 1916 1078 1985 transferre,
1111 1916 1356 2017 quodin
1388 1916 1514 1973 suis
1545 1916 1867 1973 cultoribus
1903 1952 1949 2017 Β
2053 1920 2195 1974 Item
2228 1922 2361 1991 post
2389 1917 2725 1990 aliquanta:
2752 1920 3007 1991 Agamus
3029 1934 3259 1991 semper
3288 1918 3639 1992 gratiaslar-

215 2003 558 2074 eﬁ‘ecerunt,
571 2003 655 2060 vel
686 2020 758 2060 ex
787 2005 1042 2077 quodam
1075 2000 1326 2061 colludio
1358 2005 1538 2061 falsas
1568 2006 1874 2078 opiniones
1907 2000 1949 2017 "
1982 2007 2569 2080 gitori,sciamusque
2593 2025 2703 2064 nos
2733 2007 2881 2063 nihil
2913 2023 3043 2064 esse
3071 2007 3186 2064 nisi
3215 2009 3370 2081 quod
3401 2008 3641 2065 donavit

216 2093 518 2149 mentibus
566 2109 768 2149 eorum
818 2093 1094 2163 inserere,
1148 2093 1315 2166 quasi
1366 2099 1604 2167 pr0pter
1650 2102 1871 2151 naturae
1982 2097 2043 2153 in
2066 2098 2236 2154 nobis
2257 2097 2384 2169 ipse
2406 2096 2736 2153 servaverit.
2769 2098 2913 2153 Item
2946 2095 3084 2152 alibi
3106 2097 3167 2151 in
3189 2096 3638 2155 Denteronomio

216 2182 563 2256 dignitatem
585 2186 760 2256 atque
786 2183 1185 2255 praestantiam
1214 2182 1583 2240 tutissimum
1608 2184 1684 2241 sit
1704 2186 1788 2241 eis
1812 2186 1871 2241 in

216 2287 282 2327 se
315 2271 463 2344 ipsis
512 2286 679 2343 spem
728 2270 1102 2343 aliquatenus
1158 2270 1459 2329 collocare.
1495 2275 1654 2339 Quod
1690 2278 1778 2331 est
1806 2292 1876 2331 cx

217 2377 426 2417 eorum
460 2360 696 2433 scriptis
729 2362 1036 2417 ostendere
1065 2361 1163 2433 qui
1195 2362 1405 2417 divinae
1444 2363 1630 2432 vacui,
1666 2363 1875 2420 notitia

216 2451 535 2506 mundanae
567 2450 865 2523 sapientiae
912 2449 1269 2506 claruerunt.
1304 2450 1534 2508 Tullius
1566 2452 1724 2519 facit,
1757 2471 1873 2509 non

218 2538 465 2596 Laalium
496 2538 582 2595 vel
613 2539 965 2613 Scipionem,
1000 2557 1127 2613 quae
1159 2545 1359 2613 posset
1387 2556 1516 2596 esse
1546 2542 1748 2612 dubia,
1772 2544 1872 2599 sed

216 2628 299 2686 Μ.
332 2632 607 2685 Catonem
639 2644 840 2685 senem
888 2635 1065 2696 certa,
1098 2628 1207 2685 hoc
1238 2633 1329 2685 est
1358 2646 1485 2699 sua,
1520 2631 1711 2687 dicere
1740 2649 1878 2688 sen-

214 2717 424 2775 tentia.
451 2717 723 2784 «Quibus
752 2718 897 2773 nihil
924 2722 1014 2774 est
1042 2718 1102 2774 in
1134 2718 1281 2790 ipsis
1314 2719 1442 2791 opis
1473 2720 1545 2775 ad
1567 2721 1712 2777 bene
1743 2722 1876 2777 bea-

149 2824 171 2832 ‘
216 2811 398 2880 teque
419 2807 756 2874 vivendum,
778 2806 872 2863 his
893 2807 1086 2864 omnis
1109 2812 1249 2864 aetas
1279 2808 1471 2881 gravis
1502 2813 1609 2866 est.
1636 2811 1744 2877 Qui
1774 2828 1874 2866 au-

212 2899 341 2955 tem
372 2895 566 2953 omnia
603 2897 758 2954 bona
791 2914 826 2954 a
855 2896 1065 2970 seipsis
1096 2900 1323 2969 petunt,
1352 2897 1446 2954 his
1476 2898 1623 2954 nihil
1654 2899 1877 2955 malum

216 2990 414 3060 potest
440 2986 595 3043 ηπ
616 2986 798 3043 videri
821 2987 978 3058 quod
992 2990 1223 3065 naturae
1255 2986 1576 3043 necessitas
1598 2988 1819 3044 afferat.
1845 3010 1874 3040 »

214 3073 433 3133 Omnia
452 3074 606 3131 bona
622 3092 656 3131 a
678 3091 812 3131 vero
834 3075 950 3131 Deo
982 3091 1096 3130 non
1120 3092 1154 3130 a
1175 3091 1238 3130 se
1259 3074 1404 3148 ipsis
1434 3080 1660 3148 petunt,
1686 3078 1878 3133 Marce

217 3162 401 3233 Tulli,
435 3162 704 3232 dixisses,
733 3168 791 3220 et
820 3163 992 3220 nobis
1024 3181 1139 3220 non
1170 3168 1291 3220 tam
1337 3164 1646 3237 splendore
1676 3156 1879 3223 verboi

216 3266 357 3310 rum
389 3268 568 3325 quam
598 3254 897 3309 sententiae
927 3253 1170 3309 veritate
1219 3253 1563 3325 placuisses.
1596 3254 1877 3328 Virgilius

1984 2186 2288 2260 perspicue
2319 2187 2761 2241 demonstratur
2780 2202 2894 2240 non
2918 2185 3194 2257 operibus
3225 2186 3443 2242 nostris
3460 2191 3639 2258 atque

1976 2275 2232 2347 justitia,
2266 2275 2369 2331 sed
2401 2274 2499 2331 Dei
2542 2291 2653 2330 nos
2703 2274 3107 2330 misericordia
3135 2274 3486 2330 conservari.
3518 2276 3640 2332 Non

1974 2366 2204 2438 justitia
2252 2371 2346 2420 tua
2406 2365 2670 2420 Dominus
2727 2364 2866 2418 Deus
2924 2371 3050 2419 tuus
3101 2361 3252 2419 dabit
3297 2364 3400 2419 tibi
3426 2370 3639 2419 terram

1985 2456 2245 2526 optimam
2293 2461 2356 2509 ut
2398 2452 2675 2524 possideas
2727 2469 2869 2520 eam,
2902 2455 3036 2525 quia
3073 2454 3311 2525 populus
3340 2452 3494 2508 durae
3521 2466 3640 2509 cer-

1983 2546 2121 2599 vicis
2175 2559 2231 2599 es
2288 2550 2345 2598 tu
2394 2543 2570 2615 (Deut.
2603 2544 2703 2609 1x).
2738 2542 2884 2598 Item
2938 2546 3072 2613 post
3129 2541 3472 2614 aliquanta:
3532 2542 3641 2598 Pro

1984 2633 2164 2688 nihilo
2208 2633 2398 2687 salvos.
2427 2632 2596 2702 facies
2642 2647 2730 2686 eos
2761 2630 2929 2703 (Psal.
2963 2632 3070 2699 LV),
3106 2630 3172 2702 (ο)
3202 2630 3360 2686 haud
3390 2629 3641 2687 dubium

1988 2721 2129 2794 quin
2154 2722 2372 2791 justos,
2407 2720 2548 2793 quia
2579 2737 2695 2775 non
2728 2719 2962 2792 proprio
2992 2718 3220 2787 merito,
3255 2720 3358 2775 sed
3389 2719 3490 2776 Dei
3521 2718 3643 2777 sal-

1985 2816 2197 2866 vantur
2226 2809 2555 2866 clementia.
2611 2813 2755 2865 Item
2806 2808 2946 2864 alibi
3000 2807 3058 2863 in
3107 2808 3465 2881 expositione
3507 2825 3643 2865 sen-

1986 2900 2179 2956 tentias
2214 2916 2228 2955 :
2260 2904 2377 2958 Non
2426 2899 2696 2968 glorietur
2744 2900 2967 2970 sapiens
3014 2900 3079 2954 in
3124 2900 3400 2971 sapientia
3436 2914 3561 2965 sua,
3592 2906 3647 2955 et

1986 3005 2100 3045 non
2127 2989 2394 3057 glorietur
2428 2990 2592 3060 fortis
2625 2990 2687 3043 in
2721 2986 3049 3060 fortitudine
3077 3002 3198 3054 sua,
3230 2996 3283 3043 et
3304 3004 3412 3043 non
3441 2988 3642 3063 glorie-

1989 3085 2082 3133 tur
2135 3078 2283 3133 dives
2328 3078 2387 3132 in
2446 3077 2659 3133 divitiis
2706 3079 2844 3144 suis,
2873 3077 2967 3132 sed
3009 3079 3073 3132 in
3115 3077 3214 3138 hoc
3254 3078 3519 3147 glorietur
3548 3078 3645 3150 qui

1987 3168 2278 3236 gloriatur,
2309 3167 2449 3221 scire
2494 3173 2546 3221 et
2593 3166 2900 3236 intelligere
2945 3171 2998 3220 et
3038 3179 3195 3220 nosse
3246 3180 3353 3232 me,
3387 3166 3519 3235 quia
3546 3180 3645 3234 ego

1987 3271 2109 3311 sum
2141 3256 2428 3321 Dominus,
2462 3254 2561 3325 qui
2579 3254 2724 3325 facio
2752 3251 3191 3308 misericordiam
3216 3259 3271 3308 et
3286 3252 3565 3324 judicium
3591 3259 3644 3309 et

218 3322 425 3414 etiam,
444 3346 509 3397 ut
529 3340 827 3397 hominem
858 3341 1053 3398 decuit
1073 3322 1301 3414 poetica
1324 3343 1603 3415 ﬁgmenta
1623 3322 1877 3399 tractan-
1908 3322 1952 3387 Π
1982 3343 2264 3414 justitiam
2292 3343 2355 3397 in
2386 3322 2537 3397 terra
2567 3322 2704 3413 (lar.
2739 3340 2837 3412 ix).
2861 3339 2970 3397 Ubi
2998 3342 3158 3405 sunt,
3186 3322 3400 3412 inquit,
3426 3340 3526 3412 qui
3559 3339 3644 3396 di-

204 3436 367 3498 ‘tem,
398 3429 557 3487 aliud
589 3446 769 3504 agens
797 3430 912 3486 tale
942 3429 1083 3503 quid
1110 3429 1460 3504 significavit
1483 3432 1677 3503 potius
1700 3449 1879 3505 quam

210 3519 533 3593 expressit,
555 3520 686 3593 Spes
712 3520 824 3576 sibi
850 3521 1096 3592 quisque.
1126 3520 1170 3576 Ο
1201 3520 1429 3576 utinam
1461 3520 1721 3590 dixisset,
1756 3522 1877 3577 cui-

208 3624 343 3682 que
373 3610 529 3665 Deus
554 3624 728 3665 verus
759 3626 913 3682 spes,
947 3613 1004 3665 et
1032 3608 1399 3677 credidisset,
1432 3626 1537 3666 nec
1567 3610 1638 3666 de
1676 3611 1879 3667 Maece-

210 3700 358 3755 nate
388 3696 704 3770 adulando,
727 3698 827 3754 sed
854 3698 926 3753 de
947 3698 1149 3753 eodem
1181 3714 1314 3754 vero
1337 3700 1395 3753 et
1416 3698 1541 3754 solo
1569 3705 1679 3755 Deo
1699 3702 1878 3773 probe

213 3802 573 3860 summeque
603 3788 865 3844 canendo
897 3786 1237 3859 protulisset
1270 3804 1283 3844 :
1322 3789 1386 3843 Te
1414 3790 1535 3844 sine
1574 3790 1661 3845 ml
1701 3790 1879 3846 altum

182 3890 370 3933 "mens
399 3876 639 3933 inchoat.
674 3874 870 3932 Nostri
902 3878 1097 3932 autem
1131 3879 1422 3943 auctores,
1446 3877 1614 3932 facile
1645 3879 1876 3951 sapien-

209 3966 302 4022 tia
328 3963 680 4037 superiores,
713 3964 854 4037 quia
885 3964 1083 4020 divina
1113 3963 1448 4037 eloquentia
1476 3982 1668 4037 pares,
1694 3985 1874 4039 quam

162 4044 171 4051 ’
200 4070 354 4112 cum
380 4052 586 4110 volunt
614 4057 877 4122 exerunt,
911 4069 1046 4109 cum
1090 4052 1296 4109 volunt
1343 4054 1731 4123 abscondunt,
1767 4060 1874 4129 Cy-

208 4143 490 4217 prianum
511 4142 741 4215 loquor,
750 4142 1176 4215 Augustinum,
1190 4142 1878 4215 Hieronymum,Ambro-

208 4232 373 4290 sium
403 4234 460 4289 et
489 4232 779 4305 quosdam
813 4231 979 4300 alios,
1012 4236 1070 4287 et
1098 4236 1355 4287 mentem
1395 4232 1724 4289 divinorum
1755 4234 1875 4291 elo-

212 4321 494 4395 quiorum
515 4321 754 4393 penitus
777 4321 1177 4393 inspexerunt,
1191 4325 1249 4378 et
1266 4322 1435 4377 nobis
1457 4322 1875 4380 salubriterex-

211 4413 580 4485 presserunt.
603 4409 839 4466 Scilicet
869 4425 1038 4483 egere
1071 4426 1176 4467 nos
1197 4409 1256 4464 in
1279 4411 1500 4466 bonum
1534 4411 1774 4468 arbitrio
1804 4411 1871 4466 li-

1989 3436 2131 3487 cunt
2180 3431 2416 3505 proprio
2472 3430 2776 3486 hominem
2835 3429 2957 3502 regi
3015 3428 3276 3496 arbitrio,
3311 3427 3396 3484 sic
3441 3429 3642 3485 datam

1988 3520 2155 3576 liberi
2184 3519 2406 3576 arbitrii
2439 3523 2784 3592 potestatem
2817 3523 2885 3574 ut
2913 3518 3013 3574 Dei
3046 3517 3450 3574 misericordia
3470 3516 3644 3574 tolle-

1988 3614 2151 3666 retur
2174 3614 2351 3683 atque
2364 3609 2595 3680 justitia
2613 3608 2644 3664 ?
2668 3609 2795 3681 Ipse
2826 3612 3021 3663 autem
3053 3607 3432 3679 Augustinus,
3464 3622 3644 3679 quem

1988 3699 2218 3756 nescias
2250 3704 2450 3755 utrum
2494 3714 2689 3754 rerum
2729 3697 3063 3753 inventione
3089 3695 3280 3769 magis
3308 3712 3382 3751 an
3413 3695 3642 3753 dicendi

1987 3788 2263 3844 felicitate
2294 3786 2546 3853 mireris,
2580 3786 2864 3842 delibero
2910 3785 3153 3841 arbitrio
3199 3788 3256 3840 et
3303 3783 3492 3857 gratia
3541 3783 3644 3840 Dei

1985 3881 2151 3932 tanta
2181 3876 2462 3934 disseruit
2492 3881 2558 3931 ut
2587 3875 2817 3948 possint
2843 3874 2940 3930 vix
2961 3875 3033 3929 ab
3057 3872 3254 3947 aliquo
3278 3872 3420 3947 legi,
3443 3873 3644 3929 omnia

1981 3983 2138 4034 vero,
2165 3970 2231 4021 ut
2260 3982 2394 4021 mea
2425 3966 2535 4021 fert
2564 3964 2783 4037 opinio.
2807 3963 2884 4035 (d)
2917 3979 3257 4036 quanquam
3287 3962 3409 4018 sint
3438 3961 3641 4019 claris-

1983 4055 2137 4111 sima
2162 4059 2217 4111 et
2246 4054 2583 4121 utilissima,
2616 4071 2652 4109 a
2701 4054 2935 4109 nemine
2990 4051 3277 4108 memoria
3330 4051 3637 4107 contineri.

1984 4144 2131 4207 Quid
2153 4144 2309 4200 enim
2332 4143 2714 4199 sentiendum
2746 4141 2824 4197 sit
2854 4142 2925 4197 de
2955 4140 3136 4197 libero
3166 4140 3409 4196 arbitrio
3430 4143 3488 4196 et
3505 4155 3638 4212 gra-

1981 4234 2066 4289 tia
2094 4232 2216 4301 Dei,
2250 4231 2403 4287 sicut
2435 4247 2604 4287 nemo
2633 4234 2756 4286 tam
2787 4228 3081 4285 laboriosa
3134 4228 3411 4303 indagine
3455 4227 3639 4284 vesti-

1984 4323 2159 4395 gavit,
2194 4337 2365 4377 nemo
2426 4325 2491 4376 ut
2547 4319 2644 4376 ille
2704 4317 2909 4374 tandiu
2950 4319 3106 4374 224
3132 4317 3402 4386 versavit,
3437 4316 3539 4383 ita,
3570 4320 3637 4372 ut

1983 4427 2125 4484 pace
2156 4415 2505 4466 cunctorum
2551 4407 2820 4473 dixerim,
2853 4406 3052 4463 nullus
3106 4410 3428 4478 utrumque
3470 4411 3638 4463 tanta

202 4500 497 4570 berando,
512 4501 570 4554 et
582 4499 683 4554 Dei
697 4498 947 4570 gratiam
967 4515 1079 4554 non
1103 4499 1427 4555 secundum
1445 4500 1653 4556 merita
1672 4505 1875 4558 nostra
1980 4500 2242 4556 veritatis
2264 4499 2617 4572 proprietate
2630 4495 2870 4564 invenit,
2887 4494 3088 4551 nullus
3108 4499 3272 4551 tanta
3286 4494 3636 4567 eloquentiae

194 4586 366 4644 dari.
392 4586 592 4659 Itaque
612 4590 693 4656 (a)
714 4586 1179 4659 gloriosissimus
1211 4591 1434 4661 martyr
1462 4589 1787 4662 Cyprianus
1816 4595 1876 4646 et
1982 4589 2246 4646 ubertate
2268 4583 3305 4658 asseruit,nullusinexpugnabilium
3328 4598 3637 4656 argumen-

212 4676 421 4731 doctor
446 4675 840 4732 suavissimus
870 4675 1069 4731 omnia
1095 4675 1316 4731 nostris
1333 4677 1558 4734 viribus
1579 4679 1870 4749 adimens,
1906 4678 1949 4756 ι)
1980 4682 2175 4733 torum
2224 4677 2390 4749 copia
2435 4680 2602 4731 tanta
2649 4673 2928 4730 defendit.
2964 4672 3213 4729 Proinde
3261 4688 3397 4728 cum
3428 4676 3637 4730 sessent

210 4765 332 4820 Deo
353 4764 684 4836 assignans,
707 4764 1051 4820 brevissime
1071 4765 1269 4820 omnia
1285 4774 1499 4838 genera
1520 4768 1864 4824 meritorum
1976 4766 2138 4822 illius
2167 4766 2367 4822 omnia
2397 4765 2621 4837 Optima
2639 4768 2696 4819 et
2726 4778 2872 4835 pene
2900 4761 3234 4829 innumera,
3266 4761 3633 4818 limitarem-

190 4852 734 4925 -complexus,aitin
753 4852 914 4909 nullo
934 4852 1572 4926 gloriandum,quando
1595 4860 1863 4914 nostrum
1974 4872 2088 4928 que
2118 4855 2258 4928 quid
2290 4855 2670 4927 potissimum
2699 4856 2856 4909 esset
2890 4850 3262 4925 eligendum,
3293 4851 3476 4907 statui
3499 4855 3632 4906 stu-

209 4940 361 4997 nihil
383 4940 459 4998 sit
479 4943 691 5014 (Cypr.,
716 4941 812 4998 lib.
837 4959 899 4997 III
924 4943 1136 4998 Testim.
1171 4941 1243 4997 ad
1272 4942 1514 5011 Quirin.,
1536 4960 1586 5000 c.
1613 4946 1688 5013 4).
1722 4950 1862 5003 Am-
1960 4945 2207 5001 “diosum
2239 4945 2312 5001 ad
2343 4943 2581 4999 illorum
2612 4941 2858 4999 invitare
2886 4941 3220 5007 lectionem,
3251 4956 3378 5011 quis
3412 4939 3633 4997 nostris

281 5082 357 5157 (α)
388 5083 693 5158 Gloriosiss.
714 5093 942 5157 martyr
989 5084 1151 5157 Cypr.
1202 5085 1402 5158 Lupus
1451 5085 1623 5158 epist.
1655 5090 1711 5157 3,
1743 5090 1859 5158 glo-

205 5145 388 5230 {io'sus
444 5145 970 5230 videlicet‘martyr
1022 5145 1354 5230 Cyprianus.
1417 5145 1857 5230 Epistola'l'28,

202 5226 443 5309 Sanetus
479 5227 817 5299 Cyprianus,
848 5226 1083 5301 martyr“
1102 5226 1552 5300 gloriosissimus,
1590 5238 1644 5286 et
1677 5226 1861 5288 doctor

202 5313 583 5353 suavissimus.
1248 5332 1253 5337 ο

279 5368 354 5444 ςδ)
384 5367 657 5444 saeculari
682 5368 950 5444 doctrina.
983 5369 1045 5444 Id
1076 5373 1183 5437 est,
1214 5370 1479 5444 saeculari
1510 5371 1854 5444 litteratura,

201 5437 297 5526 vel
326 5437 693 5526 auditio-ne,
709 5445 775 5496 ut
803 5441 949 5524 dixit
980 5441 1179 5526 Lupus
1210 5441 1473 5526 itLepist.
1504 5444 1576 5525 39
1607 5449 1662 5526 et
1691 5447 1782 5501 68.

276 5509 347 5581 (α)
370 5511 529 5566 Haud
557 5510 789 5567 dubium
842 5514 977 5584 quin
1016 5509 1217 5585 'juslos.
1252 5509 1738 5572 Familiarissima
1768 5521 1857 5574 est

196 5580 437 5707 phrasis
467 5582 671 5638 isthaec
692 5582 878 5666 .Lupo
926 5587 1146 5665 nostro.
1182 5588 1246 5639 In
1278 5586 1526 5657 epistola
1556 5587 1850 5707 quippe},

224 5651 667 5707 audanslocum
689 5658 872 5707 istum
893 5668 961 5707 ex
977 5654 1235 5707 Emstola
1264 5659 1521 5707 secunda
1555 5660 1624 5707 ad
1688 5677 1856 5707 .nrm-

220 5661 453 5707 ‘audans
473 5661 667 5707 locum
689 5661 872 5707 istu'm
893 5668 961 5707 ex
978 5661 1235 5707 Enistola
1264 5661 1521 5707 secunda
1555 5661 1624 5707 ad
1659 5661 1786 5707 Cnri

1970 5089 2160 5147 citans
2171 5087 2365 5143 locum
2381 5086 2547 5159 illum
2558 5084 2872 5159 Augustini
2880 5081 3317 5159 ,vitam,quidom
3318 5084 3626 5159 suametc.

1971 5100 2160 5147 citans
2173 5100 2365 5143 locum
2381 5100 2547 5142 Illum
2558 5100 3317 5209 Augustianvuamguztwm
3328 5100 3625 5152 suam,etc.

1971 5161 2156 5234 addit,
2188 5158 2592 5234 hauddujgium
2623 5158 2759 5234 quin
2803 5157 3054 5234 spiritus.
3132 5154 3186 5209 ic
3214 5153 3277 5207 in
3308 5154 3424 5208 ﬁne
3442 5151 3625 5234 istius

1969 5232 2071 5288 lib.
2106 5224 2238 5303 pag.
2260 5231 2360 5285 241
2387 5224 2848 5303 αίΐθιιβηξίιοωιηὶ
2879 5226 3048 5281 illum
3071 5242 3140 5280 ex
3161 5241 3288 5303 cap.
3310 5241 3417 5303 vrri
3442 5224 3624 5303 Epist.

1970 5305 2041 5358 ad
2074 5295 2319 5358 Roman.
2344 5301 2749 5373 proprioiFitio
2775 5314 2916 5373 lion
2967 5295 3460 5373 mag—addit,
3480 5295 3630 5351 haud

1968 5376 2198 5430 dubium
2228 5365 2363 5445 quin
2380 5369 2753 5445 iDeus._Si_cAin
2775 5369 2908 5445 Vita
2936 5365 3129 5445 sancti
3160 5365 3464 5445 Maximini
3492 5382 3624 5440 cap.

1969 5449 2020 5514 4,
2055 5462 2188 5518 pag.
2218 5439 2344 5512 279,
2372 5442 2777 5518 hauddubium
2798 5441 2936 5518 quin

2039 5507 2111 5599 (Et)
2132 5507 2467 5599 Quanquam
2490 5507 2953 5599 sintelarissirna.
2968 5509 3281 5599 ng‘u‘sti‘ni
3303 5507 3474 5599 vefha
3496 5522 3629 5599 esse

1958 5579 2555 5645 clarissima-scribit.
2588 5584 2680 5639 Sic
2711 5584 2769 5639 in
2792 5581 3042 5655 epistola
3059 5579 3160 5655 ΒΟ,
3194 5582 3264 5636 de
3289 5579 3494 5655 eodem
3520 5581 3627 5633 Au-

263 5652 471 5733 udans_
472 5651 667 5733 locum
689 5651 875 5733 istu‘m
890 5668 961 5733 ex
977 5653 1235 5727 Epistola
1264 5651 1521 5712 secunda
1546 5651 1626 5733 ad
1658 5651 1856 5716 Cbrinl
1965 5660 2199 5733 gustino
2222 5658 2491 5733 loquens,
2508 5656 2618 5712 ait:
2645 5651 2911 5733 Hactenus
2937 5653 3071 5733 quid
3100 5654 3219 5733 haec
3245 5653 3412 5733 uerba
3441 5651 3629 5705 obscu-

200 5722 396 5798 thios:
431 5726 676 5798 Tristitia
701 5725 901 5783 δῶραιί
927 5722 1155 5782 mortem
1182 5741 1309 5798 oper

1309 5736 1456 5801 atur.
1491 5730 1675 5797 addit,
1706 5733 1857 5788 haud
1960 5725 2150 5788 ritum
2201 5725 2431 5801 pariant
2481 5745 2597 5784 non
2650 5727 2823 5784 video.
2858 5725 3067 5801 Quippe
3120 5725 3464 5786 clarissimm
3517 5737 3625 5783 aw-

201 5794 437 5852 dubium
475 5797 614 5869 quin
648 5797 976 5869 spiritalem.
1007 5798 1077 5854 Et
1106 5798 1167 5853 in
1196 5794 1443 5870 epistola
1470 5801 1558 5870 30,
1592 5794 1726 5875 pag.
1760 5805 1850 5873 60,
1963 5811 2100 5870 ator,
2130 5794 2241 5859 etc.
