4108 6464
204 439 343 507 -833

1284 444 1428 509 LIB.
1473 444 1578 507 DE
1618 444 1902 509 TRIBUS
1947 442 2573 517 QUIESTIONIBUS.

3513 443 3633 508 634

219 576 555 651 operabitur
585 592 894 653 quousque
923 578 1338 636 excedentibus
1354 578 1474 634 vita
1493 577 1746 651 singulis
1768 579 1869 634 ad-
1901 577 1954 643 Α
1982 577 2218 635 brosius
2238 582 2434 636 autem
2456 578 2742 649 scribens,
2766 592 2883 635 non
2912 580 3005 637 est
3032 577 3093 636 in
3120 583 3322 637 nostra
3347 583 3633 654 potestate

215 668 457 724 veniens
485 666 731 740 incipiat
761 669 1001 726 reddere
1033 670 1189 742 quod
1220 669 1511 742 promisit.
1547 669 1648 724 His
1678 668 1867 723 omni-

214 757 330 813 bus
348 757 656 813 erudimur
667 775 738 813 ne
758 774 924 831 spem
947 758 1007 813 in
1030 758 1200 814 nobis
1222 757 1575 814 collocemus
1598 757 1870 830 Opinione

214 845 451 920 gravius
482 846 1035 919 delinquentes;sed
1054 851 1274 903 statum
1305 852 1575 903 nostrum
1606 845 1872 903 munien-

214 939 327 1003 tes,
356 934 538 990 totius
580 940 793 992 nostrsa
831 936 955 1008 spei
986 935 1412 1009 plenitudinem
1447 936 1872 992 transferamus

217 1023 279 1080 in
310 1023 498 1092 illum,
534 1024 634 1096 qui
683 1029 990 1097 propterea
1024 1041 1133 1081 nos
1163 1025 1236 1080 ad
1267 1041 1330 1081 se
1357 1030 1525 1081 vocat
1555 1029 1620 1081 ut
1648 1025 1870 1092 fulciat,

218 1113 439 1169 idcirco
460 1114 768 1185 profutura
796 1130 904 1170 nos
935 1118 1129 1187 petere
1158 1113 1367 1171 invitat
1396 1118 1461 1170 ut
1478 1114 1717 1183 tribuat,
1742 1114 1872 1170 ideo

225 1219 295 1258 ne
345 1202 515 1258 nobis
565 1202 934 1259 conﬁdamus
978 1207 1181 1271 terret,
1208 1220 1283 1259 ne
1324 1203 1572 1259 deserat.
1606 1204 1872 1276 Namque

219 1290 571 1347 maledictus
618 1291 795 1348 homo
845 1295 936 1348 est
982 1292 1082 1365 qui
1125 1292 1495 1364 spem'ponit
1521 1293 1580 1347 in
1612 1293 1869 1350 homine.

220 1381 326 1446 Qui
359 1383 556 1436 autem
604 1398 734 1437 eam
782 1381 843 1436 in
873 1381 1068 1453 seipso
1102 1382 1288 1454 ponit,
1321 1382 1381 1436 in
1412 1382 1652 1438 homine
1684 1383 1870 1455 ponit.

220 1468 569 1526 Maledictus
599 1469 781 1542 igitur
825 1473 933 1526 est.
967 1471 1120 1526 Sane
1166 1470 1267 1527 Dei
1318 1471 1550 1527 bonitas
1598 1471 1872 1544 praeclare

218 1559 687 1625 commendatur,
717 1576 851 1615 cum
903 1560 1245 1615 benedictus
1291 1576 1421 1616 esse
1464 1560 1553 1615 vir
1592 1561 1876 1617 asseritur

219 1647 320 1721 qui
343 1648 589 1703 confidit
607 1647 666 1702 in
693 1647 958 1716 Domino,
977 1652 1034 1705 et
1052 1648 1215 1704 solus
1246 1649 1545 1705 interdum
1572 1650 1873 1705 conﬁden-

215 1737 296 1793 tis
316 1737 565 1794 affectus
587 1736 894 1810 praemium
908 1739 1036 1810 jam
1065 1737 1489 1794 benedictionis
1517 1738 1872 1811 assequitur.

217 1828 643 1883 Amantautem
658 1826 949 1883 immundi
971 1826 1213 1899 spiritus
1224 1826 1549 1900 decipiendi
1563 1832 1693 1883 astu
1709 1844 1873 1900 spem

1979 685 2079 724 cor
2092 674 2359 724 nostrum
2381 672 2439 725 et
2460 673 2673 725 nostra:
2705 667 3109 743 cogitationes,
3133 670 3308 727 etiam
3328 671 3462 744 ipsa
3479 669 3635 728 facta

1979 762 2036 814 et
2065 758 2222 814 dicta
2268 758 2731 831 comprehendit,
2765 776 2894 830 quae
2943 759 3201 832 profecto
3243 776 3312 816 ex
3355 761 3530 816 corde
3575 763 3636 817 et

1980 847 2333 920 cogitatione
2365 849 2712 920 procedunt.
2747 848 3139 921 Hieronymus
3159 848 3357 904 divina
3375 854 3434 905 et
3451 850 3530 918 (b)
3550 864 3636 906 se-

1981 936 2163 992 culari
2195 937 2459 993 doctrina
2491 937 2821 1010 praecipuus
2849 941 2907 992 et
2932 936 3093 993 velut
3129 938 3373 1010 quidam
3422 953 3636 1011 parens

1982 1042 2114 1082 cum
2146 1026 2473 1099 Augustino
2504 1025 2911 1082 ecclesiasticae
2942 1026 3347 1100 philosophias,
3372 1044 3501 1101 qua;
3531 1027 3637 1084 hu-

1983 1131 2219 1170 manam
2253 1132 2357 1170 nec
2392 1114 2645 1169 multum
2685 1115 2925 1187 appetit,
2964 1131 3066 1171 nec
3095 1115 3157 1170 in
3188 1116 3466 1173 omnibus
3497 1133 3634 1173 oon-

1980 1204 2213 1270 temnit,
2237 1203 2607 1277 Pelagianam
2640 1203 2887 1260 haeresin
2916 1221 3118 1260 recens
3147 1209 3407 1261 exortam
3441 1210 3638 1278 poten-

1951 1296 2070 1349 ter
2098 1292 2418 1349 debellans.
2452 1292 2534 1360 Si,
2569 1293 2781 1364 inquit,
2816 1293 2876 1349 in
2907 1310 2973 1349 eo
3013 1297 3247 1349 tantum
3296 1293 3397 1349 Dei
3445 1295 3636 1366 gratia

1982 1387 2090 1450 est,
2127 1382 2281 1454 quod
2316 1383 2560 1454 propriae
2595 1383 2748 1439 228
2780 1399 2887 1438 nos
2918 1383 3180 1438 condidit
3204 1382 3547 1452 voluntatis,
3576 1387 3637 1440 et

1980 1471 2164 1527 libero
2190 1470 2430 1527 arbitrio
2462 1472 2717 1527 contenti
2747 1488 2981 1540 sumus,
3013 1488 3119 1528 nec
3150 1470 3304 1528 ultra
3330 1474 3459 1545 ejus
3490 1472 3637 1530 indi-

1982 1577 2299 1633 gemus,ne
2331 1560 2379 1616 si
2410 1560 2843 1633 indiguerimus
2872 1560 3123 1617 liberum
3154 1561 3461 1635 frangatur
3489 1561 3638 1617 arbi-

1982 1653 2188 1716 trium,
2220 1665 2356 1723 ergo
2390 1666 2580 1722 neque
2612 1648 2769 1705 ultra
2813 1666 2980 1706 orare
3030 1650 3315 1706 debemus
3344 1666 3449 1706 nec
3472 1649 3637 1707 illius

1983 1739 2354 1796 clementiam
2376 1738 2648 1811 precibus
2670 1739 2901 1795 ﬂectere
2919 1743 2984 1795 ut
3000 1739 3358 1812 accipiamus
3378 1738 3640 1812 quotidie

1985 1830 2140 1902 quod
2171 1829 2351 1886 semel
2383 1833 2688 1900 acceptum
2719 1828 2778 1884 in
2808 1833 3009 1885 nostra
3036 1832 3126 1885 est
3154 1832 3456 1901 potestate.

218 1915 532 2017 {agminum
554 1915 614 1971 in
641 1932 716 2017 ‘se
745 1917 1081 2017 transferre,
1115 1916 1518 2017 q‘podinns‘uis
1549 1916 1871 2017 cultoribus
1905 1951 1952 2017 Β
2028 1919 2199 2017 “Item
2232 1922 2365 2017 post
2393 1917 2729 1990 aliquanta:
2756 1919 3011 2017 iga-mus
3291 1918 3512 2017 gratias
3528 1917 3642 2017 lar:

219 2003 659 2075 elfecerunt,vel
690 2021 762 2060 ex
791 2005 1047 2077 quodam
1079 2001 1330 2062 colludio
1363 2005 1541 2061 falsas
1572 2006 1877 2078 opiniones

221 2092 522 2150 mentibus
570 2110 773 2149 eorum
822 2094 1098 2162 inserere,
1152 2093 1320 2166 quasi
1369 2099 1607 2167 propter
1654 2101 1874 2151 naturae

220 2183 567 2256 dignitatem
589 2186 764 2256 atque
790 2183 1189 2256 praestantiam
1220 2182 1587 2240 tutissimum
1612 2184 1688 2241 sit
1707 2185 1792 2241 eis
1815 2186 1875 2242 in

220 2288 286 2328 se
319 2271 468 2345 ipsis
516 2285 682 2343 spem
731 2270 1107 2344 aliquatenus
1161 2270 1463 2328 collocare.
1498 2275 1658 2339 Quod
1694 2278 1783 2330 est
1811 2292 1879 2331 cx

221 2377 431 2417 eorum
463 2360 700 2434 scriptis
733 2361 1040 2417 ostendere
1068 2361 1168 2433 qui
1200 2362 1409 2416 divinae
1448 2363 1635 2432 vacui,
1671 2363 1879 2420 notitia

214 2451 539 2506 mundanas
571 2450 869 2523 sapientiae
916 2449 1273 2506 claruerunt.
1308 2451 1538 2507 Tullius
1570 2452 1728 2519 facit,
1761 2470 1876 2508 non

222 2539 470 2596 Laelium
500 2539 587 2596 vel
617 2540 969 2613 Scipionem,
1004 2557 1131 2613 quae
1164 2544 1362 2612 posset
1392 2557 1520 2596 esse
1549 2542 1752 2612 dubia,
1776 2544 1878 2599 sed

220 2629 304 2687 Μ.
337 2632 611 2685 Catonem
643 2645 844 2685 senem
892 2635 1069 2697 certa,
1102 2628 1212 2684 hoc
1243 2633 1332 2686 est
1362 2647 1489 2698 sua,
1525 2631 1715 2687 dicere
1745 2648 1883 2688 sen-

219 2718 428 2776 tentia.
455 2740 483 2769 «
503 2718 727 2784 Quibus
757 2718 902 2773 nihil
928 2722 1018 2775 est
1047 2718 1106 2774 in
1139 2718 1285 2791 ipsis
1319 2719 1447 2792 opis
1477 2721 1548 2775 ad
1571 2721 1717 2776 bene
1747 2722 1881 2777 bea-

154 2824 177 2833 ‘
222 2810 403 2881 teque
424 2808 760 2875 vivendum,
781 2807 876 2864 his
897 2807 1091 2864 omnis
1113 2813 1254 2864 aetas
1283 2808 1475 2882 gravis
1506 2813 1613 2866 est.
1640 2811 1747 2876 Qui
1778 2827 1879 2866 au-

218 2898 345 2955 tem
377 2895 570 2953 omnia
608 2897 762 2954 bona
795 2914 830 2953 a
859 2897 1069 2970 seipsis
1101 2901 1328 2970 petunt,
1356 2897 1451 2954 his
1480 2898 1626 2954 nihil
1658 2899 1882 2955 malum

220 2990 419 3061 potest
445 2986 599 3044 22'2
620 2986 802 3043 videri
825 2987 982 3058 quod
995 2991 1228 3065 naturae
1259 2987 1580 3043 necessitas
1602 2988 1824 3045 afferat.
1850 3011 1878 3040 »

219 3074 437 3134 Omnia
456 3075 610 3132 bona
626 3092 660 3131 a
682 3091 816 3131 vero
836 3075 954 3131 Deo
986 3091 1101 3131 non
1124 3092 1158 3130 a
1180 3092 1242 3130 se
1264 3075 1408 3148 ipsis
1438 3079 1664 3148 petunt,
1692 3078 1883 3134 Marce

222 3162 405 3233 Tulli,
439 3163 708 3232 dixisses,
738 3169 795 3220 et
825 3164 996 3221 nobis
1028 3181 1144 3220 non
1174 3169 1295 3220 tam
1341 3164 1651 3237 splendore
1680 3160 1883 3222 verbo:

1986 2007 2573 2079 gitori,sciamusque
2597 2024 2707 2063 nos
2737 2007 2884 2063 nihil
2917 2023 3047 2064 esse
3075 2007 3190 2063 nisi
3219 2009 3374 2080 quod
3405 2007 3645 2064 donavit

1986 2097 2047 2152 in
2071 2097 2240 2153 nobis
2262 2096 2388 2169 ipse
2409 2095 2740 2152 servaverit.
2772 2097 2917 2151 Item
2951 2094 3088 2151 alibi
3110 2096 3171 2151 in
3193 2094 3642 2154 Deuteronomio

1988 2186 2293 2260 perspicue
2322 2186 2765 2241 demonstratur
2783 2201 2898 2239 non
2922 2185 3197 2257 operibus
3228 2185 3447 2241 nostris
3464 2190 3644 2257 atque

1980 2274 2236 2347 justitia,
2270 2275 2373 2331 sed
2406 2273 2504 2330 Dei
2548 2290 2657 2330 nos
2707 2273 3112 2329 misericordia
3140 2273 3490 2329 conservari.
3522 2274 3644 2331 Nora

1978 2366 2208 2438 justitia
2256 2370 2350 2420 tua
2410 2364 2674 2419 Dominus
2731 2363 2870 2418 Deus
2928 2370 3054 2419 tuus
3105 2361 3258 2418 dabit
3301 2363 3403 2418 tibi
3430 2369 3642 2419 terram

1989 2456 2249 2526 optimam
2297 2461 2361 2508 ut
2401 2451 2678 2524 possideas
2732 2468 2873 2519 eam,
2907 2453 3040 2524 quia
3078 2453 3315 2524 populus
3344 2451 3498 2507 durae
3524 2465 3643 2508 cer-

1988 2546 2125 2599 vicis
2180 2559 2235 2598 es
2293 2550 2350 2598 tu
2398 2543 2707 2614 (Deut.1x).
2742 2541 2889 2597 Item
2943 2545 3076 2613 post
3134 2540 3476 2613 aliquanta:
3536 2541 3645 2597 Pro

1988 2633 2168 2688 nihilo
2212 2633 2403 2687 salvos.
2431 2632 2600 2702 facies
2646 2646 2734 2685 eos
2766 2630 2934 2701 (Psal.
2968 2632 3074 2698 LV),
3111 2630 3177 2702 (ε)
3206 2630 3364 2685 haud
3395 2629 3645 2686 dubium

1993 2721 2133 2794 quin
2159 2721 2376 2791 justos,
2412 2720 2552 2793 quia
2584 2736 2700 2775 non
2732 2719 2966 2792 pr0prio
2996 2718 3224 2786 merito,
3259 2719 3362 2774 sed
3394 2718 3495 2774 Dei
3525 2717 3647 2776 sal-

1989 2815 2203 2866 vantur
2229 2809 2559 2865 clementia.
2615 2812 2759 2864 Item
2811 2808 2950 2863 alibi
3004 2806 3063 2862 in
3111 2807 3469 2879 expositione
3512 2823 3647 2864 sen-

1991 2900 2183 2955 tentiae
2218 2916 2232 2954 :
2265 2904 2382 2957 Nan
2431 2899 2700 2967 glorietur
2748 2899 2971 2969 sapiens
3021 2899 3083 2953 in
3128 2899 3405 2970 sapientia
3440 2914 3565 2964 sua,
3597 2905 3652 2954 et

1990 3005 2105 3045 non
2132 2989 2398 3057 glorietur
2432 2989 2597 3060 fortis
2629 2989 2691 3043 in
2726 2986 3054 3059 fortitudine
3081 3002 3203 3053 sua,
3234 2994 3287 3042 et
3308 3003 3416 3042 non
3445 2988 3646 3063 glorie-

1994 3085 2087 3133 tur
2139 3078 2287 3133 dives
2334 3078 2392 3132 in
2450 3077 2663 3133 divitiis
2710 3078 2848 3144 suis,
2878 3076 2971 3132 sed
3014 3078 3077 3131 in
3119 3077 3219 3137 hoc
3259 3077 3524 3147 glorietur
3551 3077 3650 3149 qui

1991 3167 2283 3237 gloriatur,
2313 3167 2454 3221 scire
2499 3173 2550 3220 et
2596 3164 2904 3236 intelligere
2950 3171 3002 3219 et
3043 3178 3199 3219 nosse
3251 3179 3357 3231 me,
3391 3165 3523 3235 quia
3551 3179 3649 3233 ego

218 3268 362 3311 rum
393 3269 573 3326 quam
602 3254 903 3309 sententiae
932 3253 1174 3309 veritate
1222 3253 1567 3326 placuisses.
1600 3254 1882 3327 Virgilius
1922 3322 1954 3327 _
1991 3271 2113 3310 sum
2146 3255 2433 3321 Dominus,
2467 3254 2564 3325 qui
2583 3254 2728 3325 facio
2756 3250 3195 3307 misericordiam
3221 3258 3275 3308 et
3290 3251 3569 3323 judicium
3595 3259 3650 3307 et

223 3322 430 3414 etiam;
448 3346 513 3397 ut
532 3341 831 3398 hominem
862 3341 1057 3398 decuit
1078 3322 1306 3415 poetica
1330 3343 1608 3415 ﬁgmenta
1629 3322 1881 3399 tractan-
1913 3322 1956 3387 δ
1986 3343 2269 3413 justitiam
2296 3343 2360 3397 in
2390 3322 2541 3397 terra
2572 3322 2708 3414 (der.
2742 3340 2841 3413 1x).
2865 3339 2974 3396 Ubi
3003 3342 3163 3404 sunt,
3190 3322 3405 3411 inquit,
3430 3338 3530 3411 qui
3563 3337 3649 3394 di-

210 3437 370 3499 ‘tem,
402 3430 560 3487 aliud
594 3447 774 3504 agens
801 3430 917 3486 tale
946 3429 1087 3503 quid
1115 3430 1464 3504 signiﬁcavit
1489 3432 1682 3503 potius
1705 3448 1883 3505 quam

214 3520 538 3593 expressit,
560 3520 689 3593 Spes
717 3520 828 3577 sibi
855 3522 1100 3592 quisque.
1131 3520 1175 3576 Ο
1205 3520 1434 3576 utinam
1466 3520 1726 3589 dixisset,
1761 3522 1882 3577 cui-

214 3624 347 3683 -que
378 3610 533 3666 Deus
559 3626 733 3666 verus
763 3626 918 3682 spes,
952 3612 1009 3665 et
1037 3609 1403 3676 credidisset,
1436 3625 1541 3665 nec
1572 3611 1643 3666 de
1680 3611 1883 3667 Maece-

216 3701 362 3756 nate
393 3697 709 3770 adulando,
731 3699 832 3754 sed
860 3698 931 3753 de
952 3698 1154 3753 eodem
1186 3714 1319 3754 vero
1342 3701 1400 3754 et
1422 3698 1545 3754 solo
1573 3704 1683 3755 Deo
1704 3701 1883 3773 probe

219 3802 578 3861 summeque
608 3788 870 3844 canendo
900 3786 1241 3859 protulisset
1275 3803 1288 3844 :
1326 3789 1391 3844 Te
1419 3790 1540 3843 sine
1580 3790 1665 3844 ml
1707 3790 1884 3846 altum

190 3890 375 3934 “mens
404 3877 644 3933 inchoat.
678 3875 875 3933 Nostri
907 3878 1102 3932 autem
1136 3880 1427 3941 auctores,
1451 3877 1619 3933 facile
1650 3879 1880 3951 sapien-

214 3966 307 4022 tia
332 3964 684 4038 superiores,
718 3964 859 4037 quia
889 3964 1088 4020 divina
1117 3964 1453 4037 eloquentia
1480 3982 1673 4038 pares,
1699 3985 1879 4040 quam

170 4044 359 4113 ~cum
385 4052 591 4111 volunt
619 4057 882 4122 exerunt,
916 4069 1051 4109 cum
1095 4052 1300 4109 volunt
1347 4054 1736 4123 abscondunt,
1771 4060 1879 4129 Cy-

213 4143 495 4218 prianum
516 4142 746 4215 loquor,
756 4142 1180 4215 Augustinum,
1195 4142 1883 4216 Hieronymum,Ambro-

214 4233 378 4290 sium
408 4234 465 4289 et
494 4233 785 4305 quosdam
817 4231 984 4301 alios,
1017 4236 1075 4287 et
1102 4236 1360 4287 mentem
1400 4232 1730 4289 divinorum
1761 4234 1880 4291 elo-

217 4322 499 4396 quiorum
521 4321 759 4393 penitus
782 4321 1182 4393 inspexerunt,
1196 4325 1254 4378 et
1273 4321 1440 4377 nobis
1462 4321 1880 4380 salubriterex-

217 4414 584 4486 presserunt.
608 4409 844 4467 Scilicet
873 4426 1042 4483 egere
1075 4426 1180 4467 nos
1201 4409 1261 4464 in
1284 4411 1505 4467 bonum
1539 4411 1780 4468 arbitrio
1810 4411 1878 4466 li-

208 4500 502 4570 iberando,
517 4501 575 4555 et
586 4499 687 4555 Dei
702 4499 952 4571 gratiam
972 4516 1085 4554 non
1107 4500 1432 4555 secundum
1450 4500 1659 4556 merita
1678 4505 1881 4558 nostra

218 4586 371 4644 dari.
398 4587 597 4660 Itaque
616 4590 698 4657 (a)
719 4587 1184 4660 gloriosissimus
1216 4592 1440 4661 martyr
1467 4589 1793 4662 Cyprianus
1822 4595 1881 4647 et

1994 3436 2136 3487 cunt
2186 3430 2421 3505 proprio
2477 3429 2779 3486 hominem
2839 3428 2960 3501 regi
3019 3427 3280 3496 arbitrio,
3315 3426 3400 3483 sic
3446 3427 3647 3484 datam

1992 3520 2160 3576 liberi
2188 3518 2410 3576 arbitrii
2444 3522 2789 3591 potestatem
2822 3522 2889 3574 ut
2918 3516 3018 3573 Dei
3050 3515 3454 3573 misericordia
3474 3515 3648 3573 tolle-

1992 3614 2155 3665 retur
2180 3613 2355 3682 atque
2369 3608 2600 3680 justitia
2619 3607 2649 3663 ?
2672 3608 2800 3680 Ipse
2831 3612 3026 3662 autem
3057 3605 3436 3679 Augustinus,
3469 3621 3648 3678 quem

1992 3699 2223 3755 nescias
2255 3704 2455 3754 utrum
2498 3713 2694 3753 rerum
2735 3696 3068 3752 inventione
3093 3695 3284 3768 magis
3312 3711 3387 3751 an
3418 3694 3647 3752 dicendi

1992 3788 2268 3844 felicitate
2298 3786 2551 3852 mireris,
2585 3786 2869 3842 delibero
2915 3783 3158 3840 arbitrio
3204 3788 3260 3839 et
3307 3782 3496 3856 gratia
3546 3781 3648 3839 Dei

1990 3880 2156 3932 tanta
2185 3875 2467 3933 disseruit
2498 3880 2563 3930 ut
2592 3875 2821 3948 possint
2848 3873 2945 3929 vix
2965 3874 3037 3929 ab
3062 3871 3259 3946 aliquo
3283 3871 3424 3947 legi,
3447 3871 3649 3928 omnia

1986 3983 2143 4033 vero,
2170 3970 2237 4021 ut
2266 3981 2399 4021 mea
2428 3966 2540 4020 fert
2568 3963 2787 4036 opinio.
2812 3963 2889 4034 (d)
2922 3978 3261 4035 quanquam
3292 3961 3414 4017 sint
3443 3960 3646 4018 claris.

1988 4055 2143 4111 sima
2167 4059 2223 4111 et
2252 4053 2589 4120 utilissima,
2621 4070 2657 4108 a
2706 4052 2940 4108 nemine
2996 4051 3282 4108 memoria
3335 4049 3642 4107 contineri.

1989 4144 2136 4207 Quid
2158 4144 2314 4199 enim
2338 4142 2719 4198 sentiendum
2751 4141 2829 4197 sit
2860 4141 2930 4196 de
2959 4139 3141 4196 libero
3171 4138 3414 4195 arbitrio
3434 4143 3492 4195 et
3510 4154 3643 4211 gra-

1986 4234 2071 4289 tia
2100 4232 2221 4301 Dei,
2256 4231 2409 4287 sicut
2440 4247 2609 4287 nemo
2640 4234 2761 4285 tam
2793 4228 3087 4285 laboriosa
3139 4228 3415 4303 indagine
3460 4225 3644 4283 vesti-

1988 4323 2164 4396 gavit,
2198 4337 2371 4377 nemo
2431 4324 2496 4375 ut
2552 4318 2651 4375 ille
2707 4317 2914 4373 tandiu
2955 4318 3111 4374 224
3138 4316 3407 4384 versavit,
3442 4315 3544 4383 ita,
3574 4319 3642 4372 ut

1987 4428 2130 4484 pace
2162 4414 2509 4466 cunctorum
2556 4407 2825 4473 dixerim,
2857 4406 3058 4462 nullus
3113 4409 3432 4477 utrumque
3474 4410 3643 4462 tanta

1985 4500 2247 4556 veritatis
2269 4498 2622 4573 proprietate
2635 4495 2875 4564 invenit,
2892 4494 3093 4551 nullus
3112 4498 3277 4550 tanta
3290 4492 3640 4566 eloquentia:

1988 4589 2251 4645 ubertate
2273 4582 3310 4657 asseruit,nullusinexpugnabilium
3333 4597 3642 4656 argumen-

218 4676 427 4732 doctor
448 4675 844 4733 suavissimus
875 4675 1074 4731 omnia
1100 4676 1321 4732 nostris
1339 4677 1563 4733 viribus
1585 4679 1876 4749 adimens,
1910 4684 1954 4756 ι)
1984 4682 2180 4733 torum
2229 4677 2396 4749 copia
2440 4679 2607 4730 tanta
2654 4673 2933 4730 defendit.
2969 4671 3218 4728 Proinde
3266 4687 3403 4728 cum
3434 4675 3642 4729 iessent

215 4765 337 4821 Deo
358 4764 689 4836 assignans,
712 4765 1056 4820 brevissime
1076 4765 1275 4820 omnia
1290 4778 1505 4838 genera
1526 4768 1870 4824 meritorum

197 4852 739 4925 -complexus,aitin
757 4852 918 4909 nullo
939 4852 1577 4927 gloriandum,quando
1600 4861 1869 4914 nostrum

215 4940 367 4998 nihil
389 4941 465 4999 sit
485 4943 696 5015 (Cypr.,
721 4942 817 4998 lib.
842 4959 904 4998 III
929 4943 1142 4998 Testim.
1176 4942 1248 4998 ad
1277 4943 1520 5011 Quirin.,
1542 4961 1592 5000 c.
1619 4946 1694 5014 4).
1726 4950 1867 5003 Am-

287 5083 363 5157 (a)
393 5084 698 5158 Gloriosiss.
720 5093 947 5157 martyr
995 5085 1156 5157 Cypr.
1207 5086 1408 5158 Lupus
1434 5086 1629 5158 epist.
1661 5090 1716 5156 3,
1748 5091 1865 5158 glo-

211 5146 393 5230 riosus
449 5146 975 5230 videlicet‘nmrtyr
1027 5146 1360 5230 Cyprianus.
1423 5146 1863 5230 Ep‘istola'l'28,

208 5226 448 5310 Sanctus
485 5228 822 5300 Cyprianus,
853 5226 1089 5303 martyr
1108 5226 1559 5301 gloriosissimus,
1596 5238 1650 5286 et
1683 5226 1867 5288 doctor

209 5314 589 5355 suavissimus.
1261 5332 1266 5337 θ

284 5369 360 5444 _(b)
390 5367 663 5444 Singulari
688 5368 955 5444 doctrina.
988 5370 1051 5444 id
1081 5374 1188 5437 est,
1220 5371 1486 5444 saeculari
1516 5371 1860 5444 litteratura,

206 5437 301 5514 vel
332 5437 682 5514 eruditione,
715 5445 780 5497 ut
807 5441 954 5497 dixit
986 5442 1184 5514 Lupus
1216 5442 1279 5503 in
1306 5442 1479 5514 epist.
1511 5444 1581 5500 30
1612 5448 1668 5499 et
1696 5447 1787 5500 68.

282 5510 352 5582 (ε)
376 5510 794 5585 Hauddubium
848 5514 984 5585 quin
1022 5510 1222 5585 ‘juslos.
1257 5510 1744 5571 Familiarissima
1774 5520 1862 5573 est

248 5580 442 5661 hrasis
473 5582 676 5661 isthasc
697 5580 884 5661 _Lupo
931 5580 1152 5661 nostra.
1184 5589 1252 5661 In
1284 5585 1531 5661 epistola
1561 5587 1856 5661 quippei,

228 5604 442 5637 mrasts
473 5604 676 5639 ιεωωο
723 5604 884 5656 Lupo
931 5604 1152 5640 noetro.
1188 5604 1252 5639 1n
1284 5604 1531 5657 eplswla
1561 5604 1657 5659 qui
1706 5604 1775 5661 pe
1805 5604 1856 5658 4,

228 5652 673 5735 ῃᾳάαηειᾳομφ
694 5653 880 5735 istum
896 5669 967 5735 ex
982 5653 1240 5735 Epistola
1269 5658 1527 5712 secunda
1552 5659 1632 5735 ad
1663 5604 1862 5735 scrin:

205 5723 402 5798 thios:
436 5726 681 5782 Tristitia
707 5726 906 5784 saeculi
933 5723 1162 5782 mortem
1188 5736 1461 5798 operatur.
1497 5729 1680 5796 addit,
1712 5732 1862 5788 haud

209 5794 443 5853 dubium
481 5797 619 5869 quin
654 5798 982 5870 spiritalem.
1013 5798 1083 5855 Et
1112 5798 1173 5854 in
1202 5794 1449 5871 epistola
1476 5801 1564 5870 30,
1599 5794 1731 5875 pag.
1765 5805 1857 5872 60,

1982 4766 2143 4822 illius
2173 4765 2372 4822 omnia
2402 4764 2626 4837 optima
2643 4768 2702 4819 et
2732 4777 2877 4835 pene
2905 4761 3240 4827 innumera,
3272 4760 3638 4817 haesitaveru-

1979 4872 2093 4929 que
2123 4855 2263 4928 quid
2296 4854 2675 4926 potissimum
2705 4856 2862 4909 esset
2894 4850 3267 4925 eligendum,
3298 4850 3481 4906 statui
3504 4853 3636 4904 «stu-

1968 4945 2213 5001 diosum
2245 4945 2318 5000 ad
2346 4942 2585 4999 illorum
2616 4941 2863 4998 invitare
2891 4941 3225 5007 lectionem,
3255 4955 3383 5010 quis
3417 4937 3638 4995 nostris

1977 5090 2166 5147 citans
2176 5087 2370 5143 locum
2385 5085 2552 5141 illum
2564 5080 3631 5158 Augustini,vitam,quidcm§uam,etc.

1976 5161 2161 5225 addit,
2194 5158 2341 5214 haud
2370 5158 2596 5213 dubium
2628 5150 2765 5229 quin
2809 5150 3059 5229 spiritus.
3095 5150 3191 5208 Sic
3218 5152 3281 5207 in
3313 5153 3430 5207 ﬁne
3447 5150 3630 5229 ietius

1974 5232 2076 5288 lib.
2111 5222 2243 5303 pag.
2265 5231 2365 5285 241
2393 5222 2658 5303 afferensi
2661 5222 2853 5303 locum
2884 5224 3054 5281 illum
3076 5242 3145 5279 ex
3167 5240 3294 5303 cap.
3316 5241 3421 5303 vni
3447 5222 3630 5303 Epist,

1975 5304 2046 5358 ad
2079 5294 2324 5358 Roman.
2350 5300 2754 5372 propriofilio
2782 5313 2921 5372 _n_on
2972 5294 3465 5372 pepercit,‘addit,.
3485 5294 3635 5350 haud

1973 5371 2204 5430 dubium
2233 5364 2368 5445 quin
2386 5369 2758 5445 _Deus._Si_cAin
2781 5369 2914 5445 Vita
2942 5364 3133 5445 sancti
3164 5364 3470 5445 Maximini
3498 5380 3630 5438 cap.

1973 5448 2025 5513 4,
2058 5462 2194 5517 pag.
2224 5438 2351 5511 279,
2378 5442 2782 5517 hauddubium
2804 5440 2941 5517 quin
2970 5438 3322 5517 Maximinus.

2102 5464 2194 5517 ag.
2224 5464 2351 5511 zw,
2378 5464 2525 5498 naua
2552 5464 2782 5496 (malum
2804 5464 2941 5511 qum
2970 5464 3322 5494 meiwunmus.

2045 5464 2117 5599 ὅ)
2152 5517 2473 5599 Quanquam
2496 5506 3633 5599 ausurusausurussuper

1971 5579 2560 5645 clarissima'scribit.
2593 5583 2686 5639 Sic
2716 5583 2775 5638 in
2798 5581 3048 5654 epistola
3066 5579 3166 5654 ΒΟ,
3199 5581 3270 5636 de
3295 5579 3499 5654 eodem
3525 5580 3633 5631 Au-

1971 5660 2206 5733 gustino
2228 5656 2624 5733 loquens,ait:
2650 5650 2916 5733 Hactenus
2943 5653 3076 5733 quid
3106 5653 3225 5733 haec
3250 5652 3417 5733 uerba
3446 5650 3635 5705 obseu-

1966 5724 2157 5788 r'itatis
2207 5724 2437 5801 pariant
2487 5744 2603 5784 non
2656 5727 2829 5783 video.
2864 5724 3072 5802 Quippe
3125 5724 3469 5785 clarissimus
3523 5736 3631 5783 att-

1970 5811 2105 5869 etor,
2132 5806 2249 5858 etc.
