4108 6476
505 419 627 486 635

1501 418 1575 483 B.
1624 420 1689 484 S.
1736 418 1919 484 LUPI
1961 415 2295 481 ABBATIS
2343 412 2940 480 FERRARIENSIS.

3807 412 3932 478 636

507 554 881 632 praecognitis
912 551 1144 613 facilius
1173 552 1384 629 poterit
1405 556 1727 627 penetrare,
1753 571 1930 626 quam
1954 552 2158 626 paucis
2192 552 2241 619 Α
2272 551 2427 607 unde
2457 550 2738 607 inﬂentur
2765 547 3016 619 liberati,
3049 548 3190 623 quia
3219 548 3376 623 quod
3420 566 3538 607 non
3588 555 3931 608 meruerant

508 645 735 722 positis,
761 645 1059 701 similibus
1083 643 1491 700 melioribusve
1523 643 1812 698 fraudare.
1840 643 1956 698 Hoc
1977 658 2163 697 unum

505 741 703 793 tamen
730 734 1025 793 occultare
1048 750 1163 789 non
1196 750 1409 805 passus
1438 749 1571 787 sum
1604 732 1761 804 quod
1792 731 1944 786 inter
1963 731 2078 786 alia
2094 731 2164 785 de

504 824 687 882 libero
743 824 983 881 arbitrio
1030 822 1369 879 acutissime
1424 820 1827 893 deprehendit.
1864 820 2160 885 Liberum,

505 914 720 988 inquit,
750 911 1056 970 arbitrium
1103 909 1477 984 congenitum
1503 914 1560 965 et
1589 909 1829 965 omnino
1861 908 2163 964 inamissi-

507 1004 625 1061 bile
655 1004 705 1059 si
737 1001 1075 1076 quaerimus,
1107 999 1253 1055 illud
1299 1005 1389 1055 est
1436 1016 1553 1070 quo
1601 999 1756 1054 beati
1800 1015 1931 1054 esse
1958 997 2165 1053 volunt

506 1093 683 1150 etiam
696 1092 755 1148 hi
774 1090 874 1163 qui
891 1108 957 1146 ea
975 1088 1182 1144 nolunt
1211 1106 1340 1161 quae
1372 1088 1443 1143 ad
1465 1087 1889 1144 beatitudinem
1912 1088 2158 1142 ducunt.

504 1183 621 1238 Nec
641 1181 958 1237 arbitretur
979 1178 1197 1250 aliquis
1220 1182 1319 1233 aut
1344 1180 1536 1232 tantos
1567 1177 1722 1233 viros
1749 1181 1850 1232 aut
1870 1193 1977 1232 nos
2008 1177 2163 1232 bona

506 1289 634 1344 qua
663 1272 816 1326 dono
842 1268 941 1324 Dei
974 1266 1395 1339 consequimur
1421 1266 1507 1323 sic
1537 1267 1688 1321 dona
1728 1267 1857 1337 ejus
1900 1282 2162 1322 asserere

503 1364 571 1416 ut
590 1377 704 1415 non
727 1359 847 1414 sint
866 1357 1043 1413 etiam
1069 1361 1290 1412 nostra.
1316 1357 1466 1411 Sunt
1484 1356 1740 1427 profecto
1763 1355 1885 1424 Dei,
1912 1372 1978 1410 ac
2000 1354 2160 1428 prin-

503 1449 788 1522 cipaliter,
823 1448 965 1520 quia
994 1447 1067 1502 ab
1102 1445 1202 1501 illo
1233 1446 1707 1501 donantur.Sunt
1732 1448 2161 1517 consequenter

504 1543 563 1596 et
582 1539 739 1594 bona
768 1543 991 1593 nostra.
1021 1535 1162 1606 quia
1203 1534 1373 1591 nobis
1403 1534 1477 1590 ab
1508 1533 1606 1590 illo
1637 1550 1766 1589 esse
1798 1535 2157 1602 creduntur;

504 1633 726 1685 etcum
773 1625 995 1698 aliquid
1046 1624 1184 1680 boni
1233 1623 1513 1679 molimur
1559 1622 1645 1678 vel
1692 1623 1944 1696 agimus,
1978 1626 2067 1679 est
2100 1622 2159 1677 in

506 1716 676 1773 nobis
707 1715 959 1771 liberum
992 1713 1322 1781 arbitrium,
1356 1712 1496 1785 quia
1542 1713 1761 1784 peccati
1811 1713 2019 1767 aﬂ‘ectu
2058 1710 2160 1766 Dei

506 1805 695 1880 gratia
714 1804 1051 1861 liberatum.
1079 1803 1355 1874 Idemque
1385 1819 1533 1873 opus
1558 1805 1613 1856 et
1635 1802 1735 1857 Dei
1761 1806 1871 1870 est,
1894 1801 1992 1873 qui
2025 1817 2159 1873 ope-

507 1900 673 1951 ratur
692 1894 752 1949 in
774 1893 978 1961 nobis;
1012 1898 1069 1948 et
1098 1896 1363 1947 nostrum
1398 1895 1506 1961 est,
1535 1890 1673 1963 quia
1700 1890 1996 1946 voluntate
2019 1890 2158 1945 faci-

507 2000 643 2040 mus
674 1984 830 2055 quod
863 1985 1217 2054 praeceptum
1249 1983 1339 2036 est
1368 1979 1966 2052 nobis.Cogitationes
1997 1979 2160 2034 bonae

505 2072 604 2129 Dei
628 2076 788 2138 sunt,
813 2069 952 2143 quia
972 2070 1141 2126 nobis
1172 2070 1468 2124 donantur
1496 2070 1569 2125 ab
1603 2068 1721 2135 illo,
1748 2073 1813 2124 ut
1844 2068 2160 2142 apostolico

505 2161 780 2235 superius
800 2159 1063 2217 constitit
1091 2160 1443 2214 documento
1469 2176 1482 2214 :
1515 2160 1635 2215 Non
1663 2158 1805 2231 quod
1830 2160 2161 2231 sufﬁcientes

502 2253 676 2308 simus
730 2252 969 2320 cogitare
1027 2247 1241 2320 aliquid
1271 2265 1305 2302 α
1348 2249 1506 2304 nobis
1550 2250 1712 2320 quasi
1753 2264 1824 2303 ea:
1868 2249 2046 2315 nobis,
2072 2248 2162 2303 sed

501 2340 839 2415 sufﬁcientia
868 2345 1056 2395 nostra
1080 2353 1149 2393 ea:
1177 2337 1282 2393 Deo
1319 2344 1398 2392 est
1448 2338 1521 2408 (II
1550 2338 1669 2393 Cor.
1697 2340 1781 2409 ιιι)
1809 2354 1822 2405 ;
1856 2340 1913 2391 et
1942 2336 2157 2392 eaedem

504 2433 720 2486 nostris
750 2431 911 2494 sunt,
943 2426 1082 2500 quia
1110 2425 1361 2498 Spiritus
1409 2426 1503 2481 Dei
1538 2426 1814 2481 admonet
1847 2443 1858 2481 :
1890 2428 2044 2482 laeta
2071 2441 2159 2481 co-

502 2520 739 2588 gitatum
786 2524 942 2572 tuum
983 2517 1045 2570 in
1092 2516 1351 2581 Domino,
1384 2522 1434 2570 et
1480 2517 1592 2586 ipse
1638 2523 1686 2571 te
1713 2517 1953 2572 enutriet
1983 2515 2156 2586 (Psal.

505 2607 635 2680 le).
668 2605 977 2662 Conversio
1036 2607 1240 2660 nostra
1297 2604 1394 2659 Dei
1456 2607 1563 2671 cst,
1597 2604 1691 2659 cui
1747 2603 2155 2677 supplicatur:

505 2696 763 2753 Converte
807 2711 927 2762 nos,
980 2698 1126 2749 Deus
1173 2694 1442 2748 salutaris
1487 2699 1669 2748 noster
1706 2694 1876 2762 (Psal.
1913 2693 2155 2764 Lxxxn);

504 2789 562 2842 et
589 2785 794 2841 eadem
826 2786 1028 2839 nostra
1059 2781 1210 2839 225
1242 2786 1352 2849 est,
1386 2781 1525 2853 quia
1562 2781 1843 2838 divinitus
1865 2782 2112 2853 jubetur
2140 2798 2153 2836 ε

505 2874 909 2931 Convertimini
934 2872 1005 2927 ad
1032 2888 1119 2929 me
1148 2873 1211 2927 in
1238 2879 1345 2927 toto
1374 2872 1534 2927 corde
1560 2880 1733 2927 vestro
1763 2872 1916 2939 (Joel.
1952 2875 2035 2939 II).
2070 2873 2159 2926 ln-

502 2963 740 3020 clinatio
790 2961 983 3019 cordis
1032 2960 1216 3017 nostri
1267 2961 1339 3016 ad
1388 2965 1675 3033 praecepta
1729 2961 1849 3027 Dei,
1882 2966 1939 3017 et
1969 2961 2156 3033 ipsius

502 3055 603 3110 Dei
624 3057 732 3123 est,
748 3069 924 3125 quem
948 3050 1252 3123 placamus
1264 3050 1358 3107 his
1371 3050 1441 3106 ab
1454 3051 1659 3107 eodem
1681 3051 1834 3107 docti
1850 3051 2150 3124 precibus:

502 3143 721 3200 Inclina
766 3158 860 3199 cor
904 3158 1088 3197 meum
1134 3142 1195 3196 in
1242 3142 1552 3197 testimonia
1589 3149 1686 3195 tua
1714 3142 1886 3209 (Psal.
1920 3141 2150 3213 cxvm);

499 3235 558 3289 et
577 3233 780 3289 eadem
804 3230 1104 3287 inclinatio
1124 3235 1327 3286 nostra
1346 3233 1453 3296 est,
1481 3230 1621 3303 quia
1640 3229 1968 3287 volentibus
1986 3229 2154 3286 nobis

2275 644 2642 713 acceperunt.
2666 641 2790 696 Non
2820 644 2910 696 est
2930 640 3084 695 unde
3116 643 3438 712 querantur
3468 639 3754 707 damnati,
3789 639 3929 713 quia

2274 730 2420 786 nihil
2448 730 2562 786 nisi
2584 730 2739 802 quod
2765 734 3101 786 meruerant
3121 728 3379 801 perferre
3400 729 3583 785 coacti
3617 734 3778 786 sunt.
3813 730 3930 786 Cur

2274 825 2470 876 autem
2488 820 2632 875 istos
2646 837 2758 876 non
2786 819 2917 875 illos
2940 819 3123 875 salvet
3142 819 3318 887 Deus,
3345 823 3449 875 aut
3471 836 3578 875 cur
3597 836 3713 875 non
3733 820 3928 892 potius

2272 907 2419 965 istos
2468 925 2646 981 quam
2703 908 2857 979 illos,
2898 909 3027 980 jam
3085 907 3192 963 hoc
3243 925 3424 981 supra
3479 907 3780 964 hominem
3811 912 3920 972 est,

2272 1014 2378 1053 nec
2400 998 2470 1070 (b)
2495 997 2699 1054 secreti
2722 998 2845 1068 Dei,
2872 997 3192 1071 praesertim
3218 998 3388 1066 tanti,
3405 1014 3583 1075 causa
3604 998 3927 1069 exspectari

2271 1087 2444 1143 debet
2471 1088 2543 1143 ab
2575 1087 2832 1143 homine.
2865 1090 3004 1159 Quis
3059 1090 3309 1157 cognovit
3361 1104 3583 1144 sensum
3627 1089 3781 1145 226
3824 1093 3929 1144 Do-

2268 1177 2432 1243 mini,
2492 1186 2588 1233 aut
2644 1178 2770 1248 quis
2825 1178 3179 1233 consiliarius
3235 1178 3354 1250 ejus
3408 1179 3564 1249 fuit?
3616 1180 3790 1251 (Rom.
3823 1178 3924 1248 Ix).

2271 1266 2477 1339 Igitur,
2510 1272 2575 1321 ut
2602 1266 2755 1321 idem
2787 1266 2886 1333 ait,
2932 1267 2997 1339 (c)
3031 1267 3186 1338 cujus
3214 1267 3333 1322 vult
3358 1269 3669 1335 miseretur,
3697 1275 3750 1323 et
3766 1283 3928 1340 quem

2267 1356 2387 1410 vult
2416 1355 2639 1411 indurat
2669 1356 2842 1421 (Rom.
2888 1356 2980 1428 Ix).
3016 1355 3325 1412 Miseretur
3353 1356 3705 1412 exuberante
3759 1356 3928 1411 boni-

2268 1447 2408 1511 tate,
2441 1444 2682 1500 indurat
2712 1442 2875 1500 nulla
2904 1444 3298 1501 intercedente
3329 1444 3660 1518 iniquitate.
3686 1445 3929 1501 lndurat

2270 1537 2489 1601 autem,
2522 1551 2639 1590 non
2695 1534 2767 1589 ad
2827 1538 3133 1607 peccatum
3187 1534 3560 1606 impellendo,
3607 1537 3747 1591 Deus
3776 1537 3926 1591 enim

2270 1625 2569 1679 intentator
2610 1624 2887 1679 malorum
2931 1631 3010 1679 est
3057 1627 3197 1691 (Jac.
3235 1626 3297 1693 ι),
3333 1625 3432 1680 sed
3468 1623 3527 1680 in
3558 1628 3796 1697 peccato
3827 1625 3928 1680 de-

2269 1713 2536 1780 serendo,
2562 1712 2701 1785 quia
2732 1712 2858 1785 ipse
2879 1729 3130 1785 quorum
3148 1713 3275 1768 vult
3295 1712 3488 1769 solum
3520 1712 3797 1770 liberator
3818 1718 3928 1770 est.

2257 1768 2339 1855 .Et
2371 1768 2673 1873 utique‘ut
2701 1768 2789 1857 est
2819 1768 3233 1874 qubrumdam,
3270 1802 3316 1858 si
3348 1802 3631 1859 voluisset
3667 1820 3797 1859 esse
3827 1819 3931 1876 po-

2271 1890 2481 1946 tuisset
2511 1896 2567 1946 et
2596 1891 2885 1946 omnium.
2919 1892 3129 1946 Omnia
3161 1891 3318 1947 enim
3353 1908 3719 1964 quaecunque
3746 1891 3937 1948 voluit

2273 1978 2559 2034 Dominus
2592 1979 2728 2035 fecit
2756 1979 2817 2034 in
2847 1979 2991 2036 ccelo
3040 1985 3098 2035 et
3147 1980 3204 2035 in
3255 1985 3431 2037 terra.
3463 1981 3575 2037 Sed
3626 1981 3708 2037 ita
3748 1981 3937 2037 voluit

2274 2084 2538 2124 exercere
2585 2068 3073 2136 misericordiam,
3107 2087 3179 2125 ne
3236 2070 3296 2125 in
3357 2069 3552 2143 aliquo
3605 2070 3937 2127 inﬁrmaret

2263 2157 2735 2229 justitiam.Nam
2758 2159 2913 2230 quod
2937 2158 3288 2215 venerabilis
3311 2159 3525 2216 Paulus
3547 2160 3664 2216 ait:
3688 2162 3803 2230 Qui
3814 2162 3932 2217 vult

2270 2263 2453 2303 omnes
2495 2249 2739 2304 homines
2766 2250 2945 2304 salvos
2974 2250 3102 2320 ﬁeri
3131 2252 3183 2318 (ι
3218 2251 3350 2305 Tim.
3386 2250 3468 2322 ιι),
3502 2266 3618 2305 non
3660 2250 3744 2306 sic
3772 2251 3929 2306 acci-

2270 2336 2550 2408 piendum
2574 2342 2662 2393 est
2681 2338 2846 2410 quasi
2861 2355 2994 2393 cum
3018 2338 3173 2393 Deus
3193 2338 3330 2394 velit
3349 2339 3699 2412 generaliter
3717 2356 3926 2396 omnes

2269 2426 2393 2481 fieri
2417 2425 2628 2493 salvos,
2648 2426 3002 2499 quibusdam
3027 2427 3481 2500 impedientibus
3510 2428 3930 2500 impotentissi-

2270 2514 2404 2583 mis,
2438 2532 2553 2571 non
2584 2515 2775 2571 valeat
2819 2515 3428 2588 omnipotentissimus
3475 2516 3719 2590 implere
3763 2520 3923 2591 quod

2268 2602 2427 2672 velit,
2451 2605 2551 2659 scd
2582 2605 2665 2659 ita
2692 2605 2906 2677 potius,
2933 2605 3089 2677 quod
3121 2604 3236 2660 illis
3268 2606 3388 2661 sive
3416 2605 3769 2676 volentibus,
3803 2607 3926 2662 sive

2269 2691 2606 2749 nolentibus
2631 2697 2791 2762 (nam
2825 2693 3023 2766 plures
3050 2694 3108 2748 in
3142 2693 3397 2750 infantili
3428 2698 3594 2751 actate
3619 2695 3925 2768 baptizati,

2267 2780 2478 2836 horum
2502 2799 2618 2838 non
2640 2782 2922 2839 habentes
2941 2782 3420 2851 discrimen,mox
3440 2783 3559 2839 vita
3578 2785 3925 2843 excedentes

2265 2871 2783 2926 transferunturad
2798 2870 3396 2945 gloriam),salvantur
3415 2889 3619 2929 omnes
3636 2890 3929 2946 quoscun-

2267 2977 2381 3031 que
2412 2959 2509 3016 ille
2540 2959 2762 3016 salvare
2790 2960 3055 3016 voluerit.
3091 2962 3307 3017 Omnes
3364 2979 3501 3035 ergo
3556 2962 3683 3019 vult
3728 2963 3923 3020 salvos

2265 3049 2386 3106 ﬁeri
2412 3050 2701 3119 homines,
2718 3051 2819 3106 sed
2834 3067 2949 3106 non
2963 3050 3109 3106 alios
3132 3067 3311 3124 quam
3333 3051 3434 3124 qui
3458 3052 3775 3107 salvantur.
3795 3055 3922 3118 Quo

2265 3138 2607 3195 elocutionis
2639 3156 2849 3213 genere
2883 3157 3026 3195 usus
3052 3145 3144 3196 est
3171 3140 3530 3215 evangelista
3548 3140 3807 3197 Joannes
3828 3141 3922 3196 his

2264 3228 2456 3285 verbis
2490 3246 2503 3283 :
2535 3231 2648 3300 Qui
2676 3230 2961 3285 illuminat
2986 3246 3201 3285 omnem
3231 3230 3508 3286 hominem
3535 3232 3841 3287 venientem
3861 3233 3923 3287 in

498 3325 607 3378 est.
632 3320 796 3378 Unde
829 3337 946 3377 non
978 3319 1124 3375 falso
1154 3318 1514 3392 gloriamur:
1550 3320 1829 3376 Inetinavi
1854 3336 1947 3374 cor
1970 3336 2154 3375 meum
2183 3292 2227 3359 θ
2265 3317 2412 3374 hunc
2432 3319 2702 3374 mundum
2731 3320 2909 3386 (Joan.
2940 3319 2999 3391 1),
3036 3336 3152 3375 non
3200 3335 3314 3392 quo
3363 3320 3497 3376 fidei
3546 3319 3675 3376 luce
3714 3336 3922 3377 omnes

497 3410 570 3467 ad
607 3410 891 3483 faciendas
938 3410 1356 3482 justiﬁeationes
1408 3415 1530 3464 tuas
1574 3410 1635 3464 in
1678 3417 1951 3466 (aeternum
1981 3410 2150 3478 (Psal.

495 3502 658 3573 exn).
689 3500 985 3555 Postremo
1006 3498 1204 3554 omnia
1224 3515 1400 3570 opera
1424 3501 1624 3554 nostra
1642 3498 1797 3553 bona
1817 3502 1873 3552 et
1893 3497 1992 3554 Dei
2016 3503 2156 3554 sunt

497 3589 597 3663 qui
629 3589 775 3644 dicit
805 3604 818 3643 :
850 3590 985 3644 Sine
1014 3604 1101 3643 me
1129 3588 1279 3644 nihil
1328 3588 1550 3659 potestis
1595 3590 1775 3659 facere
1806 3587 1987 3659 (Joan.
2019 3587 2110 3659 xv)
2137 3606 2149 3656 ;

495 3683 553 3734 et
583 3679 787 3734 eadem
813 3681 1014 3733 nostra
1044 3681 1204 3743 sunt,
1239 3676 1379 3747 quia
1410 3675 1491 3730 illi
1520 3676 1858 3748 prophetice
1889 3676 2102 3731 dicitur
2137 3694 2148 3732 :

495 3768 743 3833 Domine,
770 3782 966 3838 pacem
993 3764 1064 3820 da
1091 3765 1269 3829 nobis,
1301 3766 1490 3820 omnia
1543 3766 1691 3820 enim
1746 3781 1914 3837 Opera
1968 3773 2154 3821 nostra

495 3863 750 3929 operatus
775 3871 831 3910 es
858 3854 1015 3911 nobis
1053 3854 1179 3925 (Isa.
1209 3853 1383 3925 xxvr).
1419 3854 1762 3910 Nostrorum
1798 3859 1992 3910 autem
2026 3873 2152 3911 om-

496 3946 664 4002 nium
698 3945 989 4000 bonorum
1023 3943 1120 4000 Dei
1151 3943 1342 4016 gratia
1371 3947 1575 3999 auctor
1604 3947 1661 3999 et
1689 3961 1869 4001 causa
1890 3944 2149 4000 est.Nam

496 4040 631 4108 post
662 4038 966 4107 peccatum
1000 4034 1158 4101 Adae,
1191 4032 1251 4087 in
1281 4049 1397 4105 quo
1445 4049 1649 4088 omnes
1695 4034 2064 4105 peccavimus
2095 4040 2152 4090 et

486 4125 652 4198 juste
680 4123 941 4180 damnati
990 4139 1200 4179 sumus
1231 4124 1449 4193 (rectus
1504 4127 1594 4178 est
1648 4122 1803 4178 enim
1864 4123 2150 4179 Dominus

493 4215 649 4272 Deus
672 4216 889 4280 noster,
909 4216 967 4269 et
986 4229 1102 4268 non
1125 4216 1215 4268 est
1243 4211 1525 4284 iniquitas
1541 4212 1595 4267 in
1616 4212 1733 4283 eo);
1759 4213 1900 4284 quid
1933 4230 2151 4269 merea-

491 4306 591 4357 tur
618 4299 802 4356 totius
832 4298 1062 4373 generis
1094 4298 1337 4354 humani
1370 4299 1551 4355 series
1594 4300 1797 4355 vitiata
1827 4304 1883 4375 et
1913 4306 2151 4372 propter

493 4388 779 4462 originale
809 4392 1114 4461 peccatum
1146 4388 1426 4444 damnata
1447 4392 1504 4444 et
1532 4393 1770 4461 propter
1789 4391 2025 4462 propria
2055 4391 2152 4445 ad-

493 4478 635 4544 dita,
668 4478 716 4534 si
751 4478 822 4533 ad
854 4477 1102 4533 activam
1143 4481 1370 4533 aetatem
1423 4478 1755 4545 accesserit,
1788 4479 2146 4547 damnanda,

492 4565 610 4622 nisi
640 4565 996 4639 sempiterna
1025 4566 1355 4638 supplicia?
1377 4567 1505 4622 Haec
1536 4566 1728 4639 plane,
1753 4573 1818 4622 ut
1849 4586 2029 4640 supra
2058 4586 2146 4624 re-

2264 3407 2323 3462 in
2339 3407 2496 3463 hunc
2522 3408 2813 3463 mundum
2837 3407 3135 3464 venientes
3168 3408 3462 3464 illuminat
3491 3409 3670 3482 (quod
3704 3410 3925 3468 sentire

2262 3513 2546 3569 perquam
2569 3498 2894 3553 absurdum
2916 3502 3025 3569 est,
3049 3498 3283 3570 quando
3304 3498 3543 3570 quidem
3576 3497 3774 3572 plures
3795 3498 3931 3555 inﬁ-

2263 3585 2522 3641 delitatis
2553 3586 2811 3642 tenebris
2843 3586 3273 3660 obscurentur),
3298 3587 3397 3643 sed
3419 3603 3518 3643 eos
3536 3585 3808 3644 videlicet
3823 3590 3925 3662 qui

2262 3674 2842 3743 illuminantur,dum
2869 3692 2983 3730 non
3009 3676 3080 3731 ab
3104 3674 3216 3731 alio
3240 3675 3352 3731 nisi
3379 3676 3454 3749 ab
3476 3675 3928 3734 illoilluminan-

2261 3769 2375 3818 tur.
2400 3764 2617 3820 Omnes
2638 3769 2836 3820 autem
2860 3782 2976 3820 non
3008 3781 3242 3837 semper
3270 3764 3711 3822 universitatem
3743 3783 3922 3840 gene-

2261 3853 2688 3922 raliter,verum
2705 3853 3021 3926 aliquando
3034 3854 3431 3926 exceptionem
3449 3856 3769 3927 quamdam
3783 3874 3928 3928 par-

2260 3942 2581 3999 tieulariter
2628 3941 3144 4016 comprehendere,
3178 3944 3354 3999 etiam
3406 3943 3533 4017 ipse
3578 3944 3917 4016 Apostolus,

2260 4032 2331 4088 de
2353 4034 2523 4102 cujus
2545 4031 2902 4088 deliberatur
2923 4032 3230 4100 sententia,
3255 4032 3502 4089 ideneus
3527 4034 3672 4090 227
3712 4039 3920 4091 auctor

2259 4126 2347 4176 est
2377 4122 2474 4177 ubi
2507 4120 2587 4177 ait
2618 4137 2631 4175 :
2665 4122 2819 4177 Sicut
2874 4137 2967 4193 ego
3022 4138 3121 4193 per
3177 4124 3367 4178 omnia
3418 4122 3671 4178 omnibus
3722 4124 3919 4195 placeo

2259 4210 2305 4283 (I
2325 4212 2445 4267 Cor.
2469 4215 2568 4278 VI).
2595 4211 2861 4282 Namque
2899 4214 2964 4265 ut
3003 4214 3226 4266 taceam
3261 4211 3332 4266 de
3364 4212 3585 4283 majore
3610 4210 3805 4268 adhuc
3836 4212 3921 4268 in-

2259 4299 2521 4355 fidelium
2544 4302 2726 4370 parte,
2750 4299 2969 4371 quibus
2990 4299 3245 4371 profecto
3270 4300 3498 4371 placere
3520 4316 3636 4355 non
3669 4305 3915 4371 poterat,

2259 4406 2376 4444 non
2405 4388 2672 4461 placebat
2704 4387 2796 4443 his
2825 4405 2859 4443 a
2889 4388 3106 4460 quibus
3131 4389 3481 4457 caedebatur,
3498 4406 3615 4444 non
3646 4388 3920 4461 placebat

2257 4477 2351 4534 his
2367 4495 2401 4533 a
2425 4477 2642 4550 quibus
2672 4476 3030 4532 obruebatur
3056 4475 3373 4548 lapidibus,
3394 4494 3509 4532 non
3541 4477 3807 4550 placebat
3824 4477 3920 4536 bis

2257 4567 2509 4639 denique
2538 4583 2573 4621 a
2599 4564 2817 4638 quibus
2850 4566 2995 4621 urbe
3037 4564 3198 4621 velut
3245 4570 3517 4621 mortuus
3563 4565 3915 4638 pellebatur.

493 4655 681 4711 latum
710 4659 819 4721 est,
844 4658 1080 4727 peccato
1104 4654 1306 4711 vitiata
1328 4660 1449 4712 tota
1470 4657 1650 4728 stirps
1680 4656 1989 4713 hominum
2019 4675 2146 4729 per—
2175 4665 2224 4731 D
2258 4656 2528 4712 Placebat
2548 4659 2745 4711 autem
2777 4653 2916 4710 solis
2938 4654 3231 4722 ﬁdelibus,
3256 4655 3359 4726 qui
3390 4658 3473 4711 tot
3503 4659 3672 4711 erant
3699 4659 3769 4711 ut
3796 4672 3921 4713 me-

492 4743 609 4818 peti
633 4748 954 4816 cogeretur,
971 4744 1081 4799 nisi
1105 4761 1173 4800 ex
1192 4745 1396 4800 eadem
1421 4745 1602 4817 stirpe
1623 4747 1889 4801 eamdem
1903 4763 2142 4802 causam

492 4832 891 4889 damnationis
940 4832 1214 4899 habente,
1246 4832 1344 4887 alii
1378 4834 1452 4905 (τι)
1484 4832 1709 4889 occulto
1751 4834 1977 4905 judicio
2028 4837 2144 4905 Dei,

493 4937 835 4994 quanquam
860 4922 1211 4989 rectissimo,
1238 4938 1340 4993 per
1350 4922 1647 4992 justitiam
1672 4922 1800 4992 ejus
1820 4922 1881 4977 in
1904 4924 2147 4978 damna-

491 5010 650 5066 tione
699 5010 899 5066 debita
953 5009 1443 5082 relinquerentur,
1492 5009 1590 5065 alii
1647 5027 1781 5066 vero
1835 5011 2151 5068 manifesta

490 5099 681 5173 gratia
712 5116 815 5172 per
845 5100 973 5171 ejus
1004 5098 1470 5156 misericordiam
1503 5098 1887 5155 salvarentur.
1914 5100 2039 5156 Non
2062 5105 2151 5158 est

563 5278 876 5360 (a)__Oceultp
889 5278 1105 5360 judicio
1126 5280 1252 5360 Dei.
1276 5277 1354 5360 Et.
1373 5277 1495 5333 haec
1525 5293 1759 5360 quoque
1793 5278 2027 5360 phrasis
2060 5286 2149 5337 est

491 5348 955 5424 familiarissima
988 5355 1165 5420 Lupo.
1200 5348 1382 5424 Epist.
1418 5366 1492 5424 ιι,
1526 5348 2150 5424 ῥῆξ’ῌξοιιαηᾳααιη

491 5424 717 5488 occulto,
744 5423 975 5477 minime
1002 5426 1187 5476 tamen
1212 5420 1414 5494 injuste
1438 5420 1671 5494 judicio.
1706 5420 1889 5494 Epist.
1922 5420 2145 5493 kaxw,

492 5511 625 5577 pag.
659 5494 794 5577 υθέ
824 5494 933 5577 Diu
980 5500 1059 5548 est
1115 5492 1255 5564 quod
1315 5492 1910 5577 Deusnocculto,_justo
1969 5492 2151 5577 tamen

485 5562 719 5637 judicio.
754 5562 945 5638 Epist.
974 5562 1219 5638 (ῖιίίιίγιιιὲ
1254 5581 1385 5638 pag.
1440 5564 1561 5632 486,
1613 5562 1860 5637 quamvis
1916 5570 2143 5638 occulto,

484 5634 633 5710 justo
693 5634 873 5711 tamen
917 5634 1148 5711 judicio.
1180 5634 1365 5708 Epist.
1398 5653 1588 5711 cxxix,
1622 5634 1754 5711 pag.
1791 5640 1912 5711 191,
1966 5634 2148 5711 quan;

530 5708 929 5783 uam‘occulto,
954 5708 1103 5779 justo
1159 5715 1341 5764 tamen
1386 5708 1750 5783 judiciofSic
1810 5708 2145 5783 inl'ra'pag.

566 5778 621 5832 9.
653 5778 822 5849 Cujus
852 5778 1168 5854 quanquam
1194 5783 1265 5837 sit
1290 5778 1523 5837 subindo
1549 5782 1840 5852 occultum,
1862 5778 2150 5854 nunquam

2258 4745 2367 4801 rito
2390 4745 2503 4801 dici
2529 4747 2770 4817 possent
2799 4760 3028 4810 omnes,
3052 4745 3272 4816 quique
3293 4743 3353 4798 in
3376 4742 3476 4799 illo
3505 4742 3921 4817 gloriﬁcabant

2256 4836 2441 4891 Deum
2473 4834 2630 4906 quod
2661 4832 3123 4905 persecutionem
3158 4832 3566 4905 praedicatione
3605 4838 3916 4890 mutasset.

2258 4925 2580 4979 Possumus
2613 4922 2810 4990 etiam,
2844 4924 2942 4993 qui
2964 4923 3082 4978 vult
3109 4939 3291 4978 omnes
3316 4922 3560 4978 homines
3588 4923 3765 4980 salvos
3792 4924 3922 4992 ﬁeri

2258 5014 2305 5082 (ι
2340 5016 2483 5068 Tim.
2516 5015 2604 5081 ιι),
2632 5011 2715 5066 sic
2737 5027 2881 5066 sano
2906 5028 3081 5066 sensu
3117 5009 3463 5082 intelligere,
3487 5010 3644 5081 quod
3666 5026 3734 5065 ex
3753 5011 3917 5066 omni

2257 5119 2466 5176 genere
2493 5100 2803 5157 hominum
2832 5098 3068 5173 colligat
3087 5099 3159 5154 ad
3185 5099 3460 5170 salutem,
3476 5098 3585 5154 hoc
3598 5102 3707 5164 est,
3732 5115 3919 5172 quos-

2257 5292 2439 5340 tamen
2467 5290 2545 5337 est
2574 5281 2841 5352 injustum
2861 5278 3160 5352 judicium.

2329 5356 2404 5427 (b)
2427 5347 2640 5410 Secreti
2654 5352 2768 5427 Dei.
2791 5347 3020 5427 (Quippe
3056 5352 3282 5427 secreta
3302 5347 3408 5427 Dei
3427 5348 3780 5427 investigare
3811 5347 3917 5404 ho-

2259 5418 2479 5482 minem
2503 5441 2616 5479 non
2642 5424 2834 5489 decet;
2857 5418 2928 5475 ut
2941 5418 3424 5494 gravitermonet
3449 5418 3758 5476 Salvianus
3779 5436 3914 5492 pag.

2258 5501 2346 5567 44,
2382 5494 2654 5554 editionis
2686 5497 2920 5567 nostra),
2948 5490 3090 5567 nam
3122 5490 3379 5567 salviani
3410 5490 3572 5547 locus
3603 5490 3918 5563 corruptus

2258 5562 2717 5641 ac'depravatus
2739 5564 2917 5641 estin
2950 5562 3082 5619 aliis
3109 5562 3491 5641 editionibus.

2332 5641 2398 5712 (ρ)
2432 5634 2595 5711 Cujus
2625 5638 2743 5693 vult
2769 5635 3321 5712 misereturandem
3364 5634 3920 5712 verbafepetuntur

2256 5713 2317 5769 in
2342 5706 2519 5784 epist:
2558 5713 2678 5777 128,
2711 5713 2770 5764 et
2801 5708 2861 5763 in
2890 5706 3275 5772 Collectaueo,
3306 5723 3442 5779 pag.
3471 5706 3602 5761 252.
