4108 6492
187 440 306 502 637

1242 436 1388 498 LIB.
1436 436 1539 498 DE
1581 435 1867 499 TRIBUS
1912 436 2532 508 ΟυίΕΞΤΙΟΝΙΒΠΞ.

3483 437 3617 505 638»

185 573 323 631 dam
340 571 675 630 Judaaorum
693 565 1507 643 atquegentilium,quosdam
1525 568 1835 640 utriusque
1864 570 1918 637 Α
1948 573 2013 624 ut
2042 568 2323 626 salutaria
2349 569 2551 642 velint,
2584 574 2640 627 et
2670 570 2730 628 in
2764 569 2847 629 eis
2876 569 3512 648 proﬁciant;‘operatur
3540 576 3600 634 in

186 681 380 730 sexus,
412 660 729 718 nonnullos
761 660 1214 733 magistratuum
1244 662 1301 713 et
1330 658 1832 730 privatorum,ali-

186 770 334 826 quos
364 751 735 809 dominorum
767 753 941 822 atque
970 764 1291 814 servorum,
1326 746 1470 803 alios
1503 746 1832 819 ingenioso-

184 860 316 899 rum
348 847 524 914 atque
553 840 853 906 hebetum,
886 842 943 894 et
971 854 1455 911 quarumcunque
1487 836 1834 892 diﬂ'erentia-

183 948 316 987 rum
344 929 614 986 homines
644 932 894 1001 possunt
916 945 950 983 a
975 926 1268 983 subtiliter
1298 925 1834 997 contemplantibus

184 1018 564 1093 deprehendi,
593 1017 691 1089 qui
739 1016 1005 1073 omnium
1043 1015 1324 1070 vocabulo
1375 1032 1490 1070 non
1542 1013 1834 1069 immerito

183 1111 553 1166 censeantur.
588 1106 891 1179 Siquidem
923 1105 1126 1160 eadem
1160 1104 1395 1160 notione
1436 1103 1590 1159 idem
1621 1120 1834 1159 nomen

184 1198 243 1254 in
292 1196 603 1270 Evangelio
647 1196 834 1251 Lucas
883 1195 1124 1268 posuit:
1171 1195 1260 1251 Vae
1304 1196 1473 1263 vobis,
1528 1194 1830 1257 Pharisaei,

187 1289 284 1361 qui
346 1287 630 1343 decimatis
694 1286 972 1340 mentham
1042 1292 1091 1340 ct
1152 1292 1335 1339 rutam
1397 1292 1448 1339 et
1505 1300 1664 1340 omne
1719 1284 1836 1339 olus

189 1376 336 1448 (Luc.
370 1374 471 1444 x1).
500 1374 699 1446 Neque
729 1375 886 1428 enim
917 1372 1184 1427 omnium
1224 1388 1504 1445 generum
1555 1371 1686 1427 olus
1734 1387 1839 1443 per

186 1480 422 1521 omnem
454 1466 619 1518 terra;
651 1460 1102 1535 amplitudinem
1134 1460 1409 1516 Pharisaei
1441 1460 1830 1517 decimabant:

186 1553 287 1609 sed
320 1569 493 1609 omne
523 1550 855 1619 olus,omne
886 1566 1072 1623 genus
1095 1549 1319 1606 olerum
1344 1550 1500 1621 quod
1515 1549 1834 1617 habebant,

183 1646 276 1697 est
301 1642 526 1714 absque
574 1640 849 1713 scrupulo
882 1639 1275 1695 sentiendum.
1324 1639 1439 1694 Nec
1482 1638 1579 1693 ille
1628 1654 1837 1694 sensus

185 1730 459 1787 abhorret
488 1748 523 1786 a
550 1733 785 1799 vero,ut
815 1728 1051 1801 quivult
1075 1729 1342 1784 homines
1356 1727 1546 1783 salvos
1570 1714 1835 1799 ﬁeri,'qui

182 1818 330 1877 velle
352 1836 458 1875 nos
476 1819 633 1887 facit,
649 1835 853 1875 omnes
874 1818 1142 1874 homines
1165 1818 1355 1873 salvos
1368 1817 1837 1890 ﬁerisignificare

181 1908 455 1965 voluerit.
488 1908 562 1964 Ut
591 1908 692 1980 qui
725 1923 934 1963 sumus
966 1907 1185 1962 multos
1212 1912 1464 1973 vocatos,
1480 1923 1697 1979 paucos
1728 1923 1836 1961 au-
1868 1935 1916 1999 B

184 2002 306 2055 tem
334 1996 568 2064 electos,
602 1996 764 2053 nullo
815 1996 1153 2052 discrimine
1200 2013 1470 2068 separare
1516 1996 1835 2064 valeamus,

186 2103 397 2143 omnes
426 2086 826 2142 indill‘erenter
869 2085 1117 2141 velimus
1167 2085 1291 2140 ﬁeri
1340 2084 1550 2141 salvos.
1586 2086 1731 2140 Nam
1785 2089 1842 2140 et

188 2177 248 2232 in
272 2176 545 2233 eumdem
568 2175 808 2231 modum
831 2173 1163 2230 invenimus
1185 2175 1339 2246 apud
1352 2173 1842 2246 Apostolum:lpse

186 2268 422 2340 spiritus
444 2266 685 2338 postulat
708 2280 810 2337 pro
838 2265 994 2320 nobis
1036 2265 1326 2333 gemitibus
1370 2265 1843 2323 inenarrabilzbus

191 2357 368 2429 (Rom.
401 2354 484 2427 ιι),
518 2354 627 2410 hoc
666 2358 775 2420 est,
809 2352 1104 2425 postulare
1153 2370 1259 2408 nos
1308 2352 1462 2408 facit.
1497 2353 1657 2408 Hanc
1689 2353 1843 2410 228

189 2448 391 2501 autem
422 2443 817 2516 gratiam,qua
848 2459 955 2498 nos
986 2457 1191 2497 omnes
1223 2441 1321 2513 qui
1352 2442 1646 2497 salvamur
1661 2442 1844 2514 gratis

191 2532 775 2606 eripimur,pluribus
804 2530 1024 2587 relictis
1052 2530 1112 2586 in
1139 2530 1715 2603 damnation‘e,quam
1740 2548 1845 2586 nos

189 2639 429 2695 quoque
480 2620 824 2689 meruimus,
873 2620 1294 2675 commendans
1344 2637 1447 2675 vas
1495 2619 1842 2676 electionis:

189 2712 350 2767 Sicut
372 2711 533 2782 elegit
559 2725 678 2776 nos,
712 2708 924 2780 inquit,
961 2709 1020 2763 in
1051 2708 1165 2778 ipso
1197 2714 1321 2761 ante
1348 2706 1544 2761 mundi
1585 2708 1848 2763 constitu—

192 2803 422 2867 tionem,
454 2807 515 2855 ut
540 2815 774 2855 essemus
802 2799 982 2853 sancti
1008 2804 1057 2851 et
1089 2797 1432 2852 immaculati
1461 2798 1521 2851 in
1566 2805 1851 2867 conspectu

193 2891 314 2963 ejus
350 2891 407 2944 in
427 2889 708 2953 charitate,
732 2889 831 2960 qui
853 2886 1266 2959 praedestinavit
1288 2902 1386 2942 nos
1418 2887 1477 2942 in
1510 2886 1852 2957 adoptionem

195 2980 449 3050 ﬁliorum
492 2995 593 3050 per
636 2982 825 3035 Jesum
877 2976 1152 3032 Christum
1201 2977 1262 3030 in
1310 2977 1491 3047 ipsum
1536 2976 1747 3046 (Ephes.
1786 2978 1849 3044 1).

199 3070 284 3125 Ne
319 3068 598 3123 adversus
628 3067 813 3123 Deum
845 3082 914 3121 ex
944 3068 1072 3135 ejus
1102 3081 1344 3121 munere
1376 3064 1852 3132 inﬂaremur,an-

200 3163 445 3230 tequam
474 3155 723 3211 oriretur
752 3154 1037 3226 superbia
1070 3153 1517 3226 morbus,quam
1537 3154 1741 3208 efﬁcax
1769 3156 1858 3209 est

199 3244 530 3302 remedium
563 3240 1143 3316 procuratum.Eligit
1172 3257 1280 3297 nos
1310 3241 1463 3296 Deus
1493 3244 1626 3296 ante
1647 3239 1855 3295 mundi

1945 659 2242 716 mentibus
2273 659 2589 733 impiorum
2616 661 3047 729 deserendo,ne
3078 664 3194 719 nisi
3223 665 3394 721 noxia
3421 666 3602 724 velint

1943 751 2001 803 et
2031 748 2089 802 in
2117 750 2315 820 pejora
2345 748 2639 805 labantur.
2676 750 2735 805 Id
2774 751 3063 823 Propheta
3094 752 3428 827 intelligens
3441 761 3596 813 orat:

1944 836 2151 910 Adjuva
2177 855 2282 904 me,
2313 846 2364 893 et
2410 840 2596 895 salvus
2646 856 2738 895 ero
2769 840 2937 912 (Psal.
2965 845 3182 909 cxvm).
3217 843 3299 899 De
3337 845 3601 916 reprobis

1943 943 2076 981 vero
2108 931 2315 997 sponte
2345 929 2725 999 peccantibus
2756 933 2813 984 et
2829 930 3131 986 deserente
3152 931 3380 1002 judicio
3413 933 3515 989 Dei
3529 934 3602 990 ad

1945 1016 2234 1080 deteriora
2258 1016 2565 1072 ruentibus
2597 1017 2680 1072 ait
2706 1018 3019 1089 Apostolus
3044 1036 3057 1074 :
3086 1020 3232 1087 Quia
3259 1037 3367 1077 non
3401 1025 3603 1094 proba-

1943 1112 2139 1161 verunt
2173 1109 2344 1160 Deum
2374 1106 2571 1161 habere
2601 1108 2662 1161 in
2698 1108 2978 1175 notitiam,
3011 1109 3245 1165 tradidit
3292 1111 3418 1166 illos
3463 1112 3604 1168 Deus

1946 1195 2007 1248 in
2032 1196 2323 1264 reprobum
2347 1210 2586 1259 sensum,
2618 1202 2678 1251 ut
2702 1197 2911 1267 faciant
2941 1213 3063 1269 quis
3098 1214 3211 1254 non
3257 1202 3602 1256 conveniunt

1948 1282 2484 1355 (Rom.1).Utrosque
2516 1283 2797 1340 discernit
2825 1284 3114 1347 voluntas,
3137 1286 3226 1341 vel
3260 1287 3602 1344 misericor-

1944 1369 2044 1426 dia
2075 1370 2174 1426 Dei
2203 1370 2519 1443 adjuta,vel
2543 1372 2771 1444 judicio
2797 1390 2914 1428 non
2946 1375 3357 1445 adjuta.Deum
3380 1377 3599 1450 itaque,

1947 1459 2048 1531 qui
2079 1460 2317 1531 adjuvat
2346 1465 2410 1515 ut
2442 1460 2682 1516 bonasit
2696 1460 3065 1531 voluntas,et
3079 1462 3601 1538 voluntatisipsius

1946 1554 2004 1604 et
2034 1549 2300 1604 omnium
2334 1566 2461 1621 qua:
2492 1566 2560 1605 ex
2587 1566 2656 1605 ea
2678 1551 2965 1621 prodeunt
2996 1551 3287 1608 bonorum
3307 1570 3530 1610 necnon
3543 1560 3604 1612 et

1948 1655 2073 1710 quae
2088 1638 2209 1693 haec
2227 1637 2389 1694 nullo
2403 1638 2712 1695 dubitante
2733 1645 3179 1712 consequuntur
3201 1644 3598 1714 praemiorum,

1948 1744 2119 1783 nemo
2149 1733 2238 1783 est
2265 1732 2386 1783 tam
2419 1727 2686 1800 ingratus
2717 1728 2817 1800 qui
2834 1745 2948 1784 non
2968 1730 3167 1786 credat
3182 1734 3239 1786 et
3255 1731 3606 1789 conﬁteatur

1948 1821 2265 1873 auctorem.
2300 1817 2658 1873 Perditorem
2696 1834 2829 1873 vero
2879 1817 3046 1874 malae
3093 1818 3417 1877 voluntatis
3466 1838 3603 1879 eum

1948 1923 2076 1962 esse
2108 1910 2408 1963 auctorem
2438 1923 2610 1964 nemo
2642 1906 3016 1964 nisiinsanus
3030 1908 3605 1982 etperditusopinari

1950 1994 2204 2051 audebit.
2231 1995 2357 2051 Non
2389 1994 2545 2050 enim
2577 1997 2746 2067 cujus
2776 1995 3045 2052 voluntas
3076 2013 3310 2054 summe
3336 1999 3490 2055 bona
3517 2002 3607 2055 est

1952 2082 2169 2138 malam
2202 2099 2330 2138 esse
2360 2083 2499 2139 facit
2527 2082 2788 2139 alterius.
2820 2086 3034 2141 Auctor
3062 2085 3261 2158 itaque
3301 2087 3455 2143 sicut
3485 2104 3602 2144 non

1951 2175 2040 2228 est
2071 2171 2237 2227 malae
2268 2171 2587 2228 voluntatis
2618 2172 3046 2244 impiorum,ita
3069 2190 3173 2230 nec
3194 2175 3443 2232 aliorum
3467 2194 3606 2250 quo-

1953 2260 2233 2316 rumlibet
2263 2265 2633 2332 peccatorum
2663 2278 2789 2334 quae
2822 2278 2890 2318 ex
2919 2279 2987 2319 ea
3018 2265 3360 2335 procedant.
3384 2265 3604 2327 Verum

1955 2350 2053 2422 qui
2088 2366 2202 2405 non
2233 2353 2321 2405 est
2351 2354 2554 2405 auctor
2583 2349 2764 2406 ullius
2795 2351 3035 2409 omnino
3074 2358 3294 2422 reatus,
3327 2359 3419 2410 est
3466 2372 3608 2428 pro-

1955 2440 2101 2495 fecto
2142 2456 2351 2494 censor
2398 2443 2454 2494 et
2494 2439 2696 2509 judex.
2730 2439 2802 2495 Ut
2850 2444 3045 2497 autem
3094 2458 3229 2498 reus
3279 2443 3609 2514 maiestatis

1956 2528 2273 2583 damnatus
2304 2544 2419 2582 non
2448 2532 2598 2609 recte
2626 2528 2741 2583 nisi
2774 2528 2884 2585 sibi
2916 2536 3019 2586 aut
3038 2529 3612 2590 sociiscriminisim-

1959 2620 2128 2688 putat
2157 2617 2310 2688 quod
2342 2618 2605 2689 punitur,
2638 2616 2722 2672 ita
2743 2618 2970 2688 judicio
3002 2619 3103 2674 Dei
3146 2619 3463 2678 damnatus
3492 2638 3608 2679 non

1959 2710 2112 2762 recte
2129 2710 2316 2777 potest
2334 2706 2392 2761 in
2412 2723 2545 2762 cum
2566 2706 2839 2778 supplicii
2861 2707 2953 2763 sui
2980 2708 3609 2780 retorquereinvidiam

1960 2794 2054 2849 cui
2086 2810 2457 2867 nequaquam
2486 2795 2638 2851 valet
2681 2796 2909 2852 obicere
2940 2797 3160 2869 peccati
3211 2803 3417 2870 sponte
3466 2817 3500 2856 a
3550 2817 3613 2857 se

1961 2884 2258 2941 commissi
2293 2887 2448 2942 230
2478 2884 2856 2941 calumniam.
2891 2888 3147 2958 Imputet
3176 2889 3354 2960 igitur
3373 2888 3485 2945 sibi
3508 2889 3611 2946 ho-

1961 2990 2078 3040 mo,
2111 2974 2199 3029 vel
2230 2974 2279 3030 si
2325 2974 2516 3047 placet
2564 2975 2824 3038 Diabolo,
2855 2974 2949 3030 cui
2996 2979 3214 3032 temere
3258 2977 3521 3047 credidit,
3556 2983 3615 3035 et

1961 3066 2266 3135 peccatum
2297 3066 2354 3118 et
2378 3062 2695 3120 vindictam
2727 3063 2969 3136 peccati,
3003 3064 3112 3121 hoc
3143 3068 3250 3133 est,
3285 3071 3344 3122 et
3374 3083 3614 3123 causam

1964 3151 2379 3221 damnationis,
2414 3157 2470 3207 et
2498 3152 2688 3224 ipsam
2719 3153 3176 3219 damnationem,
3212 3155 3328 3211 Deo
3376 3173 3509 3212 vero
3558 3161 3617 3214 et

1966 3239 2184 3295 bonum
2216 3257 2362 3312 opus
2394 3244 2452 3296 et
2482 3242 2677 3312 ipsum
2712 3241 2846 3297 boni
2868 3242 3488 3314 operispraemium.Ad
3504 3245 3613 3301 hoc

199 3333 711 3401 constitutionem,
738 3348 856 3387 non
888 3330 1026 3403 quia
1056 3346 1290 3386 eramus
1321 3328 1508 3385 sancti
1539 3332 1597 3384 et
1637 3328 1849 3384 imma-
1884 3306 1929 3373 Ο
1966 3329 2185 3384 bonum
2219 3346 2389 3385 nemo
2423 3330 2614 3386 malus
2636 3329 2749 3386 nisi
2764 3330 3490 3402 discessurusaccessit,ad
3504 3334 3613 3390 hoc

198 3423 515 3488 culati,aut
545 3421 685 3494 quia
715 3420 895 3476 futuri
927 3437 1161 3475 eramus
1190 3420 1374 3475 sancti
1399 3416 1851 3487 etimmaculati,

197 3511 464 3585 alioquin
488 3528 603 3567 non
626 3514 746 3566 tam
760 3527 879 3566 suae
897 3508 1096 3582 gratiae
1114 3509 1334 3564 donum
1350 3507 1661 3581 largiretur
1674 3524 1852 3579 quam

197 3604 405 3658 nostro
436 3598 644 3655 merito
664 3598 752 3654 vel
769 3596 1036 3670 praesenti
1058 3596 1143 3652 vel
1169 3598 1364 3652 futuro
1377 3595 1684 3668 praemium
1698 3595 1855 3652 velut

195 3708 267 3746 ex
298 3688 498 3744 debito
529 3687 795 3755 referret;
831 3686 933 3742 sed
959 3684 1134 3758 elegit
1165 3702 1271 3740 nos
1321 3688 1455 3740 ante
1486 3683 1852 3740 constitutio-

197 3795 338 3836 nem
370 3776 599 3843 mundi,
642 3780 705 3831 ut
734 3792 1000 3831 essemus
1030 3774 1215 3830 sancti
1244 3778 1301 3830 et
1328 3772 1717 3840 immaculati,
1752 3773 1853 3846 qui

195 3868 316 3925 nisi
345 3866 649 3934 vellet,nec
680 3864 784 3920 ulli
818 3864 1053 3936 quidem
1085 3880 1213 3920 esse
1236 3862 1854 3936 possemus.Czeterum

196 3957 540 4028 ubicunque
570 3955 640 4010 de
671 3953 969 4021 electione,
1000 3951 1090 4008 vel
1124 3951 1510 4024 praescientia,
1544 3951 1664 4007 sive
1708 3969 1852 4022 prie-

196 4044 592 4103 destinatione
621 4042 881 4115 Apostoli
910 4042 1252 4114 loquuntur,
1284 4039 1622 4112 quicunque
1666 4040 1851 4095 Deum

195 4137 509 4210 propterea
562 4131 808 4206 elegisse
863 4130 1165 4203 praescisse
1235 4133 1338 4185 aut
1404 4128 1854 4201 praedestinasse

195 4221 493 4297 quoslibet
521 4225 796 4278 asserunt
816 4221 973 4293 quod
1002 4218 1321 4292 praescierit
1346 4235 1444 4274 eos
1471 4218 1707 4273 devotos
1739 4217 1853 4273 sibi

194 4314 431 4369 futuros
460 4314 518 4367 et
548 4310 607 4365 in
649 4310 852 4366 eadem
902 4309 1205 4366 devotione
1252 4324 1584 4375 mansuros,
1619 4306 1854 4363 tametsi

195 4403 325 4459 sint
353 4401 414 4456 in
440 4400 571 4456 aliis
620 4415 845 4472 magna:
877 4397 1260 4464 auctoritatis,
1294 4397 1354 4451 in
1404 4397 1512 4452 hac
1562 4396 1855 4453 sententia

196 4507 319 4548 non
371 4493 510 4546 sunt
556 4488 793 4561 penitus
843 4486 1139 4555 audiendi,
1172 4502 1246 4541 ne
1291 4489 1600 4540 evacuetur
1646 4485 1852 4541 divinae

197 4577 403 4652 gratiae
434 4578 677 4645 donum,
713 4575 764 4632 si
796 4577 1120 4632 secundum
1156 4575 1480 4630 humanum
1512 4591 1853 4646 quanquam

1961 3418 2183 3473 bonum
2215 3435 2385 3474 nemo
2416 3419 2606 3475 bonus
2637 3419 2751 3475 nisi
2782 3423 3004 3475 tractus
3022 3420 3298 3493 pervenit.
3311 3421 3613 3494 Siquidem

1964 3523 2140 3577 quam
2173 3523 2374 3562 verum
2403 3512 2512 3574 est,
2552 3525 2623 3564 ex
2648 3510 2806 3564 nobis
2848 3510 3124 3574 exierunt,
3155 3509 3247 3565 sed
3292 3526 3400 3567 non
3453 3519 3616 3568 erant

1961 3612 2030 3650 ea:
2058 3596 2216 3652 nobis
2243 3598 2293 3666 (Ι
2330 3598 2489 3653 Joan.
2522 3602 2605 3664 ιι),
2639 3602 2761 3653 tam
2790 3613 3014 3664 verum,
3046 3613 3204 3654 nemo
3250 3601 3399 3656 venit
3431 3600 3502 3656 ad
3531 3617 3617 3657 me

1962 3685 2074 3739 nisi
2103 3691 2278 3741 Pater
2305 3688 2406 3758 qui
2429 3687 2586 3743 misit
2623 3702 2709 3742 me
2735 3689 2970 3742 traxerit
2998 3704 3124 3743 eum
3153 3689 3331 3757 (Joan.
3371 3691 3473 3758 v1).
3505 3689 3613 3746 Ubi

1964 3775 2224 3846 pravitas
2255 3780 2467 3831 nostrae
2499 3779 2743 3843 naturae,
2766 3792 2943 3848 quam
2974 3779 3173 3832 tamen
3204 3776 3489 3834 translato
3516 3795 3613 3834 vo-

1964 3862 2191 3929 cabulo,
2225 3864 2282 3919 id
2331 3869 2442 3930 est,
2474 3863 2794 3937 improprie
2843 3868 3096 3932 utentes,
3130 3869 3402 3922 naturam
3443 3868 3616 3938 juxta

1960 3951 2306 4024 Apostolum
2339 3953 2610 4020 dicimus,
2646 3952 2746 4026 qui
2777 3952 2897 4009 ait:
2929 3955 3160 4011 Eramus
3187 3972 3286 4012 nos
3317 3957 3615 4028 aliquando

1960 4034 2167 4097 natura
2210 4043 2325 4112 ﬁlii
2372 4044 2494 4109 ima,
2526 4044 2669 4099 sicut
2712 4050 2766 4098 et
2808 4045 2998 4100 caeteri
3035 4045 3250 4115 (Ephes.
3287 4044 3367 4115 ιι),
3401 4058 3613 4101 vocans

1963 4134 2237 4186 naturam
2269 4148 2396 4202 quae
2430 4131 2644 4187 habeat
2663 4132 2791 4203 jam
2812 4136 3116 4203 peccatum
3139 4134 3294 4204 quod
3319 4132 3395 4188 sit
3411 4138 3617 4190 contra

1962 4221 2394 4285 naturam,cum
2428 4236 2559 4275 vere
2589 4224 2647 4275 et
2677 4220 2910 4292 proprie
2940 4224 3151 4276 natura
3182 4221 3410 4276 dicatur
3430 4221 3616 4278 incor—

1962 4312 2153 4379 rupta,
2180 4307 2236 4362 in
2271 4325 2388 4380 qua
2418 4307 2687 4363 conditus
2719 4312 2808 4364 est
2834 4309 3610 4383 Adam.Pravitas,inquam,

1962 4400 2174 4452 nostris
2205 4402 2424 4451 naturae
2456 4397 2802 4465 ostenditur,
2838 4414 2966 4469 quas
3013 4402 3076 4452 ut
3114 4397 3253 4454 alibi
3287 4398 3617 4455 declaratur

1959 4502 2126 4541 sensu
2153 4493 2206 4541 et
2233 4487 2556 4557 cogitatione
2584 4486 2760 4541 cordis
2801 4486 2870 4541 ad
2897 4487 3110 4542 malum
3141 4504 3319 4559 prona
3366 4489 3434 4544 ab
3484 4489 3613 4545 ado-

1964 4575 2239 4642 lescentia,
2265 4573 2373 4629 hoc
2395 4578 2503 4643 est,
2537 4590 2604 4629 ex
2634 4590 2749 4646 quo
2776 4578 2969 4647 potest
3001 4575 3369 4633 discretionis
3399 4576 3613 4634 habere

199 4669 469 4724 futurum
500 4666 777 4727 meritum
808 4664 1322 4737 dispensetur.Nec
1351 4662 1733 4735 indignentur
1760 4662 1854 4718 his
1883 4672 1932 4741 ι)
1966 4662 2271 4732 iudicium,
2298 4663 2369 4718 ad
2404 4662 2679 4718 virtutem
2712 4662 3007 4720 reluctans
3035 4665 3289 4722 trahitur
3324 4670 3381 4722 et
3410 4666 3612 4724 invita.

198 4756 457 4831 praeponi
488 4755 830 4828 Apostolum
862 4754 1203 4826 quicunque
1219 4769 1335 4806 non
1364 4752 1635 4807 nesciunt
1661 4751 1721 4807 in
1745 4752 1855 4808 hoc

197 4846 361 4918 loqui
393 4846 589 4918 potius
617 4844 935 4912 Christum,
962 4843 1060 4915 qui
1092 4860 1174 4910 se,
1210 4842 1709 4914 quemadmodum
1740 4844 1851 4907 est,

194 4934 501 4991 veritatem
534 4950 663 4990 esse
692 4937 961 4989 testatur.
984 4932 1053 4989 Hi
1085 4932 1210 4988 sola
1239 4930 1428 5003 gratia
1457 4931 1853 5001 prmdestinati

197 5027 343 5081 sunt
373 5023 677 5095 omnes,de
707 5022 924 5095 quibus
955 5021 1037 5077 ait
1066 5020 1328 5077 Salvator
1361 5036 1374 5074 :
1410 5018 1596 5075 Omnis
1623 5022 1723 5091 qui
1750 5037 1853 5075 au-

197 5113 341 5169 divit
370 5131 404 5168 a
432 5115 597 5169 Patre
625 5120 676 5169 et
701 5112 913 5178 didicit,
944 5112 1121 5167 veniet
1150 5110 1221 5165 ad
1268 5125 1356 5165 me
1386 5109 1559 5181 (Joan.
1591 5108 1688 5180 vn).
1723 5109 1853 5164 Haec

198 5205 399 5258 autem
430 5201 641 5259 salutis
665 5199 1077 5272 doctrina,qua
1100 5198 1333 5255 venitur
1362 5198 1433 5253 ad
1463 5197 1716 5269 gratiam
1739 5197 1853 5253 sal-

195 5290 414 5357 vantis,
439 5289 608 5346 valde
641 5290 794 5357 229
826 5294 1048 5345 remota
1075 5293 1163 5345 est
1192 5305 1227 5344 a
1270 5285 1543 5343 sensibus
1574 5287 1854 5358 corporis.

196 5379 329 5435 Non
362 5378 602 5435 auribus
634 5377 1093 5451 apprehenditur
1121 5376 1471 5433 sonantibus
1506 5374 1719 5443 verbis,
1754 5375 1855 5431 sed

199 5467 500 5524 mentibus
531 5467 817 5523 Creatoris
849 5466 1154 5534 instinctu,
1189 5465 1365 5521 etiam
1415 5464 1476 5519 in
1509 5463 1591 5520 eis
1633 5464 1857 5536 absque

197 5556 449 5630 strepitu
476 5556 631 5628 quod
662 5555 946 5628 placuerit
966 5551 1855 5628 operantis,ve1misericordiam

198 5650 266 5701 ut
292 5647 479 5701 vocati
510 5644 947 5711 liberentur,vel
971 5644 1263 5715 judicium
1295 5646 1360 5699 ut
1375 5642 1561 5698 relicti
1580 5643 1856 5698 damnen-

197 5734 610 5807 tur.0peratur
639 5734 810 5806 plane
844 5734 903 5788 in
936 5734 1233 5789 mentibus
1264 5732 1855 5804 piorum,adjuvando

1965 4753 2077 4808 Sed
2110 4755 2174 4807 ut
2202 4752 2274 4807 ad
2306 4752 2668 4824 propositum
2704 4758 3082 4821 revertamur,
3099 4755 3171 4811 ad
3205 4755 3425 4812 bonum
3457 4761 3514 4812 et
3542 4756 3614 4813 ad

1960 4841 2096 4898 boni
2124 4841 2428 4912 praemium
2445 4858 2616 4897 nemo
2632 4842 2744 4898 nisi
2759 4847 2892 4900 ante
2905 4843 3112 4899 mundi
3134 4845 3615 4901 constitutionem

1961 4930 2149 5004 gratia
2178 4929 2417 4997 electus,
2443 4932 2632 5002 gratia
2663 4932 2987 5004 prmscitus,
3013 4934 3202 5005 gratia
3231 4933 3613 5005 praedestina-

1960 5025 2079 5085 tus,
2111 5018 2489 5074 intromissus
2521 5024 2630 5085 est,
2663 5019 2816 5076 sicut
2847 5021 3041 5076 divino
3072 5020 3280 5092 spiritu
3324 5021 3614 5093 pandente

1961 5107 2376 5180 comperimus.
2412 5107 2626 5164 Electio
2648 5125 2764 5164 non
2793 5108 3190 5176 omnium,sed
3221 5109 3614 5180 quorumdam

1961 5196 2277 5252 conﬁtetur
2315 5195 2587 5253 salutem.
2638 5196 3007 5253 Priescientia
3045 5197 3400 5264 futurorum,
3444 5199 3614 5255 nobis

1965 5287 2268 5353 duntaxat,
2288 5302 2431 5340 nam
2450 5285 2561 5341 Deo
2576 5285 2754 5341 simul
2773 5288 2981 5357 praesto
2995 5285 3361 5357 suntomnia,
3389 5304 3612 5359 praeno-

1962 5374 2179 5430 tionem
2193 5373 3058 5430 insinuat.Praedestinationem
3073 5378 3266 5431 autem
3278 5374 3335 5429 in
3353 5375 3505 5432 bono
3518 5391 3613 5448 po-

1965 5462 2138 5518 sitam
2152 5461 2404 5518 dicimus
2417 5463 2722 5518 ostendere
2736 5462 2793 5516 in
2808 5461 3249 5519 sanctislitteris
3260 5464 3460 5535 gratiae
3474 5481 3614 5536 prae-

1964 5551 2326 5624 parationem
2349 5569 2362 5618 ;
2382 5550 2627 5623 gratiam
2641 5551 2978 5623 veroipsam
3011 5552 3336 5624 exprimere
3347 5552 3612 5608 donatio-

1963 5658 2119 5696 nem.
2146 5639 2382 5695 Prazscit
2414 5640 2568 5695 Deus
2599 5657 2964 5713 quaecunque
2992 5645 3093 5695 aut
3119 5641 3381 5697 facturus
3401 5645 3492 5697 est
3512 5646 3615 5698 aut

1965 5729 2637 5803 permissurus,utraque
2650 5728 2811 5785 nulla
2826 5730 3345 5799 necessitate,281
3362 5728 3611 5788 alterum
