4108 6484
508 444 646 513 cas
1520 446 1592 511 B.
1640 446 1707 511 s.
1753 442 1936 510 LUPI
1977 439 2309 506 ABBATIS
2355 441 2956 508 FERRARIENSIS.
3226 422 3234 426 ’
3289 444 3295 450 ’
3826 439 3947 507 640

518 579 943 644 eommunione
971 574 1276 655 iniustitia
1307 577 1488 637 nulla.
1511 577 2180 651 Predestinatquaecun-
2213 577 2265 644 Α
2293 575 2538 646 stitisse,
2600 576 2785 633 Deum
2831 579 3029 634 autem
3081 591 3198 633 non
3254 572 3480 633 homini
3538 573 3946 633 necessitatem

523 670 1105 748 queimmutabiliter
1118 673 1304 729 facere.
1318 669 1546 726 statuit.
1574 670 1695 726 Imo
1708 669 1907 725 omnia
1923 685 2051 741 quae
2066 669 2182 723 fac-
2295 683 2467 722 casus
2498 666 3145 739 intulissepotestatem
3168 670 3358 721 tamen
3383 665 3948 739 permisisse,ipsum

520 760 1704 835 turuserattuncpraedestinavit,quando
1719 764 2071 830 cunctaque:
2089 757 2183 811 fu-
2288 772 2445 823 vero,
2481 760 2682 828 utpote
2713 755 2812 829 qui
2844 755 2979 811 fecit
3007 771 3136 827 quae
3166 755 3364 811 futura
3396 760 3554 821 sunt,
3569 759 3628 811 et
3658 756 3756 828 qui
3782 761 3950 812 vocat

518 851 1005 911 turaerantfecit.
1032 850 1279 906 Proinde
1292 849 1730 921 praedestinatio
1760 864 2067 919 nunquam
2096 851 2185 902 est
2293 861 2421 917 quae
2455 862 2571 900 non
2605 850 2740 901 sunt
2766 850 3048 918 tanquam
3083 862 3151 901 ea
3179 862 3309 917 quae
3340 848 3565 915 sunt,et
3585 861 3786 901 casum
3809 863 3951 918 prae-

520 940 1052 1016 einepraascientia.
1068 938 1221 995 Nihil
1234 938 1391 994 enim
1406 938 1559 1010 quod
1578 938 1876 994 nesciatse
1889 937 2181 991 facturum

525 1029 1090 1104 Deuspraadestinat.
1117 1027 1489 1083 Prtescientia
1508 1044 1642 1083 vero
1668 1031 1751 1082 est
1767 1030 1824 1081 et
1836 1025 2183 1097 plerumque

513 1123 654 1179 sine
668 1117 1345 1194 praedestinationezquia
1357 1116 1606 1171 crimina
1618 1131 2020 1188 perversorum
2037 1131 2181 1186 prae-

522 1212 641 1267 scit
659 1210 833 1273 Deus,
849 1223 978 1278 quae
991 1206 1196 1278 utique
1208 1210 1275 1259 ut
1291 1222 1352 1260 se
1362 1204 1659 1260 facturum
1673 1222 1787 1260 non
1802 1202 2180 1276 praedestina-

520 1299 714 1366 vit,ita
729 1313 837 1353 nec
849 1296 1005 1352 facit.
1028 1296 1246 1352 Verum
1269 1294 1575 1349 enimvero
1597 1293 1842 1365 praefixit
1866 1306 2179 1347 numerum

512 1387 870 1455 electorum,
895 1385 987 1440 cui
1004 1383 1205 1439 nullus
1217 1382 1403 1438 audiri
1425 1381 1842 1454 possitaugeri,
1864 1380 2181 1453 nullusque

520 1475 896 1543 subtrahi,ne
907 1472 1389 1537 videreturDeus,
1404 1471 1560 1544 quod
1576 1470 1739 1527 nefas
1751 1475 1839 1526 est
1851 1470 2099 1542 opinari,
2119 1470 2178 1525 in

517 1565 767 1622 veritate
796 1580 919 1617 sum
952 1561 1483 1635 przertestinationis
1509 1576 1756 1616 errasse.
1792 1559 1850 1615 Si
1883 1558 2017 1630 quis
2046 1574 2179 1614 vero

516 1654 663 1712 hinc
695 1654 842 1710 forte
874 1650 1208 1707 confirmari
1238 1649 1887 1719 desiderat,instruetur
1908 1649 2180 1721 Baptista:

521 1742 771 1801 Joannis
801 1759 930 1815 qua:
960 1740 1018 1796 in
1052 1738 1361 1813 Evangelio
1390 1740 1642 1795 refertur
1689 1737 1790 1793 illa
1838 1739 2129 1793 sententia
2162 1754 2175 1793 :

2293 933 2476 990 scisse
2506 939 2563 989 et
2592 935 2732 1006 quid
2767 950 2968 990 casum
3003 937 3346 1006 sequeretur
3375 933 3845 999 constituissem't
3874 934 3951 989 vi-

2291 1022 2504 1079 delicet
2533 1040 2718 1097 genus
2743 1023 3072 1079 humanum
3106 1040 3214 1079 sua
3237 1029 3442 1097 sponte
3474 1028 3950 1096 corruptum,nec

2288 1116 2481 1168 totum
2513 1117 2749 1186 propter
2778 1112 3244 1169 misericordiam
3292 1114 3691 1182 damnaretur,
3724 1131 3830 1170 nec
3860 1118 3950 1169 to-

2291 1206 2418 1258 tum
2449 1207 2686 1275 propter
2706 1203 3004 1274 justitiam
3037 1201 3376 1269 salvaretur,
3395 1202 3619 1258 nullam
3651 1203 3951 1276 patientur

2291 1294 2447 1349 283
2507 1291 2844 1365 caliginem,
2889 1292 3045 1348 Deus
3093 1309 3240 1364 quos
3284 1296 3472 1348 rectos
3523 1292 3748 1365 origine
3803 1309 3949 1347 con-

2290 1381 2462 1449 didit,
2489 1381 2761 1437 voluntas
2800 1381 3036 1454 prepria
3082 1381 3326 1448 vitiavit,
3377 1398 3525 1454 quos
3573 1398 3690 1438 non
3736 1381 3950 1438 liberat

2287 1470 2621 1535 clementia,
2649 1471 2735 1526 sic
2765 1470 2975 1544 punire
3010 1469 3236 1542 judicio
3283 1475 3350 1525 ut
3397 1488 3515 1527 non
3563 1470 3710 1543 ipse,
3742 1488 3947 1527 verum

2288 1559 2403 1633 ipsi
2436 1559 2862 1616 convincantur
2907 1577 3027 1615 suae
3076 1560 3474 1616 damnationis
3519 1564 3808 1617 auctores.
3842 1560 3952 1616 Hic

2290 1648 2692 1721 aliquis,unde
2724 1648 2939 1721 placari
2976 1649 3402 1716 debuit,forsan
3435 1649 3718 1706 irritatior
3747 1649 3948 1706 dicat:

2289 1739 2361 1795 Et
2386 1738 2432 1794 si
2466 1737 2610 1793 mihi
2646 1738 2825 1794 semel
2848 1739 3213 1810 pereundum
3232 1739 3569 1810 est,curhuj
3583 1756 3650 1795 us
3669 1739 3802 1795 vite
3824 1755 3955 1812 per-

446 1830 453 1837 ’
516 1835 706 1890 iFacite
731 1835 977 1905 fructum
1023 1830 1253 1901 dignum
1298 1830 1658 1900 pwnitentiae,
1692 1835 1744 1883 et
1787 1828 1958 1883 nolite
2002 1826 2182 1883 dicere
2290 1828 2364 1882 do
2394 1827 2878 1899 compendia?cur
2908 1844 3042 1882 cum
3076 1827 3222 1882 mihi
3255 1828 3390 1883 alibi
3421 1844 3656 1900 semper
3684 1828 3953 1884 futurum

512 1923 673 1995 apud
712 1937 805 1978 vos
835 1940 854 1976 :
903 1921 1123 1975 Patrem
1193 1919 1453 1974 habemus
1510 1918 1821 1976 Abraham:
1866 1924 2056 1989 potens
2102 1924 2183 1972 est
2215 1953 2255 1995 η
2289 1921 2379 1973 est
2408 1917 2579 1985 male,
2612 1934 2727 1973 non
2761 1917 2840 1972 sit
2872 1916 2967 1972 hic
3011 1915 3353 1989 aliquandiu
3387 1916 3581 1974 bene?
3611 1933 3793 1990 quare
3833 1934 3955 1974 non

516 2012 674 2067 enim
709 2010 849 2065 Deus
878 2007 943 2064 de
973 2006 1249 2079 lapidibus
1276 2006 1398 2061 istis
1440 2006 1705 2061 suscitare
1751 2005 1897 2076 ﬁlios
1944 2003 2181 2061 Abrahae
2210 2003 2256 2019 "
2289 2023 2494 2062 omnes
2524 2005 2842 2079 voluptatis
2873 2005 3108 2061 effunde
3137 2005 3423 2076 habenas,
3444 2011 3763 2080 ,totumquc
3792 2010 3951 2080 quod

516 2101 676 2168 (Luc.
710 2097 814 2165 ιιι).
850 2098 975 2162 Qua
1004 2094 1148 2152 satis
1179 2094 1435 2150 ostendit
1463 2092 1548 2149 sic
1593 2092 1740 2150 istos
1773 2092 1886 2149 nisi
1918 2092 2176 2148 fructum
2287 2095 2540 2151 delectat
2593 2095 2880 2168 perficio?
2928 2095 3213 2151 Averterit
3257 2095 3413 2151 Deus
3462 2094 3615 2151 hanc
3661 2096 3735 2151 ab
3784 2097 3951 2152 omni

524 2187 766 2245 fecerint
802 2183 1201 2258 praecidendus
1230 2187 1297 2237 ut
1326 2181 1764 2238 substituuntur
1786 2182 1885 2237 alii
1931 2181 2015 2237 vel
2056 2199 2178 2237 car—
2287 2184 2619 2241 Christiano
2650 2184 2943 2240 insaniam
2977 2188 3043 2239 ut
3086 2201 3149 2240 se
3178 2184 3397 2257 aliquis
3427 2185 3500 2240 de
3538 2202 3784 2241 numero
3817 2202 3951 2259 per-

522 2293 597 2334 ne
623 2275 713 2332 vel
743 2276 974 2330 tantum
1007 2271 1332 2328 imitatione
1365 2271 1468 2326 filii
1505 2271 1772 2340 Abrahae,
1805 2289 1878 2327 ne
1931 2277 2177 2327 nutante
2278 2275 2543 2330 ditorum
2575 2274 2793 2341 credat,
2826 2290 2889 2330 se
2919 2291 2953 2329 a
2983 2273 3137 2329 malo
3169 2274 3376 2330 reverti
3415 2291 3531 2330 non
3582 2291 3757 2347 posse
3807 2291 3952 2332 con—

516 2363 933 2440 promissionis
962 2362 1064 2418 Dei
1097 2362 1212 2417 fide
1243 2360 1430 2433 possit
1460 2360 1678 2434 aliquis
1713 2365 1878 2417 certae
1928 2378 2174 2417 summae
2276 2362 2464 2436 jiciat,
2501 2379 2562 2437 se
2592 2362 2987 2419 inastimabili
3020 2363 3120 2419 Dei
3152 2363 3468 2420 clementia
3505 2363 3719 2420 salvari
3768 2382 3949 2438 posse

518 2454 746 2512 deesse.
778 2454 848 2510 Et
878 2451 1071 2508 adhuc
1116 2450 1378 2523 apertius
1409 2450 1468 2505 in
1498 2450 1864 2523 Apocalypsi,
1896 2451 1996 2507 ubi
2031 2468 2174 2524 prae-
2285 2452 2533 2509 diffidat.
2568 2453 2686 2508 Hoc
2719 2469 2920 2509 eorum
2951 2457 3042 2509 est
3071 2452 3169 2525 qui
3200 2455 3511 2510 transeunt
3556 2453 3618 2509 in
3664 2455 3946 2510 attactum

523 2543 742 2617 eipitur
774 2559 788 2597 :
824 2544 961 2599 Tene
989 2540 1131 2613 quod
1160 2547 1324 2605 tenes,
1354 2555 1425 2595 ne
1465 2541 1611 2596 alius
1658 2542 1892 2611 accipiat
1921 2555 2175 2596 enronam
2283 2542 2610 2610 cordis,hoc
2630 2541 3080 2615 est,quimalum
3098 2542 3630 2600 amoreinsatiahili
3654 2543 3938 2616 diligunt,

523 2641 679 2691 tuam
703 2635 888 2704 (Apoc.
917 2630 1025 2702 III).
1059 2629 1119 2686 Si
1149 2629 1307 2685 enim
1341 2627 1491 2685 alius
1522 2646 1637 2685 non
1668 2632 1758 2684 est
1805 2633 2170 2701 accepturus,

524 2722 639 2780 nisi
667 2720 778 2777 iste
799 2718 1301 2793 perdendolocum
1320 2735 1571 2774 vacuum
1587 2718 1787 2774 fecerit
1803 2735 2170 2785 successuro,

522 2816 719 2870 certus
747 2814 838 2866 est
866 2824 1151 2864 numerus
1179 2806 1599 2864 electorum.Ut
1625 2812 1822 2864 autem
1852 2809 2030 2864 etiam
2053 2826 2176 2882 per-

523 2898 875 2958 severaturis
907 2897 1147 2970 perinde
1177 2897 1292 2952 ista
1321 2895 1612 2965 dicantur,
1641 2897 1799 2952 velut
1841 2914 1940 2954 eos
1980 2915 2174 2970 perse-

520 2993 824 3047 veraturos
872 2987 1160 3044 habeatur
1190 2986 1502 3056 incertum,
1536 2986 1659 3042 haec
1690 2987 1839 3043 ratio
1878 2991 1989 3055 est,
2017 2988 2173 3060 quod

522 3082 717 3136 metus
748 3081 838 3134 est
868 3076 1237 3133 necessarius
1270 3075 1488 3149 quibus
1518 3075 1712 3132 adhuc
1761 3080 1952 3149 potest
1981 3077 2174 3132 subri-

520 3184 659 3242 pere
686 3166 970 3240 superbia
1003 3165 1266 3233 morbus,
1298 3170 1355 3221 et
1392 3169 1558 3221 tanta
1587 3165 1793 3222 subest
1841 3165 1931 3222 his
1982 3166 2175 3222 adhuc

2276 2636 2342 2688 et
2371 2632 2432 2687 in
2462 2648 2529 2687 eo
2559 2632 2770 2687 durare
2801 2631 3269 2688 obstinatissima
3315 2632 3636 2690 intentione
3664 2634 3938 2690 decreve-

2283 2724 2442 2788 runt,
2476 2724 2535 2776 et
2567 2721 2627 2776 in
2659 2720 2727 2793 (c)
2758 2719 3182 2794 desperationis
3204 2721 3547 2778 barathrum
3572 2721 3940 2779 irrevocabili

2285 2826 2348 2866 se
2379 2810 2677 2883 impietate
2726 2814 3078 2866 merserunt.
3114 2811 3223 2876 Qui
3272 2827 3405 2866 vero
3453 2828 3517 2867 se
3566 2812 3942 2884 redemptum

2285 2899 2497 2955 Christi
2532 2899 2813 2972 sangaine
2864 2903 3029 2955 tanto
3078 2901 3264 2973 pretio
3314 2901 3604 2968 meminit,
3637 2901 3944 2958 initiatum

2285 2988 2639 3061 baptismate
2660 2993 2826 3045 tanto
2857 2994 2983 3043 sato
3013 2993 3382 3045 sacramento
3423 3007 3541 3046 non
3572 2992 3778 3056 nescit,
3817 3008 3949 3064 pae-

2285 3077 2543 3134 nitentiae
2577 3077 2803 3133 aditum
2816 3094 2934 3133 suae
2963 3076 3599 3150 salutisargumentum
3613 3082 3949 3152 paterenon

2284 3167 2536 3236 dubitat,
2569 3184 2694 3237 cur,
2728 3184 2948 3240 quaeso,
2983 3167 3179 3240 potius
3208 3167 3390 3223 tantis
3432 3168 3729 3226 beneficiis
3776 3169 3949 3226 nullo

516 3254 855 3323 inﬁrmitas,
883 3272 1012 3329 quis
1044 3271 1161 3311 non
1195 3253 1507 3311 securitate
1539 3255 1804 3325 fovenda,
1822 3256 1922 3312 sed
1955 3256 2068 3311 alia
2099 3256 2177 3312 sit
2214 3322 2250 3331 _
2285 3274 2392 3313 suo
2423 3256 2630 3313 merito
2660 3256 2774 3313 nisi
2806 3255 2983 3323 malo,
3019 3273 3135 3312 non
3169 3256 3502 3313 indefessus
3550 3258 3853 3331 implorat,
3881 3266 3951 3315 ut

517 3322 861 3403 infirmitate
889 3322 1171 3401 sedanda.
1203 3343 1415 3400 Veniat
1445 3344 1617 3401 nobis
1650 3345 1708 3400 in
1732 3322 1989 3402 mentem
2021 3347 2174 3403 282
2206 3322 2251 3391 α
2285 3345 2459 3402 etiam
2485 3351 2542 3401 et
2573 3346 2793 3407 bonum
2825 3322 3102 3401 meritum
3135 3363 3171 3401 a
3198 3345 3315 3401 Deo
3346 3350 3404 3402 et
3432 3363 3561 3418 quae
3583 3322 3802 3403 benum
3826 3322 3951 3406 me-

516 3433 852 3508 Apostolus,
876 3432 970 3489 cui
1001 3432 1264 3505 corporis
1288 3432 1579 3488 incertum
1613 3449 1687 3488 an
1719 3432 1935 3489 mentis
1958 3433 2178 3489 incom-

518 3525 693 3580 modo
722 3522 1011 3578 laboranti
1037 3525 1095 3577 et
1123 3520 1450 3576 remedium
1482 3521 1768 3595 ﬂagitanti
1793 3522 2043 3579 scelestis
2060 3539 2176 3578 me-

514 3612 708 3679 dicus,
741 3611 842 3684 qui
875 3611 1052 3667 sciret
1080 3626 1259 3683 quam
1291 3610 1418 3682 ipse
1450 3609 1661 3666 melius
1692 3612 1832 3683 quid
1858 3612 1907 3668 ei
1942 3629 2175 3684 compe-

517 3706 685 3773 teret,
720 3699 1084 3756 infirmitatis
1115 3699 1444 3754 antidotum
1479 3701 1787 3777 convenire
1827 3701 2176 3757 monstravit

518 3790 674 3847 hanc
691 3788 1432 3864 praedestinationemquia
1453 3788 1607 3845 Deus
1638 3789 1906 3846 evolvens
1923 3790 2173 3864 gratiam

519 3879 750 3950 (a)facit
769 3882 1146 3949 sanctos,non
1164 3876 1468 3945 invenit,et
1481 3882 1937 3950 postexcursum
1955 3880 2176 3936 instan-

517 3969 599 4025 tis
629 3967 755 4026 vita
785 3968 1012 4040 perﬁcit
1047 3970 1106 4022 et
1150 3970 1410 4023 coronat.
1439 3967 1619 4037 Hanc,
1654 3968 1918 4041 inquam,
1950 3971 2173 4042 praede»

516 4058 921 4126 stinationrm,
946 4072 1075 4130 qua
1106 4055 1438 4113 illustribus
1468 4056 1650 4113 divini
1680 4056 2176 4130 eloquiitestimo-

518 4147 636 4204 niis
662 4151 722 4204 et
747 4145 1299 4219 inexpugnabilibus
1328 4147 1696 4219 argumentis
1726 4148 2176 4211 astruitur.ﬁde-

516 4237 604 4295 les
634 4237 854 4311 quique
875 4234 1096 4309 passim
1118 4235 1816 4308 suscipiunt,constanter
1829 4238 2172 4304 defendunt,

2284 3434 2460 3490 ritum
2519 3440 2964 3507 consequuntur
3008 3433 3303 3507 accipiat?
3331 3434 3449 3490 Cur
3496 3452 3559 3492 se
3603 3452 3947 3509 regressum

2285 3523 2501 3579 habere
2533 3524 2675 3579 dum
2706 3523 2801 3579 hic
2829 3522 2970 3579 vivit
3000 3525 3291 3596 desperat,
3325 3540 3460 3580 cum
3492 3524 3687 3598 potius
3730 3526 3804 3581 de
3838 3526 3949 3584 bo-

2285 3610 2469 3667 nitate
2499 3611 2601 3667 Dei
2648 3628 3000 3683 prtesumere
3031 3612 3257 3679 debeat,
3293 3613 3448 3685 quod
3499 3613 3629 3669 ideo
3672 3612 3833 3671 vivat
3877 3622 3950 3672 ut

2278 3700 2668 3773 semetipsum
2701 3702 2935 3757 tandem
2968 3701 3286 3771 aliquando
3317 3702 3755 3776 corrigat‘tQuis
3785 3703 3951 3763 inte-

2283 3807 2385 3864 gre
2416 3807 2679 3862 unquam
2708 3807 2942 3862 sperare
2972 3790 3032 3845 in
3064 3791 3310 3847 Domino
3350 3792 3560 3864 potuit,
3591 3809 3697 3848 nec
3750 3794 3951 3866 potuit

2285 3882 2357 3937 ad
2397 3880 2628 3936 veniam
2679 3879 3024 3952 pervenire?
3074 3881 3196 3936 lmo
3244 3898 3350 3937 suo
3411 3881 3665 3954 quisque
3710 3881 3947 3955 judicio

2285 3970 2601 4026 damnatus
2631 3969 2819 4042 fugiat
2849 3986 2881 4025 a
2910 3969 3025 4025 Deo
3050 3970 3123 4025 ad
3154 3970 3442 4038 Deum,ab
3472 3971 3622 4026 irato
3647 3971 3789 4029 dum
3817 3989 3952 4046 pec-

2283 4063 2395 4126 cat,
2440 4060 2513 4115 ad
2561 4058 2859 4131 placatum
2910 4059 3050 4113 dum
3102 4058 3362 4130 pcenitet.
3412 4059 3644 4115 Revelet
3690 4060 3949 4118 Domino

2280 4149 2436 4204 viam
2470 4165 2661 4215 suam,
2696 4151 2753 4203 et
2777 4152 2970 4219 speret
2999 4146 3059 4202 in
3092 4164 3249 4216 eum,
3283 4153 3339 4203 et
3385 4147 3511 4221 ipse
3557 4150 3746 4217 faciet,
3784 4151 3951 4215 284

2283 4238 2509 4294 scilicet
2541 4240 2605 4292 ut
2635 4236 2792 4291 mala
2822 4236 2993 4308 plena
3022 4237 3336 4304 deserat,et
3355 4238 3510 4294 bona
3529 4238 3952 4310 jamardenter

518 4327 578 4383 in
608 4327 717 4383 hac
748 4330 815 4382 ut
842 4342 951 4399 par
978 4329 1071 4382 est
1114 4325 1386 4397 suspensi
1438 4342 1605 4397 spem
1654 4343 1774 4381 suae
1819 4325 2030 4383 salutis
2079 4327 2173 4400 pio
2285 4342 2351 4384 ac
2379 4325 2800 4382 delectabiliter
2839 4324 3240 4398 apprehendat
3281 4325 3383 4382 Ille
3432 4344 3548 4383 non
3599 4332 3793 4400 potest
3838 4329 3945 4384 Dei

507 4427 809 4474 consensu
842 4419 1152 4488 reponunt,
1184 4431 1290 4471 nec
1321 4414 1637 4470 immerito.
1671 4414 1971 4488 Siquidem
2012 4416 2176 4472 nulla
2282 4415 2749 4472 misericordiam
2783 4414 3062 4487 consequi
3091 4416 3189 4488 qui
3223 4415 3281 4471 in
3313 4415 3413 4472 illo
3444 4432 3679 4489 sperare
3702 4433 3820 4473 non
3844 4434 3949 4491 po-

508 4505 613 4562 ‘via
649 4504 858 4561 salutis
904 4503 1177 4561 humanas
1226 4507 1418 4576 potest
1468 4503 1713 4559 inveniri
1767 4510 1976 4578 praeter
2022 4506 2174 4561 hanc
2279 4509 2414 4561 test.
2463 4506 2611 4561 Nam
2670 4512 2976 4576 sperantem
3024 4506 3083 4560 in
3132 4506 3379 4574 Domino,
3431 4511 3497 4560 ut
3550 4505 3678 4578 ipse
3728 4508 3946 4579 aperit,

518 4610 696 4668 quam
716 4610 844 4667 quae
868 4592 1139 4666 praestitit
1154 4592 1352 4647 divina
1372 4592 1558 4665 gratia
1576 4593 2022 4651 demonstravit.
2054 4596 2173 4651 Hac
2278 4594 2660 4651 misericordia
2688 4593 3069 4649 circumiabit.
3104 4594 3148 4650 Ο
3185 4611 3362 4667 quam
3392 4598 3585 4650 tutum
3639 4599 3729 4651 est
3764 4597 3947 4654 nobis

504 4683 771 4741 exclusis
801 4683 1003 4739 nullus
1033 4681 1276 4739 omnino
1307 4686 1466 4753 patet
1498 4683 1727 4739 reditus
1776 4684 1849 4739 ad
1898 4684 2169 4741 salutem.
2204 4700 2250 4765 D
2281 4684 2341 4738 in
2374 4682 2473 4740 Dei
2523 4682 2736 4755 pietate
2784 4682 3151 4755 perfugium!
3187 4683 3431 4739 Paratus
3461 4687 3550 4740 est
3597 4684 3752 4741 Deus
3803 4701 3945 4758 par-

518 4774 601 4831 e
629 4773 722 4829 his
752 4770 1327 4846 praedestinationem
1361 4770 1462 4826 Dei
1494 4771 1610 4826 dici
1643 4772 1885 4829 horrent
1913 4774 2176 4846 plerique

516 4866 693 4935 atque
722 4862 1042 4934 refugiunt,
1067 4860 1128 4915 in
1159 4860 1379 4931 quibus
1406 4863 1464 4915 et
1494 4862 1761 4932 quaedam
1797 4863 1867 4935 (b)
1899 4863 2176 4935 praeclara

508 4950 840 5009 Praisulum
871 4947 1347 5017 lumina,sci|icet
1375 4965 1447 5005 ne
1460 4949 1733 5005 credatur
1755 4950 1910 5006 Deus
1932 4951 2175 5008 libidine

516 5041 799 5115 puniendi
833 5039 1065 5113 aliquos
1093 5037 1428 5094 condidisse
1451 5042 1510 5093 et
1538 5036 1754 5111 injuste
1777 5040 2059 5096 damnare
2074 5057 2175 5097 eos

519 5130 621 5204 qui
652 5146 771 5186 non
796 5128 1091 5187 valuerint
1119 5132 1422 5200 peccatum
1450 5143 1517 5182 ac
1549 5143 1653 5199 per
1679 5127 1791 5183 hoc
1821 5145 1927 5184 nec
1957 5129 2177 5202 suppli-

519 5221 677 5277 cium
708 5218 1019 5276 declinare.
1052 5217 1161 5282 Qui
1195 5217 1246 5272 si
1281 5217 1671 5283 attenderent,
1702 5217 1857 5274 sicut
1899 5218 1958 5274 in
1988 5220 2173 5276 Adam

519 5308 622 5365 illo
651 5308 952 5365 voluntate
973 5309 1249 5379 peccante
1269 5321 1474 5361 omnes
1489 5312 1893 5377 peccaverunt,
1907 5308 1990 5365 ita
2009 5310 2174 5382 prius

520 5398 622 5456 illo
651 5399 875 5470 absque
899 5394 1037 5451 vitio
1068 5395 1354 5451 existente
1400 5411 1605 5452 omnes
1649 5396 1872 5470 absque
1902 5399 2040 5456 vitio
2070 5416 2173 5455 ex-

594 5522 671 5594 (a)
704 5521 866 5594 Facit
882 5527 1115 5594 sanctos,
1138 5537 1259 5594 non
1292 5521 1520 5594 inventi!t
1554 5520 1853 5579 Imitatum
1896 5524 2053 5581 istud
2084 5526 2171 5582 vi-

523 5590 705 5665 detur
723 5608 791 5647 ex
820 5590 1029 5665 Tacito
1048 5592 1107 5647 in
1131 5591 1271 5665 AYita
1299 5591 1576 5665 Agricola:
1601 5610 1613 5648 :
1650 5617 1677 5643 «
1712 5594 2037 5652 Rarissima
2053 5615 2173 5653 mo-

524 5662 823 5746 deratione
855 5662 1061 5718 maluit
1088 5663 1270 5719 videri
1301 5662 1591 5721 invenisse
1632 5665 1836 5736 bonos,
1873 5685 2051 5739 quam
2086 5670 2170 5725 fe-

522 5751 1274 5885 018(3)):wclaraprgmmm
1294 5807 1814 5881 tuminaJntelligit
1824 5809 1981 5869 haud
1995 5812 2173 5871 dubie

2286 4788 2416 4828 cere
2446 4770 2729 4843 subjectis
2759 4775 2817 4826 et
2844 4771 3138 4828 debellare
3160 4773 3466 4844 superbos.
3502 4772 3602 4828 His
3632 4773 3735 4845 qui
3762 4774 3948 4833 relin-

2284 4866 2477 4933 quunt
2506 4860 2760 4933 culpam,
2793 4863 2853 4917 et
2874 4859 3334 4933 lacrymabiliter
3352 4861 3653 4934 postulant
3679 4864 3946 4931 veniam,

2285 4949 2473 5006 facilis
2503 4953 2595 5005 est
2623 4954 2899 5023 praestem
2946 4948 3394 5023 indulgentiam.
3429 4951 3571 5018 Quis
3618 4968 3734 5008 non
3780 4952 3948 5011 hunc

2286 5038 2541 5095 multum
2573 5038 2802 5112 diligat,
2832 5042 2900 5094 ut
2927 5038 3040 5095 sibi
3072 5039 3289 5095 dimitti
3315 5045 3557 5113 peccata
3572 5040 3765 5097 multa
3794 5043 3951 5099 obti-

2284 5129 2448 5185 neat?
2464 5128 2736 5185 Festinus
2763 5144 2901 5201 ergo
2932 5128 3182 5201 quisque
3215 5130 3289 5185 ad
3318 5129 3673 5202 pcenitentiaa
3703 5137 3948 5204 portum

2284 5217 2605 5291 confugiat.
2637 5234 2883 5273 securus
2912 5218 3317 5291 apprehendat
3336 5224 3395 5275 et
3419 5222 3635 5276 teneat.
3652 5220 3952 5294 Preponat

2282 5309 2394 5365 sibi
2426 5307 2676 5380 quisque
2707 5306 2919 5363 simula
2939 5307 3155 5380 pietate
3176 5308 3353 5364 David
3386 5323 3583 5382 regem
3610 5312 3672 5366 et
3701 5310 3945 5367 Petrum

2282 5395 2894 5471 apostolum;quorum
2926 5413 3081 5453 unus
3108 5397 3181 5453 de
3207 5396 3492 5459 adulterio
3522 5403 3580 5454 et
3620 5398 3946 5457 homicidio

2281 5524 2666 5598 ﬂincmarum
2698 5521 3110 5598 Rhemensem,
3144 5522 3452 5598 Rabanum
3473 5522 3941 5598 ⁸ξκῖοειιιήὶιψιῐι,

2283 5595 2428 5651 Pard
2438 5593 2603 5650 ulum
2617 5594 3167 5660 Laudunensem,ac
3179 5595 3424 5650 fortasse
3437 5593 3584 5651 alios
3597 5593 3939 5653 nonnullos.

2353 5667 2421 5739 (ε)
2459 5667 2864 5739 Desperationis
2892 5666 3522 5739 barathrum.Epist.3:«
3541 5666 3730 5722 Etiam
3751 5668 3813 5724 in
3844 5669 3944 5725 de-

2279 5737 2634 5868 sperationis
2657 5737 3003 5820 barathrqu
3032 5737 3655 5810 dejicere’petuissent.
3686 5761 3716 5789 »
3748 5740 3939 5813 Epist.

2279 5812 2315 5867 9
2384 5828 2397 5866 :
2428 5834 2456 5861 «
2490 5810 2553 5867 In
2585 5809 3013 5881 desperationis
3044 5808 3390 5867 barathrum
3421 5826 3788 5869 corruamus.
3829 5835 3852 5862 ι
