4108 6484
169 418 285 481 645

1227 420 1378 481 LIB.
1426 419 1527 479 DE
1571 417 1856 480 TRIBUS
1903 415 2522 489 QUIESTIONIBUS.

3464 414 3587 478 646‘

171 553 362 619 bitrio,
396 557 453 608 et
482 553 553 608 de
582 552 1115 625 prmtlestinatione,
1140 556 1216 622 (a)
1249 570 1364 607 non
1394 557 1457 606 ut
1503 551 1814 616 voluimus,
1849 554 1901 618 Α
1934 550 2142 605 salutis
2174 567 2397 617 eorum,
2432 550 2540 605 hoc
2586 554 2692 619 est,
2727 553 3024 606 auctorem
3073 549 3450 619 salvatorum,
3485 569 3586 623 per

172 641 271 698 sed
321 645 384 697 ut
413 641 730 711 valuimus,
766 642 1158 714 pertractatis,
1200 642 1269 696 ad
1313 641 1569 708 tertiam,
1602 639 1826 695 scilicet

1933 639 2267 711 passionem
2299 655 2733 708 consummare,
2752 644 2816 694 ut
2845 640 2917 695 de
2938 656 3053 712 quo
3084 639 3317 709 dicitur,
3342 656 3469 712 qua?
3489 658 3586 696 cce-

172 731 240 787 de
261 731 680 804 redemptione,
701 734 923 804 quanta
950 730 1027 786 sit
1076 729 1385 803 sanguinis
1425 729 1663 798 Christi,
1698 745 1824 800 qua:
1928 730 2015 799 pit
2030 729 2183 784 Iesus
2210 731 2391 801 facere
2419 737 2470 785 et
2495 729 2699 797 docere,
2726 729 2880 802 quod
2913 730 3240 786 docendum
3273 729 3332 785 in
3363 730 3583 786 mundo

171 823 259 876 est
288 819 855 889 ultima,veniamus.
889 819 958 875 Et
990 819 1141 874 unde
1173 817 1381 874 melius
1414 816 1823 873 considerandi

172 909 473 982 capiemus
501 909 807 965 exordium
841 925 1019 981 quam
1053 908 1124 964 ab
1158 909 1286 980 ejus
1316 906 1509 962 verbis
1539 906 1638 979 qui
1670 907 1824 979 quod

176 1002 379 1070 postea
407 997 559 1054 sicut
587 998 762 1054 homo
796 997 1077 1071 implevit,
1112 1001 1285 1053 antea
1315 996 1466 1052 sicut
1495 996 1650 1051 Deus
1682 1013 1825 1068 prae-

174 1087 361 1143 dixit?
391 1088 542 1144 Sunt
572 1087 710 1142 hinc
742 1089 871 1160 ejus
915 1087 1089 1143 verba
1121 1103 1135 1142 :
1168 1086 1229 1142 Si
1270 1086 1546 1142 exaltatus
1591 1087 1745 1156 fuero
1794 1102 1828 1139 a

173 1185 337 1244 terra,
361 1178 544 1233 omnia
576 1178 797 1232 traham
828 1176 896 1231 ad
925 1193 1010 1232 me
1042 1178 1222 1249 ipsum
1250 1177 1428 1246 (Joan.
1459 1175 1580 1247 xu).
1616 1175 1679 1230 In
1719 1174 1827 1229 hac

172 1265 536 1334 exaltatione,
572 1282 750 1338 quam
783 1282 843 1321 se
873 1264 1240 1320 humiliando
1285 1268 1350 1319 ut
1396 1281 1503 1319 nos
1547 1262 1826 1319 exaltare-

172 1372 306 1409 mur
334 1371 647 1427 perpessus
679 1358 785 1423 est,
822 1353 1064 1427 sanguis
1094 1352 1190 1409 ille
1222 1370 1326 1425 pro
1359 1351 1560 1407 multis
1608 1353 1828 1407 eﬁ‘usus

173 1448 259 1500 est
317 1444 376 1499 in
432 1442 838 1500 remissionem
895 1447 1290 1516 peccatorum.
1325 1442 1419 1497 Sic
1467 1440 1621 1496 enim
1674 1441 1827 1496 idem

169 1532 363 1599 Jesus,
394 1531 503 1588 hoc
532 1536 623 1587 est
654 1536 859 1589 nostra
892 1531 1095 1604 lingua
1128 1531 1398 1598 Salvator,
1434 1529 1659 1586 salvum
1696 1530 1831 1585 fecit

170 1619 456 1694 populum
489 1639 665 1678 suum
699 1639 733 1676 a
763 1621 1020 1693 peccatis
1052 1638 1275 1676 eorum.
1300 1620 1561 1692 Denique
1593 1636 1707 1674 non
1730 1617 1832 1674 ali-

169 1727 348 1783 quam
399 1710 583 1767 solam
636 1715 868 1784 gentem
919 1709 1093 1783 elegit
1145 1711 1291 1767 241
1330 1726 1505 1781 quam
1547 1707 1830 1781 singulari

170 1798 473 1872 privilegio
503 1803 686 1855 totam
720 1798 999 1868 salvaret;
1038 1800 1136 1855 sed
1171 1800 1399 1854 utnon
1449 1815 1555 1854 suo
1600 1798 1830 1867 merito,

169 1905 372 1945 verum
397 1888 641 1945 forsitan
661 1889 1139 1961 commendandae
1163 1887 1464 1961 dignitatis
1481 1886 1832 1960 pontiﬁcalis

172 1977 380 2050 gratia,
413 1977 664 2051 Caiphas
698 1977 1369 2051 prophetavit,mortuus
1395 1980 1484 2032 est
1511 1976 1829 2043 Jesus,non

173 2070 405 2122 tantum
435 2082 538 2139 pro
569 2067 905 2123 Judceorum
934 2071 1125 2140 gente,
1156 2066 1311 2121 unde
1342 2083 1529 2138 genus
1558 2066 1825 2132 ducebat,

173 2156 274 2212 sed
308 2159 373 2211 ut
405 2155 555 2211 ﬁlios
586 2155 687 2212 Dei
719 2156 819 2228 qui
853 2159 1018 2211 erant
1049 2155 1297 2228 dispersi
1349 2158 1726 2228 congregaret
1768 2154 1827 2210 in

171 2262 382 2300 unum.
416 2244 542 2300 Non
573 2245 729 2317 quod
763 2245 954 2300 adhuc
1005 2249 1201 2301 essent
1251 2244 1354 2299 ﬁlii
1403 2243 1525 2315 Dei,
1561 2245 1661 2299 sed
1694 2243 1830 2317 quia

170 2333 325 2389 inter
350 2333 830 2407 congregandum
861 2332 997 2389 facti
1030 2336 1170 2390 sunt
1201 2331 1304 2388 ﬁlii
1332 2332 1429 2389 Dei
1462 2350 1595 2388 cum
1618 2332 1829 2388 unitati

170 2422 307 2479 ﬁdei
340 2427 734 2479 accesserunt.
768 2424 893 2479 Non
942 2422 1394 2496 incongruenter
1450 2422 1648 2496 igitur,
1677 2423 1832 2479 sicut

171 2512 465 2585 praedixit,
496 2513 567 2567 ad
602 2530 664 2569 se
695 2511 893 2568 omnia
922 2513 1117 2579 traxit,
1153 2512 1253 2584 qui
1301 2529 1369 2568 ex
1418 2511 1575 2567 omni
1621 2528 1829 2585 genere

170 2601 481 2658 hominum
517 2600 691 2675 elegit
721 2619 1106 2674 quoscunque
1150 2600 1373 2657 salvare
1415 2601 1688 2656 decrevit.
1722 2599 1830 2666 Qui

169 2693 339 2748 multi
368 2690 506 2747 dicti
537 2695 696 2759 sunt,
725 2692 865 2763 quia
894 2689 1093 2764 plures
1123 2691 1325 2762 utique
1356 2689 1683 2759 salvantur;
1716 2707 1830 2745 om-

169 2798 268 2837 nes
302 2785 523 2850 autem,
559 2779 698 2853 quia
747 2796 815 2834 ex
865 2780 1023 2836 omni
1074 2796 1283 2853 genere
1331 2778 1636 2835 hominum
1670 2777 1828 2833 colli-

173 2874 419 2944 guntur.
451 2870 559 2926 Pro
591 2869 683 2924 his
716 2869 914 2924 fusum
964 2886 1093 2925 esse
1142 2868 1491 2941 sanguinem
1536 2868 1658 2936 Dei,
1693 2868 1834 2940 quia

175 2960 410 3017 Verbum
439 2976 564 3015 caro
593 2961 801 3031 factum
829 2966 927 3028 est,
959 2958 1069 3014 hoc
1099 2962 1206 3025 est,
1235 2962 1382 3013 Deus
1411 2957 1585 3013 homo
1618 2958 1829 3023 factus,

174 3066 209 3105 a
240 3052 405 3121 parte
437 3052 625 3104 totum
657 3047 1024 3120 signiﬁcante
1075 3047 1396 3120 Scriptura,
1442 3046 1595 3102 sicut
1643 3046 1779 3103 alibi
1816 3063 1830 3104 :

170 3138 239 3194 Et
268 3137 475 3194 videbit
504 3139 679 3193 omnis
709 3154 835 3193 caro
862 3138 1104 3192 salutare
1132 3138 1230 3192 Dei
1261 3138 1409 3208 (Luc.
1442 3139 1550 3205 ιιι),
1581 3135 1691 3191 hoc
1721 3141 1828 3205 est,

177 3227 377 3283 omnis
408 3225 604 3295 homo,
628 3230 685 3282 et
715 3225 853 3299 quia
882 3226 1056 3294 Deus,
1075 3226 1215 3281 dum
1246 3224 1536 3297 integram
1560 3229 1827 3280 naturam

174 3320 443 3372 nostram
476 3316 819 3389 assumpsit,
852 3333 1020 3370 suam
1052 3315 1451 3387 incorruptam
1497 3318 1651 3369 certe
1701 3313 1831 3369 reti—
1861 3298 1902 3366 C

173 3406 327 3475 nuit,
344 3404 691 3461 universalis
708 3403 1289 3461 conﬁteturEcclcsia
1306 3420 1408 3476 per
1424 3406 1609 3459 totum
1633 3404 1833 3458 orbem

170 3500 343 3552 terrae
376 3494 742 3566 diﬂ‘usa,qua
772 3495 1120 3550 necessitate
1141 3493 1566 3566 constringitur
1591 3492 1648 3547 in
1673 3509 1834 3549 acce-

173 3590 279 3658 pta
298 3582 761 3640 sanctiﬁcatione
775 3581 1831 3655 manendi,sicApostoloexplanante:

170 3675 360 3747 Empti
386 3675 516 3730 estis
540 3674 718 3745 pretio
746 3689 969 3743 magno,
999 3673 1300 3744 gloriﬁcate
1330 3679 1379 3727 et
1412 3680 1624 3744 portate
1665 3672 1837 3727 Deum

173 3766 237 3819 in
266 3779 490 3835 corpore
516 3770 686 3818 vestro
715 3764 765 3832 (Ι
793 3761 912 3818 Cor.
946 3761 1327 3833 v1).ltemque
1358 3778 1420 3816 se
1453 3764 1835 3816 annumerato

173 3854 248 3908 de
281 3851 559 3907 omnibus
608 3850 751 3906 dicit
799 3850 953 3906 idem
1003 3850 1315 3922 Apostolus
1348 3866 1361 3904 :
1397 3852 1626 3921 Propria
1665 3851 1832 3917 Filio,

173 3940 338 3998 haud
369 3941 617 3996 dubium
649 3940 792 4012 quin
822 3939 998 4007 Deus,
1032 3957 1141 3995 non
1169 3939 1531 4011 pepercit,sed
1559 3955 1659 4011 pro
1680 3941 1836 3995 nobis

173 4031 432 4087 omnibus
461 4029 693 4085 tradidit
720 4030 883 4085 illum
910 4031 1087 4099 (Rom.
1119 4032 1262 4096 vui).
1300 4028 1440 4083 Item
1475 4028 1545 4084 de
1574 4026 1667 4083 his
1718 4044 1838 4084 om-

173 4121 357 4176 nibus
387 4118 444 4173 in
490 4118 752 4191 Epistola
799 4136 926 4191 quae
975 4118 1377 4191 praiscribitur
1405 4117 1476 4172 ad
1515 4117 1784 4173 Hebraeos
1819 4135 1832 4173 :

178 4209 424 4267 Vidimus
468 4210 650 4265 Iesum
698 4216 921 4280 propter
964 4208 1278 4280 passionem
1323 4208 1517 4262 mortis
1560 4207 1735 4276 gloria
1788 4214 1841 4263 et

172 4300 382 4355 honore
410 4304 748 4364 coronatum,
783 4304 843 4352 ut
870 4297 1054 4367 gratia
1086 4297 1187 4351 Dei
1215 4312 1311 4367 pro
1340 4296 1594 4351 omnibus
1646 4303 1837 4364 gusta-

172 4396 258 4443 ret
288 4394 516 4442 mortem
545 4386 726 4457 (Hebr.
760 4384 842 4458 11).
875 4386 945 4441 Et
976 4385 1242 4458 aperiens
1275 4385 1374 4456 qui
1405 4387 1544 4441 sunt
1592 4383 1690 4440 isti
1739 4383 1836 4441 ho-

173 4477 390 4545 mines,
412 4491 547 4532 mox
574 4472 778 4530 intulit
811 4491 824 4530 :
857 4475 1084 4531 Docebat
1112 4475 1262 4530 enim
1289 4490 1415 4530 eum
1442 4481 1659 4545 pr0pter
1678 4489 1838 4545 quem

171 4566 366 4623 omnia
395 4572 445 4621 et
471 4581 569 4636 per
597 4580 755 4636 quem
784 4564 1104 4635 omnia,qui
1122 4563 1318 4619 multos
1335 4563 1480 4633 ﬁlios
1512 4564 1571 4617 in
1599 4564 1837 4634 gloriam

172 4655 499 4724 adduaserat,
532 4662 808 4711 auctorem
833 4653 1030 4709 salutis
1063 4653 1218 4710 242
1248 4669 1437 4708 eorum
1475 4668 1578 4724 per
1620 4654 1832 4723 passio-
1866 4673 1913 4738 Ι)

170 4761 304 4801 nem
348 4759 744 4800 consummare.
778 4741 1032 4798 Decebat
1078 4740 1295 4815 quippe
1349 4741 1533 4797 Deum
1580 4741 1832 4808 Patrem,

167 4840 395 4907 propter
439 4849 598 4906 quem
642 4833 850 4899 omnia,
882 4830 992 4887 hoc
1042 4834 1130 4886 est
1173 4829 1342 4902 cujus
1393 4829 1650 4886 bonitate
1696 4832 1837 4885 sunt

172 4922 397 4989 omnia,
428 4930 479 4978 et
504 4939 603 4995 per
632 4937 792 4994 quem
810 4923 1018 4987 omnia,
1054 4919 1193 4993 quia
1240 4919 1313 4975 ab
1362 4917 1462 4974 illo
1513 4923 1835 4976 comternus

172 5014 227 5071 ei
261 5016 425 5069 ortus
451 5015 539 5069 est
569 5010 751 5068 Filius
781 5027 884 5083 per
913 5027 1088 5084 quem
1114 5009 1269 5065 facta
1299 5011 1439 5064 sunt
1469 5008 1671 5063 omnia
1696 5007 1837 5081 (0m-

172 5106 280 5160 nia
325 5103 476 5158 enim
523 5102 586 5157 in
631 5101 909 5173 sapientia
950 5100 1154 5171 fecisti,
1179 5097 1321 5154 dicit
1351 5113 1515 5154 sacer
1566 5096 1837 5154 Psalmus

175 5192 355 5265 [PsaL
391 5191 530 5262 01]),
566 5189 688 5263 qui,
746 5189 855 5246 hoc
907 5193 1019 5259 est,
1068 5189 1257 5258 Pater,
1292 5186 1512 5244 multos
1567 5185 1719 5243 ﬁlios
1774 5186 1835 5243 in

173 5281 426 5356 gloriam
458 5280 803 5346 adduxerat,
831 5294 966 5336 cum
999 5278 1222 5336 scilicet
1251 5294 1424 5355 nemo
1461 5275 1716 5333 venisset
1761 5277 1835 5332 ad

175 5370 394 5429 Filium
434 5369 550 5427 nisi
598 5386 775 5443 quem
823 5369 991 5425 Pater
1037 5368 1163 5441 ipse
1210 5366 1502 5435 traxisset,
1537 5370 1835 5423 auctorem

247 5588 325 5657 (a)
358 5586 478 5642 Non
504 5591 567 5641 ut
592 5585 885 5641 voluimus.
937 5582 1116 5654 Epist.
1150 5583 1222 5657 3O
1253 5599 1265 5636 :
1302 5604 1331 5632 ‹‹
1364 5581 1833 5657 Pramonstratis

168 5651 389 5727 verbis,
423 5673 601 5730 super
630 5672 881 5730 quorum
912 5651 1203 5730 sententia
1234 5669 1349 5708 non
1396 5658 1462 5708 ut
1508 5651 1828 5723 voluimus,

172 5732 281 5789 sed
304 5723 713 5799 ut'valuimu's,
742 5726 968 5799 diutule
998 5723 1436 5799 locutisumus.
1469 5745 1497 5775 »

248 5801 324 5881 (b)
355 5802 521 5861 Salva
541 5799 667 5879 ﬁde.
685 5795 713 5851 ά
733 5798 1020 5872 Quoniam
1044 5797 1115 5856 de
1153 5795 1374 5856 eisdem
1404 5796 1831 5874 quaestionibus

1936 817 2060 890 ipse
2108 817 2384 873 docuerat
2430 817 2659 891 primus
2702 817 2991 891 impleret,
3027 819 3137 874 hoc
3185 822 3292 883 est,
3323 819 3588 892 majorem

1934 908 2257 962 charitatem
2285 924 2441 963 nemo
2470 908 2632 963 habet
2658 924 2821 979 quam
2853 916 2916 963 ut
2942 911 3192 964 animam
3220 925 3377 964 suam
3420 916 3591 981 ponat

1937 997 2059 1068 quis
2081 1012 2180 1067 pro
2210 998 2404 1051 amicis
2432 998 2566 1063 suis,
2591 1000 2647 1052 ct
2673 996 2756 1052 ita
2784 1013 2919 1052 eum
2951 1015 3054 1070 per
3082 998 3416 1069 passionem
3448 1015 3585 1073 con-

1938 1084 2261 1140 summaret
2296 1084 2484 1153 Pater,
2516 1084 2575 1140 id
2606 1089 2713 1157 est,
2729 1091 3203 1142 consummatum
3235 1087 3587 1160 perfectum-

1937 1191 2049 1245 que
2080 1174 2438 1242 ostenderet;
2458 1191 2591 1229 cum
2625 1176 2778 1247 quod
2810 1175 2933 1247 ipse
2962 1175 3108 1231 bene
3141 1175 3454 1245 docuisset,
3469 1193 3587 1232 non

1937 1263 2130 1319 solum
2163 1262 2781 1336 implere,quanquam
2814 1265 3209 1333 arduum,non
3237 1269 3587 1332 recusasset,

1935 1370 2136 1408 verum
2156 1352 2330 1408 etiam
2355 1369 2460 1408 suo
2482 1353 2742 1425 exemplo
2764 1358 3000 1411 caeteros
3021 1355 3592 1412 excitassetJntuen-

1940 1443 2081 1497 dum
2114 1442 2270 1514 quod
2303 1459 2449 1513 quos
2475 1441 2615 1497 dicit
2643 1459 2826 1499 omnes
2856 1442 2915 1498 in
2949 1460 3013 1499 eo
3045 1445 3199 1515 quod
3232 1444 3405 1517 paulo
3454 1448 3588 1500 ante

1939 1530 2155 1604 posuit,
2186 1529 2437 1603 qualiter
2464 1531 2654 1603 gratia
2686 1532 2780 1588 Dei
2815 1550 2917 1605 pro
2950 1533 3225 1589 omnibus
3269 1534 3592 1608 gustaverit

1940 1624 2210 1688 mortem,
2236 1620 2470 1676 eosdem
2505 1620 2678 1692 paulo
2709 1625 2841 1693 post
2869 1627 3170 1695 nuncupat
3198 1624 3415 1694 multos,
3440 1622 3589 1679 infe-

1941 1709 2201 1781 rens,qui
2223 1709 2440 1765 multos
2459 1709 2608 1765 ﬁlios
2626 1710 2681 1764 in
2701 1710 2947 1782 gloriam
2962 1711 3439 1768 adduxerat.Hesc
3452 1712 3592 1769 divi-

1942 1817 2151 1855 norum
2174 1798 2540 1870 eloquiorum
2564 1800 2881 1856 auctoritas
2906 1799 3296 1874 intelligenter
3316 1817 3590 1874 expensa,

1943 1906 2044 1961 pro
2062 1887 2354 1943 omnibus
2382 1887 2482 1943 Dei
2505 1887 2715 1943 Filium
2736 1893 3005 1961 gustasse
3032 1894 3279 1945 mortem
3303 1889 3387 1946 sic
3409 1888 3592 1962 accipi

1939 1994 2109 2050 posse
2141 1977 2403 2032 insinuat
2436 1978 2933 2049 quemadmodum
2963 1978 3147 2034 Deum
3196 1978 3339 2036 velle
3387 1996 3593 2036 omnes

1940 2066 2064 2122 ﬁeri
2092 2065 2302 2121 salvos.
2329 2065 2401 2121 Ut
2431 2065 2587 2121 enim
2619 2065 2810 2122 salvos
2832 2066 2956 2123 ﬁeri
2977 2068 3104 2123 vult
3125 2083 3329 2124 omnes
3351 2069 3594 2141 quicun-

1939 2174 2053 2229 que
2083 2155 2403 2221 salvantur,
2434 2154 2518 2211 ita
2546 2156 2783 2211 redimit
2810 2172 3014 2213 omnes
3053 2156 3390 2230 quicunque
3432 2157 3591 2214 redi-

1939 2248 2201 2301 muntur.
2219 2244 2343 2301 Non
2376 2248 2571 2300 autem
2599 2243 2898 2301 salvantur
2925 2262 3151 2313 omnes,
3183 2262 3289 2301 nec
3319 2263 3452 2303 vero
3498 2263 3591 2302 re-

1940 2334 2266 2389 dimuntur.
2300 2334 2424 2389 Non
2459 2333 2657 2405 itaque
2686 2332 2810 2389 vult
2839 2332 3050 2390 salvari
3080 2333 3226 2391 alios
3256 2352 3461 2392 omnes
3491 2338 3595 2391 aut

1942 2423 2148 2480 redimi
2182 2422 2295 2479 nisi
2330 2422 2429 2495 qui
2460 2422 2833 2478 redimuntur
2862 2427 3037 2495 atque
3058 2423 3458 2481 salvantur.ln
3482 2424 3593 2482 hoc

1940 2530 2116 2569 sensu
2138 2511 3022 2585 beatusAugustinusinvenitur
3042 2512 3101 2567 in
3123 2511 3592 2586 librocujusjam

1941 2618 2121 2674 supra
2142 2600 2547 2669 meminimus,
2581 2599 2683 2673 qui
2715 2600 3093 2657 Enchiridion
3142 2602 3375 2659 dicitur.
3407 2604 3593 2659 Locus

1942 2692 2094 2748 2.13
2117 2690 2211 2745 hic
2241 2693 2393 2745 est.«
2420 2689 2547 2744 Haec
2579 2707 2705 2761 quae
2728 2689 2787 2744 in
2815 2691 3033 2747 sanctis
3073 2691 3298 2765 angelis
3333 2697 3392 2748 et
3422 2693 3596 2748 virtu-

1939 2781 2097 2836 tibus
2129 2778 2343 2834 dicitur
2372 2777 2803 2847 Ecclesia,tunc
2836 2778 3004 2835 nobis
3031 2779 3201 2836 sicuti
3233 2784 3324 2837 est
3373 2782 3596 2837 innote-

1942 2874 2063 2925 scet
2092 2885 2225 2923 cum
2257 2867 2306 2923 ei
2339 2866 2633 2938 conjuncti
2667 2867 2953 2924 fuerimus
2986 2868 3046 2923 in
3077 2868 3254 2924 ﬁnem
3303 2870 3376 2926 ad
3414 2870 3593 2927 simul

1941 2958 2271 3013 habendam
2288 2956 2712 3012 beatitudinem
2727 2974 2847 3013 sem
2857 2957 3292 3030 piternam.lsta
3302 2976 3592 3032 vero,quaa

1942 3050 2014 3105 ab
2043 3047 2143 3102 illa
2173 3046 2577 3119 peregrinatur
2606 3045 2666 3100 in
2696 3047 2888 3114 terris,
2922 3051 2980 3102 et
3024 3048 3195 3104 nobis
3248 3048 3438 3105 notior
3480 3053 3590 3119 est,

1942 3154 2089 3209 quos
2113 3136 2169 3189 in
2190 3134 2291 3190 illa
2314 3151 2542 3202 sumus,
2559 3140 2615 3190 et
2637 3134 2774 3206 quia
2794 3134 3102 3191 hominum
3123 3139 3389 3211 est,quod
3410 3143 3467 3194 et
3486 3155 3593 3195 nos

1942 3242 2169 3291 sumus,
2204 3223 2323 3278 haec
2350 3223 2634 3296 sanguine
2667 3224 3002 3280 Mediatoris
3031 3224 3267 3281 nullum
3317 3227 3591 3284 habentis

1943 3316 2241 3386 peccatum
2275 3312 2347 3368 ab
2378 3311 2537 3367 omni
2568 3316 2656 3368 est
2687 3313 2988 3386 redempta
3017 3318 3274 3387 peccato.
3299 3316 3440 3387 Ejus
3485 3334 3592 3372 vox

1944 3406 2032 3458 est
2064 3419 2075 3457 :
2102 3401 2164 3457 Si
2192 3402 2330 3457 Deus
2353 3417 2455 3472 pro
2484 3402 2658 3468 nobis,
2691 3403 2812 3473 quis
2841 3411 3031 3459 contra
3072 3406 3210 3459 nos?
3236 3407 3333 3476 qui
3364 3407 3593 3477 proprio

1942 3493 2083 3547 Filio
2112 3507 2221 3546 non
2238 3490 2602 3562 pepercit,sed
2624 3506 2724 3562 pro
2745 3492 2997 3547 omnibus
3017 3492 3245 3548 tradidit
3269 3511 3393 3549 enim
3415 3494 3589 3568 (Rom.

1942 3584 2085 3650 vm).
2118 3585 2183 3635 In
2232 3578 2487 3635 Ecclesia
2528 3579 2709 3649 enim,
2741 3597 2868 3653 quae
2921 3580 3209 3655 sanguine
3259 3582 3594 3640 Mediatoris

1945 3669 2174 3726 nullum
2206 3667 2476 3724 habentis
2508 3672 2811 3740 peccatum
2845 3670 2917 3724 ab
2947 3670 3108 3726 omni
3159 3676 3250 3728 est
3297 3673 3598 3746 redempta

1945 3762 2200 3832 peccato,
2234 3757 2509 3830 intelligit
2537 3774 2664 3813 esse
2695 3775 2899 3814 omnes
2929 3760 3029 3832 qui
3074 3760 3390 3833 apostolico
3439 3761 3599 3820 testi-

1945 3848 2141 3905 monio
2160 3846 2918 3921 comprehenduntur,quod
2936 3855 3148 3922 est,pro
3164 3851 3331 3907 nobis
3344 3852 3597 3908 omnibus

1945 3937 2172 3993 tradidit
2194 3954 2335 3992 eum.
2353 3935 2625 3993 Curiosos
2645 3940 2843 3993 tamen
2866 3938 3196 3995 divinorum
3229 3938 3596 4014 eloquiorum

1945 4044 2061 4083 non
2092 4027 2257 4099 fugat
2284 4025 2664 4098 probabiliter
2691 4026 2802 4082 dici
2825 4044 2998 4099 posse
3021 4031 3317 4085 mortuum
3349 4047 3454 4103 pro
3476 4049 3599 4088 om-

1944 4117 2120 4172 nibus
2153 4115 2451 4171 Christum
2486 4114 2583 4187 qui
2618 4116 2747 4187 ejus
2779 4115 2915 4171 ﬁdei
2945 4123 3314 4174 sacramenta
3342 4118 3461 4175 sive
3483 4138 3598 4176 ser-

1946 4203 2278 4273 vaturi,sive
2308 4222 2423 4260 non
2453 4205 2738 4260 servaturi
2769 4205 3121 4278 suscipiunt.
3151 4208 3256 4263 Pro
3279 4211 3595 4266 servaturis

1946 4295 2183 4368 quidem
2214 4292 2360 4348 nulli
2393 4297 2585 4365 potest
2613 4310 2741 4349 esse
2773 4294 3139 4367 ambiguum.
3173 4296 3279 4353 Pro
3314 4314 3430 4353 non
3474 4316 3595 4355 ser-

1945 4381 2488 4455 vaturisApestolus
2508 4381 2755 4439 idoneus
2777 4387 2981 4438 auctor
2999 4384 3203 4441 estillo
3226 4386 3592 4445 testimonio:

1943 4473 2157 4530 Peribit
2188 4473 2247 4527 in
2278 4473 2511 4527 scientia
2538 4473 2729 4544 frater,
2748 4480 2970 4544 propter
2998 4490 3157 4546 quem
3190 4474 3438 4532 Christus
3455 4493 3596 4535 mor-

1945 4571 2068 4619 tuus
2099 4569 2175 4616 est
2202 4559 2250 4633 (Ι
2284 4561 2413 4617 Cor.
2434 4560 2685 4630 vu).Nec
2717 4561 3106 4630 mirum,cum
3138 4564 3284 4620 ﬁdes
3316 4565 3441 4623 sine
3461 4583 3597 4640 ope-

1944 4650 2108 4705 ribus
2139 4649 2325 4705 otiosa
2354 4648 2512 4717 sit,et
2535 4647 2708 4705 multi
2729 4650 3114 4725 vocati,pauci
3130 4669 3262 4710 vero
3279 4654 3600 4712 doceantur

1945 4738 2360 4795 electi.Verum
2391 4737 2501 4794 hoc
2531 4738 2771 4811 quidam
2793 4739 2952 4796 velut
2980 4740 3391 4816 blasphemum
3420 4745 3596 4802 vehe-

1944 4833 2168 4884 menter
2183 4832 2558 4884 exsecrantur
2579 4832 2636 4884 et
2651 4828 3121 4903 damnaut,quod
3142 4832 3453 4906 derogetur
3471 4833 3598 4908 plu-

1942 4918 2161 4973 rimum
2186 4916 2577 4990 Redemptori,
2602 4918 2712 4974 nisi
2735 4919 3083 4992 generaliter
3102 4938 3306 4978 omnes
3328 4922 3596 4979 homines

1943 5007 2271 5064 redemerit.
2308 5007 2425 5062 Nos
2454 5013 2668 5077 autem,
2702 5008 2778 5079 (b)
2810 5007 2969 5065 salva
2998 5010 3133 5078 ﬁde,
3166 5010 3275 5067 hoc
3307 5014 3413 5081 est,
3437 5013 3594 5084 quod
3683 5059 3686 5062 .

1943 5102 2049 5154 suo
2081 5095 2370 5169 sanguine
2400 5096 2556 5153 Deus
2588 5097 2900 5154 redemerit
2928 5113 3132 5154 omnes
3154 5116 3301 5171 qnos
3325 5100 3592 5168 voluerit,

1942 5189 1998 5242 et
2028 5184 2171 5241 nulli
2194 5186 2314 5242 sint
2347 5185 2635 5258 redempti
2665 5185 2781 5242 nisi
2812 5202 2959 5258 quos
2990 5187 3321 5257 redemerit,
3345 5187 3428 5245 ita
3457 5206 3594 5246 cau-

1943 5292 2070 5331 sam
2100 5274 2160 5329 in
2192 5273 2385 5331 medio
2416 5273 2828 5347 relinquimus,
2862 5279 2927 5330 ut
2957 5275 3006 5332 si
3037 5275 3285 5348 quilibet
3320 5279 3593 5335 eumdem

1942 5363 2291 5438 sanguinem
2304 5363 2712 5437 Redemptoris
2732 5364 3007 5438 prodesse
3028 5364 3251 5439 aliquid
3272 5366 3449 5424 etiam
3470 5383 3596 5440 per-

1940 5579 2170 5637 diversa
2226 5580 2525 5668 sentire,»
2685 5579 2745 5636 in
2793 5580 3040 5668 epistola
3087 5583 3158 5668 39
3204 5582 3345 5668 dicit
3372 5582 3590 5668 Lupus.

1942 5675 1973 5705 «
1997 5670 2324 5781 quolusquet
2336 5657 2539 5710 contra
2554 5653 2729 5710 ﬁdem
2761 5668 2878 5710 non
2908 5658 3017 5725 est,
3031 5659 3133 5711 aut
3154 5654 3316 5713 nulla
3342 5660 3445 5714 aut
3460 5653 3596 5731 par-

1936 5742 2007 5782 va
2036 5742 2104 5781 cu
2132 5742 2208 5801 pa
2236 5742 2298 5783 es
2331 5765 2343 5782 .
2379 5746 2409 5778 »
