4108 6498
495 397 614 460 647

1488 391 1560 451 Β.
1609 391 1677 451 S.
1720 387 1903 452 LUPl
1949 387 2278 450 ABBATIS
2324 389 2922 454 FERHABIENSIS.

3798 388 3933 461 6.43

496 530 637 586 ditis
667 526 895 585 valeant
914 526 1466 593 demonstrare,non
1483 521 1674 577 solum
1695 521 2038 577 resistamus
2071 522 2152 577 ni-
2179 524 2235 590 Α
2265 539 2477 595 ponam
2510 540 2695 578 unum
2728 524 2882 596 quod
2916 541 3050 581 cum
3082 525 3167 582 eis
3203 525 3377 582 faciat
3406 525 3830 596 testimonium,
3864 528 3925 587 et

496 618 602 686 hil,
625 633 826 674 verum
850 617 1007 673 244
1025 614 1204 671 etiam
1224 613 1473 670 libenter
1489 611 1549 667 in
1571 627 1775 667 eorum
1802 609 2153 667 sententiam

495 703 1056 764 transeamus.Nam
1089 704 1138 760 si
1170 701 1258 760 sol
1290 717 1853 774 caacos,quanquam
1884 717 2000 756 non
2023 699 2155 756 illu-

494 796 701 865 minet,
734 799 936 852 tamen
966 794 1137 862 fovet,
1162 808 1267 847 cur
1297 808 1414 846 non
1447 788 1740 864 potentior
1771 788 1879 857 sol,
1909 789 2019 845 etsi
2036 806 2154 846 non

495 885 684 943 salvat
710 901 820 941 suo
850 881 1055 940 merito
1086 882 1402 937 excaecatos
1434 883 1610 952 atque
1645 879 1978 947 damnatos,
2004 879 2154 935 tanti

495 974 669 1047 pretii
704 971 910 1030 merito
940 971 1140 1027 minus
1170 968 1419 1043 puniat?
1442 968 1501 1025 Si
1534 972 1729 1024 tamen
1750 967 1860 1024 hoc
1882 968 2158 1024 admittat

495 1062 726 1121 consilii
756 1063 884 1134 ejus
905 1057 1325 1126 benevolentia,
1352 1057 1445 1113 cui
1469 1055 1701 1113 canitur
1725 1074 1737 1111 :
1761 1058 1960 1113 Suavis
1971 1057 2154 1114 Domi-

491 1170 599 1210 nus
623 1152 916 1220 universis,
942 1157 995 1206 et
1022 1149 1405 1205 miserationes
1435 1146 1553 1219 ejus
1583 1163 1749 1218 super
1775 1149 1964 1203 omnia
1993 1163 2157 1218 opera

492 1243 609 1315 ejus
630 1241 804 1311 (Psal.
838 1237 1171 1311 cxuv).Sed
1204 1236 1342 1293 huic
1374 1235 1637 1309 Opinioni
1667 1235 1896 1291 videtur
1916 1237 2157 1309 Aposto-

491 1329 587 1387 lus
619 1328 920 1402 refragari,
944 1327 1045 1383 ubi
1077 1326 1158 1382 ait
1189 1343 1201 1381 :
1235 1328 1348 1398 Ego
1377 1325 1586 1381 Paulus
1614 1325 1734 1381 dico
1764 1326 2087 1397 vobis,quia
2106 1326 2157 1381 si

490 1417 988 1485 circumcidamiai,
1005 1416 1252 1472 Christus
1272 1416 1422 1471 vobis
1450 1415 1598 1469 nihil
1619 1414 1867 1489 proderit
1888 1412 2152 1486 (Gal.1n).

491 1508 640 1565 Nam
671 1507 721 1565 si
753 1504 901 1563 nihil
935 1504 1194 1578 proderit
1223 1504 1490 1560 Christus
1520 1502 1833 1575 baptizatis
1855 1503 1957 1575 qui
1978 1503 2153 1560 etiam

492 1598 776 1671 Spiritum
810 1601 1083 1652 sanctum
1115 1592 1466 1666 acceperint,
1487 1592 1639 1648 sicut
1661 1592 1817 1649 idem
1840 1591 2154 1665 Apostolus

491 1686 750 1745 declarat
778 1685 873 1741 his
901 1684 1094 1740 verbis
1128 1700 1141 1739 ε
1175 1684 1261 1739 Em
1290 1683 1542 1754 operibus
1574 1683 1709 1751 legis
1730 1683 1988 1754 spiritum
2004 1699 2154 1739 acce-

486 1777 673 1849 pistis,
706 1791 782 1831 an
808 1791 878 1830 ex
906 1772 1101 1829 auditu
1126 1771 1259 1844 ﬁdei
1286 1770 1425 1845 (Gal.
1460 1770 1555 1840 v)?
1594 1770 1675 1840 Si,
1709 1770 1973 1843 inquam,
2005 1771 2153 1827 nihil

493 1863 755 1938 proderit
782 1861 1051 1919 Christus
1082 1859 1300 1918 talibus
1329 1859 1642 1932 baptizatis
1673 1876 1708 1914 a
1736 1859 1850 1915 ﬁde
1888 1858 2151 1916 resilien-

492 1953 676 2022 tibus,
694 1950 1193 2025 quemadmodum
1226 1948 1483 2021 proderit
1513 1947 1735 2020 aliquid
1766 1948 2078 2021 baptizatis
2098 1954 2157 2006 et

494 2042 738 2116 relapsis
767 2041 829 2097 in
861 2040 1109 2098 crimina
1139 2056 1245 2095 nec
1277 2037 1550 2095 correctis
1601 2042 1659 2094 et
1708 2038 2046 2112 quibusque
2095 2038 2153 2094 in

492 2130 835 2187 inﬁdelitate
863 2128 1198 2185 defunctis?
1228 2127 1445 2184 Verum
1479 2144 1552 2183 ne
1582 2144 1674 2182 me
1705 2127 2076 2183 irridendum
2100 2131 2157 2183 et

491 2220 887 2295 respuendum
921 2217 1305 2290 pronuntient
1336 2217 1553 2289 quibus
1584 2216 1772 2289 placet
1803 2233 2008 2272 omnes
2035 2216 2155 2273 sive

490 2310 675 2367 bonos
709 2309 831 2365 sive
852 2306 1041 2364 malos
1062 2307 1462 2365 indifferenter
1488 2324 1523 2362 a
1542 2305 1773 2361 Christo
1796 2306 2154 2380 redemptos,

2262 628 2362 667 eos
2394 628 2620 680 omnes,
2646 616 2712 668 ut
2732 613 2957 686 opinor,
2982 613 3042 670 in
3071 614 3324 689 gratiam
3348 614 3925 675 reduxero..loannes

2263 699 2970 775 Constantinopolitanae,
3006 703 3274 761 doctrina
3318 709 3376 761 et
3419 704 3730 761 sanctitate
3751 704 3927 778 juxta

2264 788 2516 862 insignis
2538 788 2944 863 episcopus,ut
2967 791 3156 865 gratia
3177 790 3279 847 Dei
3301 808 3404 865 pro
3428 789 3704 849 omnibus
3724 793 3927 864 gusta-

2262 878 2410 934 verit
2440 881 2711 947 mortem,
2741 879 2896 951 quod
2927 897 3106 954 supra
3127 882 3255 953 jam
3281 880 3473 954 posui,
3505 879 3919 955 sicexposnit,

2264 966 2516 1038 qualiter
2537 968 2727 1041 gratia
2745 967 2847 1023 Dei
2872 986 2976 1042 pro
2999 969 3275 1027 omnibus
3294 968 3617 1044 gustaverit
3644 972 3925 1036 mortem,

2265 1073 2380 1112 non
2412 1074 2516 1130 pro
2549 1057 2822 1114 fidelibus
2850 1060 3221 1129 tantum,sed
3252 1076 3359 1133 pro
3380 1059 3603 1116 mundo
3625 1057 3925 1115 universo.

2262 1146 2335 1201 Et
2364 1145 2490 1219 ipse
2520 1145 2757 1220 quidem
2791 1164 2894 1222 pro
2926 1147 3202 1204 omnibus
3224 1153 3497 1205 mortuus
3525 1148 3799 1215 est.Quid
3822 1164 3927 1204 au-

2263 1239 2379 1295 tem
2413 1236 2463 1291 si
2496 1253 2610 1292 non
2632 1253 2836 1293 omnes
2859 1236 3147 1294 credunt?
3169 1237 3270 1294 Ille
3291 1238 3447 1311 quod
3471 1254 3645 1295 suum
3670 1241 3795 1294 erat
3816 1237 3928 1293 im-

2264 1324 2459 1396 plevit.
2494 1347 2521 1375 »
2554 1324 2746 1398 Eligat
2778 1326 3363 1398 sane,superioribus
3393 1329 3561 1382 acute
3594 1325 3931 1382 considera-

2262 1413 2359 1480 tis,
2386 1414 2799 1488 unusquisque
2829 1416 2983 1488 quod
3015 1415 3306 1488 optimum
3328 1415 3380 1472 ei
3404 1415 3559 1472 Deus
3582 1414 3812 1472 occulta
3834 1415 3927 1470 in-

2264 1503 2585 1576 spiratione
2615 1504 2996 1577 suggesserit,
3023 1508 3126 1562 aut
3156 1504 3443 1580 magistra
3471 1504 3599 1578 ejus
3621 1503 3927 1579 Scriptum

2263 1592 2574 1649 manifesta
2605 1593 2830 1649 ratione
2857 1592 3187 1667 protulerit.

2334 1682 2486 1739 245
2519 1682 2649 1738 Haec
2681 1683 2861 1740 habui
2891 1701 3019 1756 quae
3067 1684 3139 1739 de
3187 1683 3377 1740 tribus
3426 1700 3542 1740 non
3572 1680 3926 1757 spernendis

2263 1770 2687 1845 quaestionibus
2718 1771 2993 1839 dicerem,
3026 1775 3203 1847 atque
3232 1772 3461 1828 utinam
3490 1776 3613 1830 tam
3661 1771 3926 1844 proficue

2263 1877 2442 1932 quam
2473 1860 2712 1933 prolixe.
2746 1861 2881 1926 Quae
2929 1860 2981 1918 si
3031 1877 3379 1936 cognoscere
3410 1878 3528 1917 non
3569 1860 3931 1917 fastidierint

2264 1949 2884 2023 studiosi,quanquam
2907 1951 3230 2023 approbare
3252 1967 3369 2007 non
3399 1951 3628 2024 possint
3647 1951 3925 2013 obtusum

2265 2038 2669 2111 incultamque
2700 2056 2891 2096 meam
2924 2039 3405 2113 disputationem,
3436 2044 3635 2097 tamen
3684 2039 3925 2113 quando

2262 2128 2594 2185 volentibus
2621 2130 2774 2201 quod
2812 2128 2954 2185 utile
3001 2129 3199 2204 putavi
3242 2129 3519 2188 benevole
3566 2146 3927 2203 cognoscen-

2265 2218 2407 2274 dum
2431 2218 2692 2290 exposui,
2707 2235 2822 2274 non
2842 2218 3281 2291 improbabunt,
3296 2217 3677 2288 credo,talem
3700 2217 3930 2275 scilicet

2262 2306 2553 2363 volentem
2584 2308 2865 2379 prodesse
2895 2308 3280 2364 devotionem.

491 2457 3924 2491 mw

1478 2609 1615 2711 Β.
1711 2610 2454 2712 SERVATI
2541 2611 2946 2714 LUPI

1776 2805 2297 2865 FERRARIENSIS
2335 2808 2643 2865 ABBATIS

913 2966 1085 3022 “‘
1119 2973 1947 3123 COLLECTANEUM
2024 2976 2154 3123 [ill
2227 2975 2614 3125 TRIBUS
2685 2974 3489 3150 OU/llSTl'ONIBUS

560 3350 1444 3410 Multislaudabiliterstudiosis
1458 3351 1927 3408 desiderantibus
1940 3367 2149 3424 cogno-
2177 3353 2219 3419 C
2258 3352 2443 3408 amori
2475 3351 2649 3408 fuerit
2679 3356 2735 3408 et
2764 3352 2991 3409 hon‘ori.
3015 3375 3043 3403 ››
3075 3352 3177 3409 Hic
3204 3353 3268 3426 (c)
3291 3351 3657 3410 clarissimus
3689 3354 3923 3422 doctor,

488 3459 648 3500 scere
678 3443 824 3516 ipsis
854 3444 1162 3498 auctorum
1202 3441 1394 3496 verbis
1428 3458 1603 3513 quem
1634 3440 1852 3497 exitum
1885 3440 2144 3496 habeant

489 3532 840 3606 quaestiones
872 3532 941 3586 de
972 3529 1481 3603 praedestinatione
1530 3547 1596 3585 ac
1648 3528 1832 3585 libero
1882 3528 2146 3596 arbitrio,

488 3638 714 3677 necnon
747 3621 819 3675 de
852 3618 1255 3690 redemptione
1282 3619 1594 3692 sanguinis
1640 3617 1875 3683 Christi,
1900 3617 2151 3673 fideliter

487 3725 713 3765 morem
747 3706 931 3780 gessi;
965 3710 1030 3762 ut
1059 3710 1115 3762 et
1159 3707 1251 3779 pie
1302 3707 1690 3779 quaerentium
1741 3705 1989 3762 eruditio
2029 3705 2149 3761 lar-

486 3799 681 3872 giente
712 3795 813 3852 Dei
861 3795 1050 3870 gratia
1096 3797 1289 3868 capiat
1342 3796 1790 3865 incrementum,
1823 3800 1879 3851 et
1922 3794 2150 3851 diversa

486 3886 869 3943 sentientium
902 3884 1282 3942 contradictio
1315 3884 1637 3958 mitigetur.
1659 3884 1773 3940 Nec
1805 3883 2148 3957 aspernabi-

483 3982 582 4032 tur
612 3973 924 4032 benevolus
953 3979 1011 4030 et
1033 3974 1295 4046 prudens
1324 3973 1579 4040 lector,si
1598 3972 1852 4030 deferam
1877 3990 1979 4046 per
2001 3990 2147 4045 quos

485 4063 703 4140 profeci
734 4067 791 4120 et
820 4062 1059 4136 proﬁcio
1080 4061 1473 4132 doeto’res,vel
1508 4062 1555 4119 si
1589 4080 1791 4119 eorum
1828 4062 2148 4135 assignatis

482 4152 925 4211 obscurioribus
976 4150 1288 4208 sententiis
1339 4149 1563 4224 aliquid
1615 4151 1766 4207 lucis
1808 4151 2143 4219 infundam,

485 4259 618 4299 cum
652 4258 855 4298 eorum
885 4239 1126 4297 honoris
1160 4256 1390 4297 mecum
1421 4241 1634 4297 habere
1655 4241 1863 4298 debeat
1884 4241 2149 4297 conside-

484 4330 792 4398 rationem,
828 4333 885 4385 et
916 4328 1193 4385 facillime
1224 4329 1411 4402 possit
1442 4330 1759 4400 advertere,
1782 4333 1859 4399 (α)
1902 4346 2019 4385 non
2052 4346 2148 4385 os-

484 4419 825 4476 tentationis
852 4418 1128 4487 vanitate,
1159 4419 1260 4475 sed
1294 4420 1671 4476 ostendendae
1698 4419 1961 4475 veritatis
1992 4422 2146 4486 voto,

487 4526 582 4565 me
641 4507 1006 4581 deprehensa
1051 4512 1403 4564 monstrare.
1448 4507 1576 4564 Jam
1633 4492 1833 4580 itaque
1891 4508 2147 4564 narratio

487 4596 855 4671 propositum
888 4601 1263 4671 exsequatur.

559 4686 635 4759 (b)
657 4686 1007 4745 Coelestinus
1022 4704 1173 4759 papa
1186 4687 1423 4742 beatum
1438 4686 1833 4759 Augustinum
1847 4686 1940 4743 his
1957 4686 2147 4743 verbis

489 4778 863 4834 commendat
893 4776 1068 4849 (epist.
1114 4778 1168 4846 8,
1202 4775 1273 4830 ad
1302 4777 1573 4848 episcopos
1604 4776 1953 4850 Galliarum).
1979 4800 2007 4827 ‹‹
2035 4779 2147 4833 Au-

486 4866 795 4940 gustinum
847 4869 1062 4921 sanctae
1089 4864 1509 4920 recordationis
1539 4864 1726 4920 virum
1761 4883 1863 4938 pro
1894 4867 2012 4921 vita
2041 4883 2151 4921 sua

486 4959 664 5029 atque
693 4955 919 5011 meritis
939 4954 998 5009 in
1023 4957 1223 5009 nostra
1245 4953 1656 5010 communione
1686 4972 1917 5028 semper
1935 4954 2146 5011 habui-

486 5061 761 5113 mus,nec
792 5060 1056 5116 unquam
1092 5042 1251 5098 hunc
1281 5043 1531 5099 sinistrae
1556 5043 1910 5118 suscipionis
1934 5043 2144 5100 saltem

489 5150 693 5191 rumor
722 5132 992 5207 aspersit.
1029 5134 1211 5197 Quem
1243 5135 1419 5187 tantae
1469 5133 1724 5190 scientiae
1774 5133 1915 5189 olim
1965 5133 2147 5188 fuisse

488 5222 973 5292 meminimus,ut
1008 5221 1158 5276 inter
1183 5222 1497 5295 magistros
1528 5224 1676 5280 241
1704 5223 1880 5279 etiam
1925 5239 1959 5278 a
2001 5222 2148 5277 meis

488 5309 899 5367 decessoribus
932 5307 1262 5363 haberetur.
1284 5313 1434 5366 Bene
1464 5326 1601 5382 ergo
1634 5311 1704 5365 de
1736 5326 1801 5366 eo
1834 5325 2038 5363 omnes
2086 5308 2147 5364 in

490 5414 807 5456 commune
838 5402 1172 5467 senserunt,
1207 5402 1407 5472 utpote
1438 5399 1538 5471 qui
1569 5398 1788 5471 ubique
1821 5398 2050 5455 cunctis
2093 5402 2152 5455 et

561 5526 641 5593 (ιι)
663 5528 783 5595 Non
810 5528 1054 5595 ostentat.
1076 5525 1333 5581 vanitate.
1366 5524 1449 5595 In,
1486 5520 1734 5595 epistola
1756 5523 1921 5595 A128:
1950 5546 1977 5574 «
2010 5523 2145 5593 Nec,

492 5600 558 5650 ut
587 5593 829 5667 quidam
867 5594 1152 5667 suspicari
1187 5612 1249 5651 se
1280 5593 1585 5655 simulant.
1608 5593 1880 5663 inaniter,
1906 5595 2013 5651 hoc
2038 5600 2146 5664 est,

489 5664 652 5740 vanae
680 5664 878 5740 gloria:
903 5664 1098 5740 studio
1129 5667 1302 5740 cupio
1347 5668 1802 5723 innotescere....
1837 5667 1939 5724 sed
1989 5684 2149 5726 asse-

492 5737 977 5800 rendae'veritatis
1010 5737 1252 5819 intuitu,
1287 5760 1317 5791 ››
1349 5741 1459 5797 etc.

2258 3441 2414 3497 sedis
2436 3442 2767 3515 apostolicae
2789 3446 2955 3498 tanto
2976 3441 3267 3515 praeconio
3285 3440 3644 3510 laudatus,in
3669 3441 3820 3498 libro
3845 3443 3924 3499 ad

2257 3531 2633 3587 Laurentium
2685 3532 2755 3588 de
2788 3531 2945 3600 Fide,
2977 3533 3111 3604 Spe,
3145 3536 3201 3587 et
3225 3531 3541 3598 Charitate,
3576 3547 3752 3605 quem
3787 3533 3925 3605 jam

2256 3619 2567 3693 episcOpus
2599 3625 2656 3677 et
2683 3638 2859 3677 senex
2910 3620 3115 3687 edidit,
3146 3620 3593 3693 praedestinatos
3638 3620 3827 3677 bonos
3862 3625 3930 3678 et

2259 3708 2446 3765 malos
2477 3710 2558 3765 ita
2587 3709 2851 3765 insinuat
2872 3711 3210 3779 (Enchiridii
3237 3726 3353 3782 cap.
3380 3709 3573 3782 lOO).«
3597 3709 3727 3765 Haec
3749 3714 3918 3781 sunt,

2256 3796 2469 3870 inquit,
2501 3816 2705 3870 magna
2735 3816 2897 3872 opera
2929 3800 3173 3864 Domini,
3204 3799 3480 3870 exquisita
3511 3801 3572 3854 in
3605 3815 3795 3854 omnes
3824 3815 3925 3855 vo-

2258 3886 2493 3943 luntates
2514 3888 2650 3960 ejus,
2669 3891 2725 3943 et
2760 3893 2883 3943 tam
2916 3887 3209 3961 sapienter
3237 3888 3546 3960 exquisita,
3563 3892 3629 3944 ut
3649 3904 3785 3943 cum
3810 3905 3923 3943 an—

2256 3975 2440 4047 gelica
2489 3980 2546 4032 et
2588 3975 2852 4032 humana
2901 3981 3167 4033 creatura
3216 3980 3533 4048 peccasset,
3566 3976 3624 4031 id
3656 3981 3762 4043 est,
3799 3993 3924 4034 non

2256 4065 2412 4136 quod
2446 4063 2563 4133 ille,
2599 4067 2700 4121 sed
2734 4066 2890 4138 quod
2917 4064 3101 4121 voluit
3129 4064 3260 4138 ipsa
3307 4064 3558 4134 fecisset,
3592 4064 3769 4121 etiam
3816 4080 3928 4138 per

2256 4154 2524 4209 eamdem
2556 4158 2831 4210 creaturae
2853 4154 3237 4220 voluntatem,
3263 4171 3375 4226 qua
3408 4154 3629 4209 factum
3651 4154 3919 4226 estquod

2256 4242 2492 4297 Creator
2521 4241 3007 4316 noluit,impleret
3029 4242 3154 4316 ipse
3176 4242 3329 4315 quod
3351 4241 3556 4310 voluit,
3573 4241 3721 4297 bene
3741 4247 3922 4299 utens

2256 4334 2313 4387 et
2342 4330 2535 4400 malis,
2568 4334 2853 4404 tanquam
2884 4348 3118 4388 summe
3148 4332 3359 4396 bonus,
3384 4331 3457 4387 ad
3489 4346 3695 4388 eorum
3747 4330 3926 4387 dam-

2256 4420 2555 4476 nationem
2590 4437 2738 4493 quos
2760 4421 2922 4493 juste
2953 4420 3386 4493 praedestinavit
3405 4420 3478 4476 ad
3499 4424 3822 4492 paenam,et
3841 4420 3920 4485 ad

2257 4525 2459 4582 eorum
2489 4509 2739 4567 salutem
2771 4526 2919 4583 quos
2951 4510 3199 4582 benigne
3226 4508 3663 4583 praedestinavit
3690 4508 3762 4564 ad
3786 4506 3926 4581 glo-

2258 4599 2427 4655 riam.
2463 4622 2491 4651 »

2328 4689 2489 4744 Idem
2522 4688 2582 4742 in
2614 4687 2821 4744 ultimo
2863 4688 2935 4744 de
2965 4687 3204 4744 Civitate
3249 4686 3349 4743 Dei
3379 4685 3551 4756 libro,
3586 4702 3759 4759 quem
3787 4686 3922 4758 jam

2258 4777 2567 4851 episcopus
2599 4778 2951 4850 composuit,
2968 4780 3333 4850 expresserat
3363 4777 3483 4848 (lib.
3510 4792 3651 4843 xxn,
3673 4791 3794 4847 cap.
3817 4777 3916 4842 24,

2256 4870 2357 4923 sub
2368 4868 2576 4939 ﬁnem).
2593 4891 2620 4917 ‹‹
2635 4866 3214 4939 Haec,inquit,omnia
3235 4864 3584 4922 miserorum
3607 4864 3928 4920 suntdam-

2255 4960 2646 5029 natorumque
2667 4955 3015 5023 solatia,non
3049 4954 3290 5028 praemia
3314 4955 3793 5019 beatorum.Quae
3815 4953 3929 5026 igi-

2254 5049 2352 5099 tur
2383 5044 2483 5101 illa
2515 5050 2673 5113 sunt,
2703 5045 2751 5100 si
2783 5049 2868 5101 tot
2899 5049 2955 5100 et
2984 5044 3100 5101 alia
3130 5063 3198 5101 ac
3227 5049 3392 5113 tanta
3422 5048 3565 5100 sunt
3595 5041 3749 5099 ista?
3768 5043 3925 5109 Quid

2257 5134 2421 5189 dabit
2440 5135 2523 5189 eis
2548 5151 2696 5206 quos
2718 5134 3154 5205 praedestinavit
3180 5135 3253 5189 ad
3282 5132 3593 5205 vitam,qui
3614 5132 3737 5188 haec
3758 5131 3929 5188 dedit

2257 5223 2433 5279 etiam
2464 5223 2550 5280 eis
2581 5239 2726 5295 quos
2767 5223 3199 5296 prmdestinavit
3229 5223 3297 5279 ad
3332 5222 3620 5278 mortem?
3651 5242 3680 5273 ››
3714 5221 3777 5277 In
3819 5237 3925 5294 po-

2258 5312 2512 5369 nultimo
2545 5318 2742 5368 autem
2769 5313 3036 5383 ejusdem
3066 5316 3189 5369 tam
3224 5312 3504 5369 elaborati
3554 5314 3610 5367 et
3661 5308 3924 5365 mirandi

2258 5401 2453 5473 operis
2484 5399 2633 5456 libro
2667 5401 2750 5457 sic
2773 5402 3083 5458 docuerat:
3105 5401 3235 5457 Haec
3253 5417 3433 5457 causa
3453 5417 3572 5473 qua
3592 5399 3661 5455 ﬁt
3681 5402 3747 5454 ut
3764 5414 3927 5453 nunc

2331 5527 2404 5599 (b)
2438 5526 2645 5599 Ccelest.
2675 5543 2841 5599 papa.
2875 5526 3163 5599 Eumdem
3211 5524 3406 5582 locum
3456 5524 3625 5581 affert
3665 5523 3725 5580 in
3772 5523 3925 5581 libro

2261 5597 2548 5671 detribus
2580 5597 3031 5671 Quaestionibus,
3066 5614 3198 5671 pag.
3227 5599 3356 5671 237.

2332 5670 2400 5743 (c)
2434 5671 2788 5743 Clarissimus
2838 5669 3036 5725 doctor.
3067 5667 3384 5742 loquitur
3441 5669 3513 5743 de
3567 5667 3924 5743 Augustino,

2263 5737 2438 5821 quem
2467 5741 2866 5802 clarissimum
2915 5737 3213 5800 auctorem
3255 5744 3424 5803 vocat
3458 5739 3519 5800 in
3548 5737 3802 5818 epistola
3828 5740 3923 5800 30.
