4108 6482
226 350 354 410 653

1184 350 1557 414 COLLECT.
1604 349 1707 411 DE
1749 347 2034 410 TRIBUS
2081 349 2710 420 QUAESTIONIBUS.

3535 360 3654 419 654

230 481 540 545 ditionem,
568 482 1622 556 utnotasfaceretdivitiasgloriasua
1658 483 1713 536 in
1746 498 1885 535 vasa
1916 481 1966 548 Α
2002 480 2235 536 natione
2270 482 2640 537 redimuntur
2669 482 2777 538 hoc
2812 484 2995 539 fuisse
3026 486 3288 541 debitum
3324 505 3529 543 massa
3571 489 3655 544 illi

231 570 850 643 misericordia,quem
877 571 1150 643 superius
1180 573 1710 645 dixerat,tanquam
1743 574 1885 643 ﬁgu-

227 659 355 715 lum
388 659 594 728 luti,ex
623 659 829 714 eadem
860 676 1059 714 massa
1089 659 1277 716 facere
1308 660 1465 716 aliud
1485 678 1587 715 vas
1618 660 1677 715 in
1709 659 1887 715 hono-

228 748 545 814 rem,aliud
575 747 635 802 in
667 746 1107 803 contumeliam.
1130 748 1334 805 Merito
1366 753 1563 804 autem
1594 748 1888 804 videretur

227 837 522 907 injustum
554 837 709 909 quod
740 836 890 891 ﬁunt
920 836 1055 891 inde
1087 854 1225 893 vasa
1256 837 1353 893 ira
1370 838 1442 893 ad
1473 836 1881 910 perditionem,

225 926 277 981 si
306 943 421 982 non
453 929 608 982 esset
636 925 767 998 ipsa
788 925 1060 981 universa
1073 942 1141 980 ex
1155 926 1338 981 Adam
1368 943 1565 982 massa
1580 926 1880 981 damnata.

225 1015 391 1081 Quod
422 1031 561 1088 ergo
593 1015 741 1069 ﬁunt
771 1014 907 1070 inde
929 1015 1222 1070 nascendo
1252 1031 1391 1071 vasa
1414 1015 1509 1070 ira
1533 1015 1782 1087 pertinet
1810 1014 1882 1070 ad

224 1104 486 1160 debitam
518 1104 931 1176 panam;quod
967 1108 1164 1159 autem
1198 1104 1347 1158 ﬁunt
1368 1104 1725 1160 renascendo
1745 1120 1885 1159 vasa

227 1192 666 1258 misericordia,
690 1192 942 1265 pertinet
953 1193 1025 1248 ad
1041 1192 1363 1248 indebitam
1381 1192 1652 1265 gratiam.
1677 1192 1880 1248 Osten-

226 1281 316 1337 dit
344 1297 480 1354 ergo
512 1281 669 1336 Deus
697 1281 847 1336 iram
877 1297 1191 1347 suam,non
1227 1282 1429 1354 utique
1450 1281 1631 1337 animi
1658 1286 1884 1354 pertur-

224 1370 545 1437 bationem,
578 1370 734 1425 sicut
763 1372 853 1425 est
883 1387 1011 1442 qua
1050 1368 1137 1425 ira
1176 1369 1433 1426 hominis
1483 1375 1878 1442 nuncupatur,

224 1460 329 1516 sed
366 1460 592 1531 justam
641 1459 934 1531 ﬁxamque
986 1458 1327 1527 vindictam,
1379 1459 1535 1531 quod
1583 1460 1654 1515 de
1702 1458 1884 1530 stirpe

220 1547 631 1604 inobedientia
647 1548 679 1602 d
690 1546 884 1602 ucitur
900 1564 1155 1620 propago
1169 1548 1387 1619 peccati
1401 1553 1574 1619 atque
1586 1546 1878 1619 supplicii;

221 1642 282 1693 et
311 1638 488 1693 homo
520 1641 694 1691 natus
719 1652 789 1691 ex
824 1635 1256 1702 muliere,sicut
1285 1637 1344 1691 in
1376 1634 1524 1692 libro
1555 1636 1664 1692 Job
1695 1637 1881 1709 scrip-

220 1731 351 1782 tum
384 1730 472 1781 est
502 1726 617 1794 (Job
648 1725 787 1797 xw),
813 1724 1002 1781 brevis
1038 1731 1127 1781 est
1154 1725 1283 1780 vita
1313 1732 1371 1780 et
1409 1724 1618 1797 plenus
1649 1726 1878 1781 iracun-

222 1816 335 1871 dia
370 1832 383 1870 :
418 1815 547 1886 ejus
579 1814 736 1869 enim
768 1813 851 1869 rei
883 1831 999 1870 vas-
1024 1819 1113 1869 est
1161 1831 1277 1886 qua
1326 1814 1536 1887 plenus
1582 1819 1690 1881 est,
1724 1815 1880 1870 unde
1910 1846 1958 1911 B

216 1921 362 1961 vasa
410 1904 508 1959 ira
557 1903 852 1958 dicuntur.
903 1902 1171 1958 Ostendit
1217 1908 1273 1958 et
1328 1903 1646 1975 potentiam
1686 1920 1875 1970 suam,

217 2010 340 2066 qua
368 1993 517 2048 bene
548 1993 736 2047 utitur
768 1992 945 2047 etiam
962 1990 1155 2058 malis,
1179 1991 1566 2047 multainillis
1589 1991 1880 2047 naturalia

216 2087 277 2139 et
306 2080 657 2153 temporalia
684 2081 836 2137 bona
865 2081 1472 2153 largiens,eorumque
1486 2080 1771 2136 malitiam
1804 2081 1877 2136 ad

214 2169 573 2227 exercendos
602 2174 659 2225 et
689 2170 1128 2243 comparatione
1152 2170 1552 2226 admonendos
1587 2173 1767 2226 bonos
1789 2187 1879 2226 ac-

215 2259 629 2325 commodans,
659 2261 724 2313 ut
752 2257 813 2312 in
867 2257 952 2313 eis
998 2257 1230 2314 discant
1278 2275 1449 2331 agere
1493 2259 1712 2330 gratias
1763 2258 1878 2314 Deo

217 2348 378 2421 quod
408 2347 482 2403 ab
506 2346 734 2413 eis,non
768 2346 897 2402 suis
924 2346 1175 2415 meritis,
1208 2364 1335 2419 qua
1379 2346 1439 2401 in
1470 2349 1674 2403 eadem
1716 2347 1881 2419 paria

212 2436 587 2503 fuerunt,sed
619 2435 678 2491 in
711 2435 874 2491 illius
901 2436 1525 2492 miserationediscreti
1550 2437 1878 2502 sunt.Quod

212 2525 473 2583 maxime
503 2524 654 2581 255
687 2529 930 2597 apparet
963 2523 1021 2578 in
1062 2525 1321 2597 parvulis
1349 2543 1362 2593 ;
1397 2526 1467 2580 de
1498 2525 1713 2598 quibus
1744 2542 1877 2581 cum

213 2632 324 2689 per
352 2613 566 2671 Christi
598 2614 845 2687 gratiam
877 2618 1294 2681 renascuntur,
1323 2619 1381 2670 et
1401 2614 1575 2669 istam
1605 2614 1784 2669 vitam
1817 2615 1875 2669 in

210 2704 320 2760 illa
348 2708 549 2759 tenera
574 2707 740 2759 atate
785 2701 1056 2758 ﬁnientes
1104 2702 1163 2757 in
1222 2708 1439 2758 aeterna
1485 2706 1794 2758 transeunt
1822 2709 1879 2758 et

212 2795 474 2860 beatam,
506 2791 619 2848 dici
651 2809 765 2847 non
800 2796 991 2864 potest
1040 2792 1197 2864 quod
1233 2790 1415 2847 libero
1465 2791 1877 2848 discernuntur

210 2882 458 2939 arbitrio
489 2882 560 2937 ab
592 2880 723 2937 aliis
754 2881 1082 2936 infantibus
1115 2880 1217 2952 qui
1269 2881 1395 2936 sine
1443 2880 1552 2937 hac
1599 2881 1787 2955 gratia
1817 2881 1875 2936 in

209 2972 405 3045 ipsius
437 2987 644 3026 massa
696 2968 1070 3025 damnatione
1103 2969 1455 3039 moriuntur.
1493 2969 1553 3024 Si
1587 2974 1782 3025 autem
1814 2969 1875 3024 hi

209 3060 326 3118 soli
355 3062 692 3116 crearentur
719 3075 789 3114 ex
816 3059 1000 3113 Adam
1031 3059 1131 3129 qui
1164 3062 1362 3114 essent
1393 3076 1495 3130 per
1525 3057 1774 3131 gratiam
1794 3076 1877 3114 re-

208 3146 536 3214 creandi,et
564 3152 771 3220 prater
796 3146 928 3203 illos
958 3145 1057 3218 qui
1090 3145 1147 3201 in
1181 3147 1282 3202 Dei
1313 3145 1465 3202 ﬁlios
1498 3147 1869 3218 adoptantur,

1998 570 2283 625 universa
2328 571 2482 643 quod
2536 575 2659 628 tam
2709 589 2935 646 magna
2988 575 3140 646 parti
3194 578 3321 647 ejus
3359 579 3655 634 redditum

1997 664 2320 725 cernerent,
2357 675 2472 714 non
2505 660 2698 716 solum
2730 661 2789 716 in
2823 662 2908 718 eis
2951 664 3051 735 qui
3103 663 3369 736 originali
3420 671 3655 739 peccato

1995 747 2183 802 multa
2247 748 2472 803 addunt
2520 748 2686 803 mala
2746 749 3066 807 voluntatis
3127 752 3389 821 arbitrio,
3450 772 3653 811 verum

1993 834 2169 891 etiam
2201 836 2260 891 in
2291 840 2411 891 tam
2445 837 2721 909 parvulis.
2755 839 2909 896 256
2942 841 3042 913 qui
3084 844 3497 899 tantummodo
3525 844 3652 900 vin-

1994 923 2124 979 culo
2175 926 2395 997 peccati
2444 926 2745 999 originalis
2804 929 3071 985 obstricti
3121 932 3248 986 sine
3294 932 3483 1005 gratia
3529 950 3652 988 me-

1993 1012 2235 1082 diatoris
2282 1031 2351 1070 ex
2399 1015 2506 1070 hac
2554 1015 2684 1071 luce
2724 1017 3056 1089 rapiuntur.
3091 1020 3237 1075 Tota
3286 1021 3502 1093 quippe
3537 1022 3653 1078 ista

1993 1118 2193 1157 massa
2213 1103 2387 1173 justa
2431 1104 2828 1160 damnationis
2876 1107 3160 1179 reciperet
3212 1109 3500 1176 debitum,
3534 1110 3649 1165 nisi

1992 1206 2060 1244 ex
2086 1207 2153 1245 ea
2182 1190 2416 1258 faceret,
2451 1208 2568 1247 non
2601 1192 2791 1247 solum
2817 1194 3042 1263 justus,
3076 1195 3176 1250 sed
3209 1196 3384 1253 etiam
3417 1198 3647 1253 miseri-

1992 1295 2122 1335 cors
2152 1279 2386 1353 ﬁgulus,
2420 1279 2535 1336 alia
2562 1299 2702 1337 vasa
2734 1281 2793 1336 in
2825 1281 3106 1338 honorem
3149 1286 3473 1340 secundum
3505 1302 3644 1358 gra-

1990 1367 2154 1435 tiam,
2209 1386 2325 1424 non
2375 1370 2699 1425 secundum
2754 1371 3042 1438 debitum,
3091 1372 3233 1427 dum
3284 1376 3342 1428 et
3388 1373 3646 1445 parvulis

1991 1457 2279 1524 subvenit,
2334 1475 2586 1530 quorum
2637 1458 2800 1514 nulla
2850 1460 3062 1516 merita
3105 1461 3219 1515 diei
3268 1467 3538 1533 possunt,
3590 1467 3647 1518 et

1991 1546 2245 1616 majores
2293 1546 2591 1618 praevenit,
2635 1552 2701 1603 ut
2751 1547 2967 1604 habere
3007 1548 3209 1622 aliqua
3256 1550 3466 1607 merita
3511 1569 3646 1624 pos-

1991 1633 2130 1689 sint.
2169 1657 2196 1683 »

2061 1724 2511 1781 Pradestinatos
2543 1725 2729 1782 malos
2761 1726 2820 1781 in
2853 1744 3025 1798 opere
3053 1727 3210 1783 beati
3231 1728 3542 1801 Augustini
3573 1730 3646 1785 ad

1993 1811 2405 1883 Marcellinum
2430 1814 2719 1882 (Adversus
2748 1816 3080 1885 Pelagianos
3112 1815 3260 1872 libro
3304 1835 3389 1884 ιιι,
3418 1816 3477 1872 in
3510 1818 3648 1889 ﬁne)

1990 1899 2356 1957 clarissimus
2387 1907 2590 1958 auctor
2615 1902 3002 1977 Hieronymus
3029 1904 3251 1978 lcgit,et
3283 1906 3339 1960 id
3364 1923 3511 1978 opus
3531 1924 3646 1962 non

1989 1989 2181 2045 solum
2208 2007 2324 2045 non
2349 1991 2951 2064 reprehendit,vernm
2982 1994 3159 2049 etiam
3193 1994 3425 2066 magnis
3455 1995 3645 2051 laudi-

1986 2078 2098 2134 bus
2124 2078 2542 2135 extulit.Verba
2571 2081 2699 2150 ejus
2730 2080 2852 2135 hac
2882 2086 3055 2137 sunt:
3081 2105 3109 2133 «
3144 2083 3389 2156 Scripsit
3415 2084 3642 2139 dudum

1986 2166 2060 2239 (α)
2093 2167 2180 2222 vir
2209 2173 2446 2223 sanctus
2476 2172 2533 2224 et
2561 2168 2840 2241 eloquens
2855 2171 3165 2243 episcopus
3181 2171 3551 2244 Augustinus
3570 2173 3643 2228 ad

1989 2254 2531 2329 Marcellinum,qui
2564 2262 2765 2329 postea
2796 2259 2905 2314 sub
2936 2258 3156 2314 invidia
3185 2260 3514 2332 tyrannidis
3538 2262 3644 2316 He-

1988 2343 2257 2401 racliana
2287 2346 2359 2400 ab
2390 2345 2677 2402 hareticis
2708 2347 2991 2404 innocens
3019 2364 3203 2403 casus
3248 2353 3355 2415 est,
3389 2349 3539 2404 duos
3570 2349 3641 2404 li-

1988 2433 2125 2488 bros
2156 2434 2226 2489 de
2257 2433 2581 2489 infantibus
2611 2435 2979 2507 baptizandis
3011 2440 3213 2492 contra
3243 2437 3513 2493 haresim
3545 2456 3641 2495 ve-

1988 2514 2195 2588 stram,
2227 2540 2332 2594 per
2362 2540 2539 2595 quam
2572 2523 2748 2579 vultis
2776 2542 3032 2580 asserere
3064 2525 3344 2597 baptizari
3388 2526 3645 2584 infantes

1988 2627 2104 2665 non
2138 2611 2196 2664 in
2245 2611 2655 2667 remissionem
2707 2618 3100 2685 peccatorum,
3134 2614 3235 2669 sed
3285 2614 3343 2669 in
3395 2632 3643 2687 regnum

1986 2698 2551 2755 calornm.Tertium
2584 2718 2817 2773 quoque
2849 2703 2917 2757 ad
2944 2703 3218 2758 eumdem
3238 2703 3642 2760 Marcellinum

1986 2793 2186 2843 contra
2215 2806 2313 2844 eos
2334 2788 2652 2861 quidicunt
2673 2789 2826 2845 idem
2850 2791 3005 2862 quod
3026 2792 3639 2863 vos,possehominem

1986 2877 2111 2931 sine
2142 2882 2378 2949 peccato
2409 2894 2557 2944 esse,
2587 2878 2637 2933 si
2667 2879 2821 2947 velit,
2856 2881 3078 2951 absque
3108 2880 3210 2935 Dei
3242 2880 3448 2953 gratia.
3475 2881 3640 2937 Unde

1985 2966 2484 3038 supersedendum
2517 2965 2652 3020 huic
2684 2967 2870 3023 labori
2901 2985 3210 3036 censeo,ne
3239 2968 3469 3025 dicatur
3488 2971 3634 3025 mihi

1982 3054 2127 3109 illud
2159 3054 2378 3110 Horatii
2413 3071 2425 3109 :
2459 3057 2523 3110 In
2558 3057 2760 3111 siluam
2805 3073 2875 3111 ne
2925 3057 3074 3128 ligna
3115 3060 3284 3129 feras.
3317 3060 3433 3113 Aut
3478 3058 3634 3115 enim

1985 3144 2189 3198 eadem
2224 3144 2493 3198 dicemus
2524 3160 2593 3198 ex
2625 3144 2942 3216 superﬂuo,
2976 3150 3079 3200 aut
3110 3146 3160 3199 si
3194 3163 3342 3202 nova
3387 3146 3637 3203 volueri-

210 3236 365 3295 nulli
397 3236 493 3292 alii
521 3235 789 3292 homines
829 3240 1230 3303 nascerentur,
1266 3234 1475 3291 lateret
1518 3235 1868 3291 beneﬁcium
1902 3214 1944 3281 (ἶ
1985 3248 2118 3286 mus
2168 3232 2378 3301 dicere,
2424 3249 2459 3286 a
2507 3231 2833 3288 clarissimo
2882 3232 3118 3306 ingenio
3168 3239 3451 3306 occupata
3497 3240 3639 3291 sunt

211 3327 376 3401 quod
406 3326 722 3382 donaretur
750 3323 1179 3397 indignis,quia
1204 3324 1385 3380 nullis
1402 3341 1469 3380 ex
1486 3325 1687 3380 eadem
1711 3326 1873 3380 dam-

210 3417 399 3475 nabili
429 3416 610 3488 stirpe
622 3413 992 3469 venientibus
1004 3413 1270 3469 debitum
1283 3413 1637 3485 supplicium
1664 3414 1869 3470 redde-

210 3510 396 3564 retur.
429 3504 575 3560 Cum
605 3520 740 3559 vero
770 3501 968 3557 attulit
996 3502 1055 3556 in
1088 3500 1275 3557 multa
1298 3500 1579 3573 patientia
1602 3520 1741 3558 vasa
1772 3503 1869 3558 ira

213 3612 346 3669 qua
376 3594 631 3667 perfecta
661 3596 801 3647 sunt
823 3591 883 3646 in
904 3589 1431 3663 perditionem,non
1465 3590 1657 3646 solum
1681 3595 1870 3647 osten-

212 3685 304 3741 dit
332 3684 480 3739 iram
511 3686 569 3738 et
607 3679 1029 3737 demonstravit
1078 3680 1401 3752 potentiam
1450 3697 1641 3748 suam,
1674 3680 1868 3736 redhi-

212 3773 409 3830 bendo
452 3770 792 3835 vindictam,
826 3772 884 3824 et
930 3769 1077 3824 bene
1108 3769 1326 3824 utendo
1375 3786 1489 3823 non
1540 3769 1730 3837 bonis,
1766 3770 1866 3824 sed

212 3862 393 3919 etiam
424 3864 592 3916 notas
622 3859 757 3914 fecit
786 3857 1018 3913 divitias
1047 3856 1246 3930 gloria
1276 3857 1467 3913 suain
1482 3874 1619 3913 vasa
1640 3858 1868 3913 miseri-

213 3951 446 4008 cordia.
481 3950 569 4005 Ita
596 3948 754 4004 enim
785 3945 925 4019 quid
958 3945 1069 4002 sibi
1118 3950 1428 4018 prastetnr
1465 3946 1639 4001 discit
1685 3946 1868 4019 gratis

200 4040 594 4114 jnstiﬁcatus,
628 4037 771 4092 dum
804 4053 920 4092 non
955 4052 1061 4091 suo
1088 4035 1427 4101 merito,sed
1458 4034 1643 4107 gloria
1664 4034 1869 4109 largis-

212 4129 379 4187 sima
435 4127 537 4184 Dei
590 4124 1003 4181 misericordia
1062 4123 1418 4180 discernitur
1476 4141 1510 4178 a
1566 4123 1864 4190 damnato,

212 4235 353 4275 cum
381 4233 497 4290 quo
529 4215 734 4283 eadem
751 4213 990 4285 justitia
1018 4212 1208 4268 fuerat
1238 4218 1293 4269 et
1323 4212 1448 4285 ipse
1471 4213 1864 4269 damnandus.

213 4309 363 4364 Tam
397 4304 614 4362 multos
643 4309 839 4358 autem
887 4302 1138 4358 creando
1170 4302 1330 4357 nasci
1378 4301 1580 4368 voluit,
1615 4319 1762 4374 quos
1794 4303 1865 4357 ad

213 4411 386 4453 suam
419 4391 667 4466 gratiam
694 4407 811 4446 non
845 4389 1134 4461 pertinere
1164 4387 1468 4460 praseivit,
1503 4392 1568 4443 ut
1606 4388 1868 4443 multitu-

212 4484 352 4540 dine
384 4477 828 4553 incomparabili
861 4476 1058 4550 plures
1089 4477 1208 4534 sint
1232 4478 1317 4533 eis
1338 4494 1487 4548 quos
1516 4477 1575 4532 in
1595 4477 1684 4532 sui
1703 4477 1867 4551 regni

212 4572 461 4647 gloriam
490 4569 645 4625 ﬁlios
676 4565 1086 4641 promissionis
1126 4564 1543 4638 pr'adestinare
1589 4565 1866 4639 dignatus
1895 4582 1944 4648 D

212 4668 325 4729 est,
358 4665 423 4716 ut
452 4659 629 4715 etiam
660 4657 791 4730 ipsa
821 4657 1169 4728 rejectorum
1202 4654 1576 4710 multitudine
1607 4656 1867 4712 ostende-

210 4756 377 4808 retur
405 4765 583 4823 quam
609 4746 831 4802 nullius
865 4744 1146 4800 momenti
1169 4743 1245 4798 sit
1261 4744 1414 4815 apud
1433 4744 1617 4799 Deum
1631 4745 1864 4815 justum

210 4837 578 4913 quantalibet
609 4833 1004 4891 numerositas
1043 4832 1377 4904 justissime
1427 4833 1860 4889 damnatorum.

207 4932 400 5001 Atque
429 4932 494 4983 ut
522 4925 661 4981 hinc
691 4940 925 4998 quoque
954 4921 1288 4995 intelligant
1317 4919 1416 4993 qui
1443 4938 1511 4977 ex
1540 4921 1669 4993 ipsa
1699 4923 1862 4978 dam-

282 5055 369 5127 (a)_
393 5054 499 5127 Virg
512 5051 949 5127 sanctus.Lo_cus,
975 5046 1307 5127 Hieronymi
1323 5048 1492 5127 _Angu
1502 5046 1866 5127 stinum_lau-

206 5120 427 5183 dantis.
460 5125 532 5180 Et
561 5125 791 5179 constat
817 5120 1212 5193 Augustinum
1254 5120 1436 5193 fuisse
1484 5120 1860 5193 superstitem

205 5198 581 5269 Hieronymo.
631 5194 833 5265 Itaque
880 5190 1276 5263 A'ugustinum
1312 5190 1502 5269 etiam
1530 5190 1862 5269 .viventem,

207 5260 483 5326 sanctum
512 5267 636 5323 viro
665 5260 833 5320 vocat
871 5260 1001 5332 pro'
1026 5279 1186 5317 more
1234 5261 1326 5316 sui
1375 5260 1594 5328 saeculi,
1627 5261 1696 5316 de
1747 5279 1862 5332 quo

204 5358 371 5399 more
403 5355 511 5395 nos
559 5336 828 5411 pluribus
854 5332 1117 5411 diximus
1167 5334 1238 5388 ad
1266 5332 1861 5411 _‘Salvian_u_m,_neque

204 5411 394 5486 repeti
428 5403 718 5486 estﬁpus.
748 5406 972 5486 Addere
999 5411 1195 5486 tamen
1228 5404 1538 5486 VlSUlIbOS'i.
1570 5403 1859 5486 insignem

200 5475 402 5540 locum
435 5498 503 5538 ex
528 5475 678 5536 libro
710 5478 900 5552 primo
929 5475 1475 5552 sanctiGregoriide
1497 5475 1647 5552 Cura
1666 5475 1860 5552 pasto-

203 5555 337 5615 rali.
370 5571 498 5636 cap.
535 5554 622 5636 [ᾳ.
658 5547 930 5636 Loquens
961 5549 1117 5636 enim
1152 5547 1525 5636 vir's‘anetus
1572 5548 1642 5601 de
1677 5547 1862 5636 ‘malis

205 5618 522 5706 episcopis,
571 5624 693 5706 hac
743 5618 1148 5706 gemebundus
1212 5618 1537 5706 inclamat:
1597 5640 1625 5668 ‹‹
1666 5618 1860 5701 _Nemo

202 5690 430 5779 quippe
451 5690 710 5771 amplius
740 5690 805 5751 in
836 5691 1094 5750 Ecclesia
1132 5694 1321 5764 nocet,
1354 5706 1532 5767 quam
1577 5690 1676 5766 qui
1726 5707 1861 5766 per-

1982 3319 2244 3375 meliora.
2282 3342 2309 3370 »

2053 3409 2212 3465 Idem
2243 3410 2444 3465 doctor
2474 3409 2585 3466 alio
2617 3410 2790 3466 verbo
2822 3428 3061 3466 sensum
3108 3409 3636 3485 pradestinationis

1978 3498 2263 3570 expressit
2291 3499 2346 3552 in
2379 3497 2785 3571 explanatione
2816 3499 2990 3571 primi
3022 3499 3234 3572 psalmi
3268 3518 3280 3556 :
3314 3503 3428 3571 Qui
3454 3509 3637 3556 autem

1977 3603 2088 3643 non
2118 3587 2307 3656 credit,
2344 3586 2556 3658 inquit,
2572 3587 2696 3658 jam
2746 3586 3000 3644 udicatus
3029 3595 3134 3643 est:
3157 3589 3284 3659 jam
3317 3589 3474 3644 enim
3497 3606 3637 3660 pra-

1970 3676 2275 3748 judicatus
2308 3675 2379 3731 ad
2411 3692 2642 3748 poenam
2674 3679 2820 3731 est.»
2849 3677 2919 3731 Et
2949 3681 3081 3748 post
3110 3693 3369 3749 paucam
3402 3682 3523 3735 Non
3548 3694 3633 3733 re-

1976 3773 2229 3836 surgunt,
2265 3764 2474 3837 inquit,
2510 3765 2673 3836 impii
2702 3766 2763 3820 in
2782 3764 3018 3836 judicio,
3052 3781 3169 3820 non
3218 3771 3533 3839 resurgunt
3572 3770 3636 3821 ut

1971 3853 2335 3924 judicentnr,
2368 3851 2468 3924 qui
2491 3851 2619 3922 jam
2642 3852 2893 3924 judicati
2927 3856 3086 3907 sunt.
3122 3854 3271 3910 257
3318 3853 3425 3919 Qui
3476 3854 3633 3909 enim

1976 3958 2093 3996 non
2126 3941 2309 3997 credit
2338 3940 2395 3995 in
2430 3957 2542 4009 me,
2568 3941 2695 4012 jam
2719 3940 3022 4012 judicatus
3054 3946 3161 3996 est.
3200 3964 3227 3991 ››

2049 4031 2193 4085 Item
2220 4029 2280 4084 in
2312 4027 2550 4101 Dialogo
2585 4046 2597 4083 :
2634 4052 2661 4077 «
2692 4027 2863 4084 Aliud
2896 4032 2984 4085 est
3011 4031 3228 4085 cadere
3259 4030 3528 4103 magistri
3576 4036 3635 4088 et

1977 4118 2238 4191 parentis
2270 4118 2500 4186 affectu,
2537 4116 2693 4173 aliud
2739 4122 2942 4173 contra
2991 4118 3356 4174 adversarios
3407 4119 3629 4175 crudeli

1977 4207 2172 4263 animo
2227 4205 2520 4262 desavire.
2571 4205 2755 4269 Quam
2806 4206 2877 4260 ob
2936 4222 3177 4261 causam
3221 4209 3278 4261 et
3322 4205 3381 4260 in
3440 4206 3630 4278 primo

1976 4295 2204 4368 psalmo
2234 4295 2410 4361 canit,
2435 4294 2714 4366 quoniam
2746 4310 2863 4348 non
2893 4298 3210 4367 resurgunt
3242 4293 3407 4366 impii
3440 4295 3499 4349 in
3534 4297 3632 4366 ju-

1976 4385 2197 4440 dicium
2231 4385 2394 4456 :jam
2427 4382 2584 4438 enim
2616 4382 2676 4437 in
2700 4383 2990 4453 judicium
3029 4382 3391 4454 prajndicati
3423 4388 3627 4439 sunt.»

1976 4474 2137 4530 Idem
2167 4472 2228 4527 in
2276 4471 2681 4544 explanatione
2708 4470 2870 4526 Isaia
2922 4471 3216 4543 propheta
3248 4475 3393 4544 (cap.
3425 4476 3577 4542 xxw)
3614 4490 3626 4529 :

1976 4586 2004 4613 ‹‹
2039 4563 2146 4618 Pro
2188 4562 2456 4634 dissipata
2505 4568 2653 4616 terra
2706 4577 2812 4614 cxx
2858 4568 3176 4632 corruptum
3219 4562 3403 4617 orbem
3450 4562 3630 4617 inter-

1975 4652 2186 4725 pretati
2218 4654 2377 4718 sunt;
2396 4653 2452 4705 et
2480 4665 2584 4721 pro
2614 4650 2823 4721 afﬂicta
2852 4651 2996 4720 facie
3026 4651 3203 4717 illius,
3228 4649 3287 4705 id
3318 4654 3408 4707 est
3437 4654 3625 4720 terra,

1975 4741 2151 4796 iidem
2206 4737 2654 4806 transtulerunt,
2705 4746 2758 4792 et
2804 4739 3066 4794 revelabit
3119 4740 3319 4808 faciem
3374 4741 3512 4811 ejus,
3564 4744 3630 4795 ut

1973 4830 2292 4902 procedant
2330 4827 2546 4883 mortui
2577 4828 2647 4883 de
2695 4825 2982 4900 sepulcris
3028 4828 3193 4896 suis;
3228 4828 3348 4884 sive
3395 4828 3632 4884 nudabit

1972 4923 2184 4987 eam,ut
2215 4917 2413 4973 omnia
2444 4934 2619 4989 opera
2648 4917 2775 4989 ejus
2806 4916 3179 4989 proferantur
3205 4916 3264 4972 in
3297 4915 3621 4989 publicum,

1971 5060 2134 5100 verse
2163 5059 2363 5114 agens,
2398 5058 2612 5097 nomen
2644 5042 2733 5114 vel
2765 5041 3028 5097 ordinem
3062 5040 3390 5097 sanctitatis
3422 5040 3620 5096 habet.

1972 5113 2415 5186 Delinqnentem
2435 5130 2689 5186 namque
2720 5113 2877 5169 hunc
2909 5131 3079 5186 nemo
3102 5114 3623 5186 redarguerepra-

1973 5184 2237 5254 snmitiet
2271 5186 2327 5240 in
2358 5184 2688 5256 exemplum
2703 5186 2875 5256 culpa
2887 5185 3259 5240 vehementer
3269 5184 3620 5252 extenditur,

1973 5258 2205 5331 quando
2253 5274 2358 5328 pro
2403 5256 2725 5331 reverentia
2784 5256 3326 5331 ordinispeceator
3373 5256 3622 5331 honora-

1971 5326 2131 5384 tur.»
2168 5331 2229 5385 In
2254 5326 2530 5384 eumdem
2564 5328 2805 5401 modum
2825 5327 2908 5401 de
2936 5326 3312 5401 religiosis,id
3344 5332 3435 5383 est
3464 5326 3627 5401 cleri-

1972 5402 2077 5467 cis,
2111 5401 2168 5455 in
2203 5401 2540 5472 universum
2572 5398 2716 5472 dixit
2746 5396 3186 5472 Salvianus'lib.
3222 5418 3276 5468 v,
3313 5416 3445 5472 pag.
3480 5399 3622 5453 117:

1972 5496 2000 5552 ε(
2034 5472 2152 5552 Qui
2174 5466 2789 5552 scilicet,in‘qni‘t,po_st:
2808 5466 3457 5552 veterumllagitioirum
3483 5485 3627 5552 pro-

1971 5545 2076 5601 bra
2105 5549 2162 5600 et
2191 5543 2440 5598 crimina
2471 5540 2907 5614 titulop'sibimet
2937 5540 3269 5614 sanctitatis
3319 5540 3624 5614 inscripto,

1971 5632 2088 5673 non
2121 5614 2558 5672 conversatione
2589 5612 2853 5685 aliis,gzed
2878 5611 3237 5685 professione
3268 5629 3483 5671 nomen
3504 5611 3630 5672 tan-

1967 5693 2096 5748 tum
2129 5688 2520 5759 demutavere,
2556 5701 2671 5742 non
2702 5683 2900 5743 vitam}
2942 5705 2970 5738 ››
