4108 6482
507 374 627 433 655

1509 370 1576 430 Β.
1626 371 1691 431 s.
1738 368 1918 432 LUPI
1961 332 2293 429 Aesaris
2336 338 2939 432 FERuAitIENSI’s.

3813 368 3941 429 656

503 510 561 562 et
593 506 1008 578 disperguntur
1038 503 1401 560 habitatores
1424 502 1483 557 in
1509 499 2161 574 diversaloca,praemiis
2189 502 2246 568 Α
2276 500 2438 557 Unde
2469 517 2708 559 necesse
2745 507 2855 571 est,
2888 502 3100 563 fratres
3150 501 3507 569 charissimi,
3540 505 3606 558 ut
3650 501 3712 558 in
3759 512 3943 559 omne

504 594 594 650 vel
627 594 937 667 suppliciis
965 592 1265 650 destinati.
1300 616 1329 643 »

575 683 702 739 Non
733 684 1202 739 contemnendus
1235 682 1467 737 auditor
1511 681 1779 753 ejusdem
1828 680 2165 753 Hieronymi

506 771 813 846 Philippus
841 771 901 826 in
936 770 1298 844 expositione
1331 769 1633 826 sententiae
1666 769 1818 824 beati
1850 769 1989 824 Job:
2010 774 2167 825 Ante-

507 878 673 934 quam
718 861 835 917 dies
876 861 994 933 ejus
1044 861 1383 932 impleantur
1425 860 1633 931 peribit
1681 858 1796 931 (Job
1844 862 1960 926 xv).
2001 859 2166 913 Tunc

509 951 655 1019 dies,
713 949 930 1022 inquit,
989 948 1385 1021 unicujusquc
1453 947 1686 1019 impleri
1756 946 1970 1002 dicitur
2029 964 2164 1003 cum

507 1040 797 1096 bonorum
822 1039 1130 1095 hominum
1163 1055 1229 1094 ac
1259 1037 1550 1094 malorum
1584 1036 1890 1092 retributio
1920 1036 2161 1091 venerit.

507 1130 612 1185 Hic
641 1147 777 1203 ergo
807 1129 1003 1197 homo,
1038 1128 1159 1185 sive
1189 1128 1480 1195 diabolus,
1517 1129 1652 1182 ante
1683 1125 2004 1199 perspicua:
2038 1142 2167 1180 sen-

506 1217 698 1273 tentiae
730 1218 886 1274 diem
926 1234 1106 1290 quam
1156 1217 1209 1272 ei
1258 1216 1545 1272 Dominus
1591 1215 1649 1269 in
1702 1216 1898 1270 futuro
1939 1213 2165 1285 jurlicio

509 1306 756 1363 daturus
787 1310 894 1375 est,
929 1305 1237 1380 prmscitus
1267 1305 1327 1361 in
1370 1304 1879 1378 prmdestinatione
1929 1302 2162 1375 peribit,

507 1395 661 1452 sicut
688 1400 745 1452 et
773 1396 844 1451 de
870 1395 1192 1452 incredulis
1221 1394 1508 1468 Propheta
1534 1393 1704 1449 dicit:
1735 1395 1851 1449 Non
1880 1400 2165 1461 resurgent

504 1488 669 1559 impii
694 1488 754 1542 in
773 1485 987 1559 judicio
1020 1486 1195 1553 (Psal.
1229 1487 1313 1553 1);
1346 1483 1432 1539 vel
1464 1483 1751 1539 Dominus
1782 1482 1865 1538 ait
1896 1482 1953 1536 in
1986 1482 2165 1537 Evan-

506 1576 659 1649 gelio
698 1592 711 1632 :
763 1577 875 1645 Qui
927 1582 1112 1630 autem
1167 1590 1281 1630 non
1337 1573 1528 1640 credit,
1579 1574 1701 1645 jam
1749 1571 2032 1643 judicatus
2087 1578 2166 1626 est

509 1668 685 1737 (Joan.
720 1664 830 1737 III).

581 1754 839 1810 Sanctus
902 1770 1054 1826 papa
1112 1751 1427 1826 Gregorius
1485 1750 1929 1824 praedestinatos
1976 1749 2163 1806 malos

510 1842 805 1941 pressiore
831 1842 1023 1941 adhuc
1052 1840 1522 1941 verboni‘nsinuat
1552 1841 1673 1911 (lib.
1698 1840 2160 1941 xxxiii,cap.11j.
2196 1875 2243 1941 Β

512 1956 539 1983 ‹‹
591 1931 930 1999 Leviathan,
983 1930 1179 2004 inquit
1224 1930 1344 1997 ille,
1378 1930 1479 2003 qui
1530 1947 1663 1985 cum
1709 1928 1993 1985 membris
2039 1929 2164 1984 suis

511 2021 741 2078 aeternis
770 2024 860 2077 est
888 2020 1247 2075 cruciatibus
1278 2020 1677 2091 deputatus,et
1706 2016 1953 2073 dolusin
1984 2034 2165 2074 manu

509 2111 638 2181 ejus
670 2108 961 2183 dirigitur,
982 2113 1039 2164 et
1067 2109 1127 2163 in
1159 2107 1303 2164 coelo
1334 2108 1463 2179 ejus
1496 2106 1773 2163 fortitudo
1803 2106 2162 2175 demoratur,

506 2199 616 2254 hoc
647 2198 802 2271 quod
834 2197 1238 2271 temporaliter
1268 2214 1540 2270 perversa
1553 2196 1952 2252 contrabonos
1969 2195 2168 2251 volun-

508 2290 625 2343 tate
673 2286 987 2354 desiderat,
1037 2286 1395 2359 perversiore
1452 2285 1726 2341 facultate
1770 2288 2164 2351 consummat,

508 2376 661 2433 258
694 2381 761 2432 ut
786 2380 951 2432 tanto
986 2376 1037 2432 ei
1069 2377 1142 2431 de
1188 2376 1540 2432 adversitate
1588 2375 1648 2429 in
1698 2374 1968 2447 praesenti
2020 2373 2165 2429 nihil

507 2465 700 2521 obstet
728 2465 964 2537 quando
996 2466 1048 2520 ei
1080 2464 1139 2518 in
1176 2469 1477 2537 posterum
1511 2464 1582 2518 de
1613 2463 1997 2535 prosperitate
2019 2461 2165 2517 nihil

509 2558 793 2610 remanet.
828 2576 855 2604 η
892 2554 1110 2609 Eadem
1140 2557 1343 2609 tamen
1370 2551 1802 2624 praedestinatio
1844 2551 1929 2607 vel
1980 2552 2164 2624 depu-

508 2642 672 2712 tatio,
709 2643 1210 2715 quemadmodum
1243 2642 1320 2698 sit
1352 2640 1731 2714 intelligenda
1779 2657 2073 2712 exponens
2106 2641 2165 2695 in

510 2731 831 2787 Moralibus
867 2748 879 2787 ε
924 2754 951 2781 ‹‹
983 2733 1099 2787 Νοη
1150 2733 1327 2804 quasi,
1359 2729 1571 2802 inquit,
1606 2729 1845 2785 crudelis
1892 2730 2165 2786 suscitabo

507 2838 654 2878 eum.
687 2820 821 2891 Quis
849 2822 998 2876 enim
1047 2821 1299 2877 resistere
1332 2827 1506 2892 potest
1552 2819 1734 2874 vultui
1777 2835 1914 2886 meo,
1945 2827 1995 2875 et
2045 2820 2166 2891 quis

508 2919 636 2967 ante
662 2909 813 2967 dedit
837 2909 979 2966 mihi
1005 2918 1068 2966 ut
1096 2909 1322 2965 reddam
1350 2911 1403 2966 ei
1422 2914 1448 2963 .9
1479 2913 1676 2982 aperte
1726 2907 2004 2964 insinuat.
2038 2908 2163 2963 Non

510 3000 1060 3072 eum,inquit,quasi
1095 2998 1348 3055 crudelis
1380 2998 1768 3071 suscito,quia
1796 2998 1867 3054 de
1897 2999 2025 3071 ejus
2058 2998 2167 3054 for-

511 3088 765 3145 titudine
797 3092 854 3144 et
884 3088 1096 3145 electos
1127 3105 1287 3145 meos
1308 3092 1575 3160 potenter
1604 3088 1807 3161 eripio,
1841 3091 1897 3143 et
1927 3105 2165 3144 rursum

512 3179 792 3251 reprobos
837 3195 954 3233 non
984 3176 1204 3248 injuste
1236 3178 1336 3234 sed
1381 3176 1808 3233 rationabiliter
1836 3177 2072 3241 damno,
2107 3176 2165 3232 id

2276 592 2431 663 quod
2465 591 3146 665 agimus,omnipotentis
3167 609 3345 666 super
3365 609 3473 648 nos
3494 591 3724 648 Domini
3747 593 3943 648 consi-

2276 677 2355 735 lia
2385 680 2613 736 occulta
2642 679 3079 751 timeamus;ne,
3103 682 3247 737 dum
3278 698 3446 737 mens
3467 680 3942 738 nostraexterius

2275 769 2409 824 fusa
2440 786 2474 825 a
2504 786 2613 826 sua
2641 785 2705 826 se
2733 768 3032 829 voluntate
3080 787 3196 829 non
3246 774 3492 840 revocat,
3525 771 3685 826 intus
3733 774 3941 826 contra

2275 874 2404 913 eam
2428 859 2613 930 judex
2644 859 2983 915 terribiliter
3011 860 3256 916 adversa
3285 859 3758 932 disponat.Quod
3787 860 3939 915 bene

2276 945 2589 1002 Psalmista
2612 946 2851 1004 intuens
2889 948 2971 1004 ait
3005 964 3018 1003 :
3080 950 3262 1005 Venite
3305 957 3356 1005 et
3400 948 3576 1005 videte
3619 964 3782 1021 opera
3827 949 3934 1006 Do-

2273 1036 2436 1102 mini,
2466 1053 2633 1107 quam
2663 1038 2928 1093 terribilis
2962 1041 3019 1094 in
3059 1039 3307 1094 consiliis
3351 1054 3514 1111 super
3558 1038 3703 1108 ﬁlios
3753 1039 3936 1095 homi-

2274 1140 2409 1179 num
2436 1126 2611 1193 (Psal.
2647 1130 2794 1196 va).
2828 1126 2987 1183 Vidit
3017 1144 3273 1200 namque
3303 1128 3459 1200 quod
3501 1125 3653 1182 alius
3703 1125 3934 1183 miseri-

2275 1212 2527 1269 corditer
2554 1218 2814 1284 vocatur,
2851 1215 3000 1272 alius
3022 1216 3260 1288 justitia
3289 1218 3555 1292 exigente
3605 1212 3930 1290 repellitur.

2272 1299 2343 1358 Et
2373 1303 2513 1375 quia
2542 1302 2659 1360 alia
2686 1307 2976 1378 parcendo
3008 1304 3447 1376 Dominus,a1ia
3471 1306 3774 1363 irascendo
3805 1306 3933 1362 dis-

2273 1392 2460 1463 ponit,
2492 1393 2719 1465 expavit
2749 1395 2905 1467 quod
2938 1400 3243 1468 penetrare
3274 1412 3389 1451 non
3422 1395 3633 1470 potuit,
3669 1398 3725 1451 et
3754 1410 3932 1468 quem

2275 1496 2391 1535 non
2405 1480 2598 1537 solum
2624 1482 3091 1557 investigabilem
3106 1484 3165 1540 in
3180 1484 3539 1558 quibusdam
3563 1484 3688 1542 suis
3700 1489 3936 1541 senten-

2275 1569 2395 1637 tiis,
2448 1571 2551 1626 sed
2600 1571 2775 1628 etiam
2829 1572 3210 1631 inﬂexibilem
3267 1573 3434 1642 vidit,
3491 1573 3810 1630 terribilem
3870 1575 3935 1631 in

2275 1659 2535 1717 consiliis
2584 1677 2714 1717 esse
2767 1662 3132 1719 memoravit.
3173 1685 3194 1715 ι
3245 1662 3418 1732 Beda,
3457 1662 3668 1720 divinis
3720 1661 3933 1721 litteris

2276 1748 2539 1821 impense
2589 1751 2817 1821 doctus,
2867 1752 3053 1809 bonos
3113 1751 3418 1826 malosque
3463 1751 3933 1831 praedestinatos,

2273 1853 2569 1909 exponens
2599 1837 2743 1895 illud
2777 1840 3018 1898 Genesis
3051 1856 3064 1895 :
3097 1842 3337 1913 surgite,
3368 1842 3698 1914 egredimini
3724 1842 3791 1899 de
3821 1842 3934 1900 loco

2275 1927 2397 1995 isto,
2430 1929 2564 1999 quia
2610 1928 2809 1984 delebit
2857 1932 3121 1987 Dominus
3169 1933 3443 1987 civitatem
3490 1932 3651 1999 hanc,
3684 1939 3739 1988 et
3785 1933 3935 1988 visus

2273 2024 2355 2072 est
2397 2018 2476 2073 eis
2520 2021 2681 2089 quasi
2726 2019 2918 2075 ludens
2968 2020 3120 2092 loqui
3168 2020 3318 2093 (Gen.
3349 2023 3489 2093 xix),
3530 2020 3936 2077 indubitanter

2274 2106 2546 2162 asseruit.
2583 2128 2609 2157 «
2646 2108 2809 2174 Quod
2862 2109 3102 2176 ostium,
3137 2109 3350 2184 inquit,
3396 2110 3505 2166 Lot
3552 2109 3935 2167 obcluserunt

2275 2195 2487 2269 angeli,
2523 2213 2593 2252 ne
2623 2196 2708 2252 vel
2736 2197 2932 2270 ipsum
2961 2197 3051 2254 vel
3093 2198 3350 2273 aliquem
3400 2198 3470 2255 de
3519 2196 3695 2257 domo
3740 2199 3933 2273 ipsius

2273 2289 2516 2357 possent
2544 2287 2614 2341 ad
2646 2287 3012 2358 perdendum
3044 2305 3250 2361 rapere
3301 2289 3636 2357 Sodomita,
3667 2293 3936 2362 patenter

2272 2373 2537 2430 insinuat
2570 2375 2709 2446 quia
2741 2374 2970 2432 nullum
3003 2376 3074 2432 de
3126 2376 3327 2434 electis
3365 2378 3465 2434 Dei
3517 2377 3815 2451 perditura
3844 2382 3936 2435 est

2275 2462 2546 2533 impietas
2579 2466 2636 2519 et
2667 2463 2994 2536 persecutio
3026 2467 3662 2538 reproborum,dicente
3685 2467 3934 2524 Domino

2274 2551 2347 2606 de
2402 2552 2608 2607 ovibus
2662 2553 2832 2610 suis:
2883 2556 2947 2610 Et
3013 2571 3109 2625 ego
3166 2556 3338 2612 vitam
3392 2570 3659 2614 azwrnam
3711 2554 3778 2614 do
3840 2560 3944 2625 iis,

2273 2649 2324 2697 et
2368 2658 2478 2696 non
2527 2644 2793 2714 peribunt
2859 2646 2920 2699 in
2976 2652 3264 2711 aeternum,
3334 2653 3387 2702 et
3451 2663 3561 2702 non
3618 2649 3797 2719 rapiet
3850 2662 3937 2705 eos

2274 2732 2567 2803 quisquam
2620 2731 2684 2788 de
2750 2750 2924 2788 manu
2989 2750 3112 2789 mea
3172 2736 3356 2808 (Joan.
3416 2737 3494 2804 x).
3558 2735 3721 2799 Quod
3791 2735 3934 2793 item

2276 2819 2404 2888 Lot,
2438 2820 2717 2877 facultate
2750 2822 2822 2877 ab
2855 2822 3078 2897 angelis
3118 2824 3274 2892 data,
3308 2823 3537 2881 nullum
3587 2824 3658 2881 de
3705 2824 3932 2883 civibus

2275 2909 2534 2982 perfidis,
2569 2927 2640 2967 ne
2669 2910 2739 2967 de
2770 2910 2894 2967 suis
2926 2911 3165 2984 quidem
3216 2913 3483 2986 cognatis
3531 2913 3651 2970 sive
3700 2914 3934 2984 amicis,

2276 2998 2348 3073 (a)
2380 3000 2690 3056 tamenetsi
2725 3001 2978 3056 multum
3023 3007 3291 3069 conatus,
3325 3002 3515 3076 potuit
3560 3003 3632 3059 ad
3677 3001 3932 3060 salutem

2276 3106 2562 3156 revocare,
2589 3090 2885 3163 significat
2930 3092 3089 3163 quod
3121 3090 3342 3148 nullius
3372 3090 3538 3148 labor
3569 3090 3826 3149 hominis
3857 3092 3932 3149 ad

2277 3195 2590 3234 numerum
2612 3179 3166 3251 praedestinatorum
3184 3181 3284 3254 qui
3299 3185 3435 3238 ante
3448 3182 3931 3238 constitutionem

516 3250 627 3337 est,
658 3271 714 3323 et
742 3284 841 3323 eos
873 3283 1019 3340 quos
1048 3266 1299 3339 benigne
1352 3266 1502 3339 eligo
1551 3265 1773 3338 eripere
1822 3264 2170 3321 mirabiliter
2199 3250 2241 3317 C
2284 3267 2489 3322 mundi
2522 3250 2677 3324 260
2707 3268 2872 3325 electi
2906 3275 3045 3326 sunt
3074 3288 3108 3327 a
3136 3250 3502 3339 Domino,vel
3538 3288 3715 3328 unam
3748 3272 3938 3344 possit

514 3373 783 3430 possum,
817 3361 875 3412 et
903 3373 1003 3413 eos
1033 3372 1181 3429 quos
1224 3373 1435 3428 respuo
1488 3373 1605 3411 non
1648 3355 1870 3427 injuste
1919 3353 2171 3410 derelin-

515 3463 652 3520 quo.
688 3469 716 3496 ››
764 3447 835 3502 Et
880 3450 1012 3518 post
1058 3445 1408 3518 aliquanta:
1467 3468 1494 3495 α
1530 3445 1674 3501 Miro
1724 3445 1919 3516 modo,
1956 3444 2169 3517 inquit,

515 3553 719 3608 aequus
747 3535 1025 3591 omnibus
1055 3534 1332 3590 Conditor
1375 3539 1433 3591 et
1473 3535 1759 3607 quosdam
1804 3534 2087 3606 prmeligit
2116 3538 2174 3589 et

516 3625 805 3697 quosdam
818 3624 879 3678 in
893 3624 1017 3678 suis
1032 3622 1295 3696 reprobis
1311 3610 1498 3678 merib
1509 3640 1576 3678 us
1581 3625 1605 3695 j
1617 3628 1743 3679 uste
1758 3621 2132 3695 derelinquit.
2144 3645 2170 3672 »

515 3713 657 3769 Item
691 3711 749 3768 in
787 3710 1107 3767 Moralibus
1137 3729 1433 3783 exponens
1464 3711 1676 3781 (Moral.
1710 3710 1813 3766 lib.
1842 3730 1902 3778 ιι,
1926 3712 2129 3783 cap.5)
2152 3729 2170 3765 :

514 3802 577 3857 Si
623 3801 974 3867 destruxerit,
1004 3818 1160 3858 nemo
1208 3809 1288 3857 est
1333 3802 1429 3873 qui
1478 3801 1833 3871 aediﬁcensi
1883 3802 2174 3856 incluserit

514 3890 812 3957 hominem,
844 3891 1035 3946 nullus
1063 3898 1140 3946 est
1166 3891 1265 3961 qui
1292 3891 1506 3962 aperiat
1534 3890 1648 3961 (Job
1674 3890 1795 3961 x11).
1830 3913 1857 3940 ‹‹
1893 3888 2171 3962 Omnipo-

518 3979 1054 4052 tens,inquit,Deus
1083 3979 1416 4034 humanum
1439 3996 1537 4034 cor
1567 3978 1818 4035 destruit
1838 3996 1972 4034 cum
2000 3978 2171 4034 relin-

515 4067 1075 4141 quit,zedificatdum
1088 4067 1495 4140 replet.Neque
1509 4067 1666 4123 enim
1679 4067 2000 4124 humanam
2015 4085 2174 4124 men-

514 4163 632 4215 tem
648 4158 995 4216 debellando
1009 4157 1278 4223 destruit,
1303 4158 1403 4213 sed
1419 4156 1759 4223 recedendo,
1785 4157 1925 4230 quia
1947 4157 2017 4213 ad
2041 4175 2170 4230 per-

515 4247 798 4306 ditionem
850 4265 1021 4304 suam
1070 4246 1289 4304 sufficit
1338 4245 1449 4303 sibi
1500 4246 1766 4302 dimissa.
1804 4270 1832 4297 »
1866 4246 2008 4303 Item
2041 4251 2173 4319 post

516 4337 820 4410 aliquanta
877 4338 1015 4410 (cap.
1072 4336 1213 4406 eod.)
1258 4354 1270 4392 :
1326 4360 1353 4386 ‹‹
1408 4337 1474 4393 Si
1531 4336 1817 4392 incluserit
1870 4335 2167 4405 hominem,

512 4427 702 4483 nullus
731 4435 810 4483 est
839 4428 973 4498 quia
993 4424 1553 4498 aperiat.Quiasicut
1571 4442 1741 4480 nemo
1755 4423 2172 4498 obsistitlargi-

514 4514 622 4571 tati
652 4513 1021 4581 vocantis,ita
1051 4513 1251 4570 nullus
1281 4513 1475 4569 obviat
1494 4512 1739 4587 justitize
1762 4513 2168 4587 relinquentis.

2282 3357 2541 3412 animam
2574 3357 2849 3430 adjicere.
2882 3359 3053 3416 Novit
3083 3359 3240 3415 enim
3272 3360 3429 3416 Deus
3458 3359 3559 3433 qui
3609 3366 3748 3416 sunt
3776 3361 3930 3433 ejus.

2280 3444 2496 3502 Verum
2524 3446 2633 3503 etsi
2673 3453 2935 3505 nostram
2970 3447 3343 3523 fragilitatem
3377 3449 3478 3522 qui
3511 3450 3583 3506 ad
3614 3449 3932 3507 electorum

2282 3538 2497 3591 sortem
2528 3536 2825 3609 pertinent
2854 3536 3016 3606 latet,
3051 3555 3166 3595 non
3198 3543 3394 3595 tamen
3428 3539 3500 3594 ab
3537 3538 3762 3611 agenda
3791 3554 3937 3596 cura

2283 3627 2493 3679 nostrae
2549 3625 2758 3682 salutis
2823 3627 3196 3697 cessandum,
3259 3644 3364 3684 nec
3437 3627 3510 3683 ab
3576 3627 3941 3685 instruendis

2279 3713 2562 3785 proximis
2594 3713 2796 3788 lingua
2827 3720 2914 3771 est
2945 3715 3328 3786 continenda;
3362 3717 3463 3772 sed
3500 3717 3572 3771 ad
3603 3715 3940 3790 exemplum

2280 3801 2433 3857 beati
2488 3803 2594 3858 Lot
2640 3808 2697 3858 et
2740 3803 2910 3859 nobis
2959 3809 3116 3861 caste
3154 3805 3493 3874 vivendum,
3528 3810 3585 3861 et
3615 3806 3939 3862 errantium

2281 3907 2514 3963 quoque
2546 3893 2889 3948 correctioni
2921 3894 3181 3949 officium
3201 3892 3938 3967 pietatisimpendendum.

2281 3980 2519 4036 Constat
2548 3981 2704 4037 enim
2737 3983 2892 4053 quod
2923 3982 3033 4038 etsi
3067 3983 3512 4055 praedestinatos
3543 3984 3613 4038 ad
3633 3983 3941 4039 interitum

2281 4068 2504 4126 salvare
2536 4072 3090 4145 nequimus,nostraa
3123 4077 3320 4128 tamen
3344 4071 3943 4145 benignitatis,quam

2280 4175 2420 4231 erga
2448 4158 2680 4215 illorum
2711 4160 2960 4217 salutem
2991 4160 3409 4233 impendimus,
3445 4161 3773 4217 mercedem
3821 4176 3940 4217 non

2279 4249 2609 4319 perdimus.
2641 4271 2668 4300 »

2353 4338 2602 4394 Sanctus
2625 4337 3938 4414 Fulgentius,Ruspensis‘provincia3Africanas

2280 4426 2591 4500 episcopus
2640 4428 2725 4499 (ut
2772 4428 2976 4485 scribit
3022 4428 3281 4486 Joannes
3340 4430 3614 4486 Romanae
3662 4428 3939 4485 Ecclesiae

2280 4516 2684 4586 diaconus),in
2713 4517 2860 4573 libro
2892 4518 2965 4576 ad
2999 4518 3233 4575 Petrum
3265 4519 3335 4575 de
3367 4518 3590 4592 Regula
3613 4535 3758 4574 verae
3778 4518 3938 4585 fidei,

514 4602 818 4660 Includere
849 4604 1048 4675 itaque
1078 4603 1178 4658 Dei
1208 4607 1316 4671 est,
1350 4602 1565 4659 clausis
1597 4621 1713 4659 non
1745 4602 2169 4676 aperire.Unde
2201 4618 2247 4690 Β
2281 4606 2352 4661 de
2383 4606 2836 4678 prmdcstinatis,
2870 4607 2980 4665 hoc
3013 4610 3186 4664 modo
3232 4607 3531 4665 disserunt
3562 4608 3645 4682 (de
3688 4609 3818 4665 Fide
3867 4608 3941 4664 ad

513 4697 571 4751 et
601 4695 676 4750 ad
707 4694 943 4766 Moysen
976 4692 1192 4749 dicitur
1240 4693 1309 4749 de
1359 4693 1679 4761 Pharaone,
1713 4710 1819 4767 ego
1866 4693 2167 4750 obdurabo

515 4800 614 4839 cor
661 4783 809 4855 ejus.
848 4783 1147 4839 Obdurare
1194 4781 1411 4855 quippe
1459 4800 1562 4854 per
1600 4782 1898 4855 justitiam
1951 4782 2167 4839 dicitur

513 4872 748 4946 quando
780 4889 879 4929 cor
909 4872 1224 4945 reprobum
1256 4889 1359 4944 per
1386 4872 1637 4945 gratiam
1668 4888 1783 4927 non
1813 4870 2058 4927 emollit.
2090 4895 2117 4922 ››

586 4963 743 5019 Idem
826 4962 884 5017 in
962 4960 1367 5034 explanatione
1451 4959 1793 5034 evangelicae
1867 4960 2166 5016 sententiae

513 5053 725 5125 (homil.
762 5067 836 5121 Iv,
873 5053 932 5107 in
964 5053 1193 5124 Evung.)
1221 5068 1233 5106 :
1268 5053 1331 5107 In
1361 5052 1510 5106 viam
1540 5052 1792 5119 gentium
1821 5066 1889 5106 ne
1918 5048 2168 5106 dbieritis

514 5144 726 5209 (Matth.
785 5144 922 5209 10):
977 5164 1004 5192 α
1055 5140 1289 5207 Subtili,
1341 5140 1443 5208 ait,
1495 5140 1837 5213 occultoque
1879 5139 2102 5211 judicio
2134 5156 2166 5195 a

512 5232 908 5303 quorumdam
939 5229 1182 5286 auribus
1205 5229 1539 5302 praedicatio
1554 5231 1705 5287 259
1719 5233 1922 5285 sancta
1943 5230 2170 5285 subtra-

510 5321 693 5389 hitur,
727 5321 866 5393 quia
916 5319 1187 5376 suscitari
1220 5335 1323 5391 per
1371 5319 1620 5392 gratiam
1678 5337 1792 5375 non
1844 5323 2163 5375 merentur.

582 5467 659 5538 (ιι)
695 5467 1016 5538 Tamenetsi.
1043 5465 1149 5522 Pro
1179 5468 1428 5522 tametsi:
1465 5483 1643 5538 quam
1668 5482 2023 5537 voeem,quae
2038 5465 2166 5536 jam

511 5536 598 5593 ita
625 5536 1001 5607 excoleverat,
1036 5543 1101 5593 ut
1137 5554 1316 5610 prope
1364 5555 1398 5593 a
1448 5536 1680 5610 nemine
1730 5543 2165 5610 agnosceretur,

511 5610 753 5683 retraxit
781 5626 867 5683 ex,
880 5610 1035 5683 fuga_
1049 5626 1323 5683 summus
1348 5615 1404 5664 et
1419 5627 1554 5683 cum
1569 5609 1998 5683 illisveteribus
2014 5625 2169 5663 com-

509 5682 809 5762 parandus
837 5682 891 5742 J.
920 5680 981 5742 Οἱ.
1004 5681 1262 5743 Jacobus
1293 5680 1662 5758 cuiaciusmt
1688 5681 1951 5739 Muretus
1971 5683 2169 5738 noster

2242 4744 2247 4749 .
2284 4699 2451 4765 Petr.,
2476 4712 2525 4752 c.
2548 4698 2668 4767 35):
2692 4721 2717 4747 ‹‹
2746 4696 3110 4754 Firmissime
3126 4700 3258 4754 tene
3270 4702 3327 4754 et
3343 4698 3679 4754 nullatenus
3701 4697 3939 4753 dubites

2274 4801 2479 4842 omnes
2517 4803 2665 4858 quos
2714 4803 2854 4842 vasa
2901 4787 3316 4843 misericordiae
3365 4787 3625 4861 gratuita
3673 4785 3940 4843 bonitate

2274 4874 2427 4931 Deus
2446 4875 2584 4930 facit
2598 4878 2731 4931 ante
2748 4874 3226 4931 constitutionem
3246 4877 3448 4932 mundi
3471 4876 3529 4932 in
3560 4876 3938 4948 adoptionem

2276 4962 2533 5020 ﬁliorum
2582 4964 2684 5020 Dei
2735 4964 3180 5038 prmdestinatos
3235 4983 3270 5021 a
3318 4966 3455 5033 Deo,
3510 4982 3699 5038 neque
3746 4964 3940 5037 perire

2277 5071 2447 5126 posse
2474 5053 2731 5127 aliquem
2765 5071 2967 5111 eorum
3000 5071 3149 5126 quos
3180 5054 3333 5111 Deus
3378 5054 3814 5128 praedestinavit
3861 5054 3937 5110 ad

2278 5159 2544 5215 regnum,
2571 5160 2676 5198 nec
2709 5159 3067 5215 quemquam
3089 5159 3291 5198 eorum
3312 5159 3461 5216 quos
3479 5142 3633 5199 Deus
3647 5159 3762 5198 non
3787 5159 3938 5215 prae-

2276 5231 2590 5287 destinavit
2619 5233 2692 5288 ad
2718 5231 2898 5289 vitam
2931 5231 3050 5288 ulla
3064 5234 3237 5304 posse
3270 5232 3491 5289 ratione
3524 5230 3755 5288 salvari.
3776 5231 3936 5287 Prae-

2275 5321 2587 5378 destinatio
2619 5322 2777 5378 enim
2808 5321 2910 5379 illa
2938 5322 3205 5395 gratuita:
3232 5321 3565 5379 donationis
3584 5326 3674 5377 est
3701 5339 3938 5395 praepa-

2277 5465 2359 5521 ait
2387 5465 2447 5520 in
2480 5464 2627 5521 libro
2656 5482 2714 5520 x1
2742 5464 2877 5520 Var.
2913 5466 3092 5533 Lect.,
3127 5482 3254 5537 cap.
3291 5450 3376 5533 17,
3412 5464 3513 5521 ubi
3546 5464 3715 5520 affert
3747 5463 3933 5537 pluri-

2277 5554 2375 5592 ma
2421 5537 2778 5601 testimonia,
2813 5537 3027 5608 quibus
3077 5536 3283 5608 probet
3327 5553 3456 5593 eam
3503 5553 3633 5594 esse
3676 5536 3933 5593 retinen-

2278 5608 2435 5665 dam.
2470 5609 2551 5665 Ea
2582 5625 2819 5665 rursum
2853 5609 3038 5666 utitur
3065 5608 3266 5685 Lupus
3299 5609 3409 5666 col.
3442 5610 3513 5665 25
3555 5652 3568 5668 .
