4108 6482
216 392 330 457 661

1164 390 1533 456 COLLECT.
1581 393 1684 457 DE
1726 392 2011 460 TRIBUS
2054 394 2679 469 QUESTIONIBUS.

3509 392 3628 457 662

216 547 354 588 cum
386 528 486 586 illo
518 530 720 603 postea
746 543 887 602 pace
912 543 1245 601 regnemus,
1288 528 1546 601 profecto
1576 526 1690 585 nisi
1712 528 1868 585 Deus
1898 541 1951 602 Α
1980 529 2196 597 decuit,
2229 531 2530 587 universos
2561 528 2834 587 instituit.
2869 530 2952 586 Ex
2994 530 3122 603 ejus
3169 527 3415 588 decretis
3452 531 3631 587 verba

214 620 393 685 adsit,
416 636 586 675 nemo
615 623 704 675 est
732 618 978 675 idoneus
1010 622 1232 674 certare
1260 633 1395 673 cum
1424 617 1601 687 vitiis,
1636 634 1709 674 ne
1738 618 1865 674 sine

213 708 539 766 certamine
559 708 935 781 pertrahatur
965 708 1038 763 ab
1069 707 1172 774 eis,
1189 712 1291 764 aut
1310 708 1523 779 nejam
1555 710 1785 763 certans
1806 706 1866 762 in

212 799 345 872 ipsa
366 815 568 855 eorum
588 796 1019 853 conflictatione
1038 795 1325 852 vincatur.
1352 795 1485 852 Ideo
1522 795 1580 851 in
1604 795 1713 851 hoc
1735 812 1867 868 ago-

212 905 287 945 ne
309 887 498 962 magis
521 904 627 944 nos
648 887 804 943 Deus
832 885 1016 942 voluit
1043 884 1407 943 orationibus
1429 889 1651 941 certare
1686 901 1866 957 quam

210 976 614 1049 viribus,quia
641 980 700 1033 et
727 975 890 1049 ipsas
918 974 1359 1047 vires,quantas
1388 974 1485 1029 hic
1516 974 1728 1030 habere
1760 989 1868 1030 nos

210 1065 513 1140 competit,
529 1066 655 1139 ipse
683 1063 1096 1121 subministrat
1124 1062 1483 1120 certantibus
1506 1080 1681 1135 quem
1705 1079 1867 1136 roga-

211 1155 444 1210 mus.Si
474 1170 610 1227 ergo
638 1152 680 1208 ii
711 1169 961 1226 quorum
994 1156 1196 1209 contra
1216 1168 1451 1209 carnem
1475 1152 1601 1223 jam
1625 1150 1867 1224 spiritus

211 1242 578 1317 concupiscit
604 1243 676 1299 ad
709 1242 974 1316 singulos
1022 1245 1188 1298 actus
1234 1241 1500 1315 indigent
1529 1241 1628 1297 Dei
1681 1240 1869 1315 gratia

210 1349 287 1390 ne
314 1331 640 1399 vincantur,
664 1331 898 1404 qualem
926 1331 1255 1387 libertatem
1284 1329 1601 1387 voluntatis
1652 1329 1868 1386 habere

210 1426 465 1496 possunt
493 1423 592 1496 qui
612 1422 877 1478 nondum
899 1423 970 1478 de
993 1424 1277 1494 potestate
1297 1418 1445 1477 eruti
1470 1419 1865 1489 tenebrarum,

210 1512 555 1570 dominante
581 1509 912 1584 iniquitate,
938 1527 1043 1567 nec
1073 1515 1293 1566 certare
1323 1513 1643 1581 cceperunt,
1667 1512 1769 1563 aut
1816 1507 1867 1565 si

208 1606 433 1658 certare
463 1600 790 1667 voluerunt,
825 1600 1087 1656 nondum
1107 1599 1363 1654 liberatae
1392 1596 1709 1655 voluntatis
1744 1614 1865 1653 ser-

204 1692 394 1749 vitute
422 1690 775 1746 vincuntur?
809 1712 838 1739 »
873 1690 1017 1745 Item
1055 1689 1118 1743 in
1164 1686 1313 1743 libro
1365 1686 1864 1742 Retractationum

208 1779 451 1854 priore:
494 1799 516 1828 α
548 1778 851 1845 Perfectio,
891 1776 1103 1850 inquit,
1131 1775 1269 1833 boni
1314 1780 1405 1833 est
1461 1779 1526 1831 ut
1582 1792 1687 1831 nec
1736 1775 1866 1848 ipsa

208 1867 688 1942 concupiscentia
714 1867 936 1941 peccati
966 1866 1044 1923 sit
1065 1866 1125 1922 in
1156 1865 1424 1934 homine;
1456 1865 1550 1920 cui
1598 1865 1859 1937 quidem,

208 1959 448 2032 quando
478 1959 626 2015 bene
668 1956 899 2025 vivitur,
933 1973 1049 2012 non
1099 1954 1389 2011 consentit
1431 1953 1731 2022 voluntas;
1767 1971 1861 2009 ve-

206 2051 545 2104 rumtamen
577 2063 694 2103 non
743 2044 969 2119 perficit
1012 2044 1257 2111 bonum,
1290 2044 1430 2117 quia
1481 2044 1635 2099 inest
1671 2042 1863 2098 adhuc

203 2134 702 2209 concupiscentia,
734 2134 828 2190 cui
861 2138 1148 2208 repugnat
1174 2132 1468 2189 voluntas.
1501 2131 1682 2204 Cujus
1725 2148 1864 2187 con-

202 2224 580 2298 cupiscentiae
610 2228 807 2280 reatus
836 2223 898 2278 in
928 2222 1280 2296 baptismate
1327 2221 1592 2292 solvitur,
1623 2221 1724 2277 sed
1774 2220 1862 2275 in-

198 2314 458 2371 firmitas
507 2317 724 2381 manet,
758 2312 872 2381 cui,
906 2313 1089 2369 donec
1140 2316 1401 2379 sanetur,
1432 2311 1625 2367 omnis
1672 2309 1864 2366 fidelis

197 2403 306 2477 qui
336 2403 485 2460 bene
515 2402 746 2476 proficit
776 2400 1211 2458 studiosissime
1244 2399 1581 2456 reluctatur.
1611 2422 1639 2449 »

271 2492 538 2548 Alterum
569 2493 646 2565 (a)
677 2492 877 2548 lumen
925 2494 1313 2547 tractatorum
1362 2489 1749 2562 Hieronymus
1802 2488 1863 2544 in

200 2580 448 2655 Dialogo
472 2598 485 2637 :
516 2606 536 2631 ι
553 2582 679 2638 Non
697 2579 1332 2657 ideo,inquit,peccavit
1349 2579 1535 2634 Adam
1558 2578 1697 2651 quia
1711 2578 1864 2633 Deus

203 2672 320 2728 hoc
344 2671 609 2727 futurum
633 2674 890 2736 noverat,
911 2669 1013 2725 sed
1036 2667 1327 2742 praescivit
1346 2668 1501 2723 Deus
1524 2667 1693 2739 quasi
1710 2666 1864 2722 Deus

205 2760 364 2834 quod
395 2759 494 2816 ille
525 2764 651 2816 erat
705 2759 941 2832 propria
988 2756 1287 2813 voluntate
1332 2757 1613 2812 facturus.
1650 2778 1677 2805 »
1719 2756 1864 2811 Item

205 2853 347 2922 post
374 2848 678 2921 aliquanta
706 2865 721 2902 :
755 2870 783 2897 «
816 2846 1101 2902 Dominus
1140 2845 1336 2912 inquit
1381 2846 1454 2901 ad
1495 2843 1816 2917 discipulos
1847 2860 1860 2900 :

204 2940 321 3011 Ego
350 2956 474 2994 sum
501 2939 648 3006 vitis,
679 2954 768 2993 vos
801 2938 974 3003 rami;
1009 2937 1106 3008 qui
1131 2942 1317 2990 manet
1362 2936 1421 2989 in
1461 2950 1566 3000 me,
1599 2942 1651 2989 et
1677 2949 1771 3004 ego
1802 2934 1862 2988 in

204 3045 292 3096 eo,
328 3031 428 3085 iste
455 3028 643 3100 aﬂ‘eret
669 3028 913 3099 fructum
956 3025 1213 3091 multum,
1245 3025 1378 3095 quia
1422 3025 1542 3078 sine
1588 3039 1673 3077 me
1716 3022 1864 3077 nihil

201 3118 429 3191 potestis
454 3119 635 3189 facere
663 3117 839 3188 (Joan.
868 3118 985 3182 xv).
1019 3113 1179 3169 Sicut
1226 3111 1375 3167 rami
1401 3116 1459 3167 et
1488 3111 1626 3166 folia
1654 3109 1861 3164 vitium

206 3204 367 3261 illico
385 3205 808 3261 contabescunt
825 3220 958 3259 cum
975 3202 1189 3258 fuerint
1205 3219 1239 3257 a
1256 3201 1496 3275 matrice
1512 3198 1863 3272 praecisa,ita

1894 1912 1941 1976 B

1979 617 2101 674 haec
2132 622 2272 674 sunt
2298 620 2437 692 (cap.
2469 620 2523 693 3)
2551 636 2563 675 :
2591 642 2619 670 «
2651 620 2715 675 In
2738 619 3625 694 praevaricatione,inquit,Adaa,

1976 724 2180 763 omnes
2212 707 2481 765 homines
2512 708 2843 765 naturalem
2869 708 3322 782 possibilitatem
3373 714 3428 766 et
3459 709 3628 766 inno-

1976 797 2228 853 centiam
2259 798 2583 870 perdidisse
2613 799 2837 855 clarum
2859 803 2968 867 est,
2992 803 3050 855 et
3079 800 3375 855 neminem
3394 800 3464 855 de
3495 818 3627 873 plo-

1975 884 2156 942 fundo
2185 886 2343 943 illius
2374 887 2558 943 ruinas
2581 905 2749 960 posse
2771 905 3123 962 consurgere
3146 888 3260 944 nisi
3284 905 3416 944 eum
3442 888 3630 961 gratia

1977 973 2309 1032 miserentis
2338 977 2439 1033 Dei
2469 977 2778 1033 erexerit.»
2806 978 2949 1034 Item
2981 978 3122 1051 (cap.
3156 977 3210 1049 6)
3237 994 3249 1033 :
3277 977 3627 1033 «Neminem

1974 1063 2769 1139 etiam,inquit,baptismatis
2784 1066 2973 1140 gratia
2990 1070 3330 1123 renovatum
3346 1065 3625 1123 idoneum

1974 1168 2103 1209 esse
2133 1153 2206 1209 ad
2235 1156 2599 1227 superandas
2627 1155 2842 1212 diaboli
2867 1155 3111 1212 insidias
3140 1161 3198 1212 et
3218 1157 3289 1211 ad
3308 1155 3626 1213 vincendas

1974 1241 2168 1298 carnis
2200 1244 2727 1317 concupiscentiae,
2758 1245 2869 1301 nisi
2901 1262 3003 1318 per
3030 1245 3438 1317 quotidianum
3462 1245 3627 1316 adju-

1974 1331 2189 1387 torium
2222 1332 2321 1388 Dei
2345 1333 2833 1405 perseverantiam
2865 1334 3028 1390 bona
3050 1333 3509 1390 conversationis
3535 1351 3626 1390 ac-

1975 1422 2245 1493 ceperit.»
2290 1421 2435 1477 Item
2467 1425 2609 1494 (cap.
2638 1424 2732 1493 7):
2758 1423 2913 1495 quod
2947 1438 3119 1478 nemo
3150 1422 3265 1478 nisi
3290 1441 3395 1495 per
3423 1422 3626 1480 Chris-

1973 1514 2101 1565 tum
2132 1510 2313 1567 libero
2334 1511 2480 1566 bene
2497 1515 2695 1567 utatur
2713 1511 3119 1578 arbitrio,hinc
3141 1516 3197 1567 et
3220 1511 3622 1568 Innocentium

1972 1616 2185 1672 papam
2213 1600 2452 1656 adhibet
2478 1603 2688 1656 testem
2721 1600 2911 1673 posita
2939 1601 3066 1672 ejus
3118 1601 3406 1657 sententia
3437 1601 3623 1674 (Inno-

1972 1690 2180 1744 centius
2228 1691 2290 1744 in
2337 1691 2492 1761 epist.
2542 1690 2614 1745 ad
2659 1690 3040 1747 Milevitanum
3084 1691 3419 1745 concilium:
3452 1713 3481 1741 «
3513 1690 3624 1746 Ad-

1970 1782 2128 1833 verte
2160 1778 2418 1845 tandem,
2452 1795 2483 1835 o
2514 1778 2995 1851 pravissimarum
3027 1779 3315 1834 mentium
3354 1796 3627 1852 perversa

1974 1866 2262 1935 doctrina,
2295 1869 2452 1939 quod
2484 1868 2743 1940 primum
2785 1867 3083 1924 hominem
3114 1867 3196 1923 ita
3224 1866 3465 1923 libertas
3495 1868 3625 1940 ipsa

1972 1955 2199 2028 decepit
2229 1960 2294 2012 ut
2320 1956 2462 2012 dum
2494 1956 2898 2031 indulgentius
2923 1956 3104 2012 frenis
3147 1958 3275 2028 ejus
3324 1957 3527 2025 utitur,
3561 1958 3622 2013 in

1971 2045 2504 2116 pravaricationem
2552 2047 3008 2119 praesumptione
3037 2046 3375 2102 conciderit.
3408 2048 3523 2102 Nec
3552 2063 3623 2103 ex

1971 2132 2081 2188 hac
2110 2132 2300 2205 potuit
2328 2135 2472 2202 erui,
2507 2135 2618 2189 nisi
2651 2135 2701 2191 ei
2752 2135 3115 2207 providentia
3161 2135 3622 2208 regenerationis

1972 2225 2190 2278 statum
2218 2223 2477 2296 pristinm
2507 2222 2793 2280 libertatis
2848 2226 3001 2281 269
3021 2224 3234 2280 Christi
3270 2223 3500 2279 Domini
3532 2242 3620 2281 re-

1970 2311 2283 2368 formasset
2312 2312 2654 2369 adventus.»
2686 2314 2831 2369 Item
2862 2312 3209 2369 leestinus
3237 2317 3390 2384 (Post
3406 2314 3563 2386 epist.
3586 2315 3621 2369 3

1973 2400 2267 2469 Cwlestini,
2302 2418 2429 2475 cap.
2462 2404 2539 2471 8),
2575 2426 2602 2453 α
2637 2404 2794 2475 quod
2826 2402 3025 2459 omnia
3072 2401 3271 2458 studia
3318 2406 3381 2458 et
3425 2401 3625 2458 omnia

1973 2505 2149 2562 opera
2179 2507 2245 2545 ac
2277 2491 2486 2547 merita
2507 2496 2845 2546 sanctorum
2868 2492 2938 2546 ad
2964 2491 3063 2547 Dei
3087 2491 3332 2564 gloriam
3356 2490 3624 2546 laudem-

1973 2595 2086 2650 que
2113 2579 2417 2635 referenda
2448 2584 2604 2647 sunt,
2621 2580 2761 2653 quia
2784 2597 2954 2636 nemo
2976 2579 3026 2635 ei
3047 2580 3287 2635 aliunde
3308 2579 3495 2651 placet
3511 2579 3626 2636 nisi

1974 2684 2043 2723 ex
2062 2684 2127 2723 eo
2150 2669 2303 2740 quod
2324 2668 2449 2741 ipse
2473 2670 2927 2741 donaverit(cap.
2951 2669 3062 2737 9).»
3089 2669 3233 2724 Item
3260 2687 3271 2723 :
3296 2693 3322 2718 ‹‹
3357 2669 3514 2741 quod
3546 2669 3629 2724 ita

1973 2756 2128 2813 Deus
2146 2757 2205 2811 in
2226 2758 2500 2814 cordibus
2522 2759 2830 2814 hominum
2853 2762 3026 2831 atque
3050 2758 3107 2813 in
3133 2757 3262 2831 ipso
3283 2757 3464 2813 libero
3491 2775 3628 2830 ope-

1973 2850 2137 2901 retur
2165 2846 2407 2902 arbitrio
2435 2851 2499 2902 ut
2530 2853 2734 2903 sancta
2764 2847 3060 2921 cogitatio,
3094 2847 3257 2921 pium
3288 2846 3623 2915 consilium,

1972 2934 2282 3007 omnisque
2312 2939 2509 2990 motus
2539 2935 2703 2990 bona;
2735 2935 3053 2992 voluntatis
3098 2952 3167 2991 ex
3213 2940 3326 2990 Deo
3357 2937 3452 3003 sit,
3485 2936 3627 3007 quia

1972 3039 2087 3077 non
2119 3022 2233 3079 nisi
2264 3040 2367 3095 per
2398 3022 2566 3079 illum
2598 3022 2818 3096 aliquid
2853 3025 2987 3080 boni
3013 3024 3485 3097 possumus,sine
3506 3042 3622 3097 quo

1972 3109 2118 3164 nihil
2149 3128 2486 3183 possumus.
2524 3136 2544 3165 ι
2583 3113 2725 3169 Item
2759 3116 2898 3185 (cap.
2934 3113 3021 3184 40)
3056 3131 3069 3168 :
3107 3135 3136 3163 α
3158 3112 3434 3188 Quisquis
3464 3113 3623 3169 dixe-

1971 3200 2066 3267 rit,
2097 3199 2228 3256 ideo
2259 3201 2427 3257 nobis
2457 3202 2702 3275 gratiam
2730 3201 3170 3274 justificationis
3202 3202 3347 3268 dari,
3382 3203 3619 3274 utquod

205 3293 406 3350 omnis
432 3293 740 3349 hominum
763 3291 1038 3347 fortitudo
1050 3291 1201 3348 268
1215 3290 1522 3346 marcessit
1537 3293 1593 3344 et
1613 3287 1854 3361 deperit,
1889 3279 1932 3346 C
1971 3288 2157 3346 facere
2179 3290 2462 3360 jubemur
2485 3308 2590 3363 per
2608 3291 2861 3347 liberum
2884 3290 3462 3359 arbitrium,facilius
3485 3308 3619 3364 pos-

204 3382 258 3440 si
291 3400 327 3438 a
355 3382 456 3438 Dei
489 3380 702 3437 auxilio
733 3382 1056 3437 deseratur.
1103 3380 1289 3450 Nemo,
1319 3379 1532 3451 inquit,
1558 3385 1730 3450 potest
1770 3393 1857 3432 ve-

200 3474 333 3528 nire
376 3471 446 3527 ad
491 3488 577 3527 me
623 3471 740 3526 nisi
786 3476 972 3536 Pater,
999 3471 1097 3541 qui
1138 3471 1296 3525 misit
1322 3485 1429 3534 me,
1461 3468 1696 3524 traxerit
1738 3483 1864 3522 eum

201 3561 394 3630 (Joan.
426 3558 523 3619 v1).
550 3558 792 3623 Quando
822 3556 982 3624 dicit,
1016 3573 1172 3612 nemo
1199 3564 1372 3628 potest
1412 3558 1599 3611 venire
1646 3555 1716 3610 ad
1753 3570 1860 3618 me,

203 3646 426 3720 frangit
440 3646 874 3719 superbientem
893 3644 1117 3701 arbitrii
1132 3644 1646 3716 libertatem,quod
1666 3642 1864 3699 etiam-

206 3736 259 3792 si
290 3734 428 3791 velit
458 3735 530 3790 ad
561 3734 857 3790 Christum
906 3750 1164 3807 pergere,
1199 3733 1314 3789 nisi
1364 3734 1466 3787 fiat
1513 3732 1658 3788 illud
1707 3732 1863 3804 quod

208 3823 447 3897 scquitu
457 3841 502 3891 r,
520 3824 687 3879 Pater
707 3840 875 3879 meus
892 3822 1144 3879 caelestis
1176 3821 1416 3879 traxerit
1444 3838 1680 3889 eum,ne
1702 3820 1867 3893 quid-

206 3891 390 3986 quam
418 3911 634 3986 cupiat,
662 3913 881 3967 frustra
910 3910 1151 3967 nitatur.
1166 3910 1354 3967 Simul
1387 3915 1445 3966 et
1463 3911 1574 3966 hoc
1603 3891 1899 3966 animad:

205 4002 555 4059 vertendum
589 4001 745 4073 quod
773 4001 874 4073 qui
906 4000 1177 4068 trahitur,
1193 4016 1309 4055 non
1327 4004 1533 4072 sponte
1554 3999 1866 4067 currit,sed

208 4094 314 4147 aut
341 4094 691 4159 retractans,
725 4094 827 4145 aut
855 4090 1080 4158 tardus,
1113 4092 1216 4144 aut
1264 4089 1481 4144 invitus
1533 4087 1863 4143 adducitur.

209 4180 319 4246 Qui
350 4196 467 4235 non
500 4183 692 4252 potest
713 4178 839 4235 suis
869 4178 1092 4234 viribus
1122 4181 1181 4234 et
1206 4176 1403 4234 labore
1442 4177 1637 4234 venire
1668 4178 1740 4234 ad
1770 4178 1866 4234 Je-

209 4286 367 4335 sum,
401 4269 694 4341 quomodo
725 4271 916 4340 potest
943 4268 1146 4324 omnia
1172 4266 1349 4324 simul
1379 4271 1617 4340 peccata
1665 4267 1866 4342 vitare,

210 4362 269 4414 et
300 4357 479 4413 vitare
503 4357 561 4412 in
579 4357 972 4430 perpetuum?
1004 4379 1032 4407 η

283 4446 358 4517 (b)
393 4445 741 4502 leestinus
762 4445 937 4502 etiam
955 4447 1365 4519 papa,magnis
1386 4446 1870 4503 annumerandus

211 4535 660 4604 doctoribus,de
691 4534 874 4591 libero
907 4534 1240 4605 arbitrio,ut
1269 4539 1501 4590 tantum
1532 4534 1868 4607 pontificem

1970 3377 2158 3434 simus
2177 3378 2422 3452 implere
2442 3396 2544 3452 per
2563 3381 3124 3454 gratiam,tanquam
3155 3380 3263 3436 etsi
3293 3380 3481 3453 gratia
3500 3397 3618 3437 non

1970 3466 2225 3535 daretur,
2260 3485 2377 3522 non
2409 3468 2661 3541 quietem
2695 3468 2883 3538 facile,
2918 3470 3018 3524 sed
3062 3472 3262 3524 tamen
3311 3485 3620 3541 possemus

1970 3555 2146 3611 etiam
2170 3556 2295 3611 sine
2326 3556 2429 3613 illa
2457 3557 2701 3629 implere
2731 3557 2930 3612 divina
2976 3558 3274 3625 mandata,
3309 3557 3624 3613 anathema

1973 3643 2067 3700 sit.
2083 3645 2162 3700 De
2186 3645 2477 3701 fructibus
2498 3646 2655 3701 enim
2689 3648 3101 3703 mandatorum
3123 3646 3408 3702 Dominus
3427 3645 3620 3718 loque-

1971 3733 2164 3801 batur,
2198 3734 2297 3790 ubi
2321 3752 2436 3790 non
2462 3735 2563 3802 ait,
2585 3736 2713 3792 sine
2744 3752 2837 3791 me
2866 3735 3165 3792 difficilius
3195 3735 3461 3808 potestis,
3491 3735 3616 3805 sed,

1975 3823 2102 3879 sine
2134 3841 2225 3880 me
2256 3824 2403 3880 nihil
2434 3825 2679 3897 potestis
2710 3826 2919 3880 facere.
2958 3848 2979 3874 ι»

2046 3915 2295 3969 Sanctus
2321 3930 2553 3986 quoque
2582 3931 2732 3986 papa
2761 3914 3100 3987 Gregorius,
3133 3914 3304 3970 bonis
3352 3912 3629 3970 omnibus

1976 4002 2168 4058 Latini
2187 4003 2474 4058 sermonis
2496 4003 2811 4074 capacibus
2834 4020 3071 4075 suaeque
3093 4002 3369 4059 doctrinae
3395 4002 3489 4073 pie
3510 4006 3632 4058 stu-

1978 4090 2160 4147 diosis
2178 4090 2504 4163 plurimum
2527 4090 3118 4157 collaturus,humani
3134 4090 3358 4145 arbitrii
3375 4091 3631 4162 proprie-

1976 4182 2156 4235 tatem
2187 4179 2484 4235 subtiliter
2504 4196 2570 4235 ae
2593 4180 2877 4235 suavitate
2899 4179 3072 4235 solita
3101 4178 3346 4234 homilia
3375 4195 3528 4233 nona
3566 4178 3628 4233 in

1979 4268 2335 4325 Ezechielem
2368 4269 2654 4341 expressit
2682 4269 2701 4322 ':
2739 4289 2766 4317 ‹‹
2800 4268 3030 4334 Audivi,
3064 4267 3276 4340 inquit,
3321 4283 3503 4323 vocem
3544 4283 3628 4322 se-

1978 4361 2278 4430 quentis,et
2306 4359 2451 4413 dixit
2479 4358 2549 4412 ad
2566 4374 2652 4412 me
2676 4377 2694 4412 :
2716 4358 2852 4412 Filii
2876 4358 3135 4423 hominis,
3167 4365 3253 4412 sta
3280 4372 3444 4427 super
3468 4355 3629 4427 pedes

1980 4455 2119 4513 tuos,
2142 4453 2191 4502 el
2221 4448 2416 4518 loquar
2433 4455 2609 4502 tecum
2637 4446 2848 4516 (Ezech.
2875 4446 2957 4517 11).
2983 4445 3092 4501 Ubi
3121 4444 3312 4501 adhuc
3332 4442 3626 4513 subditur,

1979 4544 2030 4593 et
2061 4538 2337 4605 ingressus
2365 4543 2444 4591 est
2482 4537 2543 4591 in
2570 4552 2656 4591 me
2701 4535 2943 4607 Spiritus
2985 4542 3270 4607 postquam
3317 4535 3526 4590 locutus
3554 4541 3635 4590 est

284 4658 1006 4743 (a)}umenJraetﬂorum.
1026 4657 1121 4743 Sic
1147 4658 1419 4743 eumdem
1454 4658 1869 4743 Hieronymum
1900 4644 1949 4711 D
1980 4662 2158 4715 ctant.
2187 4680 2222 4743 ὐ
2255 4658 2578 4743 Cyprianus
2611 4675 2742 4714 vero
2773 4657 2833 4712 in
2864 4658 3112 4743 epistola
3137 4659 3227 4727 52,
3257 4656 3633 4743 adﬁntonia-

211 4730 494 4787 Claudian
504 4748 571 4785 us
585 4730 907 4786 Mamertus
918 4729 1472 4802 vocatpotissimum
1486 4729 1870 4802 tractatorum

210 4802 271 4857 in
305 4801 453 4857 libro
485 4803 742 4857 secundo
773 4802 845 4857 de
875 4806 1034 4857 statu
1062 4800 1308 4865 Animae,
1340 4817 1467 4871 cap.
1497 4801 1554 4855 9.
1578 4802 1873 4857 Tractato-

211 4890 309 4929 res
335 4878 533 4929 autem
563 4873 727 4941 dicti,
752 4890 1055 4928 sacrarum
1077 4871 1407 4927 litterarum
1438 4872 1786 4943 interpretes
1817 4877 1875 4928 et

210 4946 503 5010 doctores,
529 4945 869 5016 cujusmodl
899 4945 1010 5000 fuit
1036 4943 1445 5016 Hieronymus,
1468 4944 1735 5016 utetiam
1770 4945 1872 5000 do-

210 5020 313 5099 cet.
335 5016 536 5099 Lupus
564 5013 625 5070 in
652 5015 1123 5099 epistola‘tertia.
1140 5013 1515 5099 ch'ab'ulum.
1537 5013 1646 5099 hoc
1669 5020 1872 5099 natum

254 5092 381 5142 utal
400 5085 749 5142 Sirmondus
777 5104 894 5142 aevo
915 5086 1206 5142 Vincentii
1231 5085 1659 5151 Lirinensis,ob
1693 5086 1872 5143 istum

234 5175 409 5214 ocum
461 5175 531 5213 ex
576 5158 1032 5214 Commonitorio
1086 5158 1383 5231 Peregrtni
1417 5174 1430 5212 :
1465 5158 1877 5231 D_octores,_qui

212 5237 534 5302 tractatores
551 5246 701 5302 nunc
715 5231 1085 5302 appelluntur.
1102 5227 1322 5302 Tamen
1347 5232 1479 5284 ante
1498 5227 1805 5302 Vincentiu
1817 5247 1873 5284 m

214 5300 506 5357 tractandi
529 5301 704 5373 verbo
726 5300 763 5355 u
769 5300 817 5357 si
840 5306 1006 5373 erant
1027 5300 1429 5357 Tertullianus
1449 5303 1513 5373 et
1528 5301 1872 5373 Cyprianus,

212 5389 321 5456 pro
352 5388 418 5428 eo
437 5372 608 5456 quod
639 5389 746 5428 nos
762 5372 1031 5456 dicimus
1056 5372 1262 5456 docere.
1297 5370 1696 5456 Tertullianus
1718 5371 1875 5454 enim

212 5442 277 5500 in
321 5442 511 5516 capite
562 5444 819 5516 secundo
872 5443 1003 5498 libri
1051 5444 1123 5516 de
1169 5442 1613 5516 Resurrectione
1659 5445 1874 5515 carnis,

214 5513 591 5587 conquerens
632 5515 705 5587 de
749 5515 1006 5587 versutia
1054 5514 1482 5587 haereticorum,
1518 5513 1618 5586 qui
1648 5513 1880 5587 semper

213 5584 487 5643 obscuris
520 5584 668 5641 falsa
691 5585 1093 5654 involvunt,ne
1116 5584 1701 5657 intelligantur,'neve
1724 5584 1878 5642 latus

214 5658 508 5730 aperiant,
531 5657 941 5730 defensoribus
980 5674 1127 5730 vera:
1181 5657 1334 5725 fidei,
1367 5658 1446 5713 ait
1482 5674 1493 5711 :
1531 5657 1875 5730 (gillacrctici,

213 5727 286 5786 ei
315 5727 675 5787 conscientia
706 5729 1091 5799 infirmitatis,
1119 5746 1424 5801 nunquam
1454 5729 1745 5786 ordinarie
1768 5734 1880 5786 tra-

1982 4749 2147 4810 num,
2182 4729 2472 4810 tractandi
2500 4729 3040 4810 vocem.manifeste
3070 4729 3386 4810 usurpavit
3422 4746 3526 4810 pro
3565 4745 3632 4783 eo

1982 4800 2138 4874 quod
2188 4801 2360 4876 vulgo
2389 4801 2576 4857 docere
2606 4800 2880 4856 dicimus.
2914 4802 3003 4857 Ait
3035 4801 3203 4876 enim
3220 4800 3253 4876 ῖς
3285 4824 3312 4851 ‹‹
3347 4800 3632 4876 Episcopo

1980 4870 2268 4946 tractante
2291 4870 2679 4946 cognoveram
2732 4890 2848 4928 non
2884 4872 3350 4946 sacrificandum
3380 4870 3576 4946 idolis.
3606 4892 3634 4919 »

1983 4947 2053 5001 Et
2082 4945 2292 5001 iterum
2324 4942 2652 5016 in'epistola
2679 4946 2795 5017 56A:
2833 4967 2860 4995 ‹‹
2882 4945 2997 5000 Nec
3040 4945 3375 5017 quisquam.
3426 4942 3635 5017 fratres

1984 5017 2376 5082 dilectissimi,
2409 5013 2544 5071 cum
2595 5014 2878 5088 populum
2935 5013 3212 5088 nostrum
3252 5013 3637 5088 fugari_cons-

1985 5088 2201 5168 pexe_rit
2232 5093 2391 5168 metu
2423 5084 2847 5168 persecutionis
2896 5091 2953 5140 et
2992 5086 3211 5168 spargi,
3236 5084 3633 5168 conturbatur,

1985 5158 2135 5232 quod
2171 5159 2469 5232 collectam
2508 5159 2930 5232 fraternitatem
2956 5175 3082 5232 non
3102 5158 3311 5223 videat,
3346 5172 3451 5232 nec
3482 5159 3638 5232 trac—

1984 5225 2176 5287 tantes
2209 5230 2511 5302 episcopos
2550 5229 2833 5302 audiat.»
2866 5227 3009 5302 Vide
3051 5229 3322 5302 Juretum
3373 5226 3431 5281 in
3483 5225 3640 5281 notis

1987 5304 2057 5358 ad
2080 5299 2383 5374 epistolam
2409 5299 2726 5373 septimam
2755 5301 2946 5374 Ivonis
2976 5299 3369 5374 Carnotensis.

2060 5368 2134 5445 (b3
2169 5368 2679 5445 Cwlestinus'pupa.
2730 5372 2874 5426 Hinc
2918 5376 3084 5445 patet
3122 5370 3489 5445 existimasse
3534 5368 3643 5445 [λαῖ-

1986 5437 2128 5516 puiri
2174 5444 2467 5516 Caelestini
2515 5437 2657 5516 esse
2713 5437 3129 5516 cxcerp-tailla
3172 5443 3255 5516 de
3296 5438 3497 5516 Cratia
3538 5437 3640 5493 Dei

1987 5512 2045 5572 et
2090 5516 2272 5572 libero
2312 5515 2569 5572 homibis
2618 5512 3025 5571 arbitria—Sed
3075 5518 3133 5569 et
3167 5513 3314 5569 illud
3346 5512 3640 5568 affirmare

2547 5603 2739 5665 uqque
2792 5586 3082 5665 sententia
3129 5585 3311 5641 fuisse
3355 5597 3640 5665 magnum

1989 5605 2252 5660 possum.
2284 5588 2342 5641 in
2393 5604 2461 5641 ea

2028 5661 2198 5729 irum,
2235 5660 2470 5714 Petrum
2501 5655 2573 5713 de
2606 5655 2800 5714 Marca
2829 5658 3334 5731 archiepiscopum
3357 5655 3642 5710 Parisien-

1988 5661 2198 5729 virum,
2235 5660 2470 5714 Petrum
2501 5660 2573 5713 de

1988 5748 2134 5788 sem.
