4108 6462
424 311 543 373 663
1419 310 1493 372 Β.
1540 310 1605 372 S.
1652 306 1833 372 LUPI
1876 303 2209 368 ABBATIS
2254 303 2853 366 FERBARIENSIS.
3726 298 3853 359 664

422 448 588 514 mihi,
605 454 657 504 et
681 434 877 503 statuit
902 461 990 502 me
1016 460 1181 519 super
1204 443 1366 519 pedes
1393 460 1558 500 meos.
1589 442 1732 499 Ecce
1761 439 1957 496 divina
1971 454 2078 494 vox
2107 439 2162 506 Α
2192 440 2314 511 quis
2342 444 2532 494 contra
2558 441 2693 494 nos?
2721 439 2820 510 qui
2843 436 2991 495 Filio
3032 435 3259 510 proprio
3306 450 3419 492 non
3465 434 3724 507 pepercit,
3755 432 3852 490 sed

418 536 636 609 jacenti
667 536 963 609 prephetze
1010 535 1192 607 jussit
1240 538 1304 589 ut
1351 535 1634 606 surgeret.
1685 531 1797 587 Sed
1841 545 2081 601 surgere
2187 543 2286 600 pro
2314 520 2754 584 nobis‘omnibus
2785 527 3013 583 tradidit
3041 524 3550 595 eum(Rom.vm).»
3577 524 3641 579 In
3658 522 3855 579 Eccle-

426 626 665 683 omnino
697 643 817 681 non
850 628 1064 697 potest,
1086 623 1198 679 nisi
1243 622 1301 677 in
1348 622 1505 677 hunc
1536 619 1956 692 omnipotentis
1987 616 2083 673 Dei
2192 617 2282 673 sia
2310 617 2490 685 enim,
2526 634 2652 689 quae
2683 616 2972 690 sanguine
3004 614 3343 672 Mediatoris
3375 613 3607 669 nullum
3638 614 3858 670 haben-

424 715 666 789 spiritus
697 716 1002 782 intrasset,
1037 713 1176 785 quia
1205 728 1271 766 ex
1300 708 1851 782 omnipotentisDei
1896 706 2086 780 gratia
2192 707 2271 763 tis
2292 710 2595 780 peccatum
2627 707 2698 763 ab
2722 706 2882 763 omni
2914 711 3003 763 est
3034 706 3339 777 redempta
3368 703 3860 778 peccato,intelli-

422 806 495 861 ad
529 805 685 860 bona
715 820 893 876 opera
923 801 1121 858 conari
1153 799 1389 873 quidem
1437 814 1778 871 possumus,
1813 798 1914 852 sed
1962 796 2085 850 haec
2193 796 2278 869 git
2306 813 2434 852 esse
2463 812 2667 852 omnes
2699 796 2800 869 qui
2831 794 3150 869 apostolico
3191 793 3530 850 testimonio
3579 809 3860 867 compre-

422 894 670 967 implere
689 910 803 948 non
822 889 1219 964 possumus,si
1244 889 1369 961 ipse
1392 905 1507 944 non
1532 887 1770 959 adjuvat
1786 885 2081 958 quijubet.

429 984 524 1040 Sic
555 980 934 1040 270Paulus
960 996 1093 1035 cum
1118 976 1439 1050 discipulos
1462 977 1802 1032 admoneret
1834 974 2035 1030 dicens
2068 990 2082 1029 :

435 1074 571 1129 Cum
596 1080 743 1128 metu
771 1078 822 1126 et
851 1079 1082 1126 tremore
1110 1076 1344 1124 vestram
1365 1068 1609 1139 ipsorum
1634 1065 1870 1121 salutem
1893 1080 2087 1136 opera-

430 1163 576 1217 mini
603 1162 833 1231 (Philip.
857 1157 1101 1227 11),illico
1124 1156 1256 1230 quis
1277 1157 1339 1211 in
1362 1156 1445 1212 eis
1469 1155 1589 1211 haec
1620 1154 1749 1228 ipsa
1776 1154 1932 1209 bona
1952 1170 2086 1225 ope-

431 1255 661 1306 raretur
690 1248 957 1321 adjunxit
986 1246 1187 1303 dicens
1223 1262 1234 1300 :
1267 1251 1405 1301 Deus
1434 1252 1513 1301 est
1539 1245 1690 1300 enim
1715 1245 1814 1315 qui
1833 1251 2090 1315 operatur

433 1341 499 1395 in
520 1339 670 1395 vobis
699 1346 749 1395 et
778 1338 913 1393 velle
946 1345 998 1393 et
1024 1337 1283 1409 per/icere
1311 1352 1410 1407 pro
1442 1337 1581 1390 bona
1610 1334 1911 1390 voluntate.
1949 1331 2090 1387 Hinc

431 1432 521 1484 est
551 1429 706 1500 quod
738 1428 866 1500 ipsa
888 1426 1116 1481 Veritas
1149 1424 1458 1498 discipulis
1481 1422 1621 1479 dicit
1646 1440 1658 1478 :
1682 1424 1813 1480 Sine
1840 1423 2093 1478 menihil

426 1521 647 1591 potestis
675 1518 855 1588 facere
886 1517 1060 1589 (Joan.
1086 1519 1196 1583 xv).
1222 1515 1335 1570 Sed
1381 1513 1438 1569 in
1472 1512 1563 1569 his
1594 1512 2091 1568 considerandum

437 1611 527 1663 est
556 1607 695 1679 quia
724 1605 774 1662 si
804 1606 959 1661 bona
987 1609 1189 1660 nostra
1218 1603 1301 1659 sic
1333 1601 1752 1675 omnipotentis
1792 1601 1891 1657 Dei
1940 1602 2096 1657 dona

443 1700 582 1753 sunt
635 1699 701 1751 ut
750 1696 809 1750 in
858 1695 943 1750 eis
994 1693 1214 1766 aliquid
1266 1696 1535 1747 nostrum
1575 1708 1692 1747 non
1724 1691 1818 1753 sit.
1853 1707 1958 1746 cur
1987 1706 2094 1746 nos

2196 885 2558 955 henduntur,
2598 886 2754 957 quod
2804 890 2893 942 est
2946 902 3049 958 pro
3107 885 3267 940 nobis
3316 884 3571 940 omnibus
3626 884 3862 940 tradidit

2197 991 2341 1031 eum.

2268 1065 2415 1121 Item
2447 1064 2601 1120 idem
2637 1068 2841 1121 auctor
2868 1064 2929 1120 in
2961 1080 3133 1136 opere
3165 1067 3489 1120 memorato
3519 1065 3720 1118 contra
3748 1062 3861 1119 Ju-

2196 1153 2467 1209 lianum:
2503 1176 2530 1203 ‹‹
2564 1153 2975 1220 Redimuntur,
3040 1152 3253 1225 inquit,
3307 1150 3644 1224 quicunque
3701 1149 3861 1208 redi-

2199 1247 2444 1298 muntur
2473 1243 2546 1297 ab
2576 1259 2642 1298 eo
2675 1243 2775 1315 qui
2796 1241 2953 1298 venit
2982 1256 3237 1314 quaerere
3268 1240 3424 1313 quod
3448 1239 3726 1313 perierat;
3752 1239 3859 1315 qui

2199 1336 2258 1388 et
2284 1336 2604 1404 antequam
2633 1328 2855 1387 veniret
2887 1330 2945 1385 in
2973 1347 3169 1397 carne,
3202 1347 3304 1403 per
3333 1330 3523 1403 ipsam
3557 1322 3731 1386 fidem
3765 1347 3860 1386 re-

2201 1422 2404 1490 demit,
2438 1438 2554 1493 qua
2582 1421 2929 1476 credebatur
2965 1437 3094 1476 esse
3121 1424 3429 1475 venturus.
3465 1420 3864 1476 Redimuntur

2201 1516 2398 1567 autem
2428 1510 2489 1566 in
2520 1510 2852 1567 libertatem
2882 1509 3267 1565 beatitudinis
3298 1509 3863 1581 sempiternam,ubi

2203 1604 2436 1675 peccato
2460 1600 2588 1672 jam
2623 1598 2839 1656 servire
2869 1615 2985 1654 non
3016 1599 3265 1672 possint.
3287 1620 3314 1649 »
3351 1599 3417 1654 Et
3449 1597 3867 1655 manifestissi-

2204 1707 2296 1746 me
2326 1689 2647 1762 explanans
2679 1687 2881 1761 populi
2913 1685 3409 1762 sanctiEvangelii
3441 1687 3637 1744 locum
3658 1704 3870 1745 secun-

439 1785 610 1858 quasi
651 1802 751 1856 pro
782 1782 1008 1840 meritis
1060 1787 1337 1837 aeternam
1387 1780 1829 1836 retributionem
1881 1779 2092 1852 quaeri-
2123 1815 2171 1882 Β
2203 1780 2344 1835 dum
2375 1779 2703 1835 Joannem:
2740 1780 2836 1835 Vos
2864 1795 2974 1834 non
3004 1778 3227 1859 creditis
3277 1779 3411 1851 quia
3458 1794 3570 1835 non
3616 1779 3747 1834 estis
3798 1795 3872 1835 ea:

438 1874 615 1930 mus?
637 1874 697 1930 Si
718 1865 915 1929 autem
937 1873 1017 1927 ita
1046 1876 1247 1928 nostra
1270 1874 1411 1927 sunt
1432 1875 1498 1927 ut
1519 1871 1673 1926 dona
1692 1870 1793 1926 Dei
1826 1867 2091 1941 omnipo-

439 1964 618 2019 tentis
650 1978 766 2018 non
794 1961 930 2028 sint,
947 1978 1051 2016 cur
1087 1977 1155 2015 ex
1202 1959 1285 2015 cis
1314 1958 1702 2032 omnipotenti
1733 1959 1849 2014 Deo
1875 1957 2094 2031 gratias

441 2051 712 2125 agimus?
734 2052 844 2108 Sed
864 2049 1170 2106 sciendum
1196 2052 1286 2105 est
1303 2049 1456 2121 quod
1481 2047 1637 2103 mala
1657 2053 1860 2103 nostra
1879 2046 2097 2103 solum-

442 2141 614 2197 modo
638 2143 839 2196 nostra
858 2142 1015 2206 sunt,
1040 2139 1194 2194 bona
1210 2142 1406 2194 autem
1429 2142 1630 2193 nostra
1650 2141 1709 2193 et
1726 2136 2097 2209 omnipoten-

442 2230 520 2286 tis
550 2229 650 2286 Dei
682 2233 821 2286 sunt
847 2233 902 2284 et
934 2232 1169 2284 nostra:
1196 2228 1337 2300 quia
1373 2226 1500 2299 ipse
1547 2226 1859 2299 aspirando
1886 2226 1956 2299 (a)
1990 2242 2097 2281 nos

442 2318 716 2393 praevenit
744 2322 811 2373 ut
837 2317 1107 2384 velimus,
1125 2316 1227 2389 qui
1258 2316 1589 2388 adjuvando
1621 2315 2007 2388 subsequitur
2029 2330 2101 2369 ne

443 2409 699 2464 inaniter
726 2407 997 2471 velimus,
1031 2407 1133 2462 sed
1166 2405 1463 2479 possimus
1496 2404 1741 2478 implere
1767 2420 1894 2477 quae
1925 2403 2103 2460 volui-

441 2516 597 2554 mus.
632 2497 1023 2554 Przeveniente
1073 2512 1208 2568 ergo
1259 2494 1468 2567 gratia,
1502 2499 1560 2549 et
1604 2495 1757 2549 bona
1803 2493 2102 2550 voluntate

445 2585 981 2659 subsequente,hoc
1005 2584 1159 2657 quod
1184 2584 1604 2655 omnipotentis
1624 2582 1726 2639 Dei
1748 2583 1969 2639 donum
1993 2588 2100 2651 est,

445 2678 513 2732 fit
534 2674 809 2731 meritum
840 2676 1109 2729 nostrum
1143 2690 1156 2729 :
1188 2673 1341 2745 quod
1375 2674 1522 2728 bene
1553 2671 1770 2727 Paulus
1790 2672 1947 2728 brevi
1970 2689 2101 2729 sen-

445 2764 631 2822 tentia
662 2762 930 2836 explicat,
967 2762 1170 2818 dicens
1204 2778 1216 2816 :
1250 2764 1384 2817 Plus
1412 2762 1528 2816 illis
1557 2761 1809 2817 omnibus
1859 2762 2106 2818 laboravi

448 2856 497 2928 (I
523 2854 649 2910 Cor.
677 2855 773 2921 xv)
806 2871 818 2908 :
854 2851 953 2926 qui
988 2869 1056 2906 ne
1081 2869 1200 2906 sum
1222 2851 1517 2907 videretur
1560 2850 1761 2905 virtuti
1803 2850 2100 2918 tribuisse,

449 2943 744 3015 adjunxit;
768 2958 880 2997 non
911 2948 1091 2996 autem
1119 2957 1235 3009 ego,
1256 2940 1349 2995 sed
1375 2942 1559 3010 gratia
1587 2941 1687 2997 Dei
1713 2940 2108 3004 meeum.Quia

450 3033 603 3089 enim
626 3030 846 3087 omlesti
876 3032 1027 3087 dono
1054 3034 1379 3102 przeventus
1411 3033 1518 3098 est,
1536 3029 1706 3102 quasi
1754 3029 2010 3085 alienum
2044 3046 2105 3086 se

450 3140 486 3178 a
512 3124 665 3178 bono
689 3137 999 3193 suosopcre
1031 3119 1283 3193 agnovit,
1304 3119 1505 3175 dicens
1540 3135 1552 3173 :
1590 3119 1705 3175 Non
1751 3128 1934 3176 autem
1970 3136 2104 3192 ego;

2202 1871 2392 1926 ovibus
2415 1871 2552 1925 meis
2598 1870 2777 1937 (Joan.
2816 1871 2876 1937 x)
2907 1884 2920 1923 ε
2956 1890 2983 1917 ‹‹
3019 1868 3341 1934 Quomodo,
3378 1867 3479 1936 ait,
3519 1866 3650 1924 istis
3697 1867 3867 1935 dixit,

2200 1976 2313 2014 non
2342 1960 2470 2015 estis
2497 1975 2568 2014 ex
2589 1960 2780 2014 ovibus
2809 1959 2989 2013 meis?
3017 1956 3157 2030 quia
3185 1957 3421 2012 videbat
3450 1973 3549 2013 eos
3581 1956 3657 2012 ad
3705 1973 3871 2012 sem-

2205 2048 2500 2121 piternum
2549 2046 2853 2102 interitum
2909 2045 3374 2118 prtedestinatos,
3407 2061 3523 2101 non
3579 2045 3652 2102 ad
3679 2046 3870 2101 vitam

2205 2141 2482 2193 aeternam
2513 2135 2604 2192 sui
2636 2134 2941 2206 sanguinis
2972 2135 3157 2209 pretio
3187 2138 3577 2207 comparatos.
3613 2155 3640 2186 ››

2278 2227 2423 2282 Item
2459 2227 2530 2282 ad
2564 2223 2911 2281 Pollentium
2943 2223 3092 2280 libro
3114 2225 3307 2297 priore
3342 2242 3355 2281 :
3391 2247 3417 2274 «
3453 2224 3618 2280 Sicut
3648 2224 3870 2291 omnis,

2209 2316 2422 2390 inquit,
2450 2315 2552 2388 qui
2583 2314 2798 2371 Christi
2851 2314 3138 2387 sanguine
3188 2314 3527 2385 redemptus
3558 2318 3650 2370 est
3689 2312 3872 2370 homo

2211 2410 2318 2473 est,
2338 2423 2451 2461 non
2482 2409 2679 2460 tamen
2711 2404 2904 2461 omnis
2936 2403 3039 2476 qui
3062 2403 3237 2459 homo
3265 2406 3353 2458 est
3373 2401 3552 2459 etiam
3577 2403 3875 2476 sanguine

2210 2495 2427 2551 Christi
2456 2495 2797 2567 redemptus
2828 2496 2936 2560 est,
2972 2493 3055 2549 ita
3100 2509 3273 2549 omne
3323 2492 3478 2565 quod
3530 2492 3666 2548 licet
3715 2494 3876 2552 272

2212 2602 2329 2641 non
2379 2583 2626 2656 expedit,
2656 2599 2762 2639 nec
2807 2586 3003 2638 tamen
3055 2598 3228 2638 omne
3280 2581 3435 2653 quod
3483 2598 3598 2637 non
3643 2582 3879 2654 expedit

2211 2673 2387 2731 etiam
2421 2690 2535 2729 non
2566 2673 2722 2728 licet.
2750 2695 2779 2723 »
2802 2673 3014 2728 Beatus
3045 2688 3278 2744 quoque
3299 2671 3685 2746 Hieronymus
3708 2671 3883 2727 Com-

2213 2762 2499 2819 mentario
2531 2763 2591 2817 in
2619 2762 2962 2817 Matthzeum
2982 2777 3047 2817 se
3077 2761 3233 2817 idem
3264 2760 3481 2817 sentire
3532 2760 3884 2818 manifestat

2213 2853 2308 2909 his
2338 2852 2530 2908 verbis
2563 2868 2574 2906 :
2612 2874 2640 2901 ‹‹
2674 2851 2838 2907 Sicut
2869 2851 3028 2906 ﬁlius
3046 2850 3308 2906 hominis
3341 2867 3454 2905 non
3507 2848 3662 2906 venit
3701 2851 3883 2906 mini-

2216 2943 2408 3010 strari,
2434 2942 2535 2997 sed
2571 2940 2906 2997 ministrare
2939 2940 3145 3012 (Matth.
3178 2943 3296 3008 xx).
3334 2961 3361 2989 »
3393 2939 3540 2995 Nota
3569 2941 3726 3012 quod
3748 2957 3884 2997 cre-

2214 3033 2319 3088 bro
2350 3031 2608 3087 diximus
2638 3047 2773 3087 eum
2803 3030 2903 3102 qui
2928 3030 3222 3085 ministret
3242 3028 3432 3084 filium
3457 3027 3750 3101 appellare
3778 3030 3883 3086 ho-

2216 3122 2396 3178 minis
2417 3130 2467 3177 et
2495 3122 2627 3177 dare
2657 3122 2907 3176 animum
2925 3137 3083 3175 suam
3102 3119 3524 3191 redemptionem
3539 3136 3640 3191 pro
3658 3120 3879 3186 multis,

449 3211 548 3266 sed
584 3208 721 3282 quia
752 3207 1110 3281 praeveniens
1130 3205 1587 3280 gratialiberum
1612 3206 1671 3261 in
1694 3224 1760 3263 eo
1792 3208 2101 3264 arbitrium
2135 3189 2178 3255 Ο
2217 3211 2452 3284 quando
2477 3212 2543 3281 (bj
2575 3211 2822 3267 formam
2855 3209 3004 3266 servi
3026 3208 3250 3282 accepit
3271 3189 3336 3264 ut
3358 3226 3461 3281 pro
3484 3189 3704 3264 mundo
3734 3225 3879 3265 san-

448 3300 663 3355 fecerat
694 3299 752 3353 in
783 3299 955 3364 bono,
992 3314 1108 3369 quo
1140 3295 1321 3352 libero
1369 3296 1611 3352 arbitrio
1659 3298 1926 3352 eamdem
1967 3314 2102 3370 gra-

447 3390 591 3445 tiam
623 3392 711 3443 est
741 3388 1095 3443 subsecutus
1125 3385 1182 3440 in
1229 3402 1423 3458 opere,
1456 3385 1725 3457 adjunxit
1755 3387 1894 3453 ;Sed
1918 3390 2102 3458 gratia

446 3480 545 3535 Dei
571 3494 812 3545 meeum;
845 3495 910 3533 ac
942 3475 991 3532 si
1023 3476 1274 3531 diceret:
1303 3476 1365 3530 ln
1400 3476 1550 3530 bono
1601 3491 1773 3546 opere
1821 3476 2098 3545 laboravi,

447 3585 562 3624 non
587 3584 713 3640 ego,
748 3566 847 3621 sed
880 3568 936 3620 et
965 3564 1171 3637 ego.In
1202 3581 1268 3619 eo
1300 3568 1495 3619 autem
1528 3564 1682 3636 quod
1717 3564 1837 3620 solo
1869 3565 2099 3621 Domini

447 3658 599 3713 dono
627 3656 951 3727 przeventus
981 3670 1135 3721 sum,
1170 3670 1284 3708 non
1307 3669 1440 3726 ego;
1475 3652 1534 3707 in
1557 3670 1623 3709 eo
1645 3653 1801 3709 enim
1829 3655 1983 3725 quod
2007 3655 2103 3709 do-

448 3761 591 3801 num
623 3743 917 3798 voluntate
946 3741 1297 3797 subsecutus
1331 3746 1558 3808 sum,et
1605 3758 1731 3815 ego.
1767 3764 1795 3791 ››
1824 3742 1928 3798 Pro
1970 3743 2099 3815 qui-

447 3835 561 3890 bus
590 3832 813 3888 eli‘usus
844 3830 919 3886 sit
949 3835 1005 3886 et
1034 3847 1181 3901 quos
1224 3830 1536 3886 redemerit
1579 3830 1821 3904 sanguis
1869 3830 2102 3886 Domini

450 3924 597 3979 271
617 3920 1230 3992 sanctusAugustinus
1251 3920 1307 3974 in
1332 3918 1481 3975 libro
1504 3919 1573 3974 ad
1602 3920 1978 3975 Laurentium
2010 3920 2102 3976 his

447 4011 640 4067 verbis
671 4008 927 4066 declarat
947 4010 1029 4082 (In
1059 4008 1401 4074 Enehiridio,
1426 4025 1551 4080 cap,
1583 4008 1675 4077 6i)
1701 4025 1713 4062 :
1750 4031 1775 4058 ‹‹
1814 4009 1942 4063 Haec
1975 4025 2100 4081 qua?

448 4101 507 4156 in
531 4100 750 4156 sanctis
776 4098 1002 4171 angelis
1023 4102 1081 4153 et
1101 4097 1530 4153 virtutibusDei
1551 4101 1638 4153 est
1664 4097 1938 4163 Ecclesia,
1962 4101 2102 4155 tunc

448 4189 616 4245 nobis
642 4188 813 4244 sicuti
855 4191 945 4243 est
976 4186 1301 4242 innotescat
1331 4202 1466 4241 cum
1494 4186 1547 4241 ei
1575 4186 1872 4257 conjuncti
1920 4188 2100 4243 fueri-

447 4296 582 4334 mus
602 4279 661 4333 in
683 4279 858 4333 ﬁnem
879 4277 947 4331 ad
966 4275 1142 4331 simul
1165 4275 1496 4330 habendam
1516 4275 1939 4332 beatitudinem
1955 4294 2102 4333 sem-

446 4367 756 4439 piternam.
777 4367 894 4421 Ista
922 4382 1057 4421 vero
1090 4382 1217 4435 quae
1244 4364 1315 4419 ab
1346 4363 1447 4419 illa
1468 4365 1872 4437 peregrinatur
1896 4366 1951 4420 in
1983 4370 2100 4421 ter-

445 4456 525 4512 ris
559 4472 624 4511 eo
657 4454 827 4510 nobis
858 4457 947 4509 est
974 4453 1167 4509 notior
1196 4470 1310 4525 quo
1360 4452 1418 4507 in
1471 4452 1570 4507 illa
1614 4470 1844 4521 sumus,
1877 4459 1935 4510 et
1964 4454 2102 4527 quia

2211 3301 2451 3375 guinem
2484 3300 2771 3356 funderet.
2800 3300 2870 3355 Et
2900 3315 3016 3355 non
3049 3298 3213 3366 dixit,
3246 3300 3387 3353 dare
3419 3297 3677 3353 animam
3697 3315 3876 3355 suam

2210 3389 2673 3463 redemptionem
2706 3405 2810 3460 pro
2841 3389 3140 3455 omnibus,
3186 3388 3285 3443 sed
3315 3403 3416 3459 pro
3444 3387 3657 3455 multis,
3691 3386 3750 3443 id
3784 3393 3879 3444 est

2211 3496 2315 3551 pro
2338 3479 2431 3534 bis
2457 3478 2556 3551 qui
2590 3478 2824 3533 credere
2852 3476 3167 3532 voluerint.
3193 3476 3356 3540 Quod
3388 3475 3727 3532 cautissime
3758 3477 3874 3533 do-

2212 3572 2337 3623 ctor
2356 3565 2770 3623 celeberrimus
2798 3565 2945 3621 vidit
2976 3565 3046 3621 de
3068 3564 3579 3638 qualibuscunque
3596 3562 3874 3621 ﬁdelibus

2212 3654 2680 3728 intelligendum,
2702 3659 2937 3727 propter
2966 3653 3109 3710 illud
3146 3670 3158 3708 :
3188 3655 3401 3710 Peribit
3430 3656 3490 3710 in
3521 3662 3616 3710 tua
3635 3656 3876 3711 scientia

2207 3746 2401 3818 frater,
2448 3753 2673 3816 propter
2728 3759 2889 3815 quem
2934 3745 3184 3801 Christus
3228 3750 3478 3799 mortuus
3503 3752 3601 3813 est,
3632 3746 3876 3816 propter

2207 3832 2354 3888 illud
2386 3833 2561 3889 etiam
2596 3850 2610 3889 :
2644 3834 2965 3905 Quicunque
2997 3835 3262 3904 baptizati
3306 3849 3497 3888 sumus
3545 3834 3605 3888 in
3654 3832 3876 3890 Christo

2208 3924 2359 3989 Jesu,
2390 3925 2449 3978 in
2498 3931 2670 3979 morte
2730 3925 2904 3994 ipsius
2957 3924 3222 3994 baptizati
3272 3938 3460 3978 sumus
3494 3922 3538 3995 (1
3585 3920 3706 3977 Cor.
3758 3923 3871 3995 In).

2211 4013 2443 4068 Necnon
2478 4016 2534 4067 et
2566 4016 2803 4085 propter
2831 4011 2974 4067 illud
3007 4029 3019 4066 :
3058 4013 3270 4081 Quanto
3295 4013 3479 4081 magis
3504 4013 3713 4083 putatis
3732 4011 3876 4068 dete-

2212 4103 2364 4157 riora
2391 4103 2595 4157 mereri
2620 4103 2893 4173 supplicia
2924 4103 3021 4174 qui
3039 4102 3221 4174 ﬁlium
3251 4105 3354 4157 Dei
3381 4101 3803 4168 conculcaverit,
3823 4110 3875 4157 et

2207 4193 2535 4260 sanguinem
2573 4192 2896 4247 Testamenti
2921 4192 3193 4263 pollutum
3221 4190 3445 4246 duxerit
3476 4191 3537 4246 in
3582 4206 3688 4261 quo
3736 4207 3872 4246 san-

2208 4281 2475 4351 ctiﬁcatus
2504 4284 2622 4336 est?
2649 4281 2839 4351 (Hebr.
2875 4285 2953 4349 χ.)
2976 4280 3043 4335 Et
3073 4296 3435 4352 quaecunque
3455 4277 3673 4334 similia
3704 4296 3872 4335 scru-

2208 4373 2426 4424 tatores
2458 4368 2537 4440 pii
2567 4368 2761 4424 valent
2793 4368 2851 4423 in
2883 4368 3098 4424 divinis
3128 4366 3378 4440 eloquiis
3409 4367 3687 4423 invenire.
3723 4369 3872 4424 Sen-

2211 4474 2343 4514 sum
2374 4457 2709 4530 Hieronymi
2745 4458 2902 4513 Beda
2932 4458 2992 4512 in
3025 4456 3433 4529 explanatione
3465 4454 3645 4513 Marci
3674 4456 3872 4514 verbis

445 4543 755 4599 hominum
787 4548 895 4610 est,
930 4543 1085 4614 quod
1135 4546 1192 4597 et
1239 4559 1346 4598 nos
1395 4558 1624 4598 sumus.
1649 4543 1780 4599 Haec
1812 4544 2100 4618 sanguine
2130 4561 2176 4627 Β
2210 4545 2398 4619 ipsius
2430 4546 2595 4619 ponit
2626 4564 2639 4601 :
2676 4569 2703 4596 ‹‹
2731 4546 2877 4602 Nam
2909 4551 2967 4602 et
2991 4545 3175 4602 Filius
3204 4544 3463 4602 hominis
3488 4562 3603 4602 non
3623 4545 3785 4601 venit
3805 4550 3874 4602 ut

444 4631 781 4690 Mediatoris
814 4630 1044 4686 nullum
1075 4630 1342 4688 habentis
1370 4636 1673 4704 peccatum
1706 4632 1780 4688 ab
1810 4632 1969 4689 omni
2009 4638 2100 4691 est

445 4722 751 4794 redempta
779 4724 1033 4793 peccato.
1065 4721 1205 4793 Ejus
1235 4738 1344 4776 vox
1374 4726 1464 4777 est
1496 4738 1509 4777 :
1541 4721 1603 4778 Si
1623 4726 1769 4778 Deus
1793 4740 1896 4795 pro
1917 4726 2094 4790 nobis,

517 4864 592 4937 (a)
622 4865 751 4948 Nos.
765 4864 1070 4948 praeteriit.“
1090 4862 1268 4935 Epist.
1303 4864 1335 4918 4
1367 4879 1381 4918 :
1417 4885 1444 4913 ‹‹
1466 4862 1767 4948 Siquidem
1825 4881 1935 4946 sua
1991 4882 2096 4920 nos

443 4934 598 4995 Deus
630 4934 837 5011 gratia,
875 4934 1109 5011 ut_velle
1137 4934 1202 5011 ac
1234 4951 1405 5011 posse
1454 4934 1678 5006 aliquid
1729 4936 1866 4991 boni
1911 4953 2097 5007 quea-

446 5026 600 5075 mus,
630 5005 686 5064 ἐι
716 5007 991 5080 praevenit
1019 5005 1502 5080 et_subSequitur,
1543 5005 1563 5055 ἡ

517 5080 591 5149 (b)
622 5076 878 5137 Formam
908 5079 1070 5135 servi.
1086 5078 1217 5131 Haec
1246 5076 1438 5150 verba,
1465 5076 2004 5150 (inquitRigaltius
2036 5078 2095 5134 in

446 5148 594 5206 libro
626 5152 696 5207 de
728 5150 1167 5222 Pulchritudin‘e
1199 5148 1890 5222 corporis'Cbristi,_pene
1920 5150 2096 5222 signi-

446 5225 623 5278 licant
653 5222 951 5277 Christum
984 5239 1099 5276 non
1130 5219 1411 5292 habuisse
1435 5219 1681 5292 formam
1732 5219 2094 5292 imperio'di-

484 5312 633 5349 eam.
655 5295 761 5349 Sed
795 5293 989 5349 locum
1020 5292 1179 5347 hunc
1210 5291 1323 5347 alio
1355 5291 1529 5347 traxit
1571 5291 1772 5347 Petrus
1793 5291 2092 5348 Claraeval-

465 5360 623 5422 ensis
655 5383 807 5421 anno
842 5366 995 5436 1353.
1022 5361 1293 5436 scribens
1324 5362 1477 5436 enim
1509 5360 1917 5436 longissimam
1941 5364 2094 5436 epis-

444 5437 643 5502 tolam,
668 5438 778 5492 sub
802 5435 1038 5491 nomine
1058 5435 1198 5489 Jesu
1223 5433 1458 5499 Christi,
1484 5435 1557 5490 ad
1582 5433 1992 5491 Innocentium
2025 5436 2094 5492 Vl

486 5526 652 5580 epam
686 5515 743 5563 et
771 5507 991 5580 curiam
1044 5506 1392 5580 Romanam,
1420 5506 1614 5580 ipsum
1664 5507 1961 5563 Christum
2011 5507 2093 5562 sic

465 5577 775 5650 oqueutom
800 5579 1021 5633 inducit
1042 5577 1311 5650 incapite
1339 5579 1400 5631 l8
1424 5577 1957 5650 («Exsecutionem
1990 5597 2093 5634 au-

443 5648 561 5705 tem
596 5669 787 5706 rerum
814 5648 1223 5723 temporalium
1258 5666 1371 5703 non
1404 5649 1649 5705 lacilitcr
1687 5651 1958 5707 volumus
1992 5651 2092 5705 ad-

2208 4635 2643 4692 ministraretur
2672 4635 2746 4702 ei,
2799 4635 2901 4692 sed
2942 4640 3007 4692 ut
3036 4634 3417 4691 ministraret.
3452 4634 3622 4701 Nota,
3648 4633 3867 4706 inquit,

2207 4725 2363 4797 quod
2394 4725 2596 4780 crebro
2629 4725 2886 4780 diximus
2931 4741 3068 4780 eum
3114 4724 3217 4797 qui
3265 4722 3628 4780 ministraret
3677 4721 3868 4779 ﬁlium

2205 4864 2627 4938 mittere,vobis
2647 4867 2854 4921 dantes
2883 4864 3314 4938 exemplumqut
3343 4865 3546 4920 nostra
3565 4862 3869 4938 sectamini

2203 4937 2449 5010 vestigia
2486 4954 2498 5010 ;
2533 4938 2636 5010 qui
2665 4954 2801 4993 cum
2827 4938 2883 4992 in
2919 4935 3110 5010 forma
3138 4936 3240 4992 Dei
3262 4951 3685 5010 essemusmon
3718 4935 3870 5010 rapi-

2206 5006 2641 5064 nam'arbitrati
2688 5026 2919 5075 sumus,
2954 5008 3055 5064 sed
3105 5007 3500 5078 nosmetipsos
3548 5006 3868 5062 exinanivi-

2204 5081 2630 5145 mus,tormam
2661 5085 3035 5136 assumentes
3065 5077 3401 5151 servi.Quid
3425 5077 3607 5151 igitur
3635 5092 3871 5151 exsecu-

2204 5152 2420 5207 tionem
2456 5151 2861 5207 immediatam
2892 5151 2949 5205 in
2984 5149 3652 5222 regnistemporalibus
3695 5149 3868 5222 affec-

2204 5223 2383 5279 tetis?
2416 5224 2546 5278 Hzec
2601 5223 2826 5279 affectio
2886 5239 2955 5278 ex
3007 5220 3361 5292 ambitione;
3388 5221 3672 5292 procedit.
3711 5220 3869 5275 Hanc

2204 5295 2401 5367 potius
2432 5312 2500 5351 ex
2522 5294 2882 5367 humilitatis
2912 5294 3125 5367 virtute
3157 5290 3679 5367 debetis—exemplo
3729 5307 3871 5367 nos-

2204 5362 2279 5438 tri
2311 5366 2647 5421 cordialiter
2676 5364 2997 5438 aspernari.
3031 5363 3101 5418 Hi
3131 5363 3289 5438 enim
3322 5362 3601 5438 honores
3623 5366 3678 5419 et
3717 5362 3869 5438 divi-

2204 5437 2297 5493 tiae
2326 5441 2635 5493 transeunt
2664 5434 2816 5493 sicut
2847 5437 3114 5492 umbra.»
3136 5436 3222 5490 Ex
3245 5434 3649 5491 vetustissimo
3670 5434 3867 5490 codice

2203 5515 2403 5563 nostro
2437 5526 2571 5576 ms.,
2606 5510 2760 5564 unde
2813 5507 3079 5564 fortassis
3129 5523 3215 5579 ea
3242 5505 3493 5579 epistola
3537 5505 3703 5579 brevi
3732 5521 3865 5579 pro-

2203 5580 2352 5706 gbit
2395 5579 2453 5635 in
2505 5579 2715 5636 lucem.
2751 5582 2947 5637 Exstat
2995 5595 3149 5633 nunc
3203 5576 3679 5635 in'Bibliotheca
3726 5576 3862 5633 olim

2259 5667 2408 5706 021a.

2259 5667 2408 5722 egla.
