4108 6498
230 367 354 467 695

1496 368 1600 459 on
1640 368 1826 432 VITA
1873 369 1938 431 s.
1984 366 2389 432 MAXIMINI.

3528 370 3649 445 666

223 501 505 587 appellari
534 499 796 560 hominis
825 508 878 559 et
903 500 1036 559 dare
1064 502 1312 558 animam
1351 518 1509 559 suam
1554 502 1878 574 redemptio-
1907 503 1962 571 Α
1989 502 2610 572 catorum.(b)Joannes
2621 504 2818 559 tamen
2830 500 3650 579 Constantinopolitanusepi-

220 584 350 671 nem
375 584 476 667 pro
505 592 956 665 multis,quando
990 591 1237 648 formam
1260 591 1407 648 servi
1432 592 1749 664 accepit,ut
1770 608 1873 665 pro

223 682 447 739 mundo
480 681 827 755 sanguinem
856 678 1216 737 funderet.Et
1245 697 1362 736 non
1395 679 1557 749 dixit,
1582 681 1719 736 dare
1748 679 1874 736 ani-

222 788 385 827 mam
416 787 586 827 suam
626 769 1088 842 redemptionem
1139 786 1243 843 pro
1295 769 1590 834 omnibus,
1625 770 1728 824 sed
1772 785 1871 842 pro

217 860 433 927 multis,
463 858 522 914 id
553 863 661 930 est,
686 876 789 932 pro
820 856 914 915 his
944 857 1044 931 qui
1075 858 1307 915 credere
1336 857 1690 914 voluerint.»
1724 859 1868 914 Item

218 949 609 1021 Hieronymus
641 947 971 1004 edisserens
1001 946 1145 1003 illud
1178 945 1389 1020 psalmi
1417 947 1591 1019 (XLIII)
1626 965 1638 1002 :
1678 947 1871 1004 Vendi-

217 1038 356 1094 disti
380 1036 651 1111 populum
681 1045 837 1093 tuum
861 1039 982 1094 sine
1000 1039 1177 1109 pretio
1207 1055 1226 1093 :
1257 1058 1285 1087 ‹‹
1318 1036 1513 1110 Usque
1561 1053 1737 1105 nunc,
1775 1037 1872 1092 in-

219 1127 449 1200 quit,de
478 1141 540 1181 se
572 1124 749 1181 locuti
781 1127 932 1183 278
965 1130 1103 1182 sunt
1143 1129 1447 1199 martyres,
1480 1142 1637 1182 nunc
1654 1126 1735 1181 de
1763 1124 1872 1180 Ju-

220 1210 481 1272 decorum
514 1214 727 1287 popqu
758 1213 1202 1288 dicunt,quibus
1232 1210 1453 1269 dictum
1483 1218 1572 1269 est
1604 1232 1616 1270 :
1653 1219 1719 1270 In
1745 1231 1873 1286 pec—

218 1306 357 1362 catis
387 1306 576 1361 vestris
605 1304 812 1360 venditi
837 1305 996 1374 estis;
1021 1308 1078 1359 et
1099 1304 1227 1359 ideo
1250 1305 1370 1359 sine
1388 1292 1733 1376 pretio,quia
1755 1321 1871 1360 non

221 1386 313 1450 est
342 1393 564 1450 effusus
594 1391 739 1466 Agni
774 1393 1015 1468 sanguis
1046 1410 1149 1466 pro
1175 1391 1280 1449 eis.
1306 1412 1332 1444 υ

296 1481 546 1553 Sanctus
576 1480 891 1554 Gregorius
919 1498 1070 1554 papa
1097 1481 1156 1536 in
1188 1481 1508 1537 Moralibus
1541 1483 1680 1550 (Lib.
1714 1500 1792 1553 1v,
1822 1498 1868 1537 c.

217 1570 338 1640 Η),
369 1576 663 1643 exponens
693 1568 887 1625 locum
919 1567 1107 1638 illum,
1137 1586 1250 1625 non
1276 1577 1611 1643 computetur
1660 1573 1721 1627 in
1755 1571 1871 1627 die-

219 1660 322 1716 bus
350 1660 489 1715 anni
515 1660 637 1728 (Job
668 1658 810 1731 xm),
843 1659 1117 1715 eumdem
1149 1676 1390 1715 sensum
1414 1659 1621 1716 asserit
1640 1660 1733 1715 his
1753 1676 1874 1715 ver-

213 1736 371 1805 bis.«
389 1749 625 1803 Annum
647 1747 1115 1820 praedicationem
1138 1766 1403 1823 supernae
1428 1747 1627 1823 gratim
1651 1766 1767 1804 non
1790 1748 1874 1804 in-

1984 608 2199 663 scopus
2229 590 2551 664 explanans
2574 590 2769 648 locum
2792 591 2964 648 illum
2985 591 3260 666 Epistolas
3282 594 3354 649 ad
3378 594 3650 652 Hebraeos

1985 682 2168 753 (Hebr.
2201 681 2285 753 ιι),
2338 679 2595 754 qualiter
2642 680 2832 753 gratia
2875 681 2979 737 Dei
3028 698 3133 755 pro
3165 683 3321 739 274
3371 682 3648 740 omnibus

1981 771 2303 843 gustaverit
2333 774 2582 825 mortem
2617 786 2629 824 :
2664 792 2693 820 «
2719 769 2846 825 Non
2878 786 2983 842 pro
3006 770 3281 827 ﬁdelibus
3304 770 3648 840 tantum,in-

1984 858 2130 931 quit,
2166 859 2266 914 scd
2298 876 2401 931 pro
2429 859 2650 915 mundo
2683 858 2978 926 universo,
3013 864 3072 915 et
3100 859 3227 932 ipse
3272 859 3511 932 quidem
3544 877 3647 932 pro

1982 947 2258 1003 omnibus
2288 952 2554 1003 mortuus
2584 952 2693 1004 est.
2725 947 2875 1013 Quid
2916 952 3117 1004 autem
3167 949 3219 1004 si
3270 965 3388 1004 non
3438 966 3645 1007 omnes

1981 1036 2270 1092 credunt?
2300 1036 2402 1092 Ille
2448 1036 2605 1109 quod
2656 1053 2833 1093 suum
2879 1041 3004 1093 erat
3053 1036 3338 1109 implevit.
3372 1060 3401 1088 »
3428 1037 3647 1095 Verum

1980 1125 2133 1180 hanc
2168 1124 2609 1199 intelligentiam
2643 1126 2856 1182 divinis
2888 1142 3005 1182 non
3038 1126 3331 1183 roboravit
3370 1126 3640 1200 eloquiis.

1980 1216 2051 1284 (ο)
2084 1215 2336 1270 Faustus
2366 1213 2542 1270 etiam
2576 1213 2925 1287 quidam,ex
2955 1214 3164 1271 abbate
3192 1215 3494 1273 Lerinensi
3528 1217 3643 1273 Re—

1979 1303 2178 1377 gensis
2210 1302 2405 1361 Galliae
2436 1303 2767 1375 episcopus,
2801 1304 2871 1360 de
2920 1303 3012 1360 his
3063 1304 3258 1371 rebus,
3292 1304 3404 1361 hoc
3455 1309 3545 1362 est
3570 1306 3643 1364 de

1979 1392 2488 1466 praedestinatione
2518 1397 2575 1448 et
2596 1391 2777 1448 libero
2802 1392 3042 1449 arbitrio
3065 1398 3123 1449 et
3144 1393 3455 1467 sanguinis
3479 1393 3645 1450 Chri-

1979 1480 2054 1537 sti
2088 1480 2685 1554 redemptione,longe
2717 1481 2947 1539 diversa
2972 1481 3378 1554 superioribus
3407 1483 3646 1555 pracel-

1977 1570 2324 1628 lentissimis
2346 1571 2684 1626 auctoribus
2709 1570 3085 1643 scripsit.Sed
3111 1569 3535 1646 intelligentius
3559 1571 3648 1628 in-

1980 1665 2181 1733 specta
2212 1659 2544 1716 divinorum
2567 1659 2936 1732 eloquiorum
2960 1659 3270 1733 integritas
3292 1661 3526 1717 errandi
3550 1679 3649 1718 oc-

1980 1750 2277 1806 casionem
2307 1748 2541 1821 penitus
2571 1748 2840 1818 abstulit,
2862 1753 2919 1804 et
2948 1748 3467 1807 reverentissimus
3496 1768 3651 1824 papa

213 1828 630 1893 convenienter
656 1836 981 1909 accipimus
1006 1854 1019 1893 :
1045 1837 1184 1909 quia
1214 1836 1366 1894 sicut
1395 1837 1454 1893 in
1485 1855 1637 1893 anno
1668 1854 1874 1911 congc-
1904 1872 1950 1937 Β
1980 1837 2249 1896 Gelasius
2281 1854 2417 1894 cum
2448 1838 2826 1911 septuaginta
2846 1837 3141 1911 episcopis
3163 1838 3304 1895 viris
3321 1828 3652 1896 eruditissi-

215 1925 331 1984 stis
362 1925 570 1982 diebus
602 1930 839 1999 tempus
869 1926 1277 1999 perficitur,ita
1307 1926 1367 1982 in
1399 1944 1654 1999 superna
1683 1928 1874 2000 gratia

213 2015 504 2071 virtutum
540 2014 843 2088 multiplex
872 2014 989 2070 vita
1019 2014 1363 2089 completur.
1398 2016 1591 2072 Potest
1636 2033 1737 2088 per
1767 2034 1873 2071 an-

218 2096 368 2159 num
400 2102 578 2159 etiam
609 2102 925 2159 multitudo
957 2102 1201 2176 intelligi
1233 2105 1668 2177 redemptorum
1699 2122 1711 2159 :
1740 2105 1879 2178 quia

222 2193 381 2249 sicut
409 2209 479 2249 ex
508 2192 737 2249 dierum
770 2190 1149 2249 multitudine
1179 2210 1371 2250 annus
1412 2194 1665 2261 ducitur,
1699 2194 1781 2249 ita
1809 2211 1880 2249 ex

222 2281 568 2339 collectione
601 2274 889 2337 bonorum
916 2282 1184 2338 omnium
1216 2282 1316 2338 illa
1343 2282 1660 2338 electorum
1706 2283 1878 2338 innu-

223 2368 529 2428 merabilis
560 2370 911 2426 universitas
940 2370 1225 2444 expletur.
1262 2394 1289 2421 ››

297 2459 415 2516 Nec
448 2459 786 2516 mirandum
817 2459 931 2516 duo
954 2459 1284 2516 clarissima
1302 2459 1530 2516 lumina
1548 2461 1875 2529 doctorum,

221 2549 466 2605 beatum
496 2548 890 2621 Augustinum
941 2554 998 2605 et
1034 2550 1474 2622 Hieronymum,
1507 2556 1563 2605 et
1593 2554 1724 2622 post
1753 2549 1883 2606 illos

223 2638 572 2712 Gregorium
605 2642 661 2693 et
687 2638 925 2703 Bedam,
958 2637 1018 2693 in
1057 2637 1166 2694 hoc
1215 2655 1394 2694 sensu
1440 2638 1710 2707 inveniri,
1744 2656 1879 2694 cum

221 2740 430 2784 eorum
458 2726 724 2783 doctrina
747 2743 815 2782 ex
846 2727 1180 2800 evangelica
1217 2714 1467 2800 pendeat
1515 2728 1880 2784 auctoritate.

226 2816 296 2873 In
330 2833 446 2889 qua
475 2816 712 2889 quidem
746 2817 900 2889 apud
926 2816 1001 2889 (a)
1034 2814 1377 2895 Matthaum
1409 2817 1493 2873 sic
1544 2816 1835 2873 invenitur
1866 2834 1878 2872 :

222 2906 412 2963 Bibite
440 2920 510 2960 ea:
533 2903 632 2961 hoc
661 2921 863 2961 omnes.
896 2908 996 2961 Hic
1036 2914 1115 2962 est
1142 2908 1293 2962 enim
1314 2909 1545 2977 sanguis
1569 2924 1722 2963 meus
1749 2907 1887 2963 Novi

229 2995 681 3066 Testamenti,qui
703 3010 806 3065 pro
833 2995 1023 3050 multis
1046 2995 1358 3066 effundetur
1398 2998 1459 3051 in
1504 2998 1886 3052 remissionem

218 3090 571 3157 peccatorum
620 3082 830 3155 (Matth.
881 3082 1055 3154 XXVI).
1106 3084 1270 3156 Apud
1323 3084 1585 3140 Marcum
1638 3088 1880 3142 autem:

1985 1928 2100 1983 mis
2122 1932 2388 1984 statuens
2406 1928 2508 2000 qui
2524 1927 2843 2000 scriptores
2874 1932 3073 1985 essent
3090 1926 3178 1983 vel
3199 1945 3315 1985 non
3344 1932 3650 1986 essentre-

1984 2016 2256 2091 cipiendi,
2291 2020 2424 2090 post
2454 2014 2944 2090 approbationem
2965 2017 3285 2091 Augustini
3317 2008 3376 2074 et
3405 2017 3649 2091 amplis-

1986 2107 2168 2174 simas
2198 2105 2403 2162 laudes
2435 2105 2794 2180 Hieronymi,
2831 2110 3227 2162 memoratum
3260 2106 3544 2163 Faustum
3577 2109 3650 2165 ab

1988 2195 2334 2251 auctoritate
2391 2194 2484 2251 his
2543 2194 2736 2250 verbis
2797 2194 3085 2251 removit:
3123 2195 3398 2269 Opuscula
3451 2199 3653 2254 Fausti

1987 2286 2242 2354 Regensis
2272 2283 2418 2340 Galli
2462 2284 2795 2357 apocrypha.
2826 2283 2943 2340 Nos
3002 2282 3187 2358 igitur
3239 2284 3649 2359 incorruptum

1989 2377 2326 2429 sanctarum
2356 2371 2794 2445 Scripturarum
2826 2377 3137 2444 sequentes
3176 2371 3559 2441 intellectum,
3592 2380 3651 2431 et

1990 2463 2066 2536 (ά)
2097 2461 2428 2535 apostolica
2461 2461 2619 2518 sedis
2663 2461 3015 2534 gravitatem
3062 2462 3474 2535 suscipientes,
3508 2464 3650 2536 quid

1991 2551 2148 2608 aliud
2175 2550 2441 2607 dicamus
2466 2549 2580 2606 nisi
2604 2567 2618 2605 :
2645 2552 2860 2607 Taceat
2879 2552 3135 2607 Faustus
3157 2554 3214 2606 et
3234 2549 3507 2608 similiter
3525 2569 3654 2609 sen-

1990 2639 2237 2709 tientes;
2271 2640 2590 2713 loquantur
2616 2656 2751 2695 cum
2784 2639 2908 2695 suis
2959 2640 3329 2697 consortibus
3367 2641 3652 2717 Hierony—

1993 2746 2128 2785 mus
2145 2733 2200 2784 et
2216 2727 2846 2803 Augustinus.Scilicet
2865 2726 3025 2784 illius
3043 2728 3331 2801 proverbii
3350 2731 3547 2787 record
3556 2749 3656 2788 an-

1990 2822 2080 2876 tes
2113 2836 2126 2875 :
2162 2820 2532 2876 Conticescant
2560 2833 2719 2875 ranae
2747 2818 2880 2874 dum
2919 2818 3117 2874 aetum
3165 2825 3336 2874 tonat.
3367 2821 3558 2892 Atque
3588 2824 3655 2875 ut

1992 2908 2151 2964 hunc
2169 2912 2436 2964 nostrum
2452 2907 2715 2964 laborem
2736 2908 3104 2964 fructuosum
3122 2907 3345 2964 cateris
3360 2907 3654 2981 relinqua-

1994 3014 2130 3053 mus
2159 2995 2305 3052 illud
2337 3012 2569 3067 semper
2604 2995 2891 3052 memoria
2917 2996 3236 3052 tenendum
3269 2997 3341 3053 de
3390 2998 3652 3071 reprobis

1994 3102 2305 3141 monemus
2339 3102 2352 3141 :
2387 3084 2494 3153 Qui
2519 3085 2776 3156 elongant
2803 3101 2862 3140 se
2891 3101 2926 3140 a
2955 3091 3025 3151 te,
3043 3085 3437 3156 peribuntsde
3455 3084 3654 3143 electis

224 3173 330 3229 Hic
359 3178 438 3228 est
462 3174 691 3241 sanguis
720 3188 873 3228 meus
909 3172 1046 3228 Novi
1073 3174 1416 3242 Testamenti,
1446 3176 1546 3245 qui
1566 3190 1668 3246 pro
1695 3175 1886 3229 multis
1927 3241 1956 3246 _
1994 3191 2130 3230 vero
2155 3191 2167 3228 :
2193 3174 2253 3229 In
2284 3174 2438 3230 omni
2464 3181 2623 3243 gente
2649 3173 2749 3244 qui
2778 3175 2931 3229 timet
2959 3175 3149 3241 Deum,
3181 3181 3234 3229 et
3276 3176 3415 3246 facit
3458 3174 3653 3230 volun-

224 3261 497 3335 fundetur
526 3260 708 3333 (Marc.
740 3260 876 3333 x1v).
900 3262 1068 3333 Apud
1101 3263 1318 3318 Lucam
1348 3241 1482 3319 vero
1516 3280 1530 3318 :
1565 3241 1663 3318 ilic
1687 3272 1767 3319 est
1793 3280 1887 3319 ca-
1916 3241 1957 3306 (ἶ
1997 3271 2155 3320 tatem
2201 3265 2337 3336 ejus,
2369 3241 2617 3333 acceptus
2645 3241 2724 3319 est
2750 3263 2860 3318 illi.
2892 3263 2963 3318 Et
2992 3265 3057 3317 ut
3082 3262 3154 3317 ab
3187 3241 3305 3319 illis
3336 3262 3437 3318 Dei
3466 3263 3657 3337 gratia

229 3352 320 3407 lix
354 3352 564 3407 Novum
612 3348 1006 3407 Testamentum
1056 3353 1117 3406 in
1162 3353 1432 3423 sanguine
1475 3369 1614 3421 meo,
1647 3354 1747 3425 qui
1787 3370 1889 3425 pro

227 3441 384 3496 vobis
406 3438 693 3511 fundetur.
726 3439 890 3496 Unde
919 3441 1341 3497 concordantes
1383 3442 1569 3510 Lucae,
1599 3458 1735 3497 cum
1768 3460 1890 3498 rem

233 3526 497 3584 divinam
545 3527 799 3601 agimus,
832 3528 892 3584 in
928 3546 1119 3602 prece,
1152 3528 1247 3585 hic
1277 3533 1368 3586 est
1397 3529 1548 3586 calix
1581 3531 1891 3604 sanguinis

234 3615 356 3674 mei
384 3616 525 3673 Novi
556 3621 615 3674 et
641 3617 838 3674 aeterni
866 3618 1226 3675 Testamenti
1258 3620 1600 3692 mysterium
1633 3620 1765 3676 ﬁdei
1796 3622 1894 3693 qui

226 3722 337 3780 pro
383 3707 551 3773 vobis,
581 3706 954 3763 concinentes
1012 3712 1210 3764 autem
1271 3708 1544 3765 Matthaeo
1593 3713 1651 3765 et
1696 3709 1890 3765 Marco

234 3793 535 3863 addimus,
563 3808 660 3869 pro
686 3796 876 3852 multis
923 3795 1234 3869 eﬂ‘umletur
1276 3799 1337 3854 in
1366 3799 1741 3855 remissionem
1764 3815 1889 3872 pec-

304 3928 380 4001 (a)
413 3927 565 4005 Apud
608 3927 944 4005 Hattmm.
971 3929 1107 4005 Haec
1161 3930 1344 4005 trium
1397 3930 1887 4005 evangelistamm

227 3999 369 4073 loca
391 4000 569 4073 refert
595 3999 771 4073 etiam
806 4001 863 4073 in
895 4000 1142 4073 epistola
1180 4004 1295 4057 l27.

306 4071 382 4144 (ὁ)
408 4071 641 4146 Joannes
670 4072 762 4143 Cp.
795 4071 1191 4146 cognomento
1222 4073 1885 4146 Chrysostomus.Eum-

227 4141 383 4217 dem
400 4156 572 4217 porro
602 4141 797 4217 locum
826 4141 1036 4217 laudat
1063 4144 1262 4217 Lupus
1292 4141 1359 4200 in
1378 4144 1631 4217 epistola
1674 4147 1795 4214 128,
1831 4151 1888 4201 et

226 4212 475 4289 inlib—in‘o
504 4214 578 4269 de
605 4213 797 4289 tribus
827 4212 1279 4289 Quaestionibus,
1315 4212 1450 4289 pag".
1480 4217 1609 4271 244.

302 4284 374 4361 (c)
404 4286 657 4361 Haustus.
683 4278 1025 4361 Vide—notas
1053 4278 1460 4361 ad_epistolain
1493 4289 1615 4343 112.

302 4356 382 4429 (ά)
411 4355 738 4429 Apostolicae
754 4357 987 4429 sedist
1009 4355 1702 4425 est,R6manaa.Quamvis
1724 4359 1883 4414 enim

227 4427 438 4484 omnes
450 4427 618 4505 sedes
631 4427 991 4502 episcopales
1012 4429 1343 4487 dicerentur
1364 4430 1505 4487 olim
1529 4430 1880 4504 apostolicae,

2000 3352 2271 3425 separati,
2306 3350 2437 3407 istis
2467 3352 2671 3407 eadem
2704 3350 2806 3407 Dei
2834 3351 3028 3424 gratia
3058 3350 3370 3420 sociemur,
3397 3351 3653 3409 assiduis

2001 3442 2273 3514 precibus
2304 3440 2696 3498 communiter
2724 3438 3185 3514 implorandum.
3205 3440 3352 3499 Nam
3386 3439 3485 3513 qui
3516 3457 3652 3513 par-

1998 3529 2152 3586 vulis
2180 3529 2815 3603 regeneratis,moxque
2844 3528 2962 3585 vita
2990 3528 3426 3596 excedentibus,
3449 3529 3650 3585 ineﬂ‘a-

1999 3618 2104 3675 bili
2136 3618 2347 3692 pietate
2377 3619 2800 3675 beatitudinem
2832 3617 3100 3692 largitur,
3125 3617 3301 3674 etiam
3332 3634 3533 3674 eorum
3565 3634 3656 3675 sa-

1998 3707 2106 3764 luti
2131 3709 2380 3782 benigne
2409 3707 2707 3782 prospexit
2735 3707 2954 3781 quibus
2975 3707 3229 3781 perfecte
3249 3706 3309 3763 in
3334 3724 3394 3764 se
3416 3723 3651 3782 sperare

2000 3797 2256 3854 donavit.

2000 3931 2264 4002 Romana
2283 3934 2477 3986 tamen
2491 3928 2738 4002 speciali
2764 3929 3020 4002 quodam
3042 3928 3215 4002 modo
3233 3927 3391 3984 dicta
3411 3932 3499 4002 est
3520 3945 3656 4002 apo-

1999 4001 2224 4074 stoli‘ca,
2259 4003 2415 4074 quod
2464 3998 2626 4074 illam
2656 3998 2862 4074 Petrus
2893 4004 2950 4054 et
2965 3998 3216 4074 _Pau‘lus,
3252 3998 3651 4074 apostolorum

1994 4070 2263 4129 videlicet
2278 4070 2608 4144 principes,
2636 4070 3068 4144 constituerint,
3097 4076 3153 4144 et
3200 4070 3356 4144 apud
3393 4071 3650 4144 Romam

1996 4143 2206 4200 Christi
2241 4140 2518 4210 martyrio
2550 4143 2767 4198 fuerint
2814 4140 3156 4210 consecrati,
3195 4140 3260 4196 ut
3290 4141 3546 4198 diximus
3574 4143 3647 4199 ad

1994 4215 2369 4272 Vincentium
2398 4211 2786 4270 Lirinensem.
2821 4213 3050 4277 Quanta
3096 4216 3293 4268 autem
3325 4211 3465 4269 olim
3496 4217 3651 4271 esset

1996 4286 2450 4360 apostolicarum
2483 4284 2712 4360 aedium
2745 4284 3005 4360 dignitas
3036 4288 3095 4360 et
3118 4282 3648 4360 auctoritas‘pluri-

1994 4355 2127 4426 bus,
2166 4364 2276 4414 Deo
2309 4359 2506 4423 dante,
2539 4355 2917 4414 dicemus'Ad
2947 4355 3347 4429 Agobardum.
3370 4355 3523 4425 (Vide
3539 4357 3648 4411 Pa-

1994 4431 2120 4487 trol.
2153 4438 2282 4486 tom.
2317 4430 2434 4486 CIV
2439 4430 2476 4502 .)

1105 4686 1325 4744 ’7“
1395 4694 1666 4804 VITA
1732 4691 2133 4808 SANCTI
2201 4692 2762 4804 MAXIMINI

1593 4908 1853 4955 EPISCOPI
1894 4907 2286 4955 TREVIRBNSIS

1422 5049 1831 5143 AUCTORE
1874 5050 2209 5115 SANL'TO
2252 5052 2476 5116 ιι]Ρο

1725 5193 2126 5206 —_

299 5302 503 5374 Lupus
532 5302 808 5362 Waldoni
837 5323 944 5364 suo
973 5306 1223 5366 salutem
1310 5353 1315 5358 .

296 5390 538 5449 Amicos
566 5392 832 5459 honestis
876 5400 1097 5454 certare
1143 5397 1374 5466 officiis,
1406 5414 1585 5471 seque
1630 5397 1877 5458 invicem

298 5516 379 5597 (a)
412 5513 571 5597 Hanc
604 5518 801 5597 Sancti
838 5519 1162 5597 Maximini,
1193 5521 1552 5597 Treyirensis
1597 5523 1876 5597 episcopi,

221 5584 421 5661 Vitam
454 5587 684 5661 primus
715 5593 963 5661 omnium
992 5584 1175 5647 edidit
1203 5584 1744 5652 Surius.Assentior
1774 5584 1877 5653 a‘u;

221 5659 345 5712 tem
378 5658 778 5745 eruditissimo
800 5658 929 5720 iviro
966 5661 1174 5720 Joanni
1222 5665 1474 5721 Gerardo
1521 5666 1749 5740 Vossio,
1781 5672 1879 5742 qui

1909 5314 1958 5378 D
1985 5311 2132 5370 velle
2161 5309 2407 5369 sinceris
2437 5308 2753 5382 praevenire
2792 5306 3112 5380 obsequiis,
3144 5307 3300 5363 inter
3346 5306 3645 5380 praecipua

1988 5401 2260 5457 humanae
2279 5399 2405 5455 vita:
2424 5397 2659 5472 negotia
2672 5413 2788 5453 non
2808 5395 3103 5452 immerito
3119 5395 3643 5469 deputatur.Quip-

1989 5529 2221 5600 Lupum
2242 5527 2514 5601 abbatem
2535 5522 2963 5601 Ferrariensem
2981 5521 3124 5601 Vitae
3146 5520 3320 5601 istius
3343 5524 3641 5601 auptprem

1988 5591 2117 5658 esse
2188 5602 2332 5654 utat.
2366 5594 2687 5652 Valdonem
2715 5598 2933 5662 autem,
2952 5593 3049 5651 cui
3078 5608 3206 5650 eam
3235 5591 3504 5649 inscribit
3538 5591 3642 5645 Lu-

1988 5689 2120 5726 nu.
2145 5616 2310 5726 ἰθυά
2361 5667 2541 5725 alium
2580 5680 2710 5724 esse
2741 5683 2869 5724 reor
2901 5684 3078 5726 quam
3108 5665 3431 5722 Valdonem
3462 5661 3642 5720 abba-

1987 5689 2120 5746 pus,
2147 5661 2310 5726 haud
2361 5667 2541 5725 alium
2580 5680 2710 5724 esse
2741 5683 2869 5724 reor
2901 5661 3078 5739 quam
3108 5665 3431 5722 Valdonem
3462 5661 3644 5720 abba-
