4108 6476
448 382 564 461 671
1446 381 1518 448 Β.
1567 383 1629 446 S.
1674 382 1859 448 LUPI
1901 380 2235 467 ABBA-TIS
2282 383 2878 451 FERRARIENSIS.
3750 383 3871 448 672

449 517 675 593 praefati
709 515 1035 576 Constantii
1065 515 1219 593 regis
1273 516 1480 574 fultam
1515 516 1803 591 praesidio,
1826 534 2097 590 persecu-
2130 515 2176 586 Α
2211 518 2348 574 terit
2377 518 2791 576 aestimari.Sed
2814 519 2900 576 eis
2923 518 3022 576 ille
3053 534 3170 576 non
3191 520 3503 577 contentus
3532 534 3655 575 rem
3673 515 3879 576 intulit

450 614 573 666 tam
598 608 839 676 exsiliis,
873 609 1290 673 carceribus,et
1307 608 1484 664 variis
1506 607 1891 664 afﬂictionum
1914 608 2106 664 modis
2217 608 2489 664 maximis
2512 626 2641 678 meo
2651 608 2878 681 judicio
2897 608 3174 666 laudibus
3195 610 3727 682 prosequendam.A
3747 625 3877 683 quo,

450 699 710 772 primum
739 698 1152 764 Athanasium,
1175 697 1386 753 deinde
1415 713 1620 753 omnes
1641 714 1758 752 non
1780 714 1899 752 sua:
1921 697 2106 770 partis
2215 697 2432 770 inquit,
2466 698 2540 771 (α)
2575 699 2727 755 haud
2753 699 3002 757 dubium
3023 699 3166 772 quin
3197 697 3880 766 Maximino,Athanasius

449 789 755 863 episcopos
786 786 1161 854 declarasset,
1182 786 1386 860 paucis
1405 785 1749 858 interjectis,
1773 786 1917 842 sexti
1943 787 2103 854 anni,

449 878 500 935 si
531 896 660 951 qua:
690 879 837 934 forte
866 878 1135 941 fuissent,
1168 892 1261 932 res
1310 876 1722 932 memorabiles
1770 879 2102 944 notaturus,

448 970 808 1037 Maximinus,
835 966 1046 1041 inquit,
1086 968 1439 1022 Treverorum
1483 966 1765 1038 episcopus
1791 967 1978 1022 clarus
2006 966 2106 1022 ha-

450 1060 695 1115 bebatur.

1087 1144 1317 1202 CAPUT
1357 1145 1453 1201 III.

518 1239 621 1296 Hic
638 1238 687 1295 si
711 1237 844 1311 quis
860 1235 1136 1309 inspiciat
1150 1235 1441 1291 insaniam
1455 1234 1652 1291 Ariani
1676 1234 1960 1308 principis
1978 1238 2107 1291 tum

447 1345 626 1402 quam
661 1327 916 1384 maxime
946 1325 1290 1382 eﬂ‘erbuisse
1322 1323 1489 1380 facile
1526 1324 1805 1397 intelligit
1834 1340 2110 1397 persecu-

445 1417 731 1485 tionibus,
747 1432 875 1489 quae
892 1414 1068 1486 vulgo
1088 1415 1238 1470 veris
1250 1414 1721 1487 importabantur
1733 1413 2106 1487 praesulibus,

445 1510 717 1565 sanctum
733 1521 967 1577 quoque
988 1503 1371 1558 Maximinum
1388 1500 1659 1559 alacriter
1670 1503 2104 1577 participatum,

445 1612 513 1653 ac
532 1594 758 1651 violata:
791 1592 923 1649 fidei
954 1610 1070 1647 non
1102 1590 1427 1648 declinasse
1460 1592 1633 1647 modo
1681 1592 1971 1664 contagia,
2005 1593 2106 1648 sed

444 1684 621 1741 etiam
644 1687 1005 1739 assertorum
1029 1682 1158 1751 ejus
1179 1680 1468 1752 perversis
1489 1696 1555 1736 ac
1574 1679 1845 1736 violentis
1864 1679 2111 1737 molitio-

445 1773 623 1829 nibus
652 1770 1063 1828 obviasse.Nec
1095 1770 1239 1825 adeo
1272 1770 1459 1825 fuerat
1488 1786 1800 1841 operosum
1831 1786 1930 1825 eas
1961 1770 2106 1826 cele-

2218 789 2628 846 Alexandrina:
2670 782 2957 846 Ecclesiae
2982 790 3282 861 episcopus,
3315 805 3442 844 cum
3488 805 3523 843 α
3561 788 3883 845 Constantio

2218 885 2560 949 quaereretur
2589 877 2658 934 ad
2686 895 2921 951 paruam,
2960 879 3252 950 honoriﬁce
3292 886 3568 951 susceptus
3596 886 3692 934 est.
3725 877 3768 934 Ο
3796 878 3882 933 vi-

2219 983 2351 1022 rum
2383 966 3199 1041 beatissimum,summisque
3220 967 3589 1041 principibus
3610 966 3885 1024 Ecclesiae

2220 1055 2429 1111 merito
2459 1057 2904 1129 coaequandum,
2925 1055 3027 1131 qui
3050 1056 3220 1130 regia:
3252 1055 3562 1130 potestatis
3592 1055 3884 1129 injustam

2219 1145 2498 1217 spreverit
2520 1145 2833 1218 impetum,
2866 1151 2924 1202 et
2971 1162 3106 1202 cum
3153 1145 3429 1218 periculo,
3484 1144 3531 1203 si
3565 1163 3679 1201 non
3727 1145 3881 1215 vitaz,

2218 1238 2372 1290 certe
2402 1234 2727 1307 dignitatis,
2760 1235 3064 1308 amplexus
3114 1235 3193 1292 sit
3231 1234 3558 1292 custodiam
3590 1236 3882 1291 mandata:

2220 1322 2501 1379 divinitus
2545 1323 2870 1380 charitatis.
2906 1325 3015 1379 Fac
3063 1323 3219 1380 enim
3272 1324 3426 1381 280
3467 1323 3882 1397 imperatorem

2217 1412 2434 1469 furiata
2461 1417 2659 1468 mente
2690 1410 3040 1485 proditionis
3070 1413 3309 1485 praemia
3353 1416 3796 1486 proponentem,
3831 1413 3883 1470 si

2221 1502 2448 1575 opinari
2477 1501 2765 1574 potuisset
2785 1502 2906 1560 fore
2926 1501 3185 1574 aliquem
3207 1501 3330 1574 qui,
3350 1518 3486 1558 cum
3517 1501 3884 1571 valeret,non

2224 1589 2417 1647 solun:
2455 1590 2845 1647 Athanasium
2868 1590 3113 1647 minime
3134 1591 3532 1663 proderet,sed
3564 1591 3742 1647 etiam
3765 1596 3889 1651 stu-

2223 1680 2389 1736 diose
2420 1679 2656 1747 celaret,
2691 1695 2840 1752 quas
2871 1680 3348 1753 proscriptiones,
3368 1697 3495 1753 quis
3526 1679 3887 1753 exsilia,quaa

2218 1768 2868 1825 tormentaminaturus
2889 1760 3606 1843 fuisset,deprehensoqu‘e
3623 1775 3888 1843 postmo-

445 1862 588 1918 riter
617 1861 970 1933 penitusque
993 1858 1348 1923 subvertere,
1372 1858 1486 1915 nisi
1506 1857 1713 1958 merito
1734 1858 2109 1915 exsecrabilis
2139 1892 2186 1958 Β
2220 1859 2365 1914 dum
2402 1857 2680 1958 illaturus
2753 1861 2810 1914 et
2839 1850 3063 1931 liquido
3094 1858 3716 1958 apparebitquantum
3747 1876 3897 1932 pon-

443 1950 767 2023 impietatis
800 1947 1213 2005 miserabiliter
1242 1947 1508 2003 excaecati
1541 1946 1700 2003 illius
1742 1947 1948 2004 nefarii
1980 1965 2105 2005 sce-

442 2039 581 2097 leris
609 2038 698 2095 vel
727 2038 1058 2093 inventores
1100 2035 1189 2092 vel
1239 2036 1575 2093 defensores
1623 2035 1821 2093 lumen
1862 2037 2104 2094 rationis

442 2144 822 2207 nequaquam
854 2125 1161 2182 admittere
1179 2125 1635 2182 consensissent.
1659 2126 1808 2181 Nam
1840 2126 1975 2200 quis
2000 2144 2106 2182 un-

443 2235 645 2291 quam,
678 2233 898 2290 quaeso,
933 2216 1004 2272 de
1036 2213 1648 2271 consubstantialitate
1687 2215 1879 2272 Patris
1895 2220 1953 2271 et
1973 2216 2100 2272 Filii

439 2307 530 2365 vel
562 2325 665 2380 per
694 2306 952 2379 quietem
979 2304 1056 2360 sit
1094 2320 1277 2360 ausus
1325 2304 1618 2371 dubitare,
1648 2303 1764 2360 nisi
1805 2305 1904 2377 qui
1938 2305 2100 2362 illam

441 2395 945 2453 evidentissimam
988 2392 1089 2448 Dei
1132 2392 1484 2448 sententiam
1524 2393 1707 2449 surda
1760 2394 2104 2466 praeterierit

442 2499 622 2540 aure:
654 2485 765 2553 Ego
794 2491 846 2539 et
893 2484 1061 2539 Pater
1106 2497 1280 2536 unum
1326 2484 1557 2537 sumus?
1588 2482 1764 2554 (Joan.
1810 2485 1892 2551 χ.)
1926 2484 2102 2540 Unum

441 2573 600 2630 enim
626 2572 791 2640 dixit,
814 2575 1051 2627 tantum
1082 2586 1144 2625 se
1167 2570 1424 2642 profecto
1444 2569 1643 2626 volens
1676 2572 1829 2628 219
1852 2571 2100 2646 intelligi

442 2664 702 2735 quantus
732 2660 902 2716 Pater
926 2674 1055 2714 esse
1085 2658 1478 2731 cognoscitur.
1494 2658 1728 2715 Scilicet
1752 2660 2099 2733 mysterium

441 2748 818 2824 baptismatis
842 2747 903 2803 in
931 2747 1168 2803 nomine
1184 2736 1378 2802 Patris
1403 2752 1460 2803 et
1489 2764 1595 2803 suo
1638 2764 1705 2803 ac
1736 2749 1931 2805 Sancti
1964 2749 2097 2822 Spi-

440 2824 591 2896 ritus
622 2854 739 2894 non
770 2835 1390 2908 alitcrtradijussisset
1414 2834 1829 2902 ﬁdelibus,nisi
1853 2855 2014 2912 aeque
2035 2842 2101 2895 ut

441 2928 598 2985 Patri
629 2930 950 2999 sanctoque
997 2923 1263 2998 Spiritui,
1295 2924 1408 2981 sibi
1440 2942 1673 2999 quoque
1693 2926 1975 2984 voluisset
2001 2929 2097 2984 de-

438 3016 816 3075 ferri.Verum
838 3014 972 3088 quis
986 3004 1119 3071 illos
1132 3014 1308 3071 ferret
1337 3030 1451 3071 non
1470 3015 1671 3071 minus
1693 3015 1905 3072 stultos
1919 3034 2097 3090 quam

440 3106 655 3180 impios
671 3104 963 3177 ?Denique
994 3120 1128 3160 cum
1160 3103 1287 3176 ipse
1319 3103 1501 3160 Filius
1528 3104 1779 3173 dicat,Ut
1806 3122 1988 3163 omnes
2009 3107 2101 3163 ho-

438 3198 729 3269 noriﬁcent
775 3195 981 3250 Filium
1033 3195 1178 3249 sicut
1232 3193 1600 3265 honoriﬁcam
1660 3200 1887 3251 Patrem
1921 3196 2094 3269 (loan.

2216 1949 2328 2004 dus
2350 1946 2595 2020 justitiae
2629 1946 2811 2003 tribui
2829 1947 3039 2004 debeat
3059 1947 3196 2003 huic
3217 1946 3583 2005 S.Maximini
3609 1952 3890 2005 constan-

2211 2037 2323 2092 tiae.
2360 2037 2619 2099 Proiecto
2650 2035 2867 2093 fiducia
2916 2052 2985 2093 ex
3033 2035 3247 2093 divinis
3302 2037 3552 2110 eloquiis
3601 2043 3890 2111 concepta

2212 2125 2410 2182 docuit
2443 2130 2736 2197 quatenus
2769 2125 2846 2181 sit
2877 2124 3260 2182 saecularibus
3302 2127 3698 2199 potestatibus
3717 2128 3889 2184 obse-

2212 2215 2743 2287 quendum.Neque
2774 2214 2929 2271 enim
2953 2214 3078 2287 ipse
3100 2214 3255 2271 Deus
3278 2216 3446 2287 justa
3473 2215 3883 2290 praecipientes

2210 2304 2621 2360 contemnendi
2637 2303 2981 2360 hominibus
2994 2308 3096 2360 aut
3113 2321 3474 2377 quemquam
3494 2305 3884 2377 imperatores

2209 2391 2434 2464 injusta
2454 2392 2733 2465 jubentes
2764 2391 3040 2447 audiendi
3062 2395 3410 2464 potestatem
3435 2391 3744 2451 fecit.Nam
3767 2393 3882 2451 etsi

2208 2481 2566 2554 prascripsit
2593 2486 2659 2536 ut
2687 2480 2893 2537 Caesari
2927 2498 3054 2553 qua
3085 2486 3224 2537 sunt
3253 2481 3495 2539 Caesaris
3526 2487 3584 2540 et
3602 2483 3718 2540 Dco
3736 2501 3867 2556 quae

2208 2575 2349 2627 sunt
2400 2571 2504 2627 Dei
2555 2570 2872 2628 reddamus
2941 2571 3157 2643 (Matth.
3216 2575 3394 2640 xxxx),
3454 2573 3610 2644 quod
3665 2576 3869 2630 tamen

2207 2660 2263 2716 id
2297 2661 2444 2717 citra
2470 2659 2841 2717 violationem
2860 2677 3103 2716 suorum
3132 2659 3257 2717 ﬁeri
3289 2660 3537 2718 voluerit
3567 2662 3876 2719 mandato-

2206 2767 2339 2805 rum
2368 2748 2682 2822 Apostolus
2712 2748 3152 2825 declaravit,qui
3185 2750 3452 2806 dicturus
3482 2751 3675 2821 Regem
3702 2751 3875 2808 hono-

2204 2841 2435 2911 riﬁcale,
2468 2840 2641 2894 Deum
2669 2824 2849 2894 timete
2878 2839 2927 2907 (Ι
2953 2824 3672 2911 Petr.II),pra2mittendum
3704 2856 3875 2896 cura-

2203 2928 2304 2984 vit.
2340 2929 2447 2984 Sed
2482 2945 2514 2984 o
2541 2926 2725 2984 nostri
2759 2927 3043 3000 temporis
3065 2945 3258 2984 mores
3288 2928 3604 3001 degeneres
3627 2928 3873 2985 lOmnes

2205 3033 2353 3091 pene
2376 3018 2502 3089 jam
2520 3015 2681 3072 nervi
2713 3014 2946 3088 pristini
2960 3015 3187 3073 roboris
3203 3016 3873 3074 conciderunt.Levibus

2203 3106 2527 3161 terroribus
2558 3104 2742 3161 fracta
2772 3105 2953 3161 cessit
2995 3106 3346 3162 constantia.
3378 3105 3570 3162 Pluris
3615 3107 3874 3178 pecunia

2206 3210 2386 3268 quam
2407 3193 2660 3267 justitia,
2695 3197 3040 3251 mstimatur.
3074 3194 3215 3260 Quis
3236 3194 3364 3271 jam
3407 3195 3873 3267 imperatoribus

437 3286 517 3359 v),
551 3286 611 3341 in
642 3286 867 3340 tantam
913 3281 1341 3354 imperitissimi
1393 3282 1664 3339 homines
1711 3290 2099 3357 proruperant
2126 3263 2168 3329 (ἶ
2205 3283 2538 3341 divinorum
2570 3288 2989 3356 praeceptorum
3021 3270 3281 3340 reserare
3310 3282 3629 3341 salutarem
3660 3286 3875 3341 severi-

440 3373 744 3431 audaciam
770 3376 836 3427 ut
858 3371 1144 3426 minorem
1180 3371 1342 3427 Patre
1374 3370 1585 3427 Filium
1629 3388 1758 3428 esse
1783 3374 2095 3430 contende-

438 3461 665 3520 rent.Hi
687 3459 918 3518 callidis
937 3463 1420 3532 argumentorum
1443 3460 1792 3516 commentis
1814 3478 1922 3518 sua
1943 3462 2096 3519 nite-

438 3553 656 3609 bantur
703 3553 984 3607 astruere.
1045 3548 1259 3603 Contra
1310 3565 1414 3621 per
1461 3548 1871 3618 Athanasium,
1922 3556 2099 3625 atque

441 3626 829 3699 Maximinum
852 3642 1207 3709 caeterosque
1221 3643 1684 3712 propugnatores
1706 3656 1773 3694 ac
1786 3640 1965 3697 duces
1986 3641 2099 3697 cla-

440 3729 713 3786 rissimos
743 3725 1072 3799 apostolicae
1104 3726 1385 3782 doctrinae
1403 3743 1637 3799 semper
1665 3730 1984 3800 superabat
2000 3748 2100 3786 au-

441 3817 699 3875 ctoritas.
718 3815 1030 3872 Laboriose
1050 3815 1423 3872 mendacium
1447 3815 1758 3887 exquisitis
1779 3819 2101 3875 ornabatur

442 3904 771 3964 sententiis.
805 3905 912 3961 Per
942 3920 1004 3960 se
1038 3904 1183 3960 satis
1215 3903 1703 3976 decora,simplex
1721 3906 1934 3963 veritas
1954 3907 2096 3964 emi-

442 3997 640 4053 nebat.
673 3998 972 4051 Postremo
992 3997 1250 4066 potestas
1266 3992 1530 4072 humana
1561 3993 1900 4051 fortissimis
1922 3995 2099 4052 bella-

440 4085 669 4142 toribus
690 4083 1099 4140 turbulentum
1129 4082 1447 4154 minaxque
1475 4081 1693 4139 bellum
1726 4085 2096 4143 conﬂaverat.

441 4174 648 4232 Divina
678 4174 959 4244 maiestas
991 4171 1280 4237 animum,
1303 4171 1476 4237 vires,
1533 4188 1716 4240 arma,
1769 4173 1985 4245 quibus
2015 4174 2096 4230 illi

438 4264 741 4319 vincerent
768 4261 1168 4318 ministrabat.

1091 4348 1322 4407 CAPUT
1362 4347 1454 4405 IV.

512 4442 593 4497 Ex
620 4438 715 4496 his
746 4456 873 4512 quis
904 4436 1299 4511 praemisimus
1328 4438 1482 4493 beati
1520 4436 1856 4513 Hieronymi
1884 4441 2095 4510 verbis,

440 4530 551 4588 etsi
582 4544 771 4602 pauca
797 4527 938 4599 sint,
959 4531 1160 4583 tamen
1189 4526 1333 4583 satis
1363 4526 1664 4583 Maximini
1696 4530 1977 4587 sanctitas
1996 4547 2098 4604 po-

2142 4639 2190 4705 D

2208 3377 2385 3430 tatem
2419 3390 2535 3430 non
2568 3372 2952 3429 reformidet?
2980 3371 3123 3438 Quis
3154 3371 3261 3429 eisi
3298 3390 3406 3431 sua
3453 3371 3713 3445 pericula
3742 3372 3872 3432 zelo

2207 3463 2387 3518 divini
2418 3462 2648 3518 timoris
2677 3478 2960 3518 accensus
2979 3462 3203 3534 absque
3216 3461 3346 3517 fuco
3362 3461 3871 3534 adulationisape-

2207 3550 2364 3607 riat?
2391 3552 2511 3623 Ego
2542 3550 2716 3622 plane
2746 3567 2863 3606 non
2885 3566 3018 3606 sum
3048 3549 3284 3617 dubius,
3312 3551 3415 3606 aut
3439 3549 3875 3618 neminem,aut

2207 3658 2406 3696 rarum
2456 3657 2612 3696 nunc
2656 3656 2805 3708 esse,
2839 3638 2941 3712 qui
2989 3638 3038 3695 si
3099 3638 3438 3711 quemlibet,
3474 3643 3538 3695 ut
3566 3639 3871 3712 quondam

2208 3747 2460 3803 magnus
2492 3724 2628 3785 fecit
2656 3727 3036 3796 Athanasius,
3067 3727 3303 3800 iniquos
3333 3732 3527 3784 motus
3558 3727 3875 3801 imperato-

2207 3836 2341 3876 rum
2372 3820 2512 3891 fuga
2561 3818 2953 3873 declinantem
3001 3817 3244 3883 videret,
3277 3817 3351 3885 ei,
3386 3820 3451 3873 ut
3482 3817 3872 3889 Maximinus,

2206 3907 2498 3981 gremium
2530 3906 2974 3974 charitatis,Deo
3005 3906 3170 3973 ﬁsus,
3191 3906 3442 3979 aperiret
3466 3905 3605 3975 ;imo
3632 3909 3705 3980 (b)
3728 3906 3874 3965 late-

2206 3998 2374 4053 bram
2407 3998 2683 4068 przestare
2703 3995 2792 4050 vel
2816 3994 3249 4051 remotissimus
3281 3992 3532 4067 quisque
3554 3997 3870 4070 refugeret;

2208 4103 2302 4153 ne,
2335 4088 2476 4142 dum
2504 4084 2683 4141 alium
2739 4089 2935 4157 tegere
2993 4083 3318 4152 moliretur,
3352 4085 3736 4158 semetipsum
3780 4085 3870 4144 la-

2209 4175 2376 4249 queis
2396 4172 2747 4231 calamitatis
2777 4178 3107 4245 exponeret.
3137 4174 3214 4229 At
3241 4173 3599 4230 Maximinus
3628 4174 3688 4229 in
3711 4174 3873 4232 cele-

2208 4265 2465 4325 berrima
2494 4263 2642 4331 281
2679 4262 3003 4334 eademque
3030 4266 3175 4318 tunc
3205 4262 3270 4337 (ε)
3302 4263 3462 4336 regia
3491 4263 3721 4320 civitate
3752 4266 3871 4321 for-

2206 4354 2506 4410 tissimum
2537 4352 2830 4425 excipiens
2848 4350 3426 4420 Confessorem,dum
3456 4352 3586 4426 ejus
3615 4352 3874 4427 ingenue

2209 4439 2666 4500 communicavit
2713 4439 2993 4513 periculo,
3044 4439 3420 4513 participium
3477 4440 3589 4511 sibi
3642 4445 3876 4516 peperit

2209 4531 2405 4606 glorias
2436 4529 2829 4602 sempiternae.

511 4707 589 4778 (α)
618 4705 777 4791 Πιξμά
804 4704 1036 4791 dubium
1063 4706 1545 4791 gu‘fnyamimipo.
1580 4706 1912 4791 Familiaris
1935 4710 2098 4785 Lupo
2144 4704 2153 4705 ί
2207 4709 2526 4791 I_Jr_s_aoius_,_
2536 4706 2890 4791 Saturninus
2920 4707 3181 4791 exigunt,
3216 4707 3476 4791 ab_Qsio,
3531 4708 3870 4791 Maximino.

440 4776 720 4853 loquendi
752 4778 983 4845 modus,
1017 4776 1086 4833 ut
1112 4776 1472 4853 diximus_ad
1499 4793 1631 4849 pag.
1664 4781 1792 4835 223.

512 4848 910 4923 (b)ALa_telzram
937 4856 1223 4923 praestare:
1246 4848 1350 4905 Hic
1372 4848 1603 4923 Lupum
1636 4850 2010 4923 reprehendit
2034 4852 2100 4909 il-

440 4920 839 4979 lustrissimus
861 4920 1176 4978 cardinalis
1196 4920 1482 4993 Baronius
1506 4921 1662 4993 quod
1684 4920 2102 4982 existimaverit

439 4999 583 5070 tunc
614 4994 686 5049 ad
719 4993 988 5070 Treviros
1010 4991 1338 5070 accessisse
1380 4991 1767 5070 Athanasium
1800 5011 1934 5050 cum
1965 4997 2101 5070 fuga

440 5066 648 5139 lapsus
680 5083 714 5121 a
742 5065 1081 5122 Constantio
1112 5061 1631 5139 imp.Con‘sta_ntini
1653 5064 1773 5139 filio
1804 5061 2097 5139 expetere-

440 5133 541 5194 tu'r
571 5137 644 5193 ad
676 5153 899 5210 poenas.
931 5140 1171 5210 Jurene,
1200 5133 1689 5210 an_i_njuria,eum
1712 5133 2101 5210 Baroriiusre-

442 5204 716 5282 darguat,
751 5225 867 5264 non
896 5213 985 5282 est
1014 5206 1140 5282 mei
1175 5204 1459 5282 similium
1519 5208 1916 5282 pronuntiare.
1948 5209 2099 5266 Illud

439 5277 671 5363 tantum
718 5279 1068 5363 monuerim,
1124 5278 1321 5335 locum
1368 5277 1704 5363 Hieronymi
1760 5280 1933 5363 pabulo
1964 5285 2101 5336 ante

482 5351 735 5408 rolatum
768 5352 949 5407 videri
984 5352 1170 5406 facere
1191 5367 1294 5422 pro
1326 5348 1616 5405 sententia
1643 5348 2098 5422 Lupi.Cieterum

482 5372 735 5408 Ροιδιυῐῐι
768 5372 949 5407 νιαθῐῚ
984 5372 1170 5406 lacere
1191 5372 1294 5422 pI‘O
1326 5372 1616 5405 SBHLBHLIH
1644 5372 2098 5422 μυριωδξῑρῐύω

441 5372 698 5481 Bilarius
726 5424 986 5479 validum
1018 5422 1154 5477 hinc
1182 5421 1368 5477 telum
1399 5422 1679 5477 adversus
1709 5421 1908 5480 hostes
1930 5424 2103 5480 Atha-

442 5495 590 5568 nasii
636 5494 820 5568 sumit
868 5495 1024 5568 quod
1074 5494 1137 5568 ei
1180 5492 1517 5548 communio
1577 5492 1805 5568 reddita
1852 5495 2026 5551 fuerit
2067 5514 2102 5552 a

442 5565 779 5638 Maximino.
815 5562 1014 5638 utpote
1040 5565 1162 5638 qui,
1197 5568 1405 5637 praeter
1431 5562 1709 5638 proprias
1741 5566 2006 5636 virtutes,
2040 5568 2098 5622 in

440 5635 932 5695 etcellentissinia
962 5635 1332 5693 Trevirorum
1358 5636 1500 5709 urbe
1522 5635 1833 5709 episcopus
1855 5635 2101 5695 erat'Sic

442 5709 601 5789 enim
628 5710 717 5789 _a_i_t
735 5709 795 5765 in
828 5709 1200 5789 fragmentis;
1236 5730 1262 5757 ‹‹
1296 5706 1426 5789 Sed”
1454 5706 1766 5789 ignorasse
1792 5726 2102 5789 yog_n_ega-

442 5780 582 5838 bitis
611 5778 950 5851 Athanasio;
966 5780 1135 5852 cujus
1168 5778 1607 5836 damnationem
1629 5796 1664 5837 a
1678 5778 1842 5838 vobis
1863 5778 2097 5851 Valens,

2207 4784 2367 4842 Julio
2388 4780 2679 4853 redditam
2710 4779 3243 4853 communionem.»
3267 4780 3310 4834 E
3329 4780 3557 4836 diverso
3579 4779 3874 4853 Sulpitius

2210 4858 2457 4914 Severus
2487 4852 2625 4925 hinc
2655 4868 2887 4925 quoque
2938 4850 3371 4925 Priscillianum
3403 4853 3650 4925 ejusque
3679 4850 3874 4917 socios

2208 4929 2269 4983 in
2302 4924 2477 4998 culpa
2506 4922 2811 5006 fuisse-nit—
2828 4923 3019 5006 quod_
3031 4924 3354 5006 Damasum
3385 4922 3727 4996 episcopum
3760 4924 3873 4981 lto-

2209 4993 2455 5077 manum
2489 5000 2547 5077 et
2586 4993 2956 5077 ambrosium
2997 4993 3515 5077 Mediolanensem,
3550 4993 3870 5077 {quorum

2210 5087 2280 5128 ea
2307 5069 2650 5136 lempestate
2674 5083 2910 5122 summa
2937 5066 3259 5123 auctoritas
3287 5071 3430 5136 erat,
3468 5089 3496 5117 ››
3527 5066 3648 5123 sibi
3672 5068 3877 5125 adver-

2210 5147 2409 5201 santes
2428 5137 2775 5194 habuerint.

2280 5213 2350 5285 (ε)
2384 5212 2553 5285 Regia
2582 5211 2821 5265 civitate.
2847 5208 2912 5285 _Id
2945 5211 3035 5285 est
3063 5207 3415 5285 Trevirensi,
3451 5209 3875 5285 cujusmagna

2210 5279 2342 5364 tum
2370 5279 2625 5364 dignitas
2657 5286 2779 5364 erat
2811 5281 2883 5364 ob
2907 5280 3113 5364 sedem
3129 5279 3384 5353 praefecti
3414 5279 3680 5364 praetorio
3714 5279 3874 5364 G311-

2210 5350 2573 5411 liarumillic
2607 5370 2640 5408 a
2669 5350 3035 5408 Constantini
3059 5350 3270 5426 Magno
3321 5350 3721 5426 constitutam.
3758 5352 3871 5426 ita:

2210 5445 2324 5501 que
2358 5433 2552 5501 Lupus
2585 5441 2700 5479 non
2721 5427 2865 5501 tam»
2891 5421 3266 5501 respexit;ad
3314 5423 3873 5501 ae_tatem_Maximini

2211 5494 2388 5565 quam
2420 5494 2492 5553 ad
2525 5494 2834 5569 sequentia
2850 5494 3116 5569 ternpora
3143 5495 3438 5569 Treverim
3468 5494 3632 5569 enim
3646 5496 3874 5569 regiam

2210 5571 2506 5627 civitatem
2530 5565 2733 5639 postea
2763 5566 2898 5639 fecit
2920 5565 3212 5639 Maximus
3242 5565 3557 5639 imperator
3585 5565 3749 5639 circa,
3772 5584 3874 5623 an-

2211 5658 2354 5698 num
2385 5640 2509 5703 383,
2532 5637 2634 5712 ut
2664 5637 2869 5695 scribit
2924 5638 3237 5712 Gregorius
3297 5637 3661 5695 Turonensis
3697 5637 3801 5695 lib.
3830 5656 3871 5708 ι,

2212 5714 2382 5781 Hist.,
2417 5726 2543 5783 cap.
2577 5711 2666 5765 38.
3055 5711 3058 5712 ⁷
3554 5712 3567 5729 ⁵
