4108 6492
280 377 399 437 677

1546 378 1648 440 DE
1691 377 1876 441 VI'I‘A
1924 377 1987 438 S.
2035 375 2442 438 MAXIMINI.

3587 383 3707 444 6'18

284 509 561 574 ecclesiae,
594 510 827 565 nomine
881 511 1180 574 Gosberto,
1217 512 1285 566 ad
1324 513 1572 584 sepulcri
1617 511 1935 584 penetralia
1966 515 2013 579 Α
2048 510 3705 584 sumendorumalimentorumsibipossibilitatesublata’

283 598 778 667 intromissus,ibi
803 617 865 656 se
897 600 1203 656 confestim
1236 601 1386 657 lucis
1419 603 1837 657 commercium
1858 618 1942 656 re-

285 688 509 761 perisse
532 689 782 744 miratus
795 693 903 744 est.
920 690 1151 745 Poterat
1167 690 1546 746 beatissimus
1564 692 1771 746 Petrus
1791 707 1940 745 ezeco

286 795 523 834 summa
553 777 828 833 facilitate
871 779 1023 850 quod
1075 779 1383 850 petebatur
1414 784 1706 851 praestare,
1740 796 1939 834 verum

286 866 534 940 gloriam
560 865 828 921 miraculi
863 867 1179 922 transferre
1203 869 1273 922 ad
1301 868 1685 923 Maximinum
1710 865 1938 932 maluit,

289 960 355 1010 ut
385 955 726 1011 meritorum
760 956 888 1026 ejus
914 956 1210 1012 evidenter
1240 957 1468 1012 cunctis
1500 957 1780 1029 panderet
1803 972 1944 1026 qua-

288 1042 535 1099 litatem.

931 1151 1161 1208 CAPUT
1209 1153 1300 1208 XI.

364 1258 643 1315 Praeterea
664 1259 723 1314 in
755 1264 955 1332 crypta
989 1259 1086 1314 ubi
1119 1277 1254 1316 ossa
1290 1259 1601 1316 venerandi
1652 1259 1943 1332 pontiﬁcis

290 1348 525 1404 condita
549 1347 776 1404 fuerant
800 1348 1102 1420 interjectu
1128 1349 1408 1422 temporis
1431 1367 1582 1422 aqua
1607 1350 1663 1404 in
1689 1348 1944 1404 latitudi-

290 1454 424 1492 nem
444 1437 620 1493 unius
637 1438 814 1494 cubiti
838 1439 1114 1506 excrevit;
1142 1439 1418 1510 dictuque
1443 1437 1728 1508 mirabile,
1755 1439 1837 1493 ita
1859 1456 1932 1494 se.

290 1527 561 1599 pulcrum
594 1545 766 1583 omne
799 1544 906 1583 suo
941 1528 1166 1583 ambitu
1199 1528 1480 1595 cinxit,ut
1503 1533 1698 1583 tamen
1725 1529 1794 1584 ab
1814 1529 1940 1598 ejus

291 1615 588 1688 crepidine
615 1617 1060 1682 absistens,non
1089 1634 1332 1689 parvum
1366 1617 1732 1673 intuentibus
1750 1621 1944 1689 stupo-

293 1722 415 1760 rem
447 1705 730 1777 injiceret.
758 1704 941 1778 Igitur
963 1705 1320 1762 venerabiles
1350 1706 1606 1779 episcopi
1626 1705 1942 1775 (a)llildul-

293 1794 466 1866 phus,
492 1793 756 1850 Clemens
789 1798 962 1866 atque
991 1794 1333 1860 Gosbertus,
1359 1793 1764 1850 convenientes
1787 1793 1844 1847 in
1877 1812 1942 1849 u-

294 1900 459 1952 num,
488 1887 544 1937 et
569 1883 724 1955 quod
759 1887 1044 1948 evenerat,
1081 1881 1391 1954 diligenter
1420 1883 1838 1948 examinantes,
1872 1884 1946 1954 (b)
1979 1887 2025 1951 Β

293 1973 700 2027 transferenda
713 1971 866 2027 beati
883 1971 988 2025 viri
1004 1989 1138 2026 ossa
1151 1989 1218 2026 ex
1234 1976 1557 2027 memorata
1578 1977 1796 2044 crypta,
1813 1976 1867 2026 et
1892 1972 1950 2026 in

293 2060 420 2117 loco
434 2060 702 2116 ubinunc
717 2065 854 2115 sunt
868 2060 1319 2132 sitajudicavere
1334 2060 1789 2132 ponenda.Quod
1805 2078 1948 2131 quo-

295 2151 454 2205 niam
473 2167 541 2205 ex
560 2149 756 2205 divina
776 2149 1073 2205 voluntate
1097 2149 1471 2206 decreverant
1491 2149 1810 2222 procedens
1833 2149 1950 2205 exi-

296 2244 395 2294 tus
413 2237 709 2294 indicavit.
727 2238 848 2305 His,
866 2237 1163 2310 utopinor,
1180 2255 1294 2293 non
1319 2238 1950 2310 inconvenienteradji-

299 2328 619 2400 cilurquod
638 2327 903 2400 quaedam
920 2327 1386 2394 femina,Franca
1407 2327 1660 2392 natione,
1676 2328 1951 2399 domique

297 2416 532 2484 nobilis,
568 2417 835 2472 Rodoara
858 2415 1162 2486 vocabulo,
1188 2417 1279 2472 cui
1312 2416 1513 2472 tibiam
1550 2421 1722 2489 atque
1745 2418 1950 2490 pedem

295 2506 513 2562 humor
561 2505 768 2562 noxius
820 2506 1151 2572 arefecerat,
1185 2507 1255 2560 ad
1290 2507 1633 2562 memoriam
1668 2505 1815 2561 beati
1846 2506 1951 2561 viri

296 2595 580 2662 accessit;
617 2595 814 2667 ibique
865 2613 1064 2667 preces
1115 2611 1330 2667 magna
1375 2613 1508 2650 cum
1559 2596 1952 2652 obstinatione

298 2683 672 2749 continuans,
707 2683 788 2738 ita
834 2689 958 2738 uta
991 2684 1115 2738 suis
1165 2684 1234 2738 ad
1289 2684 1752 2756 desperationem
1803 2685 1952 2740 obti-

299 2775 504 2830 nendae
539 2773 807 2828 sanitatis
840 2773 1095 2845 impulsa
1131 2777 1195 2828 ut
1223 2773 1356 2828 inde
1384 2775 1674 2829 recederet
1697 2792 1954 2829 monere-

300 2869 418 2930 tur,
454 2862 598 2920 287
637 2862 735 2916 diu
769 2861 1160 2917 desideratam
1215 2861 1526 2917 sanitatem
1577 2863 1953 2936 stupentibus

301 2951 531 3008 cunctis
562 2951 942 3024 recuperavit.

933 3076 1165 3132 CAPUT
1207 3077 1329 3132 XII.
1351 3073 1360 3078 ’

371 3184 502 3239 Jam
535 3200 668 3240 vero
698 3182 843 3238 illud
877 3200 1054 3255 quam
1084 3188 1172 3239 est
1195 3182 1463 3239 mirabile
1484 3185 1637 3256 quod
1662 3185 1730 3256 (c)
1754 3183 1955 3240 Carolo

299 3273 550 3346 principi
582 3272 843 3345 obtigit?
873 3274 1137 3346 Namque
1181 3273 1232 3329 is
1280 3290 1413 3328 eum
1472 3272 1647 3346 longa
1704 3275 1952 3330 febrium

293 3367 604 3420 vexaretur
634 3362 926 3428 molestia,
961 3366 1018 3417 et
1048 3361 1165 3417 cibi
1197 3366 1487 3434 potusque
1548 3363 1781 3418 fastidio
1827 3362 1957 3418 vitae

299 3451 626 3525 periculum
651 3450 1017 3517 incurrisset,
1036 3450 1086 3506 ei
1111 3452 1314 3506 beatus
1339 3451 1693 3506 Maximinus
1706 3450 1956 3523 capienti

299 3558 580 3598 somnum
613 3540 905 3612 apparuit,
943 3544 1123 3611 utque
1155 3557 1216 3595 se
1248 3541 1316 3594 ad
1351 3557 1517 3596 suam
1545 3541 1855 3596 abeuntem
1876 3557 1960 3595 se-

300 3633 582 3702 queretur
611 3629 956 3684 memoriam
1005 3629 1447 3684 demonstravit.
1478 3629 1958 3701 Exspergefactus

301 3719 542 3774 Carolus
575 3717 881 3773 satellitem
916 3718 1013 3789 qui
1037 3717 1146 3772 sibi
1180 3718 1324 3772 forte
1347 3718 1641 3773 assidebat
1664 3723 1962 3791 perconta-

299 3813 399 3864 tur
428 3808 474 3862 si
505 3806 714 3860 viderit
739 3807 973 3862 beatum
1008 3807 1416 3871 Maximinum,
1441 3807 1538 3878 qui
1565 3824 1762 3863 secum
1787 3807 1959 3880 paulo

303 3902 436 3952 ante
459 3894 804 3952 contulisset
826 3913 1180 3951 sermonem.
1209 3894 1310 3950 lllo
1332 3913 1464 3950 vero
1488 3897 1955 3968 negante,Modo,

301 3984 517 4057 inquit,
554 3985 706 4038 foras
738 3985 1060 4057 egreditur,
1095 3989 1269 4055 atque
1303 3984 1607 4056 imperavit
1638 3989 1701 4040 ut
1731 4003 1790 4040 se
1821 4003 1959 4041 con-

301 4075 469 4129 tinuo
501 4090 795 4144 sequerer,
815 4074 967 4145 apud
994 4075 1122 4143 ejus
1151 4072 1447 4126 tumulum
1481 4072 1690 4128 salutis
1722 4090 1960 4146 compos

301 4165 560 4219 futurus.
600 4163 682 4216 Ita
726 4161 826 4216 illo
877 4161 1082 4216 lectica
1113 4162 1480 4233 deportatum
1517 4166 1573 4216 et
1601 4161 1658 4217 in
1692 4179 1959 4234 soporem

301 4251 631 4307 resolutum
666 4255 904 4306 sanctus
955 4249 1308 4306 Maximinus
1357 4250 1568 4306 iterum
1621 4250 1957 4324 alloquitur,

301 4357 482 4412 seque
507 4357 610 4412 pro
632 4338 730 4394 illo
756 4338 986 4394 Domini
1019 4338 1352 4412 postulasse
1382 4339 1754 4396 clementiam
1773 4346 1960 4396 osten-

302 4429 410 4497 dit,
446 4429 613 4484 illum
641 4445 776 4483 vero
808 4445 880 4484 ne
917 4445 980 4483 se
1030 4427 1185 4483 ultra
1233 4429 1409 4484 dedat
1455 4429 1613 4485 vitiis
1661 4431 1958 4486 admonet.

303 4518 436 4574 Mox
468 4517 647 4590 igitur
677 4521 742 4572 ut
771 4516 1064 4589 evigilavit
1091 4517 1351 4586 Carolus,
1386 4517 1744 4586 exsurrexit;
1779 4524 1834 4574 et
1856 4535 1960 4591 pro

2051 600 2141 653 vix
2174 601 2350 655 vitam
2385 599 2568 654 solius
2599 616 2763 671 aquae
2797 600 3013 656 haustu
3048 601 3370 659 retinuerit.
3397 605 3558 661 Eseis
3600 606 3708 660 ita-

2050 705 2163 760 que
2194 689 2466 760 sumptis,
2484 689 2737 743 amissas
2771 689 2956 744 redire
2990 691 3138 746 vires
3170 693 3485 763 persensit;
3507 693 3710 763 hujus-

2051 793 2163 848 que
2219 793 2334 832 non
2394 777 2707 833 immemcr
2777 778 3062 846 beneficii,
3121 780 3450 835 emnobium
3517 783 3705 838 sancti

2051 865 2352 920 Maximini
2381 865 2613 938 praediis
2639 866 2832 922 auxit:
2859 883 3112 938 quorum
3145 885 3329 923 unum
3363 870 3707 940 Patriosala,

2051 953 2209 1009 aliud
2269 954 2538 1011 Witmari
2597 955 2860 1022 ecclesia,
2896 957 3132 1011 tertium
3195 958 3555 1015 Comiciacus
3609 977 3709 1014 vo-

2052 1046 2236 1096 catur.
2285 1043 2496 1097 Sancto
2558 1047 2755 1098 autem
2818 1045 2978 1100 Petro
3040 1045 3434 1101 Andaclanam
3495 1047 3714 1103 obtulit

2050 1128 2268 1185 villam.

2577 1257 2730 1313 288
2771 1256 3000 1314 CAPUT
3039 1259 3186 1315 XIII.

2121 1398 2286 1469 Apud
2311 1398 2683 1470 saepedictam
2719 1400 3065 1457 memoriim
3092 1401 3269 1456 etiam
3304 1403 3431 1457 duae
3457 1403 3711 1470 feminae,

2052 1503 2304 1558 quarum
2334 1486 2518 1542 altera
2548 1487 2886 1554 Weltrudis,
2921 1487 3106 1544 altera
3147 1491 3449 1546 dicebatur
3479 1492 3711 1548 Elithil-

2053 1575 2163 1642 dis,
2181 1575 2319 1629 olim
2346 1593 2630 1631 manuum
2663 1582 2839 1649 atque
2872 1578 3087 1648 pedum
3120 1578 3426 1634 debilitate
3452 1579 3711 1647 inutiles,

2051 1662 2381 1718 interventu
2415 1663 2829 1736 gloriosissimi
2862 1666 3216 1722 confessoris
3257 1669 3594 1724 communia
3625 1685 3715 1724 re-

2051 1759 2332 1824 ceperunt
2353 1753 2563 1809 officia.
2588 1753 2689 1808 Vir
2713 1753 2952 1825 quidam
2979 1754 3264 1810 oriundus
3291 1755 3473 1823 Friso,
3499 1757 3591 1812 cui
3617 1775 3717 1812 no-

2057 1856 2190 1894 men
2212 1841 2355 1896 Albo
2383 1841 2511 1907 fuit,
2536 1858 2597 1897 se
2619 1858 2906 1913 suamque
2922 1843 3319 1899 substantiam
3339 1845 3508 1901 beato
3536 1846 3715 1901 Maxi-

2064 1929 2221 1983 mino
2253 1929 2508 1984 donavit.
2544 1932 2666 1995 Quo
2701 1931 2873 1998 facto,
2905 1948 3038 1986 cum
3074 1932 3322 1988 fratrum
3356 1934 3717 1990 utilitatibus

2061 2018 2394 2086 desudaret,
2429 2035 2664 2074 necesse
2694 2019 2806 2074 fuit
2837 2025 2900 2074 ut
2931 2021 3266 2093 negotiandi
3305 2023 3496 2095 gratia
3526 2028 3716 2078 trans-

2063 2106 2349 2162 marinam
2399 2111 2620 2179 peteret
2667 2109 2984 2180 regionem.
3021 2111 3105 2164 lta
3145 2110 3317 2165 classi
3351 2127 3451 2166 sex
3482 2111 3717 2167 navium

2062 2195 2338 2264 sociatus,
2372 2195 2675 2269 ingressus
2707 2202 2795 2252 est
2827 2215 3004 2254 mare.
3037 2199 3098 2253 ln
3131 2198 3316 2254 altum
3349 2205 3545 2255 autem
3580 2217 3714 2256 cum

2063 2285 2506 2356 processissent,
2527 2290 2847 2358 tempestas
2869 2292 3104 2358 repente
3127 2287 3331 2342 oborta
3353 2289 3585 2344 easdem
3619 2306 3719 2345 sex

2063 2390 2238 2440 naves
2261 2373 2579 2444 quassavit,
2604 2390 2669 2428 ac
2694 2375 2864 2428 undae
2886 2380 3182 2431 tumentes
3206 2377 3475 2448 protinus
3492 2377 3716 2432 solutas

2063 2462 2448 2518 involverunt.
2476 2464 2589 2517 lloc
2618 2462 2763 2516 Albo
2794 2463 3195 2535 deprehensus
3228 2465 3593 2522 necessitatis
3624 2484 3716 2522 ar-

2022 2569 2024 2574 '
2064 2551 2263 2616 ticulo,
2281 2556 2490 2606 nautas
2511 2551 2781 2607 hortatus
2802 2558 2891 2608 est
2913 2558 2978 2607 ut
2998 2570 3198 2609 secum
3214 2555 3399 2610 sancti
3417 2555 3718 2612 Maximini

2064 2641 2408 2712 suffragium
2443 2639 3189 2712 implorarent.Quibus,ut
3209 2661 3315 2715 par
3344 2644 3561 2711 erat,id
3583 2646 3719 2700 sub-

2065 2729 2244 2784 misse
2273 2729 2604 2801 agentibus,
2627 2729 2771 2784 Albo
2803 2730 2988 2785 virum
3024 2731 3211 2786 instar
3241 2733 3382 2788 solis
3413 2733 3718 2805 splenden-

2063 2823 2180 2873 tem
2201 2822 2255 2872 et
2273 2835 2452 2890 supra
2471 2833 2630 2872 mare
2653 2835 2767 2873 non
2801 2819 3014 2874 infusis
3046 2821 3294 2891 pedibus
3317 2822 3716 2878 ambulantem

2065 2907 2262 2962 subito
2293 2905 2560 2978 aspexit:
2596 2907 2697 2978 qui
2747 2907 3020 2964 fiduciam
3073 2910 3370 2965 conﬁtenti
3423 2928 3717 2967 resumere

2057 2997 2298 3067 jubens,
2328 3012 2462 3051 eum
2511 2997 2887 3052 formidinem
2935 3013 3071 3052 voce
3102 2998 3346 3070 pepulit,
3379 3003 3507 3054 tum
3539 3001 3715 3056 etiam

2067 3102 2175 3141 sua
2196 3083 2506 3156 praesentia
2547 3085 3030 3157 tranquillitatem
3063 3088 3312 3142 reduxit.
3341 3089 3435 3144 Sic
3467 3089 3600 3145 facti
3635 3106 3718 3145 re-

2067 3173 2266 3241 duces,
2290 3172 2511 3228 auetori
2537 3177 2657 3229 tam
2682 3174 3004 3229 manifestzs
3029 3174 3239 3231 salutis
3264 3177 3377 3232 Deo
3399 3183 3717 3250 sanctoque

1985 3257 2028 3323 C
2068 3262 2382 3317 Maximino
2395 3262 2598 3317 laudes
2612 3279 2744 3318 cum
2765 3281 2998 3320 summa
3010 3264 3397 3321 exsultatione
3420 3267 3713 3322 fuderunt.

2068 3351 2323 3406 Maxima
2347 3355 2487 3406 sunt
2517 3358 2574 3407 et
2606 3351 2740 3420 Deo,
2765 3352 2863 3424 qui
2892 3370 2995 3425 per
3023 3371 3219 3409 servos
3250 3371 3389 3411 suos
3419 3360 3714 3428 operatur,

2067 3441 2245 3513 digna
2274 3439 2576 3505 miracula,
2593 3445 2768 3513 atque
2797 3441 3001 3497 celebri
3037 3443 3324 3515 praeconio
3354 3445 3425 3499 ad
3455 3451 3717 3516 posteros

2066 3530 2538 3585 transmittenda.
2571 3529 2786 3585 Verum
2836 3530 2979 3586 illud
3012 3532 3418 3604 scrupulosius
3457 3538 3544 3589 est
3574 3550 3716 3589 con-

2069 3618 2472 3686 siderandum,
2505 3620 2658 3690 quod
2694 3625 2902 3692 praeter
2929 3624 3154 3676 tantam
3189 3623 3511 3678 ubertatem
3535 3623 3716 3678 virtu-

2067 3712 2216 3776 tum,
2252 3708 2490 3780 perinde
2543 3708 2712 3779 quasi
2771 3709 3008 3781 speciali
3067 3711 3274 3782 gratia,
3325 3713 3716 3785 fugandorum

2069 3797 2400 3852 daemonum
2437 3801 2691 3869 potestas
2724 3797 2892 3853 beato
2926 3799 3244 3855 Maximino
3293 3802 3580 3872 permissa
3609 3807 3714 3857 est.

2069 3888 2233 3953 Quod
2261 3903 2326 3941 ex
2360 3887 2860 3958 consequentibus
2889 3887 3054 3943 facile
3103 3890 3423 3960 apparebit.
3460 3890 3720 3946 Dixerint

2069 3976 2206 4030 hinc
2231 3975 2440 4030 melius
2457 3975 2576 4041 alii,
2593 3993 2741 4047 quos
2766 3977 2892 4031 vita:
2917 3976 3219 4033 sinceritas
3241 3977 3562 4034 ccelestium
3587 3980 3721 4035 fecit

2069 4065 2335 4119 conscios
2363 4065 2515 4120 289
2548 4080 2914 4120 arcanorum.
2948 4066 3228 4121 Caeterum
3275 4084 3414 4122 mea:
3446 4069 3719 4124 tenuitati

2066 4154 2297 4209 videtur
2327 4153 2482 4208 hunc
2516 4154 2704 4209 virum
2734 4171 2801 4210 ea
2831 4172 3009 4210 causa
3041 4154 3186 4210 illud
3214 4156 3581 4229 privilegium
3603 4174 3718 4213 me-

2069 4244 2259 4299 ruisse
2289 4243 2444 4314 quod
2478 4245 2616 4298 dum
2649 4261 3022 4300 communem
3057 4249 3251 4318 ageret
3278 4246 3476 4314 vitam,
3512 4248 3584 4302 ab
3624 4247 3719 4303 his

2068 4333 2358 4405 praecipue
2381 4333 2552 4388 fuerit
2571 4333 2727 4389 vitiis
2758 4332 2983 4389 alienus
3004 4334 3220 4405 quibus
3253 4339 3528 4407 apostatze
3547 4336 3716 4407 spiri-

2067 4426 2166 4477 tus
2195 4422 2496 4492 elegerunt
2523 4421 3041 4478 inconvertibiliter
3066 4423 3408 4496 mancipari,
3445 4425 3721 4498 superbia

2065 4509 2335 4566 videlicet
2365 4515 2420 4565 et
2450 4509 2685 4578 invidia,
2720 4528 3071 4584 aequumque
3101 4511 3290 4568 visum
3324 4513 3503 4570 fuisse
3525 4514 3718 4569 divino

300 4606 454 4662 votis
487 4605 795 4679 promissis
826 4605 885 4661 in
918 4606 1240 4660 sacrarium
1269 4607 1530 4674 secessit,
1565 4606 1793 4679 sibique
1823 4607 1960 4663 otl‘e-
1991 4630 2036 4696 D
2069 4598 2314 4655 consilio
2347 4602 2410 4652 ut
2442 4598 2538 4670 qui
2573 4600 2910 4670 superbiam
2941 4600 3273 4658 humilitate
3303 4603 3596 4674 dejecerit,
3630 4603 3717 4659 ἰη-

303 4696 518 4752 rendos
541 4695 700 4750 cibos
725 4693 1133 4767 poposcit;qui
1157 4694 1399 4768 triginta
1425 4694 1631 4752 diebus
1652 4696 1953 4767 proximis,

378 4830 456 4896 (α)
480 4827 837 4902 Hildulphys.
864 4829 993 4902 Sive
1021 4827 1312 4902 Hildolfus
1343 4829 1715 4902 Trevirorum
1742 4829 1962 4902 episco-

303 4915 457 4973 pus,
473 4899 573 4973 qui
607 4899 715 4973 sub
748 4900 1155 4973 Pippino__rege
1195 4899 1408 4955 floruit.
1443 4900 1641 4973 Exstat
1671 4899 1798 4972 ejus
1829 4903 1960 4958 Vita

303 4970 461 5042 apud
482 4970 732 5043 iSurium
765 4970 925 5027 tomo
958 4971 1050 5038 ιν,
1073 4970 1140 5026 ex
1161 4988 1278 5043 qua
1308 4976 1548 5043 apparet
1567 4970 1756 5027 virum
1779 4973 1958 5029 fuisse

305 5042 750 5114 sanctissimum
785 5059 798 5098 :
833 5043 986 5114 quod
1017 5042 1191 5098 etiam
1223 5042 1400 5098 docet
1416 5043 1724 5114 Richerius
1755 5062 1957 5100 mona-

304 5113 452 5167 chus
479 5113 708 5187 inlibro
731 5113 1610 5187 primoChroniciSenoniensis.
1626 5114 1690 5187 Ei
1707 5114 1959 5187 aliisque

303 5183 606 5240 nonnullis
639 5183 891 5256 partium
920 5185 1154 5241 illarum
1197 5186 1488 5311 episcogis
1519 5183 1958 5258 Stephanus-III

303 5278 331 5304 α
361 5255 827 5311 commisitvices
851 5273 990 5311 suas
1013 5259 1083 5311 ad
1117 5257 1383 5311 exnerien
1437 5274 1532 5311 um
1566 5262 1752 5311 actus.
1775 5259 1955 5311 virtu-

303 5278 331 5304 α
361 5255 1083 5330 commisitvicessuasad
1117 5255 1532 5330 experiendum
1566 5255 1752 5330 actus,
1775 5259 1955 5313 virtu-

301 5330 486 5399 tes,et
501 5331 664 5399 gesta
685 5345 752 5383 ac
773 5327 1060 5383 miracula
1089 5327 1274 5384 san—eti
1308 5329 1604 5396 Swiberti,
1631 5329 1701 5384 ad
1727 5330 1960 5384 canoni-

299 5398 558 5473 zandum
592 5398 787 5470 ipsum
819 5403 1112 5473 sanctum,
1139 5423 1164 5473 ξ)
1188 5405 1251 5455 ut
1273 5402 1342 5455 ad
1377 5400 1702 5456 Rixfridum
1726 5401 1956 5473 episco-

301 5486 447 5597 pium
495 5471 928 5552 Trajectensem
979 5471 1182 5526 scribit
1212 5473 1269 5527 S.
1306 5473 1608 5597 Ludgerus
1647 5471 1955 5556 episcopus

365 5546 806 5597 onasteriensis.
824 5542 1034 5596 Factus
1054 5546 1142 5597 est
1162 5548 1355 5597 autem
1380 5547 1446 5597 HI
1477 5542 1737 5597 duluhus
1767 5545 1955 5597 Trev1-

365 5542 806 5616 onasteriensis.
824 5542 1039 5616 Factus
1054 5546 1142 5597 est
1162 5548 1355 5616 autem
1370 5542 1737 5616 iHildulphtis
1767 5542 1958 5600 Trevi-

301 5629 504 5688 rorum
527 5613 1007 5688 archiepiscopus
1016 5614 1193 5684 jussu
1215 5613 1639 5688 Pippiniregis,
1659 5619 1722 5688 ut
1743 5616 1956 5688 diserte

301 5631 504 5668 rorum
527 5631 1193 5740 arcniipiscopuswssu
1215 5631 1274 5670 γι
1365 5632 1443 5668 im
1466 5631 1639 5688 regis,
1659 5631 1722 5670 Ut
1743 5631 1954 5672 diserte

297 5684 482 5742 tradit
529 5685 658 5758 ejus
759 5685 850 5742 itas
895 5684 1146 5760 scriptor
1178 5701 1190 5743 :
1227 5708 1254 5738 «
1284 5631 1415 5744 Min:
1445 5686 1621 5756 fama,
1655 5686 1865 5765 inquit,
1897 5689 1954 5746 in

2067 4689 2399 4760 vidiamque
2421 4688 2704 4744 cbaritate
2718 4688 3404 4756 contriverit,dominium
3422 4693 3719 4764 possideat

2069 4822 2202 4909 aula
2231 4823 2601 4907 regisPipini
2623 4823 3039 4909 ‘patris'Carol‘i
3070 4827 3289 4909 ‘Magni
3315 4898 3328 4909 ι
3349 4829 3676 4909 percrebuit
3701 4848 3713 4898 ;

2069 4899 2241 4972 atque
2261 4897 2479 4972 ex_ejus
2511 4897 2800 4952 sententia
2831 4897 3182 4972 Hildulphus
3196 4897 3714 4972 archiepiscopatu

2067 4967 2284 5092 gignat:
2315 4967 2664 5036 declaratur,
2699 4974 2753 5024 et
2784 4971 2854 5024 ad
2887 4970 2945 5025 id
2977 4967 3279 5042 dignitatis
3323 4967 3717 5027 assumendus

2109 5057 2124 5092 1
2174 5056 2252 5092 lnl
2287 5057 2373 5092 ur.
2411 5062 2439 5088 ››

2109 5039 2373 5093 illinitur.
2411 5062 2439 5088 »

2130 5111 2202 5182 (ὁ)
2224 5111 3245 5183 Tragisferendtlﬂujustranslationis
3261 5113 3713 5170 meminitetiam

2067 5181 2271 5237 auctor
2291 5181 2431 5236 Vitae
2455 5183 2640 5256 sancti
2673 5181 2970 5256 Hildulphi
2990 5184 3082 5239 his
3114 5184 3306 5256 verbis
3331 5201 3342 5237 :
3385 5205 3405 5232 ι
3431 5187 3534 5240 Hic
3564 5186 3718 5242 inter

2067 5257 2276 5329 caetera
2289 5254 2788 5329 magnificaopera
2811 5254 2917 5329 sua
2939 5273 3065 5329 qua:
3087 5254 3288 5329 gessit,
3304 5272 3515 5329 corpus
3531 5258 3717 5313 sancti

2068 5323 2367 5398 Maximini
2394 5323 2669 5398 praasulis
2693 5323 3051 5382 'I‘reviren'sis
3074 5323 3251 5382 aloco
3284 5323 3562 5398 quo-eum
3584 5346 3714 5384 san-

2066 5400 2196 5451 ctus
2227 5397 2504 5452 Paulinus
2534 5398 2864 5472 Aquitanus
2895 5399 3199 5472 sepelierat
3228 5398 3285 5452 in
3306 5397 3375 5454 eo
3407 5416 3524 5471 quo
3558 5418 3710 5456 nunc

2063 5473 2373 5524 veneratur
2404 5470 2721 5524 transtulit.
2761 5493 2788 5517 ››
2962 5470 2978 5472 ἡ
3287 5529 3291 5532 .

2137 5541 2437 5614 (cicarolo
2456 5543 2716 5613 principi.
2750 5541 2857 5614 Cui
2909 5542 3172 5599 Martello
3221 5559 3541 5614 cognomen
3583 5544 3709 5614 fuit,

2063 5611 2292 5687 Pippini
2325 5611 2498 5688 regis,
2531 5615 2700 5686 cujus
2729 5613 2900 5687 paulo
2932 5620 3065 5672 ante
3105 5611 3503 5687 Ire-minimus,
3539 5611 3708 5691 patri.
