4108 6474
188 482 311 545 689

1446 479 1550 544 DE
1592 480 1780 545 VITA
1823 479 1890 543 S.
1935 480 2357 545 WIGBERTI.

3490 481 3612 547 690

188 612 354 672 niam
388 630 556 672 suam
591 612 727 688 fuge
755 610 1004 688 repetito
1053 611 1370 671 certamine
1419 611 1744 687 cupientes,
1779 629 1846 670 ac
1875 615 1931 682 Α
1962 614 2152 670 sciens
2183 612 2454 672 reddidit.
2489 614 2837 672 Sanctorum
2870 632 3105 690 quoque
3157 615 3436 690 reliquiae,
3461 634 3612 692 quas

183 704 372 761 victor
403 705 567 777 prius
590 704 840 761 victores
864 704 934 760 ad
958 720 1143 760 unum
1165 702 1378 773 delere,
1394 704 1525 776 ipsa
1555 706 1723 760 nocte
1753 703 1849 759 cui

187 798 310 851 tam
345 793 601 851 credulis
630 794 847 868 negotii
871 794 995 850 dies
1027 792 1253 850 elucere
1285 793 1850 866 sperabatur,incre-

190 883 361 939 dibili
389 887 624 956 repente
654 882 905 956 perculsi
930 882 1262 950 formidine,
1296 884 1428 939 fusa
1458 881 1687 938 ccelitus
1733 881 1849 938 cla-

189 970 432 1029 rissima
458 972 588 1028 luce
618 971 827 1028 ambiri
859 972 1277 1044 conspicantur
1323 970 1629 1028 ecclesiam
1680 973 1850 1043 cujus

186 1062 479 1118 memoria
499 1063 626 1133 jam
660 1078 840 1133 supra
861 1060 1013 1116 facta
1040 1065 1147 1127 est,
1178 1064 1234 1116 et
1262 1078 1366 1133 per
1405 1059 1565 1116 illius
1614 1060 1848 1117 culmen

188 1152 346 1208 805
379 1150 673 1223 insignem
707 1150 1024 1223 quemdam
1058 1149 1434 1205 lineamentis
1468 1150 1707 1222 quidem
1738 1149 1851 1205 hu—

188 1241 353 1296 mani
388 1239 648 1314 corporis
680 1239 1258 1311 circumsriptum,at
1304 1239 1620 1295 valentiam
1665 1239 1852 1312 digni-

188 1333 493 1402 tatemque
520 1328 863 1384 mortalium
892 1328 1063 1401 longe
1092 1327 1643 1402 prastantem,albis
1673 1329 1847 1384 etiam

185 1419 453 1475 vestibus
475 1417 780 1484 amictum,
814 1417 926 1474 hac
955 1422 1014 1473 et
1044 1416 1176 1473 illac
1204 1417 1603 1474 deambulare'
1646 1416 1850 1473 Divino

184 1508 389 1581 itaque
420 1511 590 1573 nutu,
622 1510 679 1563 et
708 1506 889 1577 hujus
915 1505 1157 1563 visionis
1207 1506 1465 1564 exterriti
1518 1507 1846 1578 majestate,

184 1597 408 1655 relictis
430 1596 871 1669 impedimentis
903 1599 961 1651 et
990 1596 1267 1653 omnibus
1304 1595 1435 1652 aliis
1470 1596 1842 1665 necessariis,

180 1687 319 1743 vitea
373 1689 606 1743 tantum
663 1683 970 1741 consulere
1019 1684 1387 1753 festinantes,
1423 1685 1496 1741 ad
1548 1685 1752 1758 fugam
1786 1703 1848 1741 se

182 1776 381 1832 denuo
412 1772 731 1832 contulere.

806 1881 998 1937 CAPIT.
1038 1880 1236 1939 XVIII.

713 1976 791 2028 De
819 1970 1091 2028 divisione
1114 1971 1345 2044 praeda

262 2080 433 2137 Mane
462 2078 645 2152 igitur
674 2078 958 2152 oppidum
988 2079 1211 2151 egressi
1244 2078 1345 2151 qui
1377 2077 1564 2134 clausi
1587 2077 1847 2134 hostium

188 2170 483 2242 impetum
532 2169 917 2225 morabantur
957 2167 1188 2239 objectu
1246 2183 1574 2233 murorum,
1624 2171 1692 2223 ut
1749 2183 1848 2223 eos

189 2258 430 2329 abiisse,
463 2257 583 2314 imo
624 2256 785 2314 velut
835 2258 1027 2320 nudos
1076 2256 1306 2314 cunctis
1354 2256 1529 2329 vulgo
1586 2255 1850 2313 dimissis

186 2347 467 2422 etl‘ugisse
495 2350 927 2420 compererunt,
962 2346 1170 2403 divinae
1200 2345 1613 2403 muniﬁcentiae
1648 2349 1848 2418 gratu-

183 2437 398 2505 lantes,
431 2437 900 2494 adversariorum
951 2436 1141 2509 spolia
1184 2436 1406 2492 viritim
1455 2434 1657 2509 partiti
1687 2438 1848 2503 sunt,

182 2527 617 2600 inopinumque
637 2524 924 2600 gaudium
954 2528 1318 2583 revexerunt.

834 2650 1027 2707 CAPIT.
1067 2649 1209 2706 XIX.

441 2747 520 2798 De
548 2742 768 2798 homine
792 2741 1047 2813 paralysi
1069 2740 1302 2813 perenni
1320 2739 1597 2795 mulctato.

267 2849 468 2923 Neque
498 2847 580 2903 ita
600 2847 786 2903 multo
819 2850 970 2920 post,
1006 2862 1139 2902 cum
1170 2846 1349 2901 iidem
1382 2848 1638 2902 Saxones
1669 2862 1853 2901 rever-

198 2935 834 3007 tissent,instauraturi
866 2934 1017 2991 male
1050 2934 1218 2991 toties
1246 2939 1480 3007 experta
1507 2932 1850 2999 certamina,

195 3045 353 3085 unus
400 3043 606 3083 eorum
657 3025 811 3098 capit
839 3024 1340 3098 ignem,fomenta
1386 3023 1649 3095 subjicit,
1678 3021 1855 3078 eccle-

199 3119 351 3175 siam
385 3115 747 3188 conﬂagrare
770 3116 896 3184 jam
919 3113 1137 3169 dictam
1162 3112 1419 3169 molitur.
1436 3112 1547 3168 Sed
1579 3128 1745 3167 casso
1768 3112 1854 3167 in-

198 3208 468 3279 fectoque
516 3204 674 3271 nisu,
722 3203 921 3259 divina
966 3202 1180 3258 virtute
1222 3218 1327 3274 per
1373 3201 1852 3258 intercessionem

196 3294 387 3353 sancti
406 3292 769 3366 Wigberchti
803 3288 1099 3364 repulsus,
1131 3290 1440 3346 conatibus
1470 3306 1602 3346 vere
1626 3286 1855 3345 sacrile-

197 3386 289 3459 gis
322 3384 500 3456 digna
530 3381 728 3438 retulit
757 3380 1019 3454 praemia,
1053 3379 1307 3453 paralysi
1356 3378 1583 3435 scilicet
1612 3377 1851 3452 perenni
1882 3369 1926 3436 C

200 3473 543 3531 mulctatus.

762 3578 915 3634 306
954 3579 1143 3632 CAPIT.
1185 3576 1299 3632 XX.

540 3672 623 3724 De
652 3674 869 3741 raptore
897 3682 1061 3722 sensu
1089 3674 1140 3722 et
1160 3668 1279 3721 visu
1299 3667 1533 3738 privato.

273 3778 552 3834 Eamdem
578 3775 757 3832 etiam
779 3774 1021 3830 domum
1042 3772 1283 3847 quidam
1306 3792 1375 3829 ex
1399 3772 1515 3829 illis
1536 3772 1860 3845 exspoliare

203 3865 738 3934 conatus,defracta
749 3863 937 3935 janua
956 3863 1502 3936 irrupit,crucisque
1523 3865 1859 3935 argenteam

202 3954 487 4013 laminam
512 3954 730 4009 affabre
759 3952 1090 4008 inauratam
1123 3951 1320 4024 rapuit
1348 3951 1727 4024 profanisque
1745 3967 1863 4006 ma-

202 4045 379 4101 nibus
410 4057 785 4115 nequaquam
819 4040 1021 4097 efferre
1052 4043 1362 4095 cunctatus
1390 4042 1498 4095 est.
1528 4040 1601 4093 At
1630 4038 1861 4095 confes-

202 4133 312 4190 tim
344 4132 544 4189 divina
569 4130 714 4187 ultio
744 4128 1012 4186 insecuta
1039 4129 1120 4183 ita
1162 4127 1322 4183 hunc
1367 4127 1621 4183 reddidit
1667 4127 1862 4199 impo-

203 4228 324 4279 tem
357 4221 450 4278 sui
481 4224 548 4276 ut
575 4219 816 4275 brutum
849 4217 1040 4291 magis
1072 4215 1291 4272 animal
1341 4233 1516 4288 quam
1565 4215 1862 4272 hominem

204 4313 470 4368 duceres.
506 4309 601 4366 Sic
623 4324 759 4364 cum
791 4306 1013 4363 lamina
1044 4306 1198 4362 circa
1241 4305 1548 4362 ecclesiam
1596 4310 1865 4377 repertus

205 4401 513 4468 oberrans,
543 4397 700 4470 quod
733 4395 924 4452 sciens
983 4394 1135 4451 male
1184 4393 1535 4468 sublegerat,
1560 4396 1722 4467 juste
1765 4411 1865 4451 ne-

208 4541 453 4601 storiam
480 4540 657 4613 istam
672 4543 840 4612 putat
881 4539 1165 4613 distingui
1187 4540 1396 4596 debere
1418 4539 1492 4595 ab
1523 4556 1591 4613 ea
1612 4555 1869 4613 quaex-

208 4619 328 4696 stat
350 4614 506 4696 apud
522 4611 1030 4696 Regin‘onem'ﬁgo
1052 4611 1308 4696 namque
1335 4627 1542 4667 censeo
1564 4611 1660 4696 hic
1680 4611 1776 4684 agi
1796 4611 1869 4666 de

209 4682 459 4743 ecclesia
490 4682 829 4739 monasterii
873 4682 1352 4751 Friteslariensis,
1387 4699 1585 4755 quam,
1615 4682 1869 4738 Saxones

1957 703 2135 759 iidem
2193 708 2652 777 asportaverant,
2688 705 2744 761 in
2794 705 2933 763 villa
2991 707 3278 777 Gesmari,
3313 725 3439 781 quae
3492 724 3609 764 non

1958 792 2128 866 longe
2158 793 2340 862 abest,
2374 798 2611 867 repertae
2638 800 2777 851 sunt
2806 795 3065 870 integrae.

2598 928 2793 986 CAPIT.
2824 930 2964 986 XXI.

2345 1021 2426 1074 De
2459 1018 2766 1089 ine/Tectiva
2788 1021 3036 1091 potentia
3064 1022 3230 1090 ignis.

2029 1113 2144 1169 Nec
2175 1112 2321 1170 illud
2352 1115 2879 1189 transierim,quod
2912 1117 3205 1190 saepedicti
3229 1122 3485 1175 Saxones
3516 1119 3614 1175 ad-

1958 1202 2145 1258 hibito
2192 1200 2314 1276 igni
2362 1209 2418 1259 et
2467 1204 2777 1278 multiplici
2827 1206 3044 1273 fomite,
3078 1207 3268 1263 amica
3316 1224 3457 1263 sane
3487 1208 3610 1281 igni

1958 1292 2204 1348 materia
2232 1292 2571 1365 frequenter
2599 1293 2951 1351 inculcatam
2974 1296 3214 1352 domum
3236 1296 3397 1353 illius
3427 1295 3608 1353 eccle-

1958 1380 2056 1437 siae
2105 1382 2446 1438 comburere
2495 1384 2684 1438 conati
2735 1388 2903 1452 sunt;
2936 1386 3037 1440 sed
3084 1385 3414 1441 interventu
3452 1384 3610 1441 beati

1956 1470 2316 1543 Wigberchti
2373 1471 2582 1528 delusa
2624 1476 2713 1529 est
2754 1472 2989 1529 illorum
3021 1473 3271 1530 insania.
3305 1474 3609 1547 Siquidem

1958 1563 2189 1621 tantum
2224 1560 2414 1616 abfuit
2443 1561 2682 1617 effectus
2713 1562 2785 1619 ab
2815 1579 3015 1618 eorum
3048 1562 3348 1619 molitione
3370 1567 3435 1619 ut
3463 1580 3610 1636 prae-

1956 1652 2046 1704 ter
2072 1648 2134 1705 in
2167 1651 2433 1722 subjecta
2457 1651 2717 1707 fomenta
2739 1651 2821 1707 nil
2848 1651 3004 1725 ignis
3033 1651 3131 1708 ille
3160 1651 3408 1708 valuerit
3432 1668 3610 1724 quem
3698 1648 3715 1653 ⁷

1958 1739 2158 1795 furens
2189 1755 2402 1796 manus
2434 1739 2782 1797 adhibuerat
2809 1742 3216 1797 barbarorum.
3248 1740 3488 1797 Videres
3540 1740 3610 1796 li-

1957 1843 2209 1901 gnorum
2241 1828 2572 1902 simplicem
2605 1830 3048 1899 materiam,nec
3078 1847 3320 1903 prorsus
3351 1828 3611 1886 alumine

1958 1916 2221 1987 oblitam,
2252 1916 2410 1975 velut
2437 1917 2666 1975 amoliri
2695 1935 2730 1975 a
2760 1936 2822 1976 se
2853 1919 3007 1993 ignis
3037 1919 3381 1993 potentiam,
3415 1922 3472 1975 et
3516 1917 3611 1975 cui

1875 1991 1924 2057 Β
1951 2005 2117 2079 prius
2167 2012 2323 2064 esset
2367 2007 2617 2064 obnoxia
2664 2010 2764 2065 Dei
2813 1991 3114 2066 voluntate
3142 2009 3259 2065 vim
3302 2008 3610 2065 resistendi

1955 2095 2204 2153 inditam
2236 2096 2348 2154 sibi
2381 2101 2674 2155 ostentare
2703 2098 3079 2155 mirantibus.

2483 2213 2632 2270 307
2677 2215 2869 2271 CAPIT.
2910 2213 3079 2270 XXII.

2065 2301 2213 2370 Quod
2242 2302 2465 2358 ecclesia
2492 2304 2611 2375 ipsa
2640 2304 2813 2430 nulllis
2842 2304 3191 2431 aquatoribus
3218 2304 3493 2360 maculari

2657 2392 2727 2429 va
2752 2391 2872 2431 ueri
2900 2417 2913 2430 .

2657 2391 2913 2431 vatueru.

2029 2463 2326 2519 Saxonum
2358 2467 2493 2536 post
2521 2462 2851 2521 discessum
2882 2481 3018 2538 pars
3047 2465 3205 2522 haud
3237 2464 3447 2538 exigua
3465 2465 3609 2521 Has-

1958 2568 2172 2608 sonum
2211 2552 2528 2625 (Hassones
2582 2553 2799 2626 quippe
2858 2554 3136 2610 dicuntur
3188 2555 3287 2626 qui
3346 2553 3613 2611 incolunt

1957 2640 2154 2714 ipsum
2177 2642 2783 2715 pagum)mundatum
2811 2642 3117 2698 ecclesiam
3141 2657 3612 2710 convenere,sor-

1958 2731 2096 2786 dere
2114 2729 2277 2786 illam
2296 2747 2475 2803 quam
2494 2729 2839 2803 gravissime
2856 2732 3436 2805 ferentes,propterea
3456 2730 3612 2804 quod

1959 2820 2219 2876 Saxones
2249 2835 2535 2892 equorum
2567 2820 2629 2875 in
2658 2837 2726 2876 ea
2754 2820 3037 2894 praesepia
3064 2819 3613 2892 fecerant,nihilque

1959 2908 2229 2982 religioni
2250 2908 2599 2965 detulerant.
2615 2913 2832 2965 Verum
2849 2910 3191 2984 introgressi
3209 2910 3355 2966 nihil
3378 2910 3612 2982 penitus

1962 2998 2117 3071 quod
2150 3001 2303 3054 esset
2332 2998 2651 3054 verendum
2682 2998 3002 3055 inveniunt.
3033 3001 3119 3056 Ita
3148 2999 3413 3056 sordium
3434 3016 3613 3072 squa-

1958 3085 2151 3141 lorum
2172 3086 2372 3142 divina
2398 3086 2584 3143 virtus
2608 3087 2946 3143 deterserat.
2973 3088 3145 3145 Nulla
3172 3105 3424 3162 usquam
3445 3088 3615 3145 vesti-

1960 3175 2057 3248 gia
2084 3175 2475 3232 immunditiaa
2504 3177 2685 3233 totius
2715 3178 3069 3233 resederant.

2583 3311 2772 3367 CAPIT.
2812 3311 3006 3367 XXIII.

2038 3419 2166 3473 Haec
2196 3417 2535 3490 obtigerunt
2563 3418 2719 3474 circa
2747 3417 3055 3475 ecclesiam
3089 3420 3223 3475 ante
3272 3434 3451 3490 quam
3490 3434 3618 3474 mo-

1966 3510 2316 3562 numentum
2348 3506 2509 3563 illius
2539 3507 2639 3562 diu
2670 3508 2961 3564 mansisse
2990 3507 3471 3564 monstravimus.
3505 3509 3618 3563 Ca2-

1966 3599 2159 3652 terum
2190 3599 2503 3668 postquam
2536 3597 2596 3652 in
2618 3596 2899 3669 oppidum
2921 3614 3056 3653 ossa
3082 3596 3241 3652 illius
3260 3595 3622 3668 transposita

1969 3688 2126 3752 sunt,
2160 3689 2225 3740 ut
2275 3689 2645 3758 ungueutum
2694 3685 3211 3758 pretiosissimum,
3246 3684 3482 3757 quando
3528 3687 3620 3740 est

1969 3775 2276 3847 agitatum,
2309 3773 2677 3847 gratissimos
2707 3773 2822 3830 late
2868 3775 3093 3848 spargit
3138 3775 3366 3843 odores,
3400 3773 3483 3830 ita
3507 3771 3618 3828 viri

1968 3862 2151 3934 hujus
2181 3867 2350 3918 mota:
2382 3862 2641 3935 reliquiae
2682 3863 2935 3920 ubertim
2967 3862 3386 3920 miraculorum
3428 3863 3618 3936 spira-

1968 3968 2100 4007 vere
2132 3951 2532 4024 fragrantiam.
2558 3952 2800 4024 Aperuit
2820 3952 3103 4009 nimirum
3129 3970 3302 4009 verus
3333 3952 3551 4008 arbiter
3565 3956 3622 4007 et

1969 4038 2238 4110 intimus,
2272 4040 2556 4096 labefacta
2585 4043 2705 4113 jam
2743 4041 3007 4098 humana
3055 4042 3383 4098 conditione
3434 4058 3624 4096 mem-

1971 4129 2212 4184 brorum
2245 4145 2544 4202 compage,
2579 4129 2673 4184 cui
2705 4131 3000 4202 quondam
3047 4131 3169 4186 haec
3215 4147 3421 4204 regens
3467 4129 3624 4186 beati

1972 4217 2357 4291 Wigberchtii
2398 4217 2661 4289 paruerit
2708 4217 2971 4291 spiritus,
2999 4218 3272 4292 dignatus
3325 4236 3460 4275 eum
3513 4220 3628 4275 frc-

1973 4310 2219 4380 quenter
2250 4306 2407 4363 intra
2436 4307 2682 4363 biduum
2715 4307 3047 4364 triduumve
3077 4307 3384 4365 collatione
3423 4324 3629 4366 novem

1975 4393 2302 4469 signorum.

1976 4537 2235 4595 tentione
2264 4540 2485 4593 certare
2516 4538 2797 4593 adversus
2817 4538 3085 4610 eamdem
3107 4536 3412 4594 basilicam
3435 4554 3638 4610 quem-

1978 4610 2297 4666 admodum
2321 4626 2472 4684 _eam
2521 4625 2626 4684 per
2672 4609 2975 4684 quodlibet
3014 4610 3316 4683 ingenium
3346 4609 3481 4684 igne
3511 4628 3634 4668 cre-

1980 4697 2141 4764 mare
2172 4680 2623 4764 petitis-sentiljlt
2654 4681 2797 4763 dum
2835 4681 2972 4763 “haec
3020 4680 3283 4764 agerent,
3312 4680 3635 4764 apparuere

209 4756 477 4836 adhibito
501 4756 644 4836 igne
673 4770 1019 4836 consumere
1056 4744 1424 4836 tentarunt
1438 4754 1593 4836 quod
1616 4758 1774 4836 patet
1803 4770 1873 4809 ex
1902 4744 1947 4808 D
1982 4744 2337 4836 quibusdam
2368 4750 2850 4835 Ghristiunisqui
2882 4744 3136 4836 erantin
3168 4744 3426 4836 castello,
3451 4754 3630 4836 simul

210 4846 340 4902 cap.
369 4830 462 4896 23,
499 4824 759 4902 itemque
783 4843 851 4902 ex
875 4825 1005 4902 aliis
1037 4826 1302 4902 ejusdem
1524 4824 1689 4902 locis.
1708 4826 1866 4902 _R_em

211 4895 454 4974 gestam
473 4895 913 4974 narraﬁliegino
934 4896 1028 4974 his
1046 4895 1239 4974 verbis
1267 4913 1278 4951 :
1309 4918 1336 4945 ‹‹
1356 4898 1522 4974 Anno
1553 4896 1869 4974 Ilo_minic_ee

211 4966 635 5027 incarnationis
666 4966 805 5037 874,
826 4986 923 5024 rex
948 4968 1089 5024 dum
1121 4967 1239 5024 illis
1269 4966 1534 5039 partibus
1568 4968 1648 5039 (id
1691 4973 1780 5024 est
1808 4968 1869 5023 in

212 5042 402 5111 Italia)
425 5040 891 5114 probujusmodi
924 5040 1157 5113 negotio
1188 5038 1414 5114 moram
1446 5038 1870 5114 faceret,S_axo-

213 5131 318 5172 nes
349 5110 654 5169 occasione
692 5116 948 5185 accepta,
983 5110 1324 5185 postpositis
1373 5110 1779 5178 sacramentis,
1809 5111 1871 5185 in

214 5185 434 5242 finibus
466 5182 1138 5255 Francorum—impetum
1162 5182 1453 5255 fecerunt,
1487 5186 1543 5237 et
1583 5198 1768 5253 usque
1798 5183 1871 5238 ad

214 5260 473 5336 castrum
500 5255 655 5336 quod
678 5254 1018 5336 nominatur
1038 5254 1366 5336 Buriaburg
1381 5258 1696 5336 venerunt:
1721 5271 1873 5336 quo:-

214 5344 348 5384 rum
382 5325 697 5384 adventum
728 5325 931 5382 incolae
962 5326 1071 5382 loci
1102 5325 1769 5398 pers‘entientes,injam
1792 5325 1876 5380 di-

215 5404 371 5456 ctam
392 5398 867 5471 munitionemse
888 5397 1251 5471 receperunt.
1268 5397 1453 5471 Igitur
1477 5413 1611 5452 cum
1635 5398 1876 5471 prafata

214 5488 363 5546 gens
392 5470 636 5526 saeviens
658 5469 928 5546 cmpissct
952 5468 1277 5546 forinsecus
1301 5468 1877 5546 :villarum_aecliﬁc_ia

215 5539 611 5609 concremare,
643 5539 943 5612 venerunt
977 5540 1051 5612 ad
1101 5541 1416 5612 quamdam
1474 5539 1779 5596 basilicam
1812 5541 1873 5595 in

215 5614 472 5692 l_oco_gui_
503 5613 724 5692 dicitur
761 5609 1091 5678 Friedislar,
1118 5609 1304 5692 quam
1336 5616 1549 5667 sancta:
1580 5613 1875 5692 memoriae

218 5684 553 5742 Benifacius
578 5684 1207 5756 martyriconsecravit,
1239 5688 1414 5754 atque
1446 5701 1546 5755 per
1579 5684 1876 5755 propheti-

218 5774 357 5814 cum
380 5757 655 5829 spiritum
675 5754 941 5828 pr‘eedixit
963 5754 1117 5826 quod
1140 5754 1730 5829 nunquaminceudio
1750 5774 1875 5829 cre-

219 5826 501 5887 maretur.
518 5826 832 5901 Coeperunt
851 5829 1048 5883 autem
1069 5826 1293 5897 praefati
1325 5826 1581 5882 Saxones
1604 5827 1763 5882 omni
1787 5828 1878 5882 in-

2022 4824 2335 4879 uibusdam
2366 4824 2613 4897 paganis
2646 4825 2745 4896 qui
2792 4825 2856 4897 in
2906 4825 3111 4897 eodem
3159 4830 3325 4881 erant
3355 4830 3626 4897 exercitu,

1979 4841 2335 4950 quibusnam
2366 4841 2613 4897 paganis
2646 4841 2745 4896 qu1
2796 4842 2856 4879 1n
2906 4841 3111 4881 eouem
3159 4841 3325 4881 erant
3355 4841 3626 4895 exercitu,

2020 4913 2095 4951 uo
2122 4897 2363 4970 juvenes
2393 4895 2452 4950 in
2484 4894 3044 4970 albisivestimentis,
3078 4897 3176 4970 qui
3210 4897 3399 4969 ipsam
3432 4896 3632 4953 basili-

1980 4985 2110 5051 cam
2142 4968 2212 5022 ab
2244 4967 2381 5049 igne
2409 4969 2823 5051 protegebant;
2858 4973 2917 5024 et
2947 4967 3251 5051 propterea
3278 4985 3393 5023 non
3425 4973 3632 5040 potue-

1982 5043 2120 5094 runt
2149 5037 2336 5112 neque
2367 5037 2853 5112 interiuspne'que
2899 5037 3154 5112 exterius
3201 5040 3396 5112 ignem
3427 5037 3630 5095 accen-

1982 5113 2146 5184 dere.
2171 5110 2396 5184 Interea
2426 5114 2572 5165 nutu
2605 5110 2798 5184 divino
2829 5111 3153 5184 majestatis
3178 5110 3389 5184 pavore
3417 5116 3634 5183 perter-

1983 5181 2099 5264 riti,
2132 5182 2192 5264 in
2232 5182 2433 5264 fugam
2463 5182 2726 5264 conversi
2748 5181 3197 5264 sunt,’nemine‘
3221 5181 3632 5264 persequente.

1981 5255 2258 5326 Inventus
2288 5256 2376 5309 est
2407 5257 2601 5309 autem
2633 5259 2835 5326 postea
2866 5271 3140 5326 unushex
3185 5255 3406 5326 eisdem
3452 5255 3632 5326 Saxo-

1983 5324 2158 5380 nibus
2186 5329 2456 5398 mortuus
2477 5323 2652 5396 juxta
2677 5327 2879 5398 ipsam
2898 5323 3224 5398 basilicam,
3260 5325 3423 5382 ﬂexis
3467 5325 3630 5398 geni-

1983 5399 2112 5470 bus,
2151 5396 2388 5470 acclivis
2419 5396 2836 5470 suprape—des,
2868 5397 3096 5470 habens,
3136 5397 3330 5470 ignem
3383 5396 3640 5470 etuligna

1984 5469 2044 5523 in
2101 5469 2378 5523 manibus
2433 5467 2692 5524 etﬁvelut
2731 5486 2827 5541 ore
2873 5469 3038 5541 ﬂaret
3087 5467 3276 5541 ipsam
3328 5467 3635 5525 basilicam

1986 5556 2263 5595 cremare.
2328 5563 2356 5590 »
2418 5541 2698 5596 Eamdem
2757 5539 3062 5596 historiam
3110 5539 3370 5595 narrant
3433 5543 3640 5595 auctor

1986 5611 2347 5685 YitzeCaroli
2381 5612 2599 5685 Magni,
2632 5617 2836 5668 auctor
2863 5611 3174 5685 Annalium
3226 5611 3635 5685 Fuldensium,

1985 5682 2358 5755 Eginhardus
2410 5682 2861 5740 in'Annalibus.
2898 5684 3196 5740 Marianus
3251 5685 3474 5752 Scotus,
3518 5682 3637 5740 alii.

1986 5755 2290 5836 Ejusvero
2322 5755 2526 5827 paucis
2556 5757 2825 5812 meminit
2856 5756 3203 5813 Lambertus
3242 5755 3641 5812 Schafnabur-

1987 5842 2204 5898 gensns.
