4108 6460
1463 396 1534 457 Β.
1583 395 1645 458 S.
1691 393 1872 458 LUPI
1922 389 2256 454 ABBATIS
2296 390 2902 468 FERRARIENSIS.

3781 391 3917 455 696

473 543 632 597 mus,
665 526 817 585 sicut
844 530 903 585 et
932 526 1116 585 ΗΒΕΑ.
1162 526 1302 585 ideo
1352 525 1643 602 siquidem
1673 526 1990 583 altithrono
2016 525 2132 581 Deo
2164 524 2217 592 Α
2245 541 2403 583 nunc
2430 525 2625 599 specie
2655 525 2918 600 gerimus
2947 542 3145 583 rerum
3173 524 3414 584 veritate
3441 524 3916 600 capiamusJiasc

473 621 706 676 nostras
729 616 1074 691 impollutas
1100 616 1392 692 imagines
1416 618 1657 674 reddere
1674 614 2141 684 debemus,sicut

474 706 613 765 alibi
644 706 823 780 dicit:
859 707 1059 781 Imago
1089 705 1333 764 Caesaris
1364 707 1645 763 reddatur
1673 706 1907 774 Caesari,
1943 707 2139 778 imago

478 796 578 859 Dei
606 797 888 854 reddatur
917 797 1035 854 Deo
1060 796 1268 870 (Matth.
1301 814 1477 857 xxxn.
1516 801 1692 853 Marc.
1725 814 1826 863 xu,
1859 799 1986 852 Luc.
2020 796 2135 868 xx).

478 886 540 955 Si
567 902 677 943 nos
696 886 764 942 in
784 885 1219 960 comparatione
1239 884 1477 942 illorum
1502 885 1859 943 lutulentam
1881 902 1985 958 pro
2010 902 2142 941 san-

480 974 679 1032 ctitate
709 974 996 1031 habemus
1023 973 1226 1044 vitam,
1257 978 1458 1032 tamen
1518 975 1735 1048 quippe
1781 976 1843 1030 in
1874 975 2143 1047 despera-

480 1063 720 1133 tionem,
754 1081 882 1138 quze
913 1063 1240 1136 periculosa
1279 1068 1387 1132 est,
1423 1065 1630 1121 cadere
1684 1063 1915 1121 Domini
1952 1063 2143 1121 admi-

483 1142 679 1210 niculo
710 1170 826 1209 non
856 1152 1161 1222 debemus,
1196 1152 1336 1226 quia
1363 1156 1640 1212 universae
1667 1156 1777 1212 via?
1795 1155 2017 1211 Domini
2045 1155 2145 1210 mi-

482 1242 781 1299 sericordia
807 1249 859 1298 et
894 1243 1098 1298 veritas
1138 1242 1309 1313 (Psal.
1342 1242 1493 1314 xxnv)
1529 1259 1635 1299 suo
1686 1243 1802 1299 ﬁne
1853 1242 2143 1301 distinctae

486 1330 881 1389 sunt.Etenim
913 1331 1339 1404 omnipotentis
1361 1331 1615 1405 benigna
1637 1336 1811 1405 atque
1829 1331 2108 1389 ineffabili
2118 1350 2146 1388 s

406 1422 411 1427 ’
482 1420 754 1477 voluntas
785 1419 867 1476 nil
887 1419 1171 1477 discernit
1191 1420 1306 1477 nisi
1321 1421 1467 1477 illud
1490 1422 1645 1493 quod
1661 1422 1996 1491 justissima
2015 1439 2148 1479 con-

484 1503 661 1567 venit.
675 1509 858 1566 Nemo
887 1525 1021 1566 vero
1053 1510 1124 1566 de
1156 1527 1336 1583 supra
1366 1511 1708 1567 memoratis
1755 1511 1974 1567 sanctis
2023 1515 2147 1568 tam

485 1600 694 1656 doctus
725 1600 1120 1673 [teg.sanctus]
1154 1599 1265 1656 fuit
1295 1600 1395 1674 qui
1418 1617 1657 1656 summa
1677 1618 1793 1657 non
1824 1600 2149 1675 iudignerit

486 1687 909 1746 misericordia.
956 1688 1086 1745 Non
1141 1688 1299 1745 enim
1352 1688 1438 1746 ita
1486 1688 1586 1746 ulli
1631 1689 1962 1747 divinorum
1992 1691 2156 1759 310,

488 1777 779 1834 bonorum
793 1777 1095 1832 sufﬁciunt
1107 1782 1422 1851 augmenta
1443 1782 1508 1833 ut
1524 1796 1639 1835 non
1653 1796 1885 1852 semper
1895 1779 2149 1853 amplius

2246 631 2380 672 vero
2410 614 2661 672 strictim
2695 617 3061 689 breviterque
3092 616 3420 691 attigimus.
3449 620 3732 673 Ceterum
3763 616 3916 689 quid

2250 704 2501 771 felicius,
2537 705 2749 778 quidve
2776 705 3097 774 saiubrius,
3145 723 3326 779 quam
3375 707 3594 763 servire
3639 711 3774 775 Deo,
3804 706 3919 780 qui

2249 794 2541 850 mundum
2574 795 2755 851 tantis
2784 794 3200 867 gubernaculis
3226 797 3396 870 regit,
3430 800 3488 853 et
3516 813 3699 853 omnes
3729 796 3921 853 homi-

2247 900 2343 941 nes
2368 886 2487 940 vult
2513 885 2688 940 salvos
2717 885 2842 956 ﬁeri
2869 894 2920 941 et
2948 886 3019 942 ad
3057 887 3399 956 agnitionem
3448 888 3696 943 veritatis
3723 889 3922 942 venire

2252 972 2299 1043 (Ι
2331 974 2465 1029 Tim.
2502 976 2598 1039 Ii):
2635 978 2927 1046 quatenus
2966 992 3128 1042 sane,
3162 992 3297 1047 cum
3340 974 3629 1049 generalis
3659 975 3921 1031 advene-

2252 1061 2328 1116 rit
2356 1061 2501 1131 dies,
2537 1079 2740 1119 omnes
2771 1062 2885 1119 laeti
2918 1081 3022 1136 pro
3052 1064 3223 1121 bonis
3254 1064 3550 1139 operibus,
3581 1068 3637 1121 et
3666 1064 3767 1120 Dei
3792 1064 3923 1120 suf-

2251 1151 2435 1224 fragio
2493 1153 2758 1224 protecti,
2812 1157 3087 1210 aeternam
3141 1154 3566 1211 beatitudinem
3625 1171 3745 1210 una
3773 1170 3917 1211 cum

2253 1240 2475 1299 sanctis
2505 1241 2631 1298 suis
2662 1243 2922 1316 accipere
2953 1260 3303 1300 mereamur.

2878 1385 3184 1442 HOMILIA
3222 1386 3293 1442 Il.

2327 1508 2530 1563 Restat
2558 1507 2738 1582 igitur
2767 1508 2959 1565 adhuc
3011 1509 3231 1583 aliquid
3275 1512 3346 1566 de
3377 1514 3579 1567 sancto
3609 1508 3922 1584 Wigberto

2255 1596 2412 1653 brevi
2445 1614 2715 1654 sermone
2747 1616 2983 1656 narrare
3007 1600 3128 1673 ;qui
3160 1599 3344 1656 tantis
3364 1600 3427 1655 in
3453 1599 3563 1656 hoc
3584 1600 3806 1656 mundo
3822 1600 3926 1655 be-

2257 1685 2481 1744 neficiis
2510 1687 2905 1761 omnibusque
2934 1687 3299 1746 Christicolis
3347 1688 3579 1756 claruit,
3611 1692 3677 1744 ut
3706 1689 3924 1747 merito

2256 1779 2416 1832 totus
2440 1776 2809 1833 Christianus
2840 1777 3093 1850 populus
3152 1795 3388 1834 summa
3443 1778 3816 1835 veneratione
3846 1779 3926 1834 de

491 1865 748 1939 supersit
776 1866 931 1938 quod
962 1883 1132 1922 mens
1153 1870 1381 1923 armata
1411 1867 1624 1924 divinis
1653 1869 1951 1943 suffragiis
1971 1873 2029 1925 et
2058 1868 2150 1924 in-
2182 1903 2228 1969 B
2260 1864 2630 1922 solemnitate
2678 1865 2836 1923 illius
2868 1868 3161 1940 gaudeat;
3196 1867 3449 1924 maxime
3498 1884 3754 1941 namque
3786 1885 3921 1925 nos.

489 1954 877 2029 telligendu'm
913 1954 1207 2013 desideret
1254 1960 1312 2011 et
1364 1957 1709 2029 gerendum.
1758 1959 2151 2024 Quamobrem

491 2044 753 2101 nemo‘de
773 2043 1575 2118 magnitudineiniquitatum
1602 2062 1845 2103 suarum
1858 2048 2151 2120 desperet,

490 2131 642 2190 sicut
670 2131 810 2191 alibi
832 2131 1010 2190 dicit:
1044 2134 1184 2189 Nolo
1226 2141 1455 2191 mortem
1497 2136 1916 2207 peccatoris,sed
1944 2144 2153 2193 utcon-

490 2230 753 2291 vertatur,
786 2229 841 2280 et
881 2224 1032 2279 vivat
1062 2223 1275 2295 (Ezech.
1326 2224 1546 2297 χχχιιι).
1591 2225 1702 2282 Sed
1733 2230 1932 2282 tamen
1987 2224 2152 2281 vide-

489 2311 629 2373 licet
637 2310 1019 2371 acceleranda
1038 2315 1127 2367 est
1140 2311 1435 2370 medicina
1444 2314 1845 2371 conversionis
1856 2315 1928 2371 ad
1942 2314 2125 2371 Deum
2135 2355 2149 2381 ,

492 2419 567 2463 ne
596 2406 833 2475 tempus
862 2400 1238 2458 correctionis
1267 2406 1447 2475 atque
1475 2404 1907 2460 emendationis
1956 2408 2155 2477 pereat

493 2491 768 2553 tarditate
796 2493 973 2563 atque
1022 2489 1402 2563 negligentia,
1436 2491 1578 2564 quia
1623 2493 1844 2549 nemini
1884 2498 2153 2550 nostrum

495 2579 712 2639 ultima
739 2579 866 2636 dies
898 2582 1037 2635 nota
1064 2580 1434 2653 est.ldeoque
1452 2581 1723 2638 veridicis
1741 2581 1904 2639 Pauli
1926 2588 2156 2639 senten-

494 2668 598 2727 tiis
628 2684 801 2727 aures
824 2666 1017 2725 cordis
1069 2669 1602 2739 accommodamus,
1637 2670 1739 2727 ubi
1779 2670 1957 2728 dicit:
1994 2672 2155 2745 Abji—

496 2761 711 2818 ciamas
749 2773 876 2830 ergo
921 2773 1086 2830 opera
1123 2758 1495 2824 tenebrarum,
1555 2768 1608 2817 et
1663 2760 1968 2818 induamur
1997 2779 2158 2819 arma

497 2849 658 2911 tum.
691 2847 845 2907 Sicut
889 2849 951 2903 in
998 2847 1088 2903 die
1143 2846 1362 2905 honeste
1415 2848 1757 2906 ambulemus
1789 2851 1961 2924 (Rom.
2008 2852 2153 2923 xm).

498 2937 673 2999 Nulla
700 2937 860 2994 enim
892 2936 1123 2994 Domini
1156 2936 1340 2994 nostri
1370 2938 1508 2994 Jesu
1543 2938 1755 2995 Christi
1778 2957 1957 3013 opera
1984 2941 2158 2997 mise—

496 3026 751 3086 ricordia
779 3030 1008 3093 vacant,
1042 3026 1278 3098 quando
1304 3026 1527 3084 homini
1552 3032 1609 3085 et
1638 3028 2006 3102 indulgentia
2027 3047 2160 3087 con-

496 3116 645 3177 sulit
667 3120 727 3173 et
753 3115 1137 3190 castigatione
1162 3119 1241 3184 ;et
1259 3115 1716 3174 misericorditer
1734 3118 1997 3192 providet
2015 3124 2160 3177 tem-

500 3205 760 3281 poralem
791 3205 1213 3275 austeritatem,
1248 3222 1321 3261 ne
1351 3210 1624 3263 aeternam
1649 3209 1811 3279 juste
1839 3208 2054 3266 inferat
2071 3208 2157 3266 ul-

497 3280 740 3355 tionem.
775 3294 847 3351 Et
876 3294 1005 3353 ideo
1034 3310 1207 3350 nemo
1235 3294 1293 3351 in
1317 3294 1497 3368 hujus
1527 3295 1655 3352 vitae
1684 3296 1893 3354 itinere
1914 3301 2159 3371 torpeat,
2193 3280 2235 3346 Ο

500 3403 575 3445 ne
603 3385 665 3444 in
692 3384 883 3459 patria
917 3384 1387 3442 amoenissimum
1436 3386 1643 3458 perdat
1689 3385 1907 3443 locum.
1940 3389 2162 3447 Idcirco

502 3475 608 3550 qui
634 3476 819 3532 Deum
851 3474 1059 3548 quaerit
1086 3475 1245 3531 bona
1269 3473 1588 3547 voluntate,
1624 3475 1684 3531 in
1729 3493 1845 3548 quo
1887 3481 1976 3532 est
1997 3495 2160 3535 sum-

503 3581 667 3623 mum
697 3564 988 3622 bonorum
1016 3564 1285 3619 omnium
1317 3567 1529 3620 cuncta
1560 3565 1717 3621 intra
1757 3582 1820 3621 se
1849 3567 2005 3623 bona
2032 3585 2161 3641 per-

502 3656 773 3726 factaque
797 3651 1281 3719 continens,nihil
1308 3651 1469 3708 aliud
1501 3652 1708 3724 quaerit
1727 3654 1840 3711 nisi
1864 3655 2166 3727 sempiter-

501 3758 646 3802 num
678 3742 739 3799 in
768 3740 1237 3816 cuilogaudium.
1262 3742 1607 3806 Qumramus
1652 3759 1790 3816 ergo
1820 3744 2158 3814 Dominum,

500 3832 664 3890 sicut
684 3832 894 3889 beatus
920 3829 1032 3887 iste
1056 3830 1158 3887 Dei
1190 3829 1452 3889 famulus
1499 3831 1655 3899 fecit,
1687 3837 1746 3888 et
1784 3838 2020 3907 propter
2051 3834 2162 3892 hoc

499 3938 698 3980 coram
728 3925 842 3978 Deo
854 3924 923 3977 et
936 3919 1282 3977 hominibus
1292 3924 1980 3989 coronatur.Quaaramus
1990 3923 2159 3979 illum

497 4011 683 4071 armis
712 4025 847 4069 cum
869 4008 1087 4084 quibus
1126 4024 1263 4065 eum
1310 4008 1571 4066 invenire
1617 4011 1936 4084 possimus,
1971 4013 2159 4069 Deum

497 4100 819 4176 diligendo,
868 4099 1321 4175 proximumque
1389 4101 1666 4170 amando,
1730 4100 2157 4176 eleemosynam

497 4187 1022 4256 hndomcclesiaxr
1061 4186 1698 4246 assiduisorationibus
1714 4189 2159 4263 frequentando,

497 4278 807 4352 armisque
828 4294 1062 4351 semper
1108 4275 1414 4334 diabolicis
1465 4276 1713 4333 Domino
1743 4278 1997 4337 donante
2017 4280 2161 4335 resi-

499 4368 729 4436 stendo,
762 4365 902 4439 quia
930 4365 1109 4425 etiam
1148 4381 1253 4438 per
1280 4365 1471 4422 varios
1502 4382 1675 4422 casus
1726 4366 1993 4424 mortalis
2020 4368 2159 4436 vita,

500 4455 672 4530 quasi
704 4455 910 4513 mundi
961 4454 1171 4523 orbita,
1218 4454 1533 4510 concurrit.
1582 4455 1763 4512 Nemo
1786 4457 1845 4513 in
1903 4458 2014 4514 hac
2042 4457 2162 4517 vita

500 4544 721 4619 gaudia
746 4544 925 4603 habet
952 4542 1229 4601 caalestia.
1259 4543 1371 4599 Sed
1414 4543 1487 4599 ab
1536 4543 1701 4601 initio
1736 4547 1938 4602 mundi
1974 4564 2162 4619 usque

2259 1954 2431 2028 quiin
2454 1957 2802 2028 suum'apud
2829 1960 3006 2013 Deum
3034 1956 3427 2028 patrocinium
3448 1957 3614 2015 hicet
3632 1958 3691 2014 in
3715 1958 3923 2013 futuro

2260 2044 2634 2101 confidimus.
2669 2044 2974 2102 Credimus
3003 2046 3159 2103 818
3192 2046 3673 2119 siquidemillum
3702 2047 3763 2103 in
3788 2064 3937 2120 prae-

2261 2134 2450 2190 sentia
2478 2132 2709 2190 Domini
2741 2135 2929 2191 nostri
2956 2135 3320 2192 JesuChristi
3339 2136 3725 2209 omniaposse
3745 2136 3937 2210 impe-

2259 2226 2415 2279 trare
2426 2223 2498 2279 de
2511 2223 2727 2294 quibus
2742 2222 2844 2279 illu
2855 2240 2911 2279 m
2927 2223 3041 2295 piis
3065 2225 3406 2297 devotisque
3420 2225 3611 2299 poscit
3630 2226 3935 2297 precibus,

2261 2311 2405 2367 dum
2432 2315 2598 2368 tanta
2624 2311 2686 2368 in
2718 2312 3032 2385 prementia
3063 2312 3265 2385 populi
3290 2312 3577 2370 miracula
3604 2314 3758 2371 sicut
3779 2331 3943 2387 saepe

2264 2400 2538 2467 audistis,
2573 2417 2677 2474 pro
2708 2402 2837 2472 ejus
2885 2401 3062 2459 laude
3112 2400 3459 2459 nobilitavit'
3511 2402 3740 2461 Videtis
3773 2420 3941 2477 ergo,

2264 2489 2472 2546 fratres
2501 2489 2857 2555 charissimi,
2878 2495 3102 2562 quanta
3131 2490 3393 2548 humano
3423 2492 3621 2566 generi
3640 2491 3832 2566 gloria
3846 2497 3947 2549 est

2264 2579 2450 2637 Deum
2472 2579 2678 2635 devota
2708 2583 2904 2636 mente
2929 2579 3228 2653 sequi,qui
3260 2598 3572 2655 nunquam
3596 2582 3655 2638 in
3689 2581 3943 2639 tribula-

2263 2667 2523 2724 tionibus
2554 2667 2907 2741 derelinquit
2934 2674 3235 2741 sperantes
3265 2669 3325 2725 in
3358 2686 3444 2740 se,
3466 2672 3569 2728 sed
3601 2688 3810 2728 omnes
3830 2671 3947 2733 sci-

2264 2757 2402 2814 licet
2430 2758 2531 2830 qui
2552 2775 2656 2831 pro
2672 2775 2871 2815 arnore
2904 2758 3063 2816 illius
3085 2760 3389 2817 ﬂorentem
3413 2760 3941 2834 despiciuntmun-

2264 2848 2405 2903 dum
2437 2847 2670 2904 aeternis
2702 2848 2760 2902 in
2794 2846 2938 2904 caelo
2970 2849 3207 2922 gaudiis
3258 2849 3577 2907 honorifice
3627 2850 3943 2920 sublimat,

2267 2936 2419 2994 sicut
2447 2937 2577 3010 ipsa
2605 2936 2833 2994 Veritas
2865 2942 3118 2995 testatur
3148 2938 3351 2996 dicens
3371 2956 3384 2996 :
3406 2940 3513 3009 Qui
3533 2947 3716 2996 autem
3743 2940 3950 3011 diligit

2264 3042 2370 3093 me,
2399 3027 2663 3097 diligetur
2710 3045 2744 3082 ιι
2783 3033 2949 3084 Patre
2980 3044 3119 3095 meo,
3153 3035 3206 3085 et
3260 3044 3354 3100 ego
3409 3029 3647 3099 diligam
3685 3046 3829 3095 eum,
3894 3038 3950 3087 et

2263 3118 2630 3189 mani/“astabo
2658 3118 2715 3173 ei
2743 3133 2829 3173 me
2860 3119 3044 3189 ipsum
3073 3120 3250 3191 (Joan.
3282 3121 3424 3185 xw).
3450 3117 3666 3176 Paulus
3697 3135 3945 3192 quoque

2269 3206 2571 3279 apostolus
2600 3207 2671 3262 de
2702 3205 3087 3279 diligentibus
3119 3212 3301 3264 Deum
3350 3208 3533 3263 dixit:
3569 3208 3718 3277 Quod
3745 3211 3945 3266 oculus

2272 3312 2380 3351 non
2417 3296 2571 3364 vidit,
2605 3312 2703 3352 nec
2733 3297 2888 3352 auris
2916 3296 3253 3364 audivit,nec
3284 3299 3343 3353 iu
3372 3313 3465 3354 eor
3489 3298 3727 3355 hominis
3751 3315 3945 3356 ascen-

2271 3385 2372 3451 dit,
2404 3400 2531 3457 qute
2558 3387 2900 3457 praeparavit
2943 3388 3085 3442 Deus
3129 3385 3490 3455 diligentibus
3526 3403 3586 3443 se
3613 3388 3662 3456 (Ι
3691 3388 3815 3445 Cor.
3851 3390 3941 3459 ιι).

2271 3472 2410 3528 Erat
2439 3473 2657 3545 quippe
2690 3470 2778 3528 vir
2802 3473 2913 3529 iste
2945 3477 3188 3531 sanctus
3217 3473 3740 3548 Wigbertus,sicut
3769 3493 3947 3535 sacra

2272 3561 2430 3617 fama
2462 3564 2684 3627 narrat,
2718 3560 2878 3617 omni
2911 3562 3198 3635 dignitate
3257 3563 3596 3635 praeclarus,
3627 3565 3813 3629 corde,
3833 3583 3945 3639 pro

2272 3650 2374 3706 Dei
2407 3650 2822 3718 amorelsetus,
2867 3652 3130 3709 moribus
3174 3669 3408 3725 semper
3462 3654 3847 3727 compositus,
3879 3655 3943 3712 in

2272 3740 2431 3795 omni
2459 3756 2633 3812 opere
2667 3740 2762 3795 Dei
2798 3744 3094 3799 strenuus.
3128 3741 3270 3813 Ejus
3296 3758 3432 3798 vero
3463 3748 3684 3799 secreta
3702 3759 3944 3801 conver-

2271 3830 2420 3885 satio
2450 3828 2509 3886 in
2538 3828 2755 3903 vigiliis
2786 3832 2845 3886 et
2866 3829 3345 3897 orationibus,vel
3376 3831 3555 3888 etiam
3576 3831 3634 3887 in
3660 3833 3935 3904 jejuniis,

2272 3916 2332 3974 in
2364 3918 2671 3975 sanctitate
2700 3918 2854 3985 vitae,
2888 3922 2947 3973 et
2977 3918 3286 3992 signorum
3316 3920 3655 3978 ostensione
3684 3921 3939 3995 intelligi

2270 4007 2828 4065 datur.Charitatem
2864 4006 3160 4080 siquidem
3184 4008 3463 4067 assiduus
3483 4009 3650 4069 labor
3676 4012 3939 4071 ostendit

2270 4113 2447 4169 quem
2480 4095 2741 4170 quotidie
2760 4114 2865 4170 pro
2889 4097 3103 4157 Christi
3124 4098 3361 4156 nomine
3382 4099 3938 4174 sustinuit.Semper

2269 4186 2427 4242 enim
2458 4202 2664 4243 omnes
2677 4185 2817 4245 dies.
2834 4186 2962 4242 vitm
2978 4203 3097 4241 sure
3128 4186 3407 4245 indivino
3429 4188 3739 4260 proﬁciens
3759 4206 3935 4262 opere

2271 4275 2383 4331 fuit
2413 4276 2801 4347 omnipotenti
2834 4275 3109 4332 amabilis
3137 4290 3238 4347 pro
3267 4276 3498 4335 eximiis
3547 4278 3847 4351 operibus,
3877 4284 3937 4335 et

2269 4364 2432 4422 omni
2448 4364 2664 4437 populo
2687 4363 3104 4437 placabilis.Ab
3127 4364 3375 4423 infantia
3394 4366 3550 4424 enim
3570 4372 3784 4425 cuncta
3804 4384 3933 4441 que

2271 4454 2486 4511 habere
2516 4453 2710 4527 potuit
2737 4454 2810 4509 ad
2845 4453 3081 4526 pietatis
3129 4470 3280 4526 opus
3337 4454 3628 4529 largifluis
3658 4457 3934 4515 manibus

2269 4542 2496 4611 tribuit,
2531 4548 2598 4598 ut
2637 4543 2959 4608 Christum,
3012 4560 3115 4615 pro
3166 4544 3337 4601 nobis
3378 4544 3599 4601 factum
3658 4562 3930 4621 egenum,

500 4634 653 4692 “'1
716 4631 833 4689 huc
892 4630 1061 4687 multi
1117 4631 1495 4689 deviaveiunt
1566 4651 1668 4705 per
1737 4635 2159 4708 ignorantiam,
2191 4655 2237 4719 Β
2270 4632 2595 4706 egensipse
2644 4636 3008 4704 sequeretur.
3055 4631 3199 4698 Quis
3236 4633 3393 4689 enim
3446 4638 3565 4689 tam
3626 4633 3840 4707 loquax
3870 4636 3932 4692 in

500 4721 643 4796 quia
664 4720 818 4778 inter
845 4719 1033 4777 multa
1066 4719 1408 4778 turbulenta
1436 4726 1494 4778 et
1526 4722 1755 4780 fallacia
1774 4725 1959 4782 Deum
1988 4743 2160 4783 nosse
2270 4722 2473 4796 lingua
2502 4726 2566 4777 ut
2596 4720 2940 4795 singillatim
2974 4722 3173 4779 omnia
3202 4722 3516 4790 mirabilia,
3530 4723 3616 4780 vel
3651 4725 3933 4781 beneﬁcia

498 4816 557 4871 et
585 4822 784 4871 amare
809 4809 1049 4869 difficile
1086 4814 1195 4867 est.
1250 4810 1491 4884 Pr0pter
1529 4812 1639 4869 hoc
1690 4812 1974 4871 faciamus
2004 4816 2159 4873 sicut

498 4901 787 4977 propheta
811 4898 990 4959 dicit:
1022 4902 1270 4971 Quatrite
1299 4902 1587 4959 Dominum
1630 4903 1763 4959 dum
1792 4905 2034 4961 inveniri
2057 4922 2153 4977 po-

497 5002 615 5061 test,
649 4993 893 5051 invocate
922 5008 1047 5048 cum
1072 4990 1205 5047 dum
1232 5007 1397 5063 prope
1431 5000 1528 5049 est.
1571 4993 1922 5066 Deretinquat
1954 4997 2157 5067 impius

496 5086 649 5142 viam
675 5100 854 5151 suam,
885 5090 936 5138 et
962 5083 1045 5137 vir
1076 5083 1301 5153 iniquus
1330 5083 1683 5150 cogitationes
1714 5099 1862 5153 suas,
1895 5092 1945 5139 et
1978 5101 2154 5140 rever-

499 5179 649 5229 tatur
699 5172 770 5228 ad
816 5172 1128 5238 Dominum,
1178 5177 1231 5226 et
1278 5171 1627 5227 miserebitur
1682 5173 1801 5244 ejus
1862 5172 1990 5243 (Isa.
2043 5172 2152 5244 LV).

500 5260 750 5333 Quarite
779 5258 961 5334 igitur
988 5260 1209 5316 bonum
1240 5259 1367 5316 sine
1396 5260 1530 5329 ﬁne,
1565 5264 1623 5316 et
1652 5260 1949 5333 persistite
1980 5261 2037 5317 in
2074 5279 2157 5318 re-

499 5349 830 5424 perto;quia
847 5365 1045 5406 veram
1065 5348 1244 5406 etiam
1267 5348 1689 5406 beatitudinem
1703 5350 1762 5405 in
1786 5367 2021 5407 summo
2039 5352 2154 5408 Deo

499 5440 675 5499 sitam
704 5455 833 5498 esse
862 5454 1100 5495 necesse
1120 5442 1231 5508 est,
1262 5439 1418 5511 quod
1451 5437 1770 5495 contradici
1802 5439 1963 5497 nullo
1982 5443 2155 5498 modo

501 5533 708 5602 potest.
742 5528 941 5603 Neque
972 5527 1128 5585 enim
1163 5528 1250 5583 fas
1282 5532 1373 5584 est
1405 5527 1626 5585 homini
1657 5534 1900 5586 cunctas
1947 5531 2154 5587 divinae

499 5618 855 5691 operationis
887 5618 1191 5675 machinas
1230 5617 1318 5673 vel
1372 5618 1606 5692 ingenio
1661 5620 2155 5691 comprehendere

498 5707 584 5764 vel
615 5708 901 5782 explicare
915 5706 1417 5767 sermone.Veniet
1430 5713 1663 5781 tempus
1685 5712 1921 5781 quando
1942 5728 2009 5768 ea
2026 5728 2152 5784 quae

2268 4830 2395 4885 quae
2429 4828 2531 4884 per
2558 4809 2725 4867 illum
2759 4812 2913 4867 Deus
2944 4815 3219 4882 operatur
3248 4811 3506 4869 assiduis
3535 4811 3822 4886 explicare
3838 4832 3932 4871 Vin

2265 4900 2384 4959 leat
2412 4903 2568 4958 319
2593 4900 2783 4957 verbis
2808 4902 2834 4956 '?
2867 4901 2993 4956 Non
3023 4900 3182 4957 enim
3212 4901 3283 4957 de
3333 4902 3592 4960 crastino
3640 4903 3923 4976 cogitans,

2267 4993 2368 5049 sed
2401 5009 2633 5063 semper
2663 4991 2989 5048 secundum
3008 4991 3387 5065 Evangelium
3409 4993 3480 5048 de
3514 4993 3608 5049 Dei
3623 4994 3926 5050 conﬁdens

2267 5082 2597 5145 clementia,
2633 5098 2838 5137 omnes
2868 5082 2939 5136 ad
2973 5098 3035 5137 se
3063 5080 3361 5138 venientes
3399 5082 3630 5138 aeternis
3653 5082 3927 5155 pascebat

2264 5169 2768 5229 ferculis.Nullum
2793 5170 3016 5227 scilicet
3046 5170 3104 5225 in
3124 5187 3233 5227 sua
3249 5170 3609 5243 despiciebat
3626 5172 3920 5245 angustia;

2265 5262 2367 5319 sed
2398 5277 2633 5333 semper
2662 5260 2855 5316 divino
2878 5265 3117 5317 mmstos
3150 5259 3447 5317 reﬁciebat
3486 5260 3792 5330 solamine,
3808 5261 3924 5317 fra-

2263 5357 2429 5408 terno
2461 5348 2739 5407 suffultus
2768 5367 3003 5419 amore;
3056 5349 3402 5422 cunctisque
3450 5353 3689 5423 propter
3738 5350 3921 5406 Deum

2261 5442 2540 5515 prodesse
2571 5439 2893 5513 satagebat.
2928 5440 3123 5495 Mente
3172 5438 3444 5495 videlicet
3493 5443 3552 5495 et
3579 5455 3822 5512 corpore
3848 5440 3920 5503 ad

2263 5530 2543 5587 sublimia
2570 5528 3043 5601 erectus,hospes
3065 5528 3305 5601 etinops
3328 5528 3549 5584 mundo
3571 5528 3920 5596 fuit.Quam-

2262 5620 2347 5676 vis
2378 5636 2634 5690 namque
2663 5619 2911 5674 terrenis
2944 5618 3201 5674 nutritus
3232 5624 3390 5675 esset
3420 5618 3804 5686 usibus,totis
3835 5622 3920 5674 ta-

2265 5727 2398 5766 men
2432 5724 2663 5780 scmper
2691 5707 2914 5765 viribus
2934 5707 3195 5766 coelestia
3215 5707 3919 5783 tractabat.Quamobrem
