4126 6496
231 429 350 489 ⁸705

1735 429 1828 488 CA
1836 426 2117 492 PITULA
2129 475 2143 488 .

3528 431 3648 495 ’706

236 563 308 618 ad
341 561 639 617 dexteram
671 560 883 629 Patris,
915 564 973 616 et
1000 558 1141 633 quia
1189 562 1472 615 venturus
1519 559 1597 615 sit
1617 559 1884 631 judicare
1913 563 1969 630 Α
1998 561 2156 619 aliud
2190 566 2402 638 praeter
2418 563 2770 621 vestimenta
2798 563 3189 621 ecclesiastica
3210 566 3266 621 et
3284 581 3425 621 vasa
3445 568 3650 621 sancta

235 666 443 708 omnes
461 649 733 707 homines
755 652 992 722 prepter
1013 648 1223 705 merita
1250 649 1504 722 propria,
1529 652 1585 705 et
1607 650 1885 722 quoniam

236 756 441 797 omnes
458 739 676 796 mortui
693 739 753 794 in
768 755 906 795 vera
921 754 1094 795 carne
1110 742 1437 810 resurgent,
1464 737 1630 811 impii
1654 744 1891 813 propter

236 828 457 886 scelera
479 845 587 884 sua
607 844 741 884 cum
764 827 995 884 diabolo
1012 827 1072 882 in
1089 827 1285 900 ignem
1299 826 1566 881 mittendi
1583 831 1886 897 aeternum,

228 917 381 991 justi
408 934 543 973 vero
574 934 711 973 cum
738 916 966 973 Christo
988 920 1045 972 et
1064 931 1198 972 cum
1231 914 1455 989 angelis
1481 916 1606 972 suis
1628 916 1687 971 in
1707 916 1889 972 vitam

235 1005 613 1065 consociandi
645 1010 942 1062 aeternam.

409 1234 495 1289 De
526 1228 744 1286 honore
772 1234 829 1287 et
858 1231 1290 1287 restauratione
1318 1227 1717 1287 ecclesiarum.

311 1320 460 1394 (Lib.
495 1337 513 1376 ι
543 1317 913 1392 Capilular.,
949 1336 1073 1393 cap.
1106 1320 1198 1387 67,
1229 1323 1287 1376 et
1324 1318 1426 1376 lib.
1458 1336 1536 1388 v1,
1583 1336 1708 1393 cap.
1741 1319 1891 1387 377.)

239 1408 466 1469 Placuit
510 1408 681 1465 nobis
737 1409 1053 1466 admonere
1111 1408 1318 1466 fratres
1361 1411 1418 1465 et
1448 1408 1892 1465 consacerdotes

240 1504 475 1556 nostros
497 1503 563 1555 ut
591 1497 835 1555 ecclesia
865 1497 969 1555 Dei
997 1515 1101 1572 per
1124 1498 1358 1555 illorum
1388 1496 1694 1571 parochias
1715 1513 1892 1553 suum

236 1589 454 1646 habeat
472 1588 775 1656 honorem,
792 1592 847 1644 et
866 1586 1075 1644 altaria
1096 1587 1423 1644 secundum
1445 1603 1615 1643 suam
1639 1586 1893 1659 dignita-

239 1683 363 1734 tem
379 1681 730 1735 venerentur
746 1681 802 1733 et
813 1680 1184 1743 exornentur,
1198 1676 1529 1749 domusque
1548 1675 1649 1732 Dei
1666 1680 1724 1733 et
1745 1673 1895 1732 alta-

237 1767 331 1823 ria
363 1771 590 1824 sacrata
618 1783 735 1822 non
766 1765 886 1821 sint
917 1766 1123 1823 avibus
1151 1770 1211 1822 et
1239 1765 1486 1822 canibus
1509 1764 1727 1838 pervia,
1750 1769 1806 1820 et
1828 1768 1895 1819 ut

240 1856 547 1913 saecularia
568 1855 801 1930 negotia
820 1860 876 1913 et
895 1855 1230 1928 vaniloquia
1250 1855 1308 1910 in
1322 1854 1583 1911 ecclesiis
1596 1872 1713 1910 non
1724 1870 1899 1926 agan-

1996 657 2055 708 et
2069 652 2252 709 libros
2268 657 2324 710 et
2343 671 2410 710 ea
2424 671 2548 726 quae
2564 653 2771 710 honori
2784 658 3118 728 congruunt
3137 653 3224 709 vel
3248 670 3361 710 non
3385 654 3650 710 ofﬁciunt

1997 740 2390 799 ecclesiastico
2431 742 2817 811 recondatur;
2852 760 2925 799 ne
2954 743 3101 799 forte
3132 742 3179 798 si
3215 741 3327 798 alia
3355 742 3434 797 ibi
3468 759 3647 815 quam

1997 833 2224 901 oportet
2252 831 2489 903 negotia
2518 836 2915 899 exerceantur,
2949 848 2982 887 a
3012 831 3262 888 Domino
3295 830 3605 888 audiamus
3631 847 3644 886 :

1997 923 2211 975 Domus
2242 936 2374 976 mea
2402 921 2607 976 domus
2635 923 2933 977 orationis
2962 921 3285 977 vocabitur.
3311 925 3424 977 Vos
3452 930 3650 977 autem

1995 1007 2221 1082 fecistis
2230 1026 2361 1065 eam
2373 1008 2715 1081 speluncam
2735 1009 3055 1066 latronum.
3070 1012 3141 1066 Et
3152 1010 3364 1067 iterum
3382 1027 3393 1065 :
3411 1010 3652 1086 Auferte

1998 1098 2119 1153 ista
2149 1098 2297 1167 hinc,
2312 1104 2367 1154 et
2382 1098 2564 1155 nolite
2577 1100 2779 1172 facere
2794 1100 3032 1157 domum
3049 1100 3251 1157 Patris
3281 1100 3396 1156 mei
3413 1100 3649 1157 domum

1995 1189 2444 1261 negotiationis.
2556 1212 2557 1215 η

2640 1277 2874 1336 CAPUT
2912 1278 3005 1334 1V.

2005 1370 2082 1423 Ut
2113 1368 2173 1423 in
2204 1365 2469 1424 ecclesiis
2495 1367 3106 1510 αρίησερῗςδειὲιιιίανκ
3150 1374 3504 1426 mortuorum
3538 1385 3653 1426 non

2787 1458 2867 1495 an
2900 1483 2913 1496 .

2787 1458 2913 1496 ant.

2072 1543 2440 1618 (Capitulare
2497 1546 2828 1621 Theodulﬁ,
2879 1564 3004 1620 cap.
3038 1548 3118 1617 9.)
3147 1548 3439 1621 Antiquus
3468 1547 3528 1604 in
3557 1547 3653 1605 his

2000 1635 2338 1710 rcgidnibus
2377 1638 2437 1693 in
2484 1638 2726 1695 ecclesia
2769 1639 3237 1712 sepeliendorum
3283 1644 3652 1697 mortuorum

2002 1742 2144 1781 usus
2170 1726 2361 1795 fuit,et
2376 1726 2723 1800 plerumque
2739 1726 2868 1783 loca
2888 1726 3084 1783 divino
3116 1726 3297 1783 cultui
3321 1729 3656 1802 mancipata

2002 1819 2058 1870 et
2075 1815 2145 1870 ad
2169 1816 2421 1872 otferend
2431 1834 2494 1872 as
2516 1817 2632 1872 Deo
2654 1816 2878 1874 hostias
2894 1820 3221 1891 praeparata
3235 1817 3523 1874 cimiteria
3536 1818 3655 1874 sive

241 1903 477 1913 πίννη..
494 1903 547 1912 η.
568 1903 637 1911 --ν
684 1903 801 1912 νην.
822 1903 874 1913 ν.
908 1903 1230 1928 mum,”—
1251 1903 1308 1910 --
1325 1903 1581 1911 --ν-νυ---
1599 1903 1873 1926 --ν-τῇ
2292 1905 2303 1917 .

239 1951 359 2014 tur,
384 1945 523 2018 quia
543 1903 755 2002 donius
775 1944 875 2001 Dei
897 1945 1110 2000 domus
1130 1943 1412 2001 orationis
1432 1944 1604 2000 debet
1624 1960 1895 2009 esse,non
1926 1942 1973 2008 B
2537 1905 3657 2018 ﬁ‘f‘j"_(?{Ifﬂd‘ejj°}?f?ﬂff‘ff‘f{E3"

241 2035 525 2108 spelunca
552 2035 848 2091 latronum
881 2034 1088 2107 (Matth.
1119 2039 1257 2103 xxx),
1306 2038 1363 2090 et
1411 2051 1527 2090 non
1587 2034 1660 2089 ob
1718 2032 1894 2088 aliam

241 2142 486 2182 causam
518 2124 576 2180 in
607 2122 912 2180 ecclesiam
945 2123 1252 2180 convenire
1283 2124 1491 2181 debere
1524 2122 1635 2179 nisi
1666 2123 1738 2177 ad
1767 2121 1897 2176 lau-

241 2214 507 2270 dandum
526 2214 711 2269 Deum
743 2216 799 2269 et
818 2213 946 2285 ejus
967 2211 1270 2269 servitium
1293 2211 1644 2269 faciendum.
1661 2212 1899 2284 (Capitu-

243 2305 367 2360 lare
422 2302 714 2373 Theodulﬁ,
774 2318 903 2375 cap.
957 2304 1069 2371 10.)
1127 2300 1588 2374 Disceptationes
1642 2317 1775 2355 vero
1843 2303 1899 2355 et

240 2391 541 2449 tumultus
572 2395 628 2448 et
656 2390 992 2463 vaniloquia
1012 2395 1069 2447 et
1084 2390 1411 2447 scurrilitas
1434 2394 1768 2461 caeteraaque
1780 2393 1898 2445 tur-

242 2499 352 2555 pes
373 2482 629 2538 actiones
651 2481 722 2538 ab
746 2481 949 2537 eodem
973 2485 1175 2537 sancto
1194 2479 1320 2536 loco
1336 2479 1570 2552 penitus
1583 2479 1896 2553 prohiben-

245 2571 325 2627 da
346 2575 502 2626 sunt.
528 2570 635 2627 Ubi
657 2569 813 2626 enim
837 2569 937 2625 Dei
956 2587 1170 2626 nomen
1193 2570 1516 2637 invocatur,
1542 2567 1897 2624 sacriﬁcium

244 2659 367 2717 Deo
388 2659 646 2726 offertur,
673 2658 1014 2733 angelorum
1035 2658 1571 2731 frequentiainesse
1596 2676 1711 2714 non
1734 2657 1901 2713 dubi-

244 2754 425 2823 tatur,
459 2747 856 2821 periculosum
886 2752 975 2804 est
1004 2747 1120 2804 tale
1147 2747 1370 2821 aliquid
1402 2749 1593 2804 dicere
1622 2745 1708 2804 vel
1730 2764 1899 2820 agere

244 2839 405 2913 quod
437 2836 561 2895 loco
597 2855 710 2894 non
741 2838 1030 2894 convenit.
1072 2838 1131 2894 Si
1161 2838 1319 2894 enim
1350 2838 1637 2894 Dominus
1667 2836 1799 2894 illos
1829 2838 1900 2892 de

241 2927 468 3001 templo
497 2927 667 2999 ejecit
695 2927 797 3001 qui
824 2926 1091 2983 victimas
1122 2944 1269 3000 quas
1299 2926 1380 2983 ibi
1409 2927 1730 2983 offerebant
1750 2943 1902 2982 eme-

243 3019 391 3075 bant
419 3020 477 3073 et
507 3017 838 3073 vendebant
868 3016 1069 3091 (Matth.
1102 3019 1242 3086 xx1),
1274 3020 1495 3089 quanto
1543 3015 1733 3089 magis
1765 3015 1903 3072 illos

240 3105 434 3162 iratus
461 3105 695 3178 abjiciet
725 3104 826 3179 qui
858 3103 1904 3177 mendaciis,vaniloquiis,risibus,et

243 3195 594 3267 hujusmodi
624 3193 797 3268 nugis
827 3194 1022 3251 locum
1061 3194 1255 3250 divino
1288 3194 1469 3250 cultui
1501 3194 1902 3267 mancipatum

245 3284 510 3341 ﬁndant?
524 3285 830 3343 Monemus
850 3285 1029 3341 etiam
1051 3288 1116 3340 ut
1138 3283 1444 3358 praedictas
1466 3276 1742 3341 ecclesias
1757 3284 1903 3341 bene

247 3378 598 3432 construant
618 3378 674 3431 et
694 3374 1006 3430 emendent
1017 3374 1189 3446 juxta
1210 3390 1406 3430 rerum
1428 3373 1901 3447 possibilitatem,

249 3462 643 3521 etluminaria
671 3462 756 3519 eis
786 3463 1071 3533 tribuant,
1085 3462 1237 3519 sicut
1257 3463 1444 3530 decet,
1467 3463 1607 3519 utin
1629 3463 1905 3519 omnibus

251 3553 675 3610 honoriﬁcetur
704 3553 878 3621 Deus,
912 3560 967 3608 et
995 3551 1254 3609 Ecclesia
1290 3557 1493 3610 sancta
1524 3552 1739 3609 Christi
1770 3570 1905 3609 san-

246 3642 430 3716 guine
462 3646 718 3699 mercata
746 3644 1071 3711 veneretur,
1106 3641 1515 3715 magniﬁcetur
1543 3646 1718 3715 atque
1749 3641 1905 3699 exal-

244 3734 410 3788 tetur
438 3730 589 3803 (Lib.
621 3748 661 3787 u
692 3732 1028 3804 Capitular.,
1060 3748 1187 3804 cap.
1219 3733 1297 3805 5).

898 3857 1130 3914 CAPUT
1166 3857 1263 3912 III.

251 3952 327 4006 Ut
351 3949 528 4021 misse;
538 3963 901 4021 nequaquam
915 3946 1073 4021 alibi
1086 3948 1204 4021 nisi
1216 3946 1538 4021 iniecelesia‘
1554 3946 1902 4003 celebretur.

496 4020 564 4074 Et
587 4017 650 4075 ut
681 4017 751 4075 iri
770 4017 1037 4075 ecclesiis
1065 4018 1335 4074 cellaria
1362 4035 1479 4073 non
1503 4019 1672 4088 ﬁant.

324 4134 692 4207 (Capitulare
710 4134 1236 4207 Theodulpki,cap.
1247 4134 1271 4189 1
1282 4134 1306 4187 1
1319 4137 1358 4201 .)
1371 4132 1684 4189 Missurum
1700 4134 1909 4192 solem-

251 4221 352 4277 nia
365 4238 740 4294 nequaquam
754 4221 893 4276 alibi
907 4221 1020 4278 nisi
1033 4221 1094 4277 in
1111 4220 1354 4277 ecclesia
1375 4221 1724 4279 celebranda
1744 4229 1904 4292 sunt,

250 4326 373 4367 non
404 4310 465 4365 in
499 4309 860 4383 quibuslibet
888 4310 1162 4367 domibus
1192 4313 1248 4366 et
1277 4310 1334 4365 in
1362 4310 1576 4367 vilibus
1606 4311 1772 4382 locis,
1806 4314 1907 4369 sed

251 4399 316 4455 in
350 4397 475 4454 loco
524 4415 700 4472 quem
750 4399 989 4472 elegerit
1042 4399 1347 4467 Dominus,
1376 4401 1545 4472 juxta
1573 4398 1719 4456 illud
1753 4402 1907 4475 quod

254 4487 542 4561 scriptum
554 4493 643 4545 est
658 4506 670 4543 :
691 4489 843 4545 Vide
853 4505 923 4544 ne
944 4488 1163 4563 offeras
1183 4487 1530 4547 holocausta
1552 4495 1659 4547 tua
1671 4492 1735 4547 in
1749 4492 1912 4547 omni

258 4575 391 4633 loco
407 4594 576 4651 quem
592 4578 937 4646 videris,sed
956 4581 1019 4634 in
1035 4576 1162 4634 loco
1178 4595 1338 4653 quem
1352 4578 1601 4649 elegerit
1623 4582 1909 4637 Dominus

252 4675 322 4723 ut
350 4671 535 4736 ponat
566 4683 773 4723 nomen
803 4683 975 4723 suum
1005 4668 1128 4735 ibi;
1160 4672 1399 4739 excepta
1444 4667 1666 4725 ratione
1705 4685 1906 4726 eorum

252 4755 358 4829 qui
383 4756 442 4810 in
464 4755 780 4813 exercitum
803 4760 1110 4830 pergentes
1132 4758 1205 4812 ad
1227 4756 1337 4813 hoc
1368 4774 1515 4829 opus
1536 4757 1754 4814 habent
1779 4762 1908 4816 ten-

253 4844 407 4900 toria
421 4848 479 4901 et
499 4844 709 4902 altaria
738 4846 1005 4902 dedicata
1024 4845 1084 4900 in
1107 4845 1321 4918 quibus
1351 4845 1671 4903 missarum
1694 4847 1906 4904 solem-

255 4932 356 4989 nia
377 4933 665 5006 expleant.
680 4934 964 4992 Videmus
980 4935 1158 4991 etiam
1179 4934 1383 4990 crebro
1404 4934 1464 4990 in
1477 4934 1742 4993 ecclesiis
1762 4954 1910 4995 mes-

254 5040 373 5090 ses,
404 5023 630 5093 vinum,
664 5025 887 5094 fenum,
921 5030 979 5080 et
1016 5029 1356 5081 caeterarum
1401 5024 1640 5097 frugum
1685 5028 1908 5099 species

254 5112 513 5186 congeri.
533 5113 908 5185 (Capitulare
927 5113 1260 5187 Theodulﬁ,
1280 5131 1408 5187 cap.
1426 5116 1507 5184 8.)
1520 5113 1681 5171 Unde
1702 5115 1911 5173 horrea

252 5200 347 5257 vel
364 5200 599 5258 cellaria
614 5203 810 5276 potius
841 5221 1020 5277 quam
1051 5203 1306 5260 ecclesiae
1337 5220 1465 5260 esse
1486 5204 1827 5276 probantur.
1842 5207 1912 5262 Et

255 5290 331 5347 ob
361 5289 493 5360 hoc,
524 5292 679 5365 quod
711 5293 875 5350 nefas
905 5298 1016 5361 est,
1048 5292 1706 5361 homicidia,adulteria,
1732 5295 1909 5363 furta,

228 5375 234 5383 ’
256 5380 737 5449 comessationes,
752 5383 1083 5451 ebrietates,
1100 5382 1481 5457 turpiloquia,
1501 5386 1558 5438 et
1572 5382 1666 5439 his
1696 5384 1915 5442 similia

257 5468 483 5538 illicita,
517 5487 645 5543 qua
675 5472 806 5528 visu
836 5476 894 5529 et
922 5472 1127 5529 auditu
1184 5474 1437 5530 obscena
1495 5476 1635 5529 sunt
1670 5473 1752 5530 ibi
1784 5474 1911 5531 ﬁeri

257 5574 411 5632 saepe
443 5575 478 5616 a
506 5559 783 5632 plurimis
812 5561 1150 5618 didicimus.
1170 5564 1535 5635 Quapropter
1551 5561 1824 5619 volumus
1850 5569 1913 5621 ut

255 5647 368 5705 hoc
398 5648 639 5722 penitus
689 5650 1029 5709 observetur
1077 5655 1369 5725 quatenus
1399 5652 1460 5708 in
1489 5650 1737 5711 ecclesia
1764 5654 1909 5713 nihil

326 5764 410 5843 (a)
438 5765 582 5825 Vide
612 5766 790 5828 Notas
821 5768 892 5827 ad
924 5767 1305 5845 Reginonem,
1335 5783 1470 5848 pag.
1505 5768 1631 5829 557.

2005 1993 2279 2068 deinceps
2302 1995 2685 2063 abstineatur,
2710 1999 2766 2052 et
2786 2012 2958 2052 nemo
2981 1996 3039 2050 in
3063 1994 3307 2052 ecclesia
3319 1994 3655 2068 sepeliatur,

2007 2082 2119 2137 nisi
2138 2082 2283 2140 forte
2311 2083 2446 2140 talis
2477 2085 2554 2139 sit
2582 2101 2833 2156 persona
2863 2084 3181 2140 sacerdotis
3213 2087 3314 2140 aut
3342 2084 3659 2157 cujuslibet

1997 2172 2145 2243 justi
2159 2171 2416 2229 hominis
2434 2172 2534 2245 qui
2551 2189 2656 2245 per
2668 2174 2800 2229 vitae
2817 2173 3090 2229 meritum
3104 2172 3280 2229 talem
3291 2173 3536 2230 vivendo
3550 2191 3657 2231 suo

2007 2261 2232 2333 corpori
2282 2262 2579 2318 defuncto'
2612 2260 2803 2318 locum
2864 2262 3188 2336 acquisivit.
3223 2263 3479 2336 Corpora
3522 2280 3658 2319 vero

2008 2367 2134 2422 quae
2165 2350 2490 2424 antiquitus
2510 2351 2571 2407 in
2594 2351 2855 2408 ecclesiis
2877 2350 3105 2424 sepulta
3129 2355 3267 2407 sunt
3284 2369 3658 2426 nequaquam

2007 2439 2419 2511 projiciantur;
2444 2441 2545 2497 sed
2566 2439 2783 2497 tumuli
2804 2441 2902 2513 qui
2927 2444 3210 2514 apparent
3228 2439 3579 2512 profundius
3598 2440 3659 2495 in

2007 2532 2221 2583 terram
2255 2528 2586 2595 mittantur,
2607 2533 2663 2585 et
2677 2529 3009 2601 pavimento
3042 2529 3293 2602 desuper
3321 2527 3661 2599 facto,nullo

2007 2617 2372 2673 tumulorum
2400 2617 2648 2690 vestigio
2678 2621 3013 2691 apparente,
3049 2616 3302 2673 ecclesiae
3343 2617 3665 2674 reverentia

2008 2710 2399 2761 conservetur.
2418 2706 2524 2761 Ubi
2541 2723 2674 2762 vero
2695 2709 2859 2761 tanta
2872 2710 2959 2761 est
2977 2705 3294 2762 multitudo
3315 2706 3663 2762 cadaverum
3692 2746 3699 2751 ι

2009 2797 2076 2849 ut
2105 2794 2213 2849 hoc
2262 2794 2451 2850 facere
2505 2793 2742 2850 difficile
2789 2794 2885 2864 sit,
2918 2794 3084 2850 locus
3115 2793 3213 2850 ille
3245 2811 3350 2868 pro
3380 2794 3665 2851 cimiterio

2008 2883 2316 2952 habeatur,
2351 2884 2563 2939 abbate
2595 2883 2730 2939 inde
2755 2884 3024 2951 altari,et
3055 2884 3115 2938 in
3147 2900 3215 2940 eo
3246 2882 3371 2939 loco
3404 2886 3666 2940 constru-

2011 2976 2100 3027 cto
2147 2972 2247 3028 ubi
2301 2971 2567 3046 religiose
2598 2976 2655 3028 et
2686 2987 2832 3045 pure
2881 2973 2999 3029 Deo
3058 2971 3413 3029 sacrificium
3474 2972 3667 3029 offerri

2009 3060 2215 3117 valeat.
3584 3064 3587 3067 “

2665 3149 2900 3206 CAPUT
2936 3150 3004 3207 V.

2015 3244 2094 3297 De
2115 3239 2276 3297 libris
2293 3246 2349 3296 et
2369 3241 2723 3296 vestimentis
2732 3238 3157 3296 ecclesiasticis
3169 3238 3265 3297 vel
3273 3240 3668 3298 sacerdotali-

2356 3372 2362 3377 ,
2493 3314 2593 3367 bus
2620 3319 2677 3368 et
2702 3313 2776 3369 de
2803 3315 2964 3369 vasis
2988 3314 3200 3369 sam-is.

2084 3420 2228 3484 (Lib.
2263 3437 2280 3475 ι
2316 3418 2678 3490 Capitular.,
2714 3435 2840 3491 cap.
2871 3419 2962 3489 68,
2998 3419 3121 3487 103,
3155 3422 3232 3476 "et
3287 3418 3388 3475 lib.
3439 3437 3494 3488 ν,
3536 3436 3666 3494 cap.

2011 3510 2163 3577 229.)
2192 3508 2560 3565 Admone-udi
2591 3507 2767 3565 etiam
2801 3512 2946 3565 sunt
2978 3510 3310 3565 sacerdotes
3335 3512 3402 3564 ut
3432 3524 3669 3582 operam

2014 3599 2155 3653 dent
2165 3601 2455 3671 quatenus
2467 3597 2544 3653 mi
2552 3597 2768 3654 ssalem
2781 3601 2837 3654 et
2849 3597 3280 3667 lectiouarium,
3300 3597 3669 3671 psalterium,

2015 3688 2134 3743 sive
2156 3687 2300 3744 alios
2320 3686 2548 3744 libellos
2571 3687 2682 3744 sibi
2700 3688 3068 3744 necessarios
3089 3688 3238 3744 bene
3259 3692 3550 3744 correctos
3573 3686 3673 3743 ba-

2012 3778 2208 3846 beant,
2243 3777 2382 3850 quia
2407 3793 2559 3848 saepe
2592 3777 2734 3832 dum
2766 3776 2912 3832 bene
2950 3776 3183 3849 “aliquid
3233 3777 3418 3833 Deum
3469 3793 3674 3849 rogare

2014 3867 2277 3939 cupiunt,
2321 3883 2424 3939 per
2465 3866 2870 3922 iuemendatos
2916 3865 3098 3922 libros
3147 3865 3301 3922 male
3346 3869 3572 3939 rogant.
3605 3865 3675 3920 Et

2015 3973 2227 4030 pueros
2248 3973 2387 4012 suos
2408 3973 2525 4011 non
2549 3955 2745 4011 sinant
2765 3954 2853 4011 vel
2877 3955 3122 4029 legendo
3138 3954 3226 4010 vel
3243 3955 3551 4011 scribendo
3575 3967 3674 4010 eos

2014 4062 2406 4119 corrumpere,
2441 4045 2748 4118 corrigere,
2767 4061 3024 4117 vasaque
3055 4044 3170 4100 Deo
3201 4047 3428 4100 sacrata
3458 4060 3675 4117 magna

2013 4136 2382 4192 veneratione
2412 4135 2758 4190 habeantur.
2775 4134 2843 4188 Et
2875 4151 2989 4188 non
3024 4132 3194 4189 liceat
3225 4132 3398 4188 alicui
3431 4129 3672 4187 calicem

2016 4228 2118 4280 aut
2148 4228 2418 4297 patenam
2451 4228 2552 4280 aut
2582 4222 2881 4296 quodlibet
2910 4240 3012 4278 vas
3047 4226 3344 4278 sacratum
3374 4225 3429 4277 et
3477 4220 3672 4277 divino

2016 4314 2198 4371 cultui
2221 4313 2623 4386 mancipatum
2645 4313 2716 4368 ad
2748 4311 2893 4368 alios
2924 4328 3072 4367 usus
3103 4314 3457 4384 retorquere.
3485 4310 3671 4382 (Capi-

2016 4406 2194 4461 tulare
2217 4403 2507 4473 Theodulﬁ,
2541 4418 2667 4474 cap.
2704 4401 2813 4474 18.)
2838 4401 2984 4456 Nam
3019 4400 3358 4472 quicunque
3388 4400 3460 4454 de
3494 4398 3674 4456 calice

2017 4497 2242 4549 sacrato
2264 4491 2424 4548 aliud
2447 4489 2595 4546 bibit
2615 4492 2824 4562 printer
2843 4488 3061 4545 Christi
3084 4489 3456 4562 sanguinem,
3482 4487 3585 4561 qui
3613 4488 3673 4544 in

2016 4585 2383 4640 sacramento
2411 4579 2712 4652 accipitur,
2729 4582 2787 4635 et
2806 4581 3080 4652 patenam
3111 4578 3184 4634 ad
3219 4577 3379 4634 aliud
3408 4576 3669 4634 ofﬁcium

1942 4693 1986 4758 θ
2017 4673 2194 4729 habet
2213 4686 2392 4743 quam
2414 4670 2486 4725 ad
2509 4667 2710 4724 altaris
2740 4667 3161 4758 ministerium,
3173 4667 3569 4758 deterrendus
3586 4670 3676 4722 est

2017 4759 2283 4834 exemplo
2312 4758 2639 4825 Baltbasar,
2674 4757 2776 4830 qui
2826 4758 2970 4813 dum
3001 4774 3142 4814 vasa
3171 4757 3403 4813 Domini
3436 4757 3495 4811 in
3528 4772 3673 4811 usus

2017 4866 2361 4908 communes
2384 4847 2729 4920 assumpsit,
2744 4846 2926 4903 vitam
2951 4847 3166 4920 pariter
3184 4863 3318 4903 cum
3339 4861 3515 4919 regno
3533 4845 3676 4901 ami-

2016 4941 2111 4998 sit.
2128 4940 2456 4997 Statuimus
2487 4952 2721 5010 quoque
2737 4940 2803 4993 ut
2817 4954 2953 4993 cum
2988 4953 3222 4993 summo
3246 4935 3439 4991 studio
3470 4932 3673 4990 lintea-

2017 5032 2180 5087 mina
2209 5028 2395 5084 nitida
2422 5026 2708 5083 altaribus
2730 5030 3075 5099 praeparent,
3103 5028 3159 5080 et
3189 5020 3569 5080 sacerdotalia
3587 5021 3673 5077 in-

2018 5123 2300 5177 dumenta
2337 5134 2473 5173 cum
2504 5116 2721 5189 quibus
2753 5114 3115 5171 sacriﬁcatur
3146 5113 3370 5186 optima
3400 5129 3506 5185 pro
3535 5111 3671 5167 viri-

2018 5211 2130 5266 bus
2162 5212 2219 5265 et
2247 5193 2472 5262 munda
2527 5205 2743 5260 habere
2800 5206 3091 5276 satagant,
3124 5205 3180 5258 et
3210 5202 3329 5257 sive
3362 5218 3510 5257 nova
3551 5200 3672 5257 sive
3731 5268 3735 5271 τ

2016 5301 2304 5356 vetustate
2321 5296 2582 5353 confecta
2599 5294 2671 5351 ad
2689 5292 2834 5349 alios
2857 5309 3003 5349 usus
3023 5291 3275 5348 transire
3307 5290 3468 5347 nullo
3496 5291 3672 5347 modo

2019 5389 2237 5447 sinant.

2660 5470 2888 5527 CAPUT
2932 5471 3028 5528 VI.

2607 5564 2678 5620 De
2714 5562 3078 5619 Eueharistia.

2091 5658 2238 5737 (Lib.
2270 5673 2289 5714 ι
2320 5655 2657 5731 Crpitular.,
2689 5668 2816 5731 cap.
2851 5653 2975 5712 455.
3007 5652 3329 5731 Gapitulare
3376 5648 3669 5729 Theodulﬁ,
