  <div class='ocr_page' id='page_1' title='image "/cluster/home/n/w/nwhite01/storage/ocr_20150623/119/umn.319510024774125/383.png"; bbox 0 0 4126 6470; ppageno 0'>
   <div class='ocr_carea' id='block_1_1' title="bbox 524 382 643 443">
    <p class='ocr_par' dir='ltr' id='par_1_1' title="bbox 524 382 643 443">
     <span class='ocr_line' id='line_1_1' title="bbox 524 382 643 443; baseline -0.034 1"><span class='ocrx_word' id='word_1_1' title='bbox 524 382 643 443; x_wconf 79' lang='lat'><strong>707</strong></span> 
     </span>
    </p>
   </div>
   <div class='ocr_carea' id='block_1_2' title="bbox 526 595 2185 673">
    <p class='ocr_par' dir='ltr' id='par_1_2' title="bbox 526 595 2185 673">
     <span class='ocr_line' id='line_1_2' title="bbox 526 595 2185 673; baseline -0.008 -14"><span class='ocrx_word' id='word_1_2' title='bbox 526 602 890 669; x_wconf 86' lang='lat' dir='ltr'>charistiam,</span> <span class='ocrx_word' id='word_1_3' title='bbox 907 606 972 656; x_wconf 92' lang='lat' dir='ltr'>ut</span> <span class='ocrx_word' id='word_1_4' title='bbox 987 601 1221 673; x_wconf 87' lang='lat' dir='ltr'>quando</span> <span class='ocrx_word' id='word_1_5' title='bbox 1249 598 1498 672; x_wconf 92' lang='lat' dir='ltr'>quisque</span> <span class='ocrx_word' id='word_1_6' title='bbox 1520 595 1920 662; x_wconf 90' lang='lat' dir='ltr'>inﬁrmaverit,</span> <span class='ocrx_word' id='word_1_7' title='bbox 1938 596 2040 649; x_wconf 91' lang='lat' dir='ltr'>aut</span> <span class='ocrx_word' id='word_1_8' title='bbox 2055 609 2185 664; x_wconf 89' lang='lat' dir='ltr'>par-</span> 
     </span>
    </p>
   </div>
   <div class='ocr_carea' id='block_1_3' title="bbox 523 684 2185 760">
    <p class='ocr_par' dir='ltr' id='par_1_3' title="bbox 523 684 2185 760">
     <span class='ocr_line' id='line_1_3' title="bbox 523 684 2185 760; baseline -0.006 -14"><span class='ocrx_word' id='word_1_9' title='bbox 523 692 697 747; x_wconf 88' lang='lat' dir='ltr'>vulus</span> <span class='ocrx_word' id='word_1_10' title='bbox 719 690 996 747; x_wconf 89' lang='lat' dir='ltr'>inﬁrmus</span> <span class='ocrx_word' id='word_1_11' title='bbox 1030 688 1221 760; x_wconf 86' lang='lat' dir='ltr'>fuerit,</span> <span class='ocrx_word' id='word_1_12' title='bbox 1256 687 1457 744; x_wconf 79' lang='lat' dir='ltr'>statim</span> <span class='ocrx_word' id='word_1_13' title='bbox 1488 703 1587 743; x_wconf 87' lang='lat' dir='ltr'>eos</span> <span class='ocrx_word' id='word_1_14' title='bbox 1617 684 2077 748; x_wconf 84' lang='lat' dir='ltr'>communicent,</span> <span class='ocrx_word' id='word_1_15' title='bbox 2112 697 2185 737; x_wconf 90' lang='lat' dir='ltr'>ne</span> 
     </span>
    </p>
   </div>
   <div class='ocr_carea' id='block_1_4' title="bbox 526 770 2183 843">
    <p class='ocr_par' dir='ltr' id='par_1_4' title="bbox 526 770 2183 843">
     <span class='ocr_line' id='line_1_4' title="bbox 526 770 2183 843; baseline -0.007 -7"><span class='ocrx_word' id='word_1_16' title='bbox 526 781 655 837; x_wconf 87' lang='lat' dir='ltr'>sine</span> <span class='ocrx_word' id='word_1_17' title='bbox 685 779 1101 835; x_wconf 85' lang='lat' dir='ltr'>communione</span> <span class='ocrx_word' id='word_1_18' title='bbox 1130 777 1475 833; x_wconf 85' lang='lat' dir='ltr'>moriantur.</span> <span class='ocrx_word' id='word_1_19' title='bbox 1512 776 1697 831; x_wconf 86' lang='lat' dir='ltr'>Panes</span> <span class='ocrx_word' id='word_1_20' title='bbox 1741 773 1897 828; x_wconf 88' lang='lat' dir='ltr'>enim</span> <span class='ocrx_word' id='word_1_21' title='bbox 1949 787 2095 843; x_wconf 92' lang='lat' dir='ltr'>quos</span> <span class='ocrx_word' id='word_1_22' title='bbox 2123 770 2183 824; x_wconf 88' lang='lat' dir='ltr'>in</span> 
     </span>
    </p>
   </div>
   <div class='ocr_carea' id='block_1_5' title="bbox 526 858 2189 937">
    <p class='ocr_par' dir='ltr' id='par_1_5' title="bbox 526 858 2189 937">
     <span class='ocr_line' id='line_1_5' title="bbox 526 858 2189 937; baseline -0.008 -11"><span class='ocrx_word' id='word_1_23' title='bbox 526 869 815 926; x_wconf 89' lang='lat' dir='ltr'>sacriﬁcio</span> <span class='ocrx_word' id='word_1_24' title='bbox 835 868 1182 934; x_wconf 78' lang='lat' dir='ltr'>otfertis,aut</span> <span class='ocrx_word' id='word_1_25' title='bbox 1202 883 1237 922; x_wconf 87' lang='lat' dir='ltr'>a</span> <span class='ocrx_word' id='word_1_26' title='bbox 1255 866 1421 922; x_wconf 85' lang='lat' dir='ltr'>vobis</span> <span class='ocrx_word' id='word_1_27' title='bbox 1443 864 1588 937; x_wconf 86' lang='lat' dir='ltr'>ipsis</span> <span class='ocrx_word' id='word_1_28' title='bbox 1610 867 1711 918; x_wconf 88' lang='lat' dir='ltr'>aut</span> <span class='ocrx_word' id='word_1_29' title='bbox 1732 880 1764 918; x_wconf 91' lang='lat' dir='ltr'>a</span> <span class='ocrx_word' id='word_1_30' title='bbox 1783 860 1994 917; x_wconf 86' lang='lat' dir='ltr'>vestris</span> <span class='ocrx_word' id='word_1_31' title='bbox 2016 858 2189 914; x_wconf 91' lang='lat' dir='ltr'>mini-</span> 
     </span>
    </p>
   </div>
   <div class='ocr_carea' id='block_1_6' title="bbox 526 948 2185 1030">
    <p class='ocr_par' dir='ltr' id='par_1_6' title="bbox 526 948 2185 1030">
     <span class='ocr_line' id='line_1_6' title="bbox 526 948 2185 1030; baseline -0.007 -15"><span class='ocrx_word' id='word_1_32' title='bbox 526 957 668 1015; x_wconf 85' lang='lat' dir='ltr'>stris</span> <span class='ocrx_word' id='word_1_33' title='bbox 700 958 772 1014; x_wconf 93' lang='lat' dir='ltr'>ad</span> <span class='ocrx_word' id='word_1_34' title='bbox 805 957 861 1012; x_wconf 90' lang='lat' dir='ltr'>id</span> <span class='ocrx_word' id='word_1_35' title='bbox 897 956 1189 1030; x_wconf 89' lang='lat' dir='ltr'>agendum</span> <span class='ocrx_word' id='word_1_36' title='bbox 1229 953 1456 1011; x_wconf 86' lang='lat' dir='ltr'>idoneis</span> <span class='ocrx_word' id='word_1_37' title='bbox 1487 969 1685 1010; x_wconf 89' lang='lat' dir='ltr'>coram</span> <span class='ocrx_word' id='word_1_38' title='bbox 1714 950 1879 1007; x_wconf 90' lang='lat' dir='ltr'>vobis</span> <span class='ocrx_word' id='word_1_39' title='bbox 1907 948 2089 1005; x_wconf 90' lang='lat' dir='ltr'>nitide</span> <span class='ocrx_word' id='word_1_40' title='bbox 2118 965 2185 1003; x_wconf 89' lang='lat' dir='ltr'>ac</span> 
     </span>
    </p>
   </div>
   <div class='ocr_carea' id='block_1_7' title="bbox 527 1037 2187 1117">
    <p class='ocr_par' dir='ltr' id='par_1_7' title="bbox 527 1037 2187 1117">
     <span class='ocr_line' id='line_1_7' title="bbox 527 1037 2187 1117; baseline -0.006 -15"><span class='ocrx_word' id='word_1_41' title='bbox 527 1046 793 1102; x_wconf 87' lang='lat' dir='ltr'>studiose</span> <span class='ocrx_word' id='word_1_42' title='bbox 824 1046 986 1112; x_wconf 89' lang='lat' dir='ltr'>ﬁant,</span> <span class='ocrx_word' id='word_1_43' title='bbox 1019 1049 1077 1101; x_wconf 91' lang='lat' dir='ltr'>et</span> <span class='ocrx_word' id='word_1_44' title='bbox 1106 1041 1420 1117; x_wconf 85' lang='lat' dir='ltr'>diligenter</span> <span class='ocrx_word' id='word_1_45' title='bbox 1463 1042 1806 1098; x_wconf 88' lang='lat' dir='ltr'>observetur</span> <span class='ocrx_word' id='word_1_46' title='bbox 1834 1044 1900 1094; x_wconf 93' lang='lat' dir='ltr'>ut</span> <span class='ocrx_word' id='word_1_47' title='bbox 1931 1037 2100 1111; x_wconf 91' lang='lat' dir='ltr'>panis</span> <span class='ocrx_word' id='word_1_48' title='bbox 2129 1040 2187 1093; x_wconf 89' lang='lat' dir='ltr'>et</span> 
     </span>
    </p>
   </div>
   <div class='ocr_carea' id='block_1_8' title="bbox 524 1126 2185 1206">
    <p class='ocr_par' dir='ltr' id='par_1_8' title="bbox 524 1126 2185 1206">
     <span class='ocr_line' id='line_1_8' title="bbox 524 1126 2185 1206; baseline -0.005 -15"><span class='ocrx_word' id='word_1_49' title='bbox 524 1135 729 1191; x_wconf 91' lang='lat' dir='ltr'>vinum</span> <span class='ocrx_word' id='word_1_50' title='bbox 760 1139 817 1191; x_wconf 88' lang='lat' dir='ltr'>et</span> <span class='ocrx_word' id='word_1_51' title='bbox 845 1151 1019 1206; x_wconf 88' lang='lat' dir='ltr'>aqua,</span> <span class='ocrx_word' id='word_1_52' title='bbox 1055 1132 1183 1189; x_wconf 92' lang='lat' dir='ltr'>sine</span> <span class='ocrx_word' id='word_1_53' title='bbox 1216 1132 1434 1204; x_wconf 89' lang='lat' dir='ltr'>quibus</span> <span class='ocrx_word' id='word_1_54' title='bbox 1466 1132 1664 1186; x_wconf 81' lang='lat' dir='ltr'>missae</span> <span class='ocrx_word' id='word_1_55' title='bbox 1704 1131 2007 1200; x_wconf 90' lang='lat' dir='ltr'>nequeunt</span> <span class='ocrx_word' id='word_1_56' title='bbox 2037 1126 2185 1183; x_wconf 89' lang='lat' dir='ltr'>cele-</span> 
     </span>
    </p>
   </div>
   <div class='ocr_carea' id='block_1_9' title="bbox 525 1215 2185 1294">
    <p class='ocr_par' dir='ltr' id='par_1_9' title="bbox 525 1215 2185 1294">
     <span class='ocr_line' id='line_1_9' title="bbox 525 1215 2185 1294; baseline -0.005 -15"><span class='ocrx_word' id='word_1_57' title='bbox 525 1224 705 1290; x_wconf 87' lang='lat' dir='ltr'>brari,</span> <span class='ocrx_word' id='word_1_58' title='bbox 722 1221 1112 1279; x_wconf 90' lang='lat' dir='ltr'>mundissime</span> <span class='ocrx_word' id='word_1_59' title='bbox 1133 1225 1311 1294; x_wconf 90' lang='lat' dir='ltr'>atque</span> <span class='ocrx_word' id='word_1_60' title='bbox 1328 1219 1591 1276; x_wconf 88' lang='lat' dir='ltr'>studiose</span> <span class='ocrx_word' id='word_1_61' title='bbox 1608 1222 1951 1284; x_wconf 83' lang='lat' dir='ltr'>tractentur,</span> <span class='ocrx_word' id='word_1_62' title='bbox 1967 1221 2025 1272; x_wconf 91' lang='lat' dir='ltr'>et</span> <span class='ocrx_word' id='word_1_63' title='bbox 2037 1215 2185 1271; x_wconf 89' lang='lat' dir='ltr'>nihil</span> 
     </span>
    </p>
   </div>
   <div class='ocr_carea' id='block_1_10' title="bbox 526 1307 2185 1383">
    <p class='ocr_par' dir='ltr' id='par_1_10' title="bbox 526 1307 2185 1383">
     <span class='ocr_line' id='line_1_10' title="bbox 526 1307 2185 1383; baseline -0.005 -15"><span class='ocrx_word' id='word_1_64' title='bbox 526 1312 586 1368; x_wconf 92' lang='lat' dir='ltr'>in</span> <span class='ocrx_word' id='word_1_65' title='bbox 625 1312 720 1368; x_wconf 91' lang='lat' dir='ltr'>his</span> <span class='ocrx_word' id='word_1_66' title='bbox 763 1310 895 1379; x_wconf 88' lang='lat' dir='ltr'>vile,</span> <span class='ocrx_word' id='word_1_67' title='bbox 930 1310 1078 1365; x_wconf 87' lang='lat' dir='ltr'>nihil</span> <span class='ocrx_word' id='word_1_68' title='bbox 1137 1308 1598 1383; x_wconf 89' lang='lat' dir='ltr'>reprehensibile</span> <span class='ocrx_word' id='word_1_69' title='bbox 1652 1307 2003 1375; x_wconf 82' lang='lat' dir='ltr'>inveniatur,</span> <span class='ocrx_word' id='word_1_70' title='bbox 2036 1310 2092 1360; x_wconf 90' lang='lat' dir='ltr'>et</span> <span class='ocrx_word' id='word_1_71' title='bbox 2120 1309 2185 1361; x_wconf 91' lang='lat' dir='ltr'>ut</span> 
     </span>
    </p>
   </div>
   <div class='ocr_carea' id='block_1_11' title="bbox 524 1395 2185 1471">
    <p class='ocr_par' dir='ltr' id='par_1_11' title="bbox 524 1395 2185 1471">
     <span class='ocr_line' id='line_1_11' title="bbox 524 1395 2185 1471; baseline -0.003 -14"><span class='ocrx_word' id='word_1_72' title='bbox 524 1400 813 1458; x_wconf 88' lang='lat' dir='ltr'>sacriﬁcia</span> <span class='ocrx_word' id='word_1_73' title='bbox 843 1399 1211 1455; x_wconf 88' lang='lat' dir='ltr'>sanctiﬁcata</span> <span class='ocrx_word' id='word_1_74' title='bbox 1252 1415 1387 1454; x_wconf 88' lang='lat' dir='ltr'>cum</span> <span class='ocrx_word' id='word_1_75' title='bbox 1422 1414 1637 1471; x_wconf 86' lang='lat' dir='ltr'>magna</span> <span class='ocrx_word' id='word_1_76' title='bbox 1665 1396 1972 1469; x_wconf 86' lang='lat' dir='ltr'>diligentia</span> <span class='ocrx_word' id='word_1_77' title='bbox 2000 1395 2073 1451; x_wconf 91' lang='lat' dir='ltr'>ab</span> <span class='ocrx_word' id='word_1_78' title='bbox 2099 1395 2185 1452; x_wconf 89' lang='lat' dir='ltr'>eis</span> 
     </span>
    </p>
   </div>
   <div class='ocr_carea' id='block_1_12' title="bbox 524 1485 2178 1563">
    <p class='ocr_par' dir='ltr' id='par_1_12' title="bbox 524 1485 2178 1563">
     <span class='ocr_line' id='line_1_12' title="bbox 524 1485 2178 1563; baseline -0.005 -18"><span class='ocrx_word' id='word_1_79' title='bbox 524 1489 878 1563; x_wconf 86' lang='lat' dir='ltr'>colligantur</span> <span class='ocrx_word' id='word_1_80' title='bbox 910 1489 1009 1561; x_wconf 90' lang='lat' dir='ltr'>qui</span> <span class='ocrx_word' id='word_1_81' title='bbox 1044 1487 1208 1561; x_wconf 88' lang='lat' dir='ltr'>digni</span> <span class='ocrx_word' id='word_1_82' title='bbox 1239 1493 1398 1553; x_wconf 92' lang='lat' dir='ltr'>sunt,</span> <span class='ocrx_word' id='word_1_83' title='bbox 1431 1492 1489 1543; x_wconf 90' lang='lat' dir='ltr'>et</span> <span class='ocrx_word' id='word_1_84' title='bbox 1512 1485 1829 1542; x_wconf 89' lang='lat' dir='ltr'>honoriﬁce</span> <span class='ocrx_word' id='word_1_85' title='bbox 1856 1487 2178 1540; x_wconf 87' lang='lat' dir='ltr'>serventur.</span> 
     </span>
    </p>
   </div>
   <div class='ocr_carea' id='block_1_13' title="bbox 524 1575 2181 1651">
    <p class='ocr_par' dir='ltr' id='par_1_13' title="bbox 524 1575 2181 1651">
     <span class='ocr_line' id='line_1_13' title="bbox 524 1575 2181 1651; baseline -0.005 -15"><span class='ocrx_word' id='word_1_86' title='bbox 524 1580 674 1648; x_wconf 90' lang='lat' dir='ltr'>(Lib.</span> <span class='ocrx_word' id='word_1_87' title='bbox 707 1598 725 1635; x_wconf 81' lang='grc' dir='ltr'><strong>ι</strong></span> <span class='ocrx_word' id='word_1_88' title='bbox 760 1579 1048 1651; x_wconf 83' lang='lat' dir='ltr'>Capitular</span> <span class='ocrx_word' id='word_1_89' title='bbox 1079 1620 1092 1644; x_wconf 93' lang='lat'>,</span> <span class='ocrx_word' id='word_1_90' title='bbox 1127 1594 1253 1649; x_wconf 90' lang='lat' dir='ltr'>cap.</span> <span class='ocrx_word' id='word_1_91' title='bbox 1282 1579 1399 1645; x_wconf 87' lang='lat'>67.)</span> <span class='ocrx_word' id='word_1_92' title='bbox 1426 1576 1512 1631; x_wconf 93' lang='lat' dir='ltr'>Ab</span> <span class='ocrx_word' id='word_1_93' title='bbox 1545 1575 1823 1631; x_wconf 89' lang='lat' dir='ltr'>omnibus</span> <span class='ocrx_word' id='word_1_94' title='bbox 1861 1577 2055 1629; x_wconf 90' lang='lat' dir='ltr'>autem</span> <span class='ocrx_word' id='word_1_95' title='bbox 2087 1590 2181 1628; x_wconf 91' lang='lat' dir='ltr'>ca-</span> 
     </span>
    </p>
   </div>
   <div class='ocr_carea' id='block_1_14' title="bbox 524 1660 2182 1733">
    <p class='ocr_par' dir='ltr' id='par_1_14' title="bbox 524 1660 2182 1733">
     <span class='ocr_line' id='line_1_14' title="bbox 524 1660 2182 1733; baseline -0.004 -11"><span class='ocrx_word' id='word_1_96' title='bbox 524 1667 781 1723; x_wconf 84' lang='lat' dir='ltr'>vendum</span> <span class='ocrx_word' id='word_1_97' title='bbox 816 1682 1189 1733; x_wconf 78' lang='lat' dir='ltr'>summopere</span> <span class='ocrx_word' id='word_1_98' title='bbox 1219 1681 1346 1719; x_wconf 91' lang='lat' dir='ltr'>esse</span> <span class='ocrx_word' id='word_1_99' title='bbox 1376 1680 1688 1719; x_wconf 88' lang='lat' dir='ltr'>monemus</span> <span class='ocrx_word' id='word_1_100' title='bbox 1719 1666 1783 1717; x_wconf 91' lang='lat' dir='ltr'>ut</span> <span class='ocrx_word' id='word_1_101' title='bbox 1814 1678 1928 1716; x_wconf 91' lang='lat' dir='ltr'>non</span> <span class='ocrx_word' id='word_1_102' title='bbox 1960 1660 2182 1716; x_wconf 91' lang='lat' dir='ltr'>diutius</span> 
     </span>
    </p>
   </div>
   <div class='ocr_carea' id='block_1_15' title="bbox 524 1752 2179 1826">
    <p class='ocr_par' dir='ltr' id='par_1_15' title="bbox 524 1752 2179 1826">
     <span class='ocr_line' id='line_1_15' title="bbox 524 1752 2179 1826; baseline -0.004 -15"><span class='ocrx_word' id='word_1_103' title='bbox 524 1759 941 1823; x_wconf 89' lang='lat' dir='ltr'>serventur,ne</span> <span class='ocrx_word' id='word_1_104' title='bbox 972 1756 1117 1809; x_wconf 83' lang='lat' dir='ltr'>forte</span> <span class='ocrx_word' id='word_1_105' title='bbox 1148 1753 1384 1826; x_wconf 87' lang='lat' dir='ltr'>putrida</span> <span class='ocrx_word' id='word_1_106' title='bbox 1412 1759 1468 1808; x_wconf 92' lang='lat' dir='ltr'>et</span> <span class='ocrx_word' id='word_1_107' title='bbox 1499 1752 1811 1807; x_wconf 88' lang='lat' dir='ltr'>inhonesta</span> <span class='ocrx_word' id='word_1_108' title='bbox 1839 1754 2179 1824; x_wconf 87' lang='lat' dir='ltr'>appareant,</span> 
     </span>
    </p>
   </div>
   <div class='ocr_carea' id='block_1_16' title="bbox 525 1842 2259 1943">
    <p class='ocr_par' dir='ltr' id='par_1_16' title="bbox 525 1842 2259 1943">
     <span class='ocr_line' id='line_1_16' title="bbox 525 1842 2259 1943; baseline -0.003 -43"><span class='ocrx_word' id='word_1_109' title='bbox 525 1845 625 1900; x_wconf 89' lang='lat' dir='ltr'>sed</span> <span class='ocrx_word' id='word_1_110' title='bbox 657 1844 862 1900; x_wconf 89' lang='lat' dir='ltr'>tandiu</span> <span class='ocrx_word' id='word_1_111' title='bbox 888 1843 946 1897; x_wconf 89' lang='lat' dir='ltr'>in</span> <span class='ocrx_word' id='word_1_112' title='bbox 965 1859 1102 1898; x_wconf 89' lang='lat' dir='ltr'>vase</span> <span class='ocrx_word' id='word_1_113' title='bbox 1132 1842 1526 1898; x_wconf 91' lang='lat' dir='ltr'>mundissimo</span> <span class='ocrx_word' id='word_1_114' title='bbox 1559 1842 1966 1898; x_wconf 86' lang='lat' dir='ltr'>custodiantur</span> <span class='ocrx_word' id='word_1_115' title='bbox 1993 1856 2182 1912; x_wconf 90' lang='lat' dir='ltr'>usque</span> <span class='ocrx_word' id='word_1_116' title='bbox 2212 1877 2259 1943; x_wconf 78' lang='grc' dir='ltr'>Β</span> 
     </span>
    </p>
   </div>
   <div class='ocr_carea' id='block_1_17' title="bbox 528 1932 1513 1989">
    <p class='ocr_par' dir='ltr' id='par_1_17' title="bbox 528 1932 1513 1989">
     <span class='ocr_line' id='line_1_17' title="bbox 528 1932 1513 1989; baseline -0.002 0"><span class='ocrx_word' id='word_1_117' title='bbox 528 1935 672 1989; x_wconf 90' lang='lat' dir='ltr'>dum</span> <span class='ocrx_word' id='word_1_118' title='bbox 705 1934 775 1989; x_wconf 89' lang='lat' dir='ltr'>ad</span> <span class='ocrx_word' id='word_1_119' title='bbox 809 1932 923 1988; x_wconf 86' lang='lat' dir='ltr'>alia</span> <span class='ocrx_word' id='word_1_120' title='bbox 956 1932 1145 1988; x_wconf 89' lang='lat' dir='ltr'>dicata</span> <span class='ocrx_word' id='word_1_121' title='bbox 1176 1932 1513 1988; x_wconf 87' lang='lat' dir='ltr'>succedant.</span> 
     </span>
    </p>
   </div>
   <div class='ocr_carea' id='block_1_18' title="bbox 1160 2093 1551 2150">
    <p class='ocr_par' dir='ltr' id='par_1_18' title="bbox 1160 2093 1551 2150">
     <span class='ocr_line' id='line_1_18' title="bbox 1160 2093 1551 2150; baseline -0.008 0"><span class='ocrx_word' id='word_1_122' title='bbox 1160 2093 1393 2150; x_wconf 84' lang='lat' dir='ltr'>CAPUT</span> <span class='ocrx_word' id='word_1_123' title='bbox 1430 2093 1551 2149; x_wconf 88' lang='lat' dir='ltr'>VII.</span> 
     </span>
    </p>
   </div>
   <div class='ocr_carea' id='block_1_19' title="bbox 871 2181 1831 2241">
    <p class='ocr_par' dir='ltr' id='par_1_19' title="bbox 871 2181 1831 2241">
     <span class='ocr_line' id='line_1_19' title="bbox 871 2181 1831 2241; baseline -0.005 0"><span class='ocrx_word' id='word_1_124' title='bbox 871 2187 947 2241; x_wconf 91' lang='lat' dir='ltr'>De</span> <span class='ocrx_word' id='word_1_125' title='bbox 970 2186 1085 2241; x_wconf 82' lang='lat' dir='ltr'>vita</span> <span class='ocrx_word' id='word_1_126' title='bbox 1114 2192 1166 2240; x_wconf 90' lang='lat' dir='ltr'>et</span> <span class='ocrx_word' id='word_1_127' title='bbox 1190 2183 1435 2239; x_wconf 85' lang='lat' dir='ltr'>moribus</span> <span class='ocrx_word' id='word_1_128' title='bbox 1472 2181 1831 2238; x_wconf 81' lang='lat' dir='ltr'>sacerdotum.</span> 
     </span>
    </p>
   </div>
   <div class='ocr_carea' id='block_1_20' title="bbox 594 2317 2182 2394">
    <p class='ocr_par' dir='ltr' id='par_1_20' title="bbox 594 2317 2182 2394">
     <span class='ocr_line' id='line_1_20' title="bbox 594 2317 2182 2394; baseline -0.003 -17"><span class='ocrx_word' id='word_1_129' title='bbox 594 2320 936 2394; x_wconf 82' lang='lat' dir='ltr'>(Capitulare</span> <span class='ocrx_word' id='word_1_130' title='bbox 969 2318 1262 2391; x_wconf 84' lang='lat' dir='ltr'>Thcodulﬁ,</span> <span class='ocrx_word' id='word_1_131' title='bbox 1297 2334 1423 2389; x_wconf 90' lang='lat' dir='ltr'>cap.</span> <span class='ocrx_word' id='word_1_132' title='bbox 1455 2318 1534 2391; x_wconf 88' lang='lat'>2.)</span> <span class='ocrx_word' id='word_1_133' title='bbox 1565 2318 1803 2390; x_wconf 84' lang='lat' dir='ltr'>Oportet</span> <span class='ocrx_word' id='word_1_134' title='bbox 1850 2317 2182 2373; x_wconf 85' lang='lat' dir='ltr'>sacerdotes</span> 
     </span>
    </p>
   </div>
   <div class='ocr_carea' id='block_1_21' title="bbox 522 2406 2181 2481">
    <p class='ocr_par' dir='ltr' id='par_1_21' title="bbox 522 2406 2181 2481">
     <span class='ocr_line' id='line_1_21' title="bbox 522 2406 2181 2481; baseline -0.004 -15"><span class='ocrx_word' id='word_1_135' title='bbox 522 2409 625 2467; x_wconf 94' lang='lat' dir='ltr'>Dei</span> <span class='ocrx_word' id='word_1_136' title='bbox 654 2409 1061 2467; x_wconf 87' lang='lat' dir='ltr'>assiduitatem</span> <span class='ocrx_word' id='word_1_137' title='bbox 1095 2407 1309 2463; x_wconf 85' lang='lat' dir='ltr'>habere</span> <span class='ocrx_word' id='word_1_138' title='bbox 1338 2406 1995 2481; x_wconf 88' lang='lat' dir='ltr'>legendietinstantiam</span> <span class='ocrx_word' id='word_1_139' title='bbox 2011 2424 2181 2462; x_wconf 90' lang='lat' dir='ltr'>oran-</span> 
     </span>
    </p>
   </div>
   <div class='ocr_carea' id='block_1_22' title="bbox 524 2496 2181 2571">
    <p class='ocr_par' dir='ltr' id='par_1_22' title="bbox 524 2496 2181 2571">
     <span class='ocr_line' id='line_1_22' title="bbox 524 2496 2181 2571; baseline -0.003 -15"><span class='ocrx_word' id='word_1_140' title='bbox 524 2499 581 2556; x_wconf 90' lang='lat' dir='ltr'>di</span> <span class='ocrx_word' id='word_1_141' title='bbox 600 2517 614 2567; x_wconf 88' lang='lat'><strong>;</strong></span> <span class='ocrx_word' id='word_1_142' title='bbox 630 2497 1171 2571; x_wconf 86' lang='lat' dir='ltr'>quiavitavirijusti</span> <span class='ocrx_word' id='word_1_143' title='bbox 1188 2497 1437 2553; x_wconf 88' lang='lat' dir='ltr'>lectione</span> <span class='ocrx_word' id='word_1_144' title='bbox 1460 2496 1793 2563; x_wconf 89' lang='lat' dir='ltr'>instruitur,</span> <span class='ocrx_word' id='word_1_145' title='bbox 1810 2496 2069 2552; x_wconf 89' lang='lat' dir='ltr'>oratione</span> <span class='ocrx_word' id='word_1_146' title='bbox 2091 2514 2181 2551; x_wconf 90' lang='lat' dir='ltr'>or-</span> 
     </span>
    </p>
   </div>
   <div class='ocr_carea' id='block_1_23' title="bbox 525 2584 2181 2656">
    <p class='ocr_par' dir='ltr' id='par_1_23' title="bbox 525 2584 2181 2656">
     <span class='ocr_line' id='line_1_23' title="bbox 525 2584 2181 2656; baseline -0.003 -12"><span class='ocrx_word' id='word_1_147' title='bbox 525 2593 723 2654; x_wconf 86' lang='lat' dir='ltr'>natur,</span> <span class='ocrx_word' id='word_1_148' title='bbox 745 2593 803 2643; x_wconf 92' lang='lat' dir='ltr'>et</span> <span class='ocrx_word' id='word_1_149' title='bbox 834 2586 1180 2642; x_wconf 88' lang='lat' dir='ltr'>assiduitate</span> <span class='ocrx_word' id='word_1_150' title='bbox 1212 2584 1477 2641; x_wconf 87' lang='lat' dir='ltr'>lectionis</span> <span class='ocrx_word' id='word_1_151' title='bbox 1510 2586 1983 2656; x_wconf 86' lang='lat' dir='ltr'>munitur,juxta</span> <span class='ocrx_word' id='word_1_152' title='bbox 2014 2584 2181 2640; x_wconf 89' lang='lat' dir='ltr'>illum</span> 
     </span>
    </p>
   </div>
   <div class='ocr_carea' id='block_1_24' title="bbox 526 2674 2187 2750">
    <p class='ocr_par' dir='ltr' id='par_1_24' title="bbox 526 2674 2187 2750">
     <span class='ocr_line' id='line_1_24' title="bbox 526 2674 2187 2750; baseline -0.002 -17"><span class='ocrx_word' id='word_1_153' title='bbox 526 2677 625 2750; x_wconf 90' lang='lat' dir='ltr'>qui</span> <span class='ocrx_word' id='word_1_154' title='bbox 660 2676 891 2732; x_wconf 88' lang='lat' dir='ltr'>dicebat</span> <span class='ocrx_word' id='word_1_155' title='bbox 921 2693 935 2730; x_wconf 85' lang='lat'>:</span> <span class='ocrx_word' id='word_1_156' title='bbox 970 2678 1029 2731; x_wconf 86' lang='lat' dir='ltr'>In</span> <span class='ocrx_word' id='word_1_157' title='bbox 1062 2674 1220 2730; x_wconf 88' lang='lat' dir='ltr'>corde</span> <span class='ocrx_word' id='word_1_158' title='bbox 1246 2691 1364 2729; x_wconf 89' lang='lat' dir='ltr'>meo</span> <span class='ocrx_word' id='word_1_159' title='bbox 1404 2674 1662 2729; x_wconf 79' lang='lat' dir='ltr'>abscondi</span> <span class='ocrx_word' id='word_1_160' title='bbox 1709 2675 1927 2745; x_wconf 87' lang='lat' dir='ltr'>eloquia</span> <span class='ocrx_word' id='word_1_161' title='bbox 1975 2682 2088 2742; x_wconf 87' lang='lat' dir='ltr'>tua,</span> <span class='ocrx_word' id='word_1_162' title='bbox 2126 2682 2187 2730; x_wconf 88' lang='lat' dir='ltr'>ut</span> 
     </span>
    </p>
   </div>
   <div class='ocr_carea' id='block_1_25' title="bbox 524 2762 2185 2838">
    <p class='ocr_par' dir='ltr' id='par_1_25' title="bbox 524 2762 2185 2838">
     <span class='ocr_line' id='line_1_25' title="bbox 524 2762 2185 2838; baseline -0.003 -14"><span class='ocrx_word' id='word_1_163' title='bbox 524 2783 637 2824; x_wconf 83' lang='lat' dir='ltr'>non</span> <span class='ocrx_word' id='word_1_164' title='bbox 654 2782 871 2838; x_wconf 81' lang='lat' dir='ltr'>peccem</span> <span class='ocrx_word' id='word_1_165' title='bbox 898 2765 1017 2821; x_wconf 85' lang='lat' dir='ltr'>tibi.</span> <span class='ocrx_word' id='word_1_166' title='bbox 1054 2764 1183 2819; x_wconf 67' lang='lat' dir='ltr'>Haec</span> <span class='ocrx_word' id='word_1_167' title='bbox 1224 2767 1364 2819; x_wconf 90' lang='lat' dir='ltr'>sunt</span> <span class='ocrx_word' id='word_1_168' title='bbox 1412 2780 1597 2830; x_wconf 91' lang='lat' dir='ltr'>arma,</span> <span class='ocrx_word' id='word_1_169' title='bbox 1634 2762 1801 2819; x_wconf 90' lang='lat' dir='ltr'>lectio</span> <span class='ocrx_word' id='word_1_170' title='bbox 1831 2763 2099 2819; x_wconf 89' lang='lat' dir='ltr'>videlicet</span> <span class='ocrx_word' id='word_1_171' title='bbox 2127 2768 2185 2819; x_wconf 88' lang='lat' dir='ltr'>et</span> 
     </span>
    </p>
   </div>
   <div class='ocr_carea' id='block_1_26' title="bbox 526 2852 2183 2927">
    <p class='ocr_par' dir='ltr' id='par_1_26' title="bbox 526 2852 2183 2927">
     <span class='ocr_line' id='line_1_26' title="bbox 526 2852 2183 2927; baseline -0.002 -14"><span class='ocrx_word' id='word_1_172' title='bbox 526 2854 733 2924; x_wconf 85' lang='lat' dir='ltr'>oratio,</span> <span class='ocrx_word' id='word_1_173' title='bbox 747 2853 964 2927; x_wconf 89' lang='lat' dir='ltr'>quibus</span> <span class='ocrx_word' id='word_1_174' title='bbox 979 2852 1248 2910; x_wconf 87' lang='lat' dir='ltr'>diabolus</span> <span class='ocrx_word' id='word_1_175' title='bbox 1265 2858 1650 2926; x_wconf 85' lang='lat' dir='ltr'>expugnatur.</span> <span class='ocrx_word' id='word_1_176' title='bbox 1671 2854 1796 2908; x_wconf 72' lang='lat' dir='ltr'>Haec</span> <span class='ocrx_word' id='word_1_177' title='bbox 1813 2852 2183 2909; x_wconf 90' lang='lat' dir='ltr'>suntinstru-</span> 
     </span>
    </p>
   </div>
   <div class='ocr_carea' id='block_1_27' title="bbox 525 2942 2181 3016">
    <p class='ocr_par' dir='ltr' id='par_1_27' title="bbox 525 2942 2181 3016">
     <span class='ocr_line' id='line_1_27' title="bbox 525 2942 2181 3016; baseline -0.003 -14"><span class='ocrx_word' id='word_1_178' title='bbox 525 2948 725 3002; x_wconf 89' lang='lat' dir='ltr'>menta</span> <span class='ocrx_word' id='word_1_179' title='bbox 755 2943 975 3016; x_wconf 90' lang='lat' dir='ltr'>quibus</span> <span class='ocrx_word' id='word_1_180' title='bbox 1005 2943 1304 2999; x_wconf 90' lang='lat' dir='ltr'>beatitudo</span> <span class='ocrx_word' id='word_1_181' title='bbox 1349 2942 1694 3015; x_wconf 86' lang='lat' dir='ltr'>acquiritur.</span> <span class='ocrx_word' id='word_1_182' title='bbox 1730 2942 1912 3015; x_wconf 86' lang='lat' dir='ltr'>(ibid.,</span> <span class='ocrx_word' id='word_1_183' title='bbox 1943 2959 2069 3016; x_wconf 90' lang='lat' dir='ltr'>cap.</span> <span class='ocrx_word' id='word_1_184' title='bbox 2103 2944 2181 3016; x_wconf 92' lang='lat'>3.)</span> 
     </span>
    </p>
   </div>
   <div class='ocr_carea' id='block_1_28' title="bbox 526 3031 2182 3105">
    <p class='ocr_par' dir='ltr' id='par_1_28' title="bbox 526 3031 2182 3105">
     <span class='ocr_line' id='line_1_28' title="bbox 526 3031 2182 3105; baseline -0.001 -15"><span class='ocrx_word' id='word_1_185' title='bbox 526 3034 629 3090; x_wconf 87' lang='lat' dir='ltr'>His</span> <span class='ocrx_word' id='word_1_186' title='bbox 643 3032 825 3088; x_wconf 90' lang='lat' dir='ltr'>armis</span> <span class='ocrx_word' id='word_1_187' title='bbox 848 3031 983 3087; x_wconf 89' lang='lat' dir='ltr'>vitia</span> <span class='ocrx_word' id='word_1_188' title='bbox 1000 3032 1491 3105; x_wconf 90' lang='lat' dir='ltr'>comprimuntur,</span> <span class='ocrx_word' id='word_1_189' title='bbox 1508 3031 1601 3087; x_wconf 90' lang='lat' dir='ltr'>his</span> <span class='ocrx_word' id='word_1_190' title='bbox 1624 3031 1917 3087; x_wconf 90' lang='lat' dir='ltr'>alimentis</span> <span class='ocrx_word' id='word_1_191' title='bbox 1934 3032 2182 3089; x_wconf 88' lang='lat' dir='ltr'>virtutes</span> 
     </span>
    </p>
   </div>
   <div class='ocr_carea' id='block_1_29' title="bbox 529 3121 2184 3194">
    <p class='ocr_par' dir='ltr' id='par_1_29' title="bbox 529 3121 2184 3194">
     <span class='ocr_line' id='line_1_29' title="bbox 529 3121 2184 3194; baseline 0 -15"><span class='ocrx_word' id='word_1_192' title='bbox 529 3123 979 3182; x_wconf 90' lang='lat' dir='ltr'>nutriuntur.Et</span> <span class='ocrx_word' id='word_1_193' title='bbox 999 3122 1047 3178; x_wconf 91' lang='lat' dir='ltr'>si</span> <span class='ocrx_word' id='word_1_194' title='bbox 1079 3122 1315 3194; x_wconf 90' lang='lat' dir='ltr'>quando</span> <span class='ocrx_word' id='word_1_195' title='bbox 1334 3121 1630 3177; x_wconf 90' lang='lat' dir='ltr'>alectione</span> <span class='ocrx_word' id='word_1_196' title='bbox 1662 3121 1751 3177; x_wconf 89' lang='lat' dir='ltr'>vel</span> <span class='ocrx_word' id='word_1_197' title='bbox 1784 3122 2045 3177; x_wconf 91' lang='lat' dir='ltr'>oratione</span> <span class='ocrx_word' id='word_1_198' title='bbox 2064 3139 2184 3179; x_wconf 87' lang='lat' dir='ltr'>ces-</span> 
     </span>
    </p>
   </div>
   <div class='ocr_carea' id='block_1_30' title="bbox 527 3208 3961 3340">
    <p class='ocr_par' dir='ltr' id='par_1_30' title="bbox 527 3208 3961 3340">
     <span class='ocr_line' id='line_1_30' title="bbox 527 3208 3959 3282; baseline 0.001 -51"><span class='ocrx_word' id='word_1_199' title='bbox 2225 3253 2251 3277; x_wconf 57' lang='grc' dir='ltr'><strong>Ἱ</strong></span> <span class='ocrx_word' id='word_1_200' title='bbox 2294 3208 2492 3231; x_wconf 52' lang='lat' dir='ltr'>(All-Ub</span> <span class='ocrx_word' id='word_1_201' title='bbox 2526 3208 2587 3275; x_wconf 55' lang='lat' dir='ltr'>u-b</span> <span class='ocrx_word' id='word_1_202' title='bbox 2618 3208 2927 3276; x_wconf 48' lang='lat' dir='ltr'>UPlabkfltlllll</span> <span class='ocrx_word' id='word_1_203' title='bbox 2961 3208 3158 3277; x_wconf 53' lang='lat' dir='ltr'>lfUIIUD</span> <span class='ocrx_word' id='word_1_204' title='bbox 3190 3208 3374 3278; x_wconf 49' lang='grc' dir='ltr'>ιαιῖᾱυο</span> <span class='ocrx_word' id='word_1_205' title='bbox 3406 3208 3596 3252; x_wconf 63' lang='grc' dir='ltr'>ισὸυϊῦ</span> <span class='ocrx_word' id='word_1_206' title='bbox 3629 3208 3959 3279; x_wconf 46' lang='grc' dir='ltr'>μιάτδυιυᾶῗι</span> 
     </span>
     <span class='ocr_line' id='line_1_31' title="bbox 527 3261 3961 3340; baseline 0.002 -22"><span class='ocrx_word' id='word_1_207' title='bbox 527 3303 615 3340; x_wconf 51' lang='grc' dir='ltr'>,Μ</span> <span class='ocrx_word' id='word_1_208' title='bbox 648 3298 880 3340; x_wconf 57' lang='grc' dir='ltr'>ίηςτηίρη</span> <span class='ocrx_word' id='word_1_209' title='bbox 917 3302 1006 3340; x_wconf 51' lang='lat' dir='ltr'>pg,</span> <span class='ocrx_word' id='word_1_210' title='bbox 1035 3298 1244 3340; x_wconf 49' lang='lat' dir='ltr'><strong>animm</strong></span> <span class='ocrx_word' id='word_1_211' title='bbox 1300 3304 1353 3340; x_wconf 58' lang='grc' dir='ltr'><strong>Μ</strong></span> <span class='ocrx_word' id='word_1_212' title='bbox 1388 3298 1668 3340; x_wconf 54' lang='lat' dir='ltr'>mmme</span> <span class='ocrx_word' id='word_1_213' title='bbox 1718 3299 1910 3340; x_wconf 47' lang='lat' dir='ltr'>hanc</span> <span class='ocrx_word' id='word_1_214' title='bbox 1940 3316 2111 3340; x_wconf 66' lang='lat' dir='ltr'>mmm</span> <span class='ocrx_word' id='word_1_215' title='bbox 2147 3318 2174 3340; x_wconf 66' lang='grc' dir='ltr'>η</span> <span class='ocrx_word' id='word_1_216' title='bbox 2210 3261 2253 3318; x_wconf 59' lang='grc' dir='ltr'>ιλ</span> <span class='ocrx_word' id='word_1_217' title='bbox 2292 3283 2397 3321; x_wconf 91' lang='lat' dir='ltr'>nec</span> <span class='ocrx_word' id='word_1_218' title='bbox 2439 3265 2707 3333; x_wconf 79' lang='lat' dir='ltr'>clericus,</span> <span class='ocrx_word' id='word_1_219' title='bbox 2743 3284 2854 3322; x_wconf 69' lang='lat' dir='ltr'>ms:</span> <span class='ocrx_word' id='word_1_220' title='bbox 2905 3283 3069 3339; x_wconf 78' lang='lat' dir='ltr'>prius</span> <span class='ocrx_word' id='word_1_221' title='bbox 3120 3266 3579 3323; x_wconf 79' lang='lat' dir='ltr'>subdiaconatus</span> <span class='ocrx_word' id='word_1_222' title='bbox 3624 3274 3961 3340; x_wconf 81' lang='lat' dir='ltr'>susceperit</span> 
     </span>
    </p>
   </div>
   <div class='ocr_carea' id='block_1_31' title="bbox 2694 3308 3064 3333">
    <p class='ocr_par' dir='ltr' id='par_1_31' title="bbox 2694 3308 3064 3333">
     <span class='ocr_line' id='line_1_32' title="bbox 2694 3308 3064 3333; baseline 0.005 -12"><span class='ocrx_word' id='word_1_223' title='bbox 2694 3309 2707 3333; x_wconf 84' lang='lat'>,</span> <span class='ocrx_word' id='word_1_224' title='bbox 2744 3308 2854 3322; x_wconf 66' lang='grc' dir='ltr'><strong>ΙΙΙυΙ</strong></span> <span class='ocrx_word' id='word_1_225' title='bbox 2906 3308 3064 3333; x_wconf 63' lang='grc' dir='ltr'>γιιιις</span> 
     </span>
    </p>
   </div>
   <div class='ocr_carea' id='block_1_32' title="bbox 525 3298 2181 3370">
    <p class='ocr_par' dir='ltr' id='par_1_32' title="bbox 525 3298 2181 3370">
     <span class='ocr_line' id='line_1_33' title="bbox 525 3298 2181 3370; baseline 0.001 -16"><span class='ocrx_word' id='word_1_226' title='bbox 525 3303 616 3355; x_wconf 87' lang='lat' dir='ltr'>tas</span> <span class='ocrx_word' id='word_1_227' title='bbox 648 3298 887 3354; x_wconf 91' lang='lat' dir='ltr'>inimica</span> <span class='ocrx_word' id='word_1_228' title='bbox 917 3302 1006 3355; x_wconf 90' lang='lat' dir='ltr'>est</span> <span class='ocrx_word' id='word_1_229' title='bbox 1035 3298 1265 3367; x_wconf 73' lang='lat' dir='ltr'>animae,</span> <span class='ocrx_word' id='word_1_230' title='bbox 1300 3304 1355 3354; x_wconf 91' lang='lat' dir='ltr'>et</span> <span class='ocrx_word' id='word_1_231' title='bbox 1388 3298 1668 3370; x_wconf 90' lang='lat' dir='ltr'>antiquus</span> <span class='ocrx_word' id='word_1_232' title='bbox 1718 3299 1910 3355; x_wconf 89' lang='lat' dir='ltr'>hostis</span> <span class='ocrx_word' id='word_1_233' title='bbox 1940 3316 2115 3368; x_wconf 91' lang='lat' dir='ltr'>quem</span> <span class='ocrx_word' id='word_1_234' title='bbox 2147 3318 2181 3355; x_wconf 90' lang='lat' dir='ltr'>a</span> 
     </span>
    </p>
   </div>
   <div class='ocr_carea' id='block_1_33' title="bbox 526 3388 2181 3460">
    <p class='ocr_par' dir='ltr' id='par_1_33' title="bbox 526 3388 2181 3460">
     <span class='ocr_line' id='line_1_34' title="bbox 526 3388 2181 3460; baseline 0.001 -16"><span class='ocrx_word' id='word_1_235' title='bbox 526 3389 770 3445; x_wconf 83' lang='lat' dir='ltr'>lectione</span> <span class='ocrx_word' id='word_1_236' title='bbox 802 3388 921 3444; x_wconf 90' lang='lat' dir='ltr'>sive</span> <span class='ocrx_word' id='word_1_237' title='bbox 952 3388 1025 3442; x_wconf 91' lang='lat' dir='ltr'>ab</span> <span class='ocrx_word' id='word_1_238' title='bbox 1053 3388 1315 3444; x_wconf 89' lang='lat' dir='ltr'>oratione</span> <span class='ocrx_word' id='word_1_239' title='bbox 1347 3405 1451 3443; x_wconf 89' lang='lat' dir='ltr'>seu</span> <span class='ocrx_word' id='word_1_240' title='bbox 1495 3389 1831 3460; x_wconf 89' lang='lat' dir='ltr'>operatione</span> <span class='ocrx_word' id='word_1_241' title='bbox 1878 3395 2181 3445; x_wconf 86' lang='lat' dir='ltr'>vacantem</span> 
     </span>
    </p>
   </div>
   <div class='ocr_carea' id='block_1_34' title="bbox 527 3477 2184 3550">
    <p class='ocr_par' dir='ltr' id='par_1_34' title="bbox 527 3477 2184 3550">
     <span class='ocr_line' id='line_1_35' title="bbox 527 3477 2184 3550; baseline 0.001 -16"><span class='ocrx_word' id='word_1_242' title='bbox 527 3479 811 3535; x_wconf 89' lang='lat' dir='ltr'>invenerit</span> <span class='ocrx_word' id='word_1_243' title='bbox 834 3478 1000 3533; x_wconf 83' lang='lat' dir='ltr'>facile</span> <span class='ocrx_word' id='word_1_244' title='bbox 1025 3478 1097 3533; x_wconf 89' lang='lat' dir='ltr'>ad</span> <span class='ocrx_word' id='word_1_245' title='bbox 1119 3477 1241 3532; x_wconf 91' lang='lat' dir='ltr'>ima</span> <span class='ocrx_word' id='word_1_246' title='bbox 1262 3477 1433 3549; x_wconf 89' lang='lat' dir='ltr'>rapit.</span> <span class='ocrx_word' id='word_1_247' title='bbox 1454 3477 1845 3550; x_wconf 90' lang='lat' dir='ltr'>Debetitaque</span> <span class='ocrx_word' id='word_1_248' title='bbox 1866 3478 2078 3534; x_wconf 86' lang='lat' dir='ltr'>Christi</span> <span class='ocrx_word' id='word_1_249' title='bbox 2095 3496 2184 3537; x_wconf 88' lang='lat' dir='ltr'>sa-</span> 
     </span>
    </p>
   </div>
   <div class='ocr_carea' id='block_1_35' title="bbox 526 3565 2183 3638">
    <p class='ocr_par' dir='ltr' id='par_1_35' title="bbox 526 3565 2183 3638">
     <span class='ocr_line' id='line_1_36' title="bbox 526 3565 2183 3638; baseline 0.001 -15"><span class='ocrx_word' id='word_1_250' title='bbox 526 3568 731 3623; x_wconf 90' lang='lat' dir='ltr'>cerdos</span> <span class='ocrx_word' id='word_1_251' title='bbox 772 3565 1122 3638; x_wconf 86' lang='lat' dir='ltr'>compositis</span> <span class='ocrx_word' id='word_1_252' title='bbox 1166 3566 1451 3635; x_wconf 90' lang='lat' dir='ltr'>moribus,</span> <span class='ocrx_word' id='word_1_253' title='bbox 1485 3566 1649 3621; x_wconf 91' lang='lat' dir='ltr'>vultu</span> <span class='ocrx_word' id='word_1_254' title='bbox 1688 3566 1882 3634; x_wconf 89' lang='lat' dir='ltr'>hilari,</span> <span class='ocrx_word' id='word_1_255' title='bbox 1915 3585 2183 3624; x_wconf 89' lang='lat' dir='ltr'>sermone</span> 
     </span>
    </p>
   </div>
   <div class='ocr_carea' id='block_1_36' title="bbox 528 3653 2182 3728">
    <p class='ocr_par' dir='ltr' id='par_1_36' title="bbox 528 3653 2182 3728">
     <span class='ocr_line' id='line_1_37' title="bbox 528 3653 2182 3728; baseline 0.001 -17"><span class='ocrx_word' id='word_1_256' title='bbox 528 3653 1095 3728; x_wconf 80' lang='lat' dir='ltr'>proﬁcuo,exemplo</span> <span class='ocrx_word' id='word_1_257' title='bbox 1127 3654 1370 3721; x_wconf 91' lang='lat' dir='ltr'>salubri,</span> <span class='ocrx_word' id='word_1_258' title='bbox 1397 3654 1624 3727; x_wconf 91' lang='lat' dir='ltr'>placido</span> <span class='ocrx_word' id='word_1_259' title='bbox 1657 3656 2019 3725; x_wconf 90' lang='lat' dir='ltr'>animo,sine</span> <span class='ocrx_word' id='word_1_260' title='bbox 2050 3656 2182 3712; x_wconf 89' lang='lat' dir='ltr'>dolo</span> 
     </span>
    </p>
   </div>
   <div class='ocr_carea' id='block_1_37' title="bbox 529 3742 2181 3815">
    <p class='ocr_par' dir='ltr' id='par_1_37' title="bbox 529 3742 2181 3815">
     <span class='ocr_line' id='line_1_38' title="bbox 529 3742 2181 3815; baseline 0 -15"><span class='ocrx_word' id='word_1_261' title='bbox 529 3742 994 3811; x_wconf 89' lang='lat' dir='ltr'>etsimulatione,</span> <span class='ocrx_word' id='word_1_262' title='bbox 1020 3747 1196 3815; x_wconf 89' lang='lat' dir='ltr'>atque</span> <span class='ocrx_word' id='word_1_263' title='bbox 1226 3744 1501 3799; x_wconf 88' lang='lat' dir='ltr'>omnibus</span> <span class='ocrx_word' id='word_1_264' title='bbox 1533 3744 1593 3799; x_wconf 90' lang='lat' dir='ltr'>in</span> <span class='ocrx_word' id='word_1_265' title='bbox 1613 3762 1925 3801; x_wconf 88' lang='lat' dir='ltr'>commune</span> <span class='ocrx_word' id='word_1_266' title='bbox 1955 3746 2181 3800; x_wconf 87' lang='lat' dir='ltr'>virtuti-</span> 
     </span>
    </p>
   </div>
   <div class='ocr_carea' id='block_1_38' title="bbox 529 3832 2184 3903">
    <p class='ocr_par' dir='ltr' id='par_1_38' title="bbox 529 3832 2184 3903">
     <span class='ocr_line' id='line_1_39' title="bbox 529 3832 2184 3903; baseline 0.001 -14"><span class='ocrx_word' id='word_1_267' title='bbox 529 3834 642 3889; x_wconf 93' lang='lat' dir='ltr'>bus</span> <span class='ocrx_word' id='word_1_268' title='bbox 674 3832 910 3900; x_wconf 88' lang='lat' dir='ltr'>clarere,</span> <span class='ocrx_word' id='word_1_269' title='bbox 947 3838 1238 3903; x_wconf 90' lang='lat' dir='ltr'>quatenus</span> <span class='ocrx_word' id='word_1_270' title='bbox 1288 3833 1397 3887; x_wconf 88' lang='lat' dir='ltr'>sibi</span> <span class='ocrx_word' id='word_1_271' title='bbox 1448 3833 1795 3889; x_wconf 90' lang='lat' dir='ltr'>commissos</span> <span class='ocrx_word' id='word_1_272' title='bbox 1840 3852 1956 3890; x_wconf 92' lang='lat' dir='ltr'>non</span> <span class='ocrx_word' id='word_1_273' title='bbox 1987 3835 2184 3891; x_wconf 83' lang='lat' dir='ltr'>livoris</span> 
     </span>
    </p>
   </div>
   <div class='ocr_carea' id='block_1_39' title="bbox 530 3921 2183 3994">
    <p class='ocr_par' dir='ltr' id='par_1_39' title="bbox 530 3921 2183 3994">
     <span class='ocr_line' id='line_1_40' title="bbox 530 3921 2183 3994; baseline 0.001 -16"><span class='ocrx_word' id='word_1_274' title='bbox 530 3926 706 3994; x_wconf 88' lang='lat' dir='ltr'>atque</span> <span class='ocrx_word' id='word_1_275' title='bbox 737 3921 1151 3977; x_wconf 85' lang='lat' dir='ltr'>amaritudinis</span> <span class='ocrx_word' id='word_1_276' title='bbox 1189 3921 1310 3977; x_wconf 84' lang='lat' dir='ltr'>zelo</span> <span class='ocrx_word' id='word_1_277' title='bbox 1361 3923 1661 3994; x_wconf 89' lang='lat' dir='ltr'>pertrahat</span> <span class='ocrx_word' id='word_1_278' title='bbox 1690 3924 1762 3979; x_wconf 90' lang='lat' dir='ltr'>ad</span> <span class='ocrx_word' id='word_1_279' title='bbox 1800 3924 2051 3993; x_wconf 90' lang='lat' dir='ltr'>ruinam,</span> <span class='ocrx_word' id='word_1_280' title='bbox 2082 3925 2183 3980; x_wconf 90' lang='lat' dir='ltr'>sed</span> 
     </span>
    </p>
   </div>
   <div class='ocr_carea' id='block_1_40' title="bbox 532 4010 2183 4085">
    <p class='ocr_par' dir='ltr' id='par_1_40' title="bbox 532 4010 2183 4085">
     <span class='ocr_line' id='line_1_41' title="bbox 532 4010 2183 4085; baseline 0.002 -18"><span class='ocrx_word' id='word_1_281' title='bbox 532 4010 835 4067; x_wconf 89' lang='lat' dir='ltr'>charitatis</span> <span class='ocrx_word' id='word_1_282' title='bbox 867 4014 1042 4083; x_wconf 89' lang='lat' dir='ltr'>atque</span> <span class='ocrx_word' id='word_1_283' title='bbox 1073 4010 1401 4067; x_wconf 89' lang='lat' dir='ltr'>dulcedinis</span> <span class='ocrx_word' id='word_1_284' title='bbox 1433 4012 1796 4084; x_wconf 86' lang='lat' dir='ltr'>providentia</span> <span class='ocrx_word' id='word_1_285' title='bbox 1826 4018 2095 4085; x_wconf 88' lang='lat' dir='ltr'>provocet</span> <span class='ocrx_word' id='word_1_286' title='bbox 2111 4014 2183 4069; x_wconf 90' lang='lat' dir='ltr'>ad</span> 
     </span>
    </p>
   </div>
   <div class='ocr_carea' id='block_1_41' title="bbox 533 4098 807 4156">
    <p class='ocr_par' dir='ltr' id='par_1_41' title="bbox 533 4098 807 4156">
     <span class='ocr_line' id='line_1_42' title="bbox 533 4098 807 4156; baseline -0.011 0"><span class='ocrx_word' id='word_1_287' title='bbox 533 4098 721 4156; x_wconf 86' lang='lat' dir='ltr'>salute</span> <span class='ocrx_word' id='word_1_288' title='bbox 729 4115 785 4154; x_wconf 90' lang='lat' dir='ltr'>m</span> <span class='ocrx_word' id='word_1_289' title='bbox 796 4141 807 4153; x_wconf 93' lang='lat'>.</span> 
     </span>
    </p>
   </div>
   <div class='ocr_carea' id='block_1_42' title="bbox 1149 4232 1567 4289">
    <p class='ocr_par' dir='ltr' id='par_1_42' title="bbox 1149 4232 1567 4289">
     <span class='ocr_line' id='line_1_43' title="bbox 1149 4232 1567 4289; baseline 0.002 -2"><span class='ocrx_word' id='word_1_290' title='bbox 1149 4232 1379 4289; x_wconf 84' lang='lat' dir='ltr'>CAPUT</span> <span class='ocrx_word' id='word_1_291' title='bbox 1417 4232 1567 4288; x_wconf 83' lang='lat' dir='ltr'>VIII.</span> 
     </span>
    </p>
   </div>
   <div class='ocr_carea' id='block_1_43' title="bbox 759 4323 1959 4380">
    <p class='ocr_par' dir='ltr' id='par_1_43' title="bbox 759 4323 1959 4380">
     <span class='ocr_line' id='line_1_44' title="bbox 759 4323 1959 4380; baseline 0 -1"><span class='ocrx_word' id='word_1_292' title='bbox 759 4326 844 4379; x_wconf 90' lang='lat' dir='ltr'>De</span> <span class='ocrx_word' id='word_1_293' title='bbox 871 4323 1119 4380; x_wconf 75' lang='lat' dir='ltr'>doctrina</span> <span class='ocrx_word' id='word_1_294' title='bbox 1147 4332 1199 4379; x_wconf 93' lang='lat' dir='ltr'>et</span> <span class='ocrx_word' id='word_1_295' title='bbox 1226 4324 1573 4379; x_wconf 80' lang='lat' dir='ltr'>observantia</span> <span class='ocrx_word' id='word_1_296' title='bbox 1602 4323 1959 4380; x_wconf 85' lang='lat' dir='ltr'>sacerdotum.</span> 
     </span>
    </p>
   </div>
   <div class='ocr_carea' id='block_1_44' title="bbox 604 4456 2188 4531">
    <p class='ocr_par' dir='ltr' id='par_1_44' title="bbox 604 4456 2188 4531">
     <span class='ocr_line' id='line_1_45' title="bbox 604 4456 2188 4531; baseline 0.001 -20"><span class='ocrx_word' id='word_1_297' title='bbox 604 4457 748 4527; x_wconf 90' lang='lat' dir='ltr'>(Lib.</span> <span class='ocrx_word' id='word_1_298' title='bbox 774 4474 793 4512; x_wconf 88' lang='grc' dir='ltr'>ι</span> <span class='ocrx_word' id='word_1_299' title='bbox 827 4458 1158 4525; x_wconf 84' lang='lat' dir='ltr'>Capitular.,</span> <span class='ocrx_word' id='word_1_300' title='bbox 1191 4458 1453 4529; x_wconf 82' lang='lat' dir='ltr'>cap.66.)</span> <span class='ocrx_word' id='word_1_301' title='bbox 1486 4456 1558 4511; x_wconf 89' lang='lat' dir='ltr'>Ut</span> <span class='ocrx_word' id='word_1_302' title='bbox 1587 4458 1908 4531; x_wconf 76' lang='lat' dir='ltr'>presbyteri</span> <span class='ocrx_word' id='word_1_303' title='bbox 1944 4458 2043 4531; x_wconf 92' lang='lat' dir='ltr'>qui</span> <span class='ocrx_word' id='word_1_304' title='bbox 2076 4457 2188 4514; x_wconf 89' lang='lat' dir='ltr'>sibi</span> 
     </span>
    </p>
   </div>
   <div class='ocr_carea' id='block_1_45' title="bbox 531 4545 2189 4619">
    <p class='ocr_par' dir='ltr' id='par_1_45' title="bbox 531 4545 2189 4619">
     <span class='ocr_line' id='line_1_46' title="bbox 531 4545 2189 4619; baseline -0.001 -16"><span class='ocrx_word' id='word_1_305' title='bbox 531 4550 589 4603; x_wconf 92' lang='lat' dir='ltr'>et</span> <span class='ocrx_word' id='word_1_306' title='bbox 621 4545 843 4602; x_wconf 68' lang='lat' dir='ltr'>caeteris</span> <span class='ocrx_word' id='word_1_307' title='bbox 870 4546 1146 4619; x_wconf 90' lang='lat' dir='ltr'>prodesse</span> <span class='ocrx_word' id='word_1_308' title='bbox 1178 4546 1392 4602; x_wconf 89' lang='lat' dir='ltr'>debent</span> <span class='ocrx_word' id='word_1_309' title='bbox 1418 4563 1791 4619; x_wconf 90' lang='lat' dir='ltr'>summopere</span> <span class='ocrx_word' id='word_1_310' title='bbox 1821 4549 2098 4604; x_wconf 90' lang='lat' dir='ltr'>studeant</span> <span class='ocrx_word' id='word_1_311' title='bbox 2126 4553 2189 4603; x_wconf 91' lang='lat' dir='ltr'>ut</span> 
     </span>
    </p>
   </div>
   <div class='ocr_carea' id='block_1_46' title="bbox 1559 364 2907 436">
    <p class='ocr_par' dir='ltr' id='par_1_46' title="bbox 1559 364 2907 436">
     <span class='ocr_line' id='line_1_47' title="bbox 1559 364 2907 436; baseline -0.009 0"><span class='ocrx_word' id='word_1_312' title='bbox 1559 373 1917 436; x_wconf 75' lang='lat' dir='ltr'>RODULFI‘</span> <span class='ocrx_word' id='word_1_313' title='bbox 1942 365 2485 431; x_wconf 79' lang='lat' dir='ltr'>BITUBICENSIS</span> <span class='ocrx_word' id='word_1_314' title='bbox 2529 364 2907 425; x_wconf 81' lang='lat' dir='ltr'><strong>EPISCOPI.</strong></span> 
     </span>
    </p>
   </div>
   <div class='ocr_carea' id='block_1_47' title="bbox 525 502 2264 586">
    <p class='ocr_par' dir='ltr' id='par_1_47' title="bbox 525 502 2264 586">
     <span class='ocr_line' id='line_1_48' title="bbox 525 502 2264 586; baseline -0.009 -16"><span class='ocrx_word' id='word_1_315' title='bbox 525 531 652 586; x_wconf 84' lang='lat' dir='ltr'>cap.</span> <span class='ocrx_word' id='word_1_316' title='bbox 675 511 842 575; x_wconf 84' lang='lat' dir='ltr'>5.)U.t</span> <span class='ocrx_word' id='word_1_317' title='bbox 871 510 1192 585; x_wconf 83' lang='lat' dir='ltr'>presbyteri</span> <span class='ocrx_word' id='word_1_318' title='bbox 1226 525 1459 582; x_wconf 88' lang='lat' dir='ltr'>semper</span> <span class='ocrx_word' id='word_1_319' title='bbox 1491 507 1746 563; x_wconf 88' lang='lat' dir='ltr'>habeant</span> <span class='ocrx_word' id='word_1_320' title='bbox 1776 508 2040 578; x_wconf 84' lang='lat' dir='ltr'>paratam</span> <span class='ocrx_word' id='word_1_321' title='bbox 2071 519 2177 557; x_wconf 86' lang='lat' dir='ltr'>eu—</span> <span class='ocrx_word' id='word_1_322' title='bbox 2212 502 2264 567; x_wconf 82' lang='grc' dir='ltr'><strong>Α</strong></span> 
     </span>
    </p>
   </div>
   <div class='ocr_carea' id='block_1_48' title="bbox 3825 364 3952 425">
    <p class='ocr_par' dir='ltr' id='par_1_48' title="bbox 3825 364 3952 425">
     <span class='ocr_line' id='line_1_49' title="bbox 3825 364 3952 425; baseline 0.031 -4"><span class='ocrx_word' id='word_1_323' title='bbox 3825 364 3952 425; x_wconf 83' lang='lat'>708</span> 
     </span>
    </p>
   </div>
   <div class='ocr_carea' id='block_1_49' title="bbox 2938 496 3301 552">
    <p class='ocr_par' dir='ltr' id='par_1_49' title="bbox 2938 496 3301 552">
     <span class='ocr_line' id='line_1_50' title="bbox 2938 496 3301 552; baseline -0.003 0"><span class='ocrx_word' id='word_1_324' title='bbox 2938 496 3169 552; x_wconf 81' lang='lat' dir='ltr'>CAPUT</span> <span class='ocrx_word' id='word_1_325' title='bbox 3211 496 3301 552; x_wconf 90' lang='lat' dir='ltr'>IX.</span> 
     </span>
    </p>
   </div>
   <div class='ocr_carea' id='block_1_50' title="bbox 2295 586 3956 658">
    <p class='ocr_par' dir='ltr' id='par_1_50' title="bbox 2295 586 3956 658">
     <span class='ocr_line' id='line_1_51' title="bbox 2295 586 3956 658; baseline -0.002 -12"><span class='ocrx_word' id='word_1_326' title='bbox 2295 591 2358 646; x_wconf 88' lang='lat' dir='ltr'>Ut</span> <span class='ocrx_word' id='word_1_327' title='bbox 2388 589 2517 643; x_wconf 85' lang='lat' dir='ltr'>laici</span> <span class='ocrx_word' id='word_1_328' title='bbox 2548 589 2787 643; x_wconf 81' lang='lat' dir='ltr'>seniores</span> <span class='ocrx_word' id='word_1_329' title='bbox 2817 587 3010 643; x_wconf 84' lang='lat' dir='ltr'>domus</span> <span class='ocrx_word' id='word_1_330' title='bbox 3039 586 3386 643; x_wconf 83' lang='lat' dir='ltr'>sacerdotum</span> <span class='ocrx_word' id='word_1_331' title='bbox 3428 586 3622 658; x_wconf 87' lang='lat' dir='ltr'>aliqua</span> <span class='ocrx_word' id='word_1_332' title='bbox 3668 589 3956 643; x_wconf 81' lang='lat' dir='ltr'>occasione</span> 
     </span>
    </p>
   </div>
   <div class='ocr_carea' id='block_1_51' title="bbox 2362 658 3955 787">
    <p class='ocr_par' dir='ltr' id='par_1_51' title="bbox 2362 658 3955 787">
     <span class='ocr_line' id='line_1_52' title="bbox 2362 658 3955 786; baseline 0 -71"><span class='ocrx_word' id='word_1_333' title='bbox 2362 677 2485 786; x_wconf 56' lang='lat' dir='ltr'>gum</span> <span class='ocrx_word' id='word_1_334' title='bbox 2512 662 2739 730; x_wconf 79' lang='lat' dir='ltr'>feminis</span> <span class='ocrx_word' id='word_1_335' title='bbox 2769 668 2819 716; x_wconf 91' lang='lat' dir='ltr'>et</span> <span class='ocrx_word' id='word_1_336' title='bbox 2841 659 3069 715; x_wconf 78' lang='lat' dir='ltr'>canibus</span> <span class='ocrx_word' id='word_1_337' title='bbox 3101 658 3392 715; x_wconf 76' lang='lat' dir='ltr'>habitandi</span> <span class='ocrx_word' id='word_1_338' title='bbox 3438 674 3664 714; x_wconf 80' lang='lat' dir='ltr'>causam</span> <span class='ocrx_word' id='word_1_339' title='bbox 3704 674 3814 715; x_wconf 84' lang='lat' dir='ltr'>non</span> <span class='ocrx_word' id='word_1_340' title='bbox 3845 661 3955 715; x_wconf 85' lang='lat' dir='ltr'>ha-</span> 
     </span>
     <span class='ocr_line' id='line_1_53' title="bbox 2398 740 2542 787; baseline -0.007 0"><span class='ocrx_word' id='word_1_341' title='bbox 2398 740 2542 787; x_wconf 88' lang='lat' dir='ltr'>eant.</span> 
     </span>
    </p>
   </div>
   <div class='ocr_carea' id='block_1_52' title="bbox 2398 748 2542 787">
    <p class='ocr_par' dir='ltr' id='par_1_52' title="bbox 2398 748 2542 787">
     <span class='ocr_line' id='line_1_54' title="bbox 2398 748 2542 787; baseline -0.007 0"><span class='ocrx_word' id='word_1_342' title='bbox 2398 748 2542 787; x_wconf 83' lang='lat' dir='ltr'>eam.</span> 
     </span>
    </p>
   </div>
   <div class='ocr_carea' id='block_1_53' title="bbox 2365 864 3958 922">
    <p class='ocr_par' dir='ltr' id='par_1_53' title="bbox 2365 864 3958 922">
     <span class='ocr_line' id='line_1_55' title="bbox 2365 864 3958 922; baseline 0.001 -2"><span class='ocrx_word' id='word_1_343' title='bbox 2365 864 2582 921; x_wconf 89' lang='lat' dir='ltr'>Omnes</span> <span class='ocrx_word' id='word_1_344' title='bbox 2614 865 2675 920; x_wconf 88' lang='lat' dir='ltr'>in</span> <span class='ocrx_word' id='word_1_345' title='bbox 2703 881 3018 920; x_wconf 89' lang='lat' dir='ltr'>commune</span> <span class='ocrx_word' id='word_1_346' title='bbox 3048 864 3309 921; x_wconf 91' lang='lat' dir='ltr'>seniores</span> <span class='ocrx_word' id='word_1_347' title='bbox 3359 864 3738 920; x_wconf 90' lang='lat' dir='ltr'>ecclesiarum</span> <span class='ocrx_word' id='word_1_348' title='bbox 3770 864 3958 922; x_wconf 89' lang='lat' dir='ltr'>laicos</span> 
     </span>
    </p>
   </div>
   <div class='ocr_carea' id='block_1_54' title="bbox 2293 953 3957 1026">
    <p class='ocr_par' dir='ltr' id='par_1_54' title="bbox 2293 953 3957 1026">
     <span class='ocr_line' id='line_1_56' title="bbox 2293 953 3957 1026; baseline 0 -17"><span class='ocrx_word' id='word_1_349' title='bbox 2293 969 2607 1010; x_wconf 89' lang='lat' dir='ltr'>monemus</span> <span class='ocrx_word' id='word_1_350' title='bbox 2636 958 2700 1008; x_wconf 91' lang='lat' dir='ltr'>ut</span> <span class='ocrx_word' id='word_1_351' title='bbox 2728 953 2788 1008; x_wconf 92' lang='lat' dir='ltr'>in</span> <span class='ocrx_word' id='word_1_352' title='bbox 2820 953 3097 1009; x_wconf 89' lang='lat' dir='ltr'>domibus</span> <span class='ocrx_word' id='word_1_353' title='bbox 3130 953 3522 1023; x_wconf 88' lang='lat' dir='ltr'>sacerdotum,</span> <span class='ocrx_word' id='word_1_354' title='bbox 3556 970 3684 1026; x_wconf 66' lang='lat' dir='ltr'>quae</span> <span class='ocrx_word' id='word_1_355' title='bbox 3714 954 3957 1010; x_wconf 66' lang='lat' dir='ltr'>mundae</span> 
     </span>
    </p>
   </div>
   <div class='ocr_carea' id='block_1_55' title="bbox 2293 1042 3956 1116">
    <p class='ocr_par' dir='ltr' id='par_1_55' title="bbox 2293 1042 3956 1116">
     <span class='ocr_line' id='line_1_57' title="bbox 2293 1042 3956 1116; baseline 0.001 -19"><span class='ocrx_word' id='word_1_356' title='bbox 2293 1059 2359 1097; x_wconf 93' lang='lat' dir='ltr'>ac</span> <span class='ocrx_word' id='word_1_357' title='bbox 2391 1046 2563 1099; x_wconf 66' lang='lat' dir='ltr'>castae</span> <span class='ocrx_word' id='word_1_358' title='bbox 2593 1047 2651 1098; x_wconf 93' lang='lat' dir='ltr'>et</span> <span class='ocrx_word' id='word_1_359' title='bbox 2672 1042 2955 1116; x_wconf 67' lang='lat' dir='ltr'>religiosae</span> <span class='ocrx_word' id='word_1_360' title='bbox 2988 1043 3203 1099; x_wconf 89' lang='lat' dir='ltr'>debent</span> <span class='ocrx_word' id='word_1_361' title='bbox 3233 1059 3533 1109; x_wconf 90' lang='lat' dir='ltr'>esse,cum</span> <span class='ocrx_word' id='word_1_362' title='bbox 3566 1042 3847 1100; x_wconf 86' lang='lat' dir='ltr'>uxoribus</span> <span class='ocrx_word' id='word_1_363' title='bbox 3863 1043 3956 1100; x_wconf 86' lang='lat' dir='ltr'>vel</span> 
     </span>
    </p>
   </div>
   <div class='ocr_carea' id='block_1_56' title="bbox 2292 1131 3958 1205">
    <p class='ocr_par' dir='ltr' id='par_1_56' title="bbox 2292 1131 3958 1205">
     <span class='ocr_line' id='line_1_58' title="bbox 2292 1131 3958 1205; baseline 0.002 -20"><span class='ocrx_word' id='word_1_364' title='bbox 2292 1131 2423 1186; x_wconf 89' lang='lat' dir='ltr'>aliis</span> <span class='ocrx_word' id='word_1_365' title='bbox 2439 1131 2672 1187; x_wconf 82' lang='lat' dir='ltr'>feminis</span> <span class='ocrx_word' id='word_1_366' title='bbox 2687 1148 2788 1188; x_wconf 90' lang='lat' dir='ltr'>seu</span> <span class='ocrx_word' id='word_1_367' title='bbox 2819 1131 3065 1189; x_wconf 89' lang='lat' dir='ltr'>canibus</span> <span class='ocrx_word' id='word_1_368' title='bbox 3085 1131 3351 1188; x_wconf 88' lang='lat' dir='ltr'>habitare</span> <span class='ocrx_word' id='word_1_369' title='bbox 3372 1131 3708 1189; x_wconf 86' lang='lat' dir='ltr'>nullatenus</span> <span class='ocrx_word' id='word_1_370' title='bbox 3727 1148 3958 1205; x_wconf 67' lang='lat' dir='ltr'>praesu-</span> 
     </span>
    </p>
   </div>
   <div class='ocr_carea' id='block_1_57' title="bbox 2292 1220 3959 1294">
    <p class='ocr_par' dir='ltr' id='par_1_57' title="bbox 2292 1220 3959 1294">
     <span class='ocr_line' id='line_1_59' title="bbox 2292 1220 3959 1294; baseline 0.002 -19"><span class='ocrx_word' id='word_1_371' title='bbox 2292 1224 2457 1275; x_wconf 91' lang='lat' dir='ltr'>mant</span> <span class='ocrx_word' id='word_1_372' title='bbox 2490 1238 2502 1276; x_wconf 91' lang='lat'>:</span> <span class='ocrx_word' id='word_1_373' title='bbox 2540 1220 2818 1293; x_wconf 90' lang='lat' dir='ltr'>quoniam</span> <span class='ocrx_word' id='word_1_374' title='bbox 2851 1221 3120 1278; x_wconf 90' lang='lat' dir='ltr'>illicitum</span> <span class='ocrx_word' id='word_1_375' title='bbox 3152 1226 3241 1277; x_wconf 88' lang='lat' dir='ltr'>est</span> <span class='ocrx_word' id='word_1_376' title='bbox 3269 1238 3403 1278; x_wconf 91' lang='lat' dir='ltr'>eum</span> <span class='ocrx_word' id='word_1_377' title='bbox 3436 1221 3537 1294; x_wconf 87' lang='lat' dir='ltr'>qui</span> <span class='ocrx_word' id='word_1_378' title='bbox 3571 1221 3679 1277; x_wconf 91' lang='lat' dir='ltr'>soli</span> <span class='ocrx_word' id='word_1_379' title='bbox 3700 1222 3816 1277; x_wconf 92' lang='lat' dir='ltr'>Deo</span> <span class='ocrx_word' id='word_1_380' title='bbox 3834 1239 3959 1278; x_wconf 88' lang='lat' dir='ltr'>ser-</span> 
     </span>
    </p>
   </div>
   <div class='ocr_carea' id='block_1_58' title="bbox 2289 1309 3959 1384">
    <p class='ocr_par' dir='ltr' id='par_1_58' title="bbox 2289 1309 3959 1384">
     <span class='ocr_line' id='line_1_60' title="bbox 2289 1309 3959 1384; baseline 0.001 -19"><span class='ocrx_word' id='word_1_381' title='bbox 2289 1310 2342 1365; x_wconf 87' lang='lat' dir='ltr'>vi</span> <span class='ocrx_word' id='word_1_382' title='bbox 2353 1326 2411 1365; x_wconf 92' lang='lat' dir='ltr'>re</span> <span class='ocrx_word' id='word_1_383' title='bbox 2423 1310 2669 1382; x_wconf 81' lang='lat' dir='ltr'>jubetur</span> <span class='ocrx_word' id='word_1_384' title='bbox 2687 1310 3005 1368; x_wconf 84' lang='lat' dir='ltr'>luxuriosis</span> <span class='ocrx_word' id='word_1_385' title='bbox 3025 1310 3218 1367; x_wconf 88' lang='lat' dir='ltr'>verbis</span> <span class='ocrx_word' id='word_1_386' title='bbox 3235 1316 3409 1384; x_wconf 89' lang='lat' dir='ltr'>atque</span> <span class='ocrx_word' id='word_1_387' title='bbox 3428 1309 3741 1384; x_wconf 82' lang='lat' dir='ltr'>superﬂuis</span> <span class='ocrx_word' id='word_1_388' title='bbox 3760 1311 3959 1384; x_wconf 88' lang='lat' dir='ltr'>impli-</span> 
     </span>
    </p>
   </div>
   <div class='ocr_carea' id='block_1_59' title="bbox 2292 1399 3956 1475">
    <p class='ocr_par' dir='ltr' id='par_1_59' title="bbox 2292 1399 3956 1475">
     <span class='ocr_line' id='line_1_61' title="bbox 2292 1399 3956 1475; baseline 0.001 -20"><span class='ocrx_word' id='word_1_389' title='bbox 2292 1399 2407 1455; x_wconf 87' lang='lat' dir='ltr'>cari</span> <span class='ocrx_word' id='word_1_390' title='bbox 2441 1399 2818 1468; x_wconf 90' lang='lat' dir='ltr'>tumultibus,</span> <span class='ocrx_word' id='word_1_391' title='bbox 2853 1404 2909 1455; x_wconf 90' lang='lat' dir='ltr'>et</span> <span class='ocrx_word' id='word_1_392' title='bbox 2953 1401 3255 1458; x_wconf 89' lang='lat' dir='ltr'>commissi</span> <span class='ocrx_word' id='word_1_393' title='bbox 3287 1400 3464 1458; x_wconf 88' lang='lat' dir='ltr'>ofﬁcii</span> <span class='ocrx_word' id='word_1_394' title='bbox 3498 1401 3761 1474; x_wconf 72' lang='lat' dir='ltr'>praeﬁxas</span> <span class='ocrx_word' id='word_1_395' title='bbox 3792 1402 3956 1475; x_wconf 88' lang='lat' dir='ltr'>psal-</span> 
     </span>
    </p>
   </div>
   <div class='ocr_carea' id='block_1_60' title="bbox 2289 1486 3956 1561">
    <p class='ocr_par' dir='ltr' id='par_1_60' title="bbox 2289 1486 3956 1561">
     <span class='ocr_line' id='line_1_62' title="bbox 2289 1486 3956 1561; baseline 0.001 -19"><span class='ocrx_word' id='word_1_396' title='bbox 2289 1486 2471 1557; x_wconf 90' lang='lat' dir='ltr'>lendi,</span> <span class='ocrx_word' id='word_1_397' title='bbox 2504 1488 2807 1561; x_wconf 88' lang='lat' dir='ltr'>vigilandi,</span> <span class='ocrx_word' id='word_1_398' title='bbox 2842 1490 3069 1556; x_wconf 89' lang='lat' dir='ltr'>orandi,</span> <span class='ocrx_word' id='word_1_399' title='bbox 3102 1489 3291 1556; x_wconf 89' lang='lat' dir='ltr'>aut,si</span> <span class='ocrx_word' id='word_1_400' title='bbox 3323 1490 3642 1547; x_wconf 86' lang='lat' dir='ltr'>necessitas</span> <span class='ocrx_word' id='word_1_401' title='bbox 3674 1490 3956 1559; x_wconf 86' lang='lat' dir='ltr'>evenerit,</span> 
     </span>
    </p>
   </div>
   <div class='ocr_carea' id='block_1_61' title="bbox 2290 1577 3957 1652">
    <p class='ocr_par' dir='ltr' id='par_1_61' title="bbox 2290 1577 3957 1652">
     <span class='ocr_line' id='line_1_63' title="bbox 2290 1577 3957 1652; baseline 0.002 -20"><span class='ocrx_word' id='word_1_402' title='bbox 2290 1577 3026 1652; x_wconf 85' lang='lat' dir='ltr'>baptizandi,inﬁrmisque</span> <span class='ocrx_word' id='word_1_403' title='bbox 3046 1583 3102 1635; x_wconf 91' lang='lat' dir='ltr'>et</span> <span class='ocrx_word' id='word_1_404' title='bbox 3123 1580 3532 1636; x_wconf 91' lang='lat' dir='ltr'>deﬁcientibus</span> <span class='ocrx_word' id='word_1_405' title='bbox 3547 1580 3957 1647; x_wconf 89' lang='lat' dir='ltr'>subveniendi,</span> 
     </span>
    </p>
   </div>
   <div class='ocr_carea' id='block_1_62' title="bbox 2292 1670 3957 1743">
    <p class='ocr_par' dir='ltr' id='par_1_62' title="bbox 2292 1670 3957 1743">
     <span class='ocr_line' id='line_1_64' title="bbox 2292 1670 3957 1743; baseline 0.002 -22"><span class='ocrx_word' id='word_1_406' title='bbox 2292 1683 2667 1739; x_wconf 87' lang='lat' dir='ltr'>corrumpere</span> <span class='ocrx_word' id='word_1_407' title='bbox 2700 1671 2907 1724; x_wconf 88' lang='lat' dir='ltr'>metas.</span> <span class='ocrx_word' id='word_1_408' title='bbox 2928 1672 3048 1725; x_wconf 85' lang='lat' dir='ltr'>Hoc</span> <span class='ocrx_word' id='word_1_409' title='bbox 3061 1685 3195 1725; x_wconf 90' lang='lat' dir='ltr'>vero</span> <span class='ocrx_word' id='word_1_410' title='bbox 3215 1670 3379 1726; x_wconf 89' lang='lat' dir='ltr'>nefas</span> <span class='ocrx_word' id='word_1_411' title='bbox 3408 1671 3687 1743; x_wconf 89' lang='lat' dir='ltr'>deinceps</span> <span class='ocrx_word' id='word_1_412' title='bbox 3708 1670 3833 1725; x_wconf 84' lang='lat' dir='ltr'>fieri</span> <span class='ocrx_word' id='word_1_413' title='bbox 3856 1687 3957 1725; x_wconf 90' lang='lat' dir='ltr'>ve-</span> 
     </span>
    </p>
   </div>
   <div class='ocr_carea' id='block_1_63' title="bbox 2289 1757 3957 1832">
    <p class='ocr_par' dir='ltr' id='par_1_63' title="bbox 2289 1757 3957 1832">
     <span class='ocr_line' id='line_1_65' title="bbox 2289 1757 3957 1832; baseline 0.002 -22"><span class='ocrx_word' id='word_1_414' title='bbox 2289 1759 2506 1822; x_wconf 87' lang='lat' dir='ltr'>tamus,</span> <span class='ocrx_word' id='word_1_415' title='bbox 2529 1774 2601 1811; x_wconf 91' lang='lat' dir='ltr'>ne</span> <span class='ocrx_word' id='word_1_416' title='bbox 2632 1757 2732 1812; x_wconf 90' lang='lat' dir='ltr'>Dei</span> <span class='ocrx_word' id='word_1_417' title='bbox 2756 1757 3009 1813; x_wconf 90' lang='lat' dir='ltr'>ministri</span> <span class='ocrx_word' id='word_1_418' title='bbox 3045 1758 3305 1814; x_wconf 75' lang='lat' dir='ltr'>saeculari</span> <span class='ocrx_word' id='word_1_419' title='bbox 3341 1758 3957 1832; x_wconf 66' lang='lat' dir='ltr'>oppressionelaedan-</span> 
     </span>
    </p>
   </div>
   <div class='ocr_carea' id='block_1_64' title="bbox 2288 1845 3961 1921">
    <p class='ocr_par' dir='ltr' id='par_1_64' title="bbox 2288 1845 3961 1921">
     <span class='ocr_line' id='line_1_66' title="bbox 2288 1845 3961 1921; baseline 0.004 -21"><span class='ocrx_word' id='word_1_420' title='bbox 2288 1849 2404 1911; x_wconf 91' lang='lat' dir='ltr'>tur,</span> <span class='ocrx_word' id='word_1_421' title='bbox 2440 1849 2497 1901; x_wconf 89' lang='lat' dir='ltr'>et</span> <span class='ocrx_word' id='word_1_422' title='bbox 2527 1845 2743 1901; x_wconf 87' lang='lat' dir='ltr'>Christi</span> <span class='ocrx_word' id='word_1_423' title='bbox 2785 1863 2925 1920; x_wconf 87' lang='lat' dir='ltr'>grex</span> <span class='ocrx_word' id='word_1_424' title='bbox 2968 1846 3316 1904; x_wconf 89' lang='lat' dir='ltr'>charissimo</span> <span class='ocrx_word' id='word_1_425' title='bbox 3349 1849 3534 1921; x_wconf 88' lang='lat' dir='ltr'>pretio</span> <span class='ocrx_word' id='word_1_426' title='bbox 3575 1854 3961 1921; x_wconf 81' lang='lat' dir='ltr'>comparatus</span> 
     </span>
    </p>
   </div>
   <div class='ocr_carea' id='block_1_65' title="bbox 2293 1934 3963 2008">
    <p class='ocr_par' dir='ltr' id='par_1_65' title="bbox 2293 1934 3963 2008">
     <span class='ocr_line' id='line_1_67' title="bbox 2293 1934 3963 2008; baseline 0.002 -18"><span class='ocrx_word' id='word_1_427' title='bbox 2293 1934 2649 2008; x_wconf 85' lang='lat' dir='ltr'>negligentia</span> <span class='ocrx_word' id='word_1_428' title='bbox 2670 1936 2949 2008; x_wconf 88' lang='lat' dir='ltr'>pastorali</span> <span class='ocrx_word' id='word_1_429' title='bbox 2976 1942 3162 1993; x_wconf 87' lang='lat' dir='ltr'>morte</span> <span class='ocrx_word' id='word_1_430' title='bbox 3184 1937 3500 1993; x_wconf 84' lang='lat' dir='ltr'>damnetur</span> <span class='ocrx_word' id='word_1_431' title='bbox 3519 1942 3751 1994; x_wconf 63' lang='lat' dir='ltr'>aeterna.</span> <span class='ocrx_word' id='word_1_432' title='bbox 3777 1938 3837 1993; x_wconf 91' lang='lat' dir='ltr'>Si</span> <span class='ocrx_word' id='word_1_433' title='bbox 3858 1955 3963 1994; x_wconf 60' lang='lat' dir='ltr'>au-</span> 
     </span>
    </p>
   </div>
   <div class='ocr_carea' id='block_1_66' title="bbox 2290 2024 3956 2101">
    <p class='ocr_par' dir='ltr' id='par_1_66' title="bbox 2290 2024 3956 2101">
     <span class='ocr_line' id='line_1_68' title="bbox 2290 2024 3956 2101; baseline 0.002 -22"><span class='ocrx_word' id='word_1_434' title='bbox 2290 2028 2409 2080; x_wconf 88' lang='lat' dir='ltr'>tem</span> <span class='ocrx_word' id='word_1_435' title='bbox 2442 2025 2514 2080; x_wconf 91' lang='lat' dir='ltr'>ab</span> <span class='ocrx_word' id='word_1_436' title='bbox 2546 2024 2683 2081; x_wconf 91' lang='lat' dir='ltr'>hinc</span> <span class='ocrx_word' id='word_1_437' title='bbox 2714 2025 2827 2081; x_wconf 89' lang='lat' dir='ltr'>tale</span> <span class='ocrx_word' id='word_1_438' title='bbox 2857 2025 3079 2099; x_wconf 91' lang='lat' dir='ltr'>aliquid</span> <span class='ocrx_word' id='word_1_439' title='bbox 3113 2031 3342 2101; x_wconf 90' lang='lat' dir='ltr'>gestum</span> <span class='ocrx_word' id='word_1_440' title='bbox 3371 2027 3563 2096; x_wconf 87' lang='lat' dir='ltr'>fuerit,</span> <span class='ocrx_word' id='word_1_441' title='bbox 3580 2028 3651 2083; x_wconf 89' lang='lat' dir='ltr'>ad</span> <span class='ocrx_word' id='word_1_442' title='bbox 3682 2032 3956 2083; x_wconf 87' lang='lat' dir='ltr'>nostram</span> 
     </span>
    </p>
   </div>
   <div class='ocr_carea' id='block_1_67' title="bbox 2290 2113 3956 2186">
    <p class='ocr_par' dir='ltr' id='par_1_67' title="bbox 2290 2113 3956 2186">
     <span class='ocr_line' id='line_1_69' title="bbox 2290 2113 3956 2186; baseline 0.003 -17"><span class='ocrx_word' id='word_1_443' title='bbox 2290 2113 2465 2169; x_wconf 92' lang='lat' dir='ltr'>citius</span> <span class='ocrx_word' id='word_1_444' title='bbox 2516 2115 2814 2186; x_wconf 89' lang='lat' dir='ltr'>perveniat</span> <span class='ocrx_word' id='word_1_445' title='bbox 2857 2115 3149 2183; x_wconf 88' lang='lat' dir='ltr'>notitiam,</span> <span class='ocrx_word' id='word_1_446' title='bbox 3183 2120 3248 2171; x_wconf 91' lang='lat' dir='ltr'>ut</span> <span class='ocrx_word' id='word_1_447' title='bbox 3276 2117 3619 2173; x_wconf 88' lang='lat' dir='ltr'>auctoritate</span> <span class='ocrx_word' id='word_1_448' title='bbox 3648 2117 3846 2172; x_wconf 90' lang='lat' dir='ltr'>divina</span> <span class='ocrx_word' id='word_1_449' title='bbox 3881 2118 3956 2174; x_wconf 90' lang='lat' dir='ltr'>ad</span> 
     </span>
    </p>
   </div>
   <div class='ocr_carea' id='block_1_68' title="bbox 2290 2203 3956 2280">
    <p class='ocr_par' dir='ltr' id='par_1_68' title="bbox 2290 2203 3956 2280">
     <span class='ocr_line' id='line_1_70' title="bbox 2290 2203 3956 2280; baseline 0.004 -23"><span class='ocrx_word' id='word_1_450' title='bbox 2290 2203 2700 2275; x_wconf 89' lang='lat' dir='ltr'>corrigendum</span> <span class='ocrx_word' id='word_1_451' title='bbox 2733 2203 2820 2259; x_wconf 84' lang='lat' dir='ltr'>vel</span> <span class='ocrx_word' id='word_1_452' title='bbox 2854 2204 3018 2259; x_wconf 87' lang='lat' dir='ltr'>inviti</span> <span class='ocrx_word' id='word_1_453' title='bbox 3052 2205 3419 2260; x_wconf 87' lang='lat' dir='ltr'>deducantur</span> <span class='ocrx_word' id='word_1_454' title='bbox 3461 2211 3956 2280; x_wconf 86' lang='lat' dir='ltr'>transgressores.</span> 
     </span>
    </p>
   </div>
   <div class='ocr_carea' id='block_1_69' title="bbox 2952 2347 3291 2403">
    <p class='ocr_par' dir='ltr' id='par_1_69' title="bbox 2952 2347 3291 2403">
     <span class='ocr_line' id='line_1_71' title="bbox 2952 2347 3291 2403; baseline 0.006 -2"><span class='ocrx_word' id='word_1_455' title='bbox 2952 2347 3186 2403; x_wconf 89' lang='lat' dir='ltr'>CAPUT</span> <span class='ocrx_word' id='word_1_456' title='bbox 3225 2348 3291 2403; x_wconf 88' lang='lat' dir='ltr'>X.</span> 
     </span>
    </p>
   </div>
   <div class='ocr_carea' id='block_1_70' title="bbox 2464 2436 3773 2509">
    <p class='ocr_par' dir='ltr' id='par_1_70' title="bbox 2464 2436 3773 2509">
     <span class='ocr_line' id='line_1_72' title="bbox 2464 2436 3773 2509; baseline 0.003 -19"><span class='ocrx_word' id='word_1_457' title='bbox 2464 2436 2576 2503; x_wconf 85' lang='lat' dir='ltr'>Quo</span> <span class='ocrx_word' id='word_1_458' title='bbox 2605 2436 2797 2493; x_wconf 84' lang='lat' dir='ltr'>ordine</span> <span class='ocrx_word' id='word_1_459' title='bbox 2826 2454 2857 2492; x_wconf 94' lang='lat' dir='ltr'>a</span> <span class='ocrx_word' id='word_1_460' title='bbox 2884 2439 3219 2509; x_wconf 83' lang='lat' dir='ltr'>presbyteris</span> <span class='ocrx_word' id='word_1_461' title='bbox 3257 2439 3427 2494; x_wconf 84' lang='lat' dir='ltr'>missa</span> <span class='ocrx_word' id='word_1_462' title='bbox 3460 2439 3773 2495; x_wconf 84' lang='lat' dir='ltr'>celebretur.</span> 
     </span>
    </p>
   </div>
   <div class='ocr_carea' id='block_1_71' title="bbox 2363 2553 3956 2627">
    <p class='ocr_par' dir='ltr' id='par_1_71' title="bbox 2363 2553 3956 2627">
     <span class='ocr_line' id='line_1_73' title="bbox 2363 2553 3956 2627; baseline 0.003 -21"><span class='ocrx_word' id='word_1_463' title='bbox 2363 2553 2707 2625; x_wconf 84' lang='lat' dir='ltr'>(Capitulure</span> <span class='ocrx_word' id='word_1_464' title='bbox 2738 2554 3085 2626; x_wconf 84' lang='lat' dir='ltr'>Theodulphi,</span> <span class='ocrx_word' id='word_1_465' title='bbox 3119 2572 3245 2627; x_wconf 89' lang='lat' dir='ltr'>cap.</span> <span class='ocrx_word' id='word_1_466' title='bbox 3268 2555 3349 2627; x_wconf 89' lang='lat'>7.)</span> <span class='ocrx_word' id='word_1_467' title='bbox 3381 2555 3665 2610; x_wconf 87' lang='lat' dir='ltr'>Sacerdos</span> <span class='ocrx_word' id='word_1_468' title='bbox 3698 2556 3956 2611; x_wconf 87' lang='lat' dir='ltr'>missam</span> 
     </span>
    </p>
   </div>
   <div class='ocr_carea' id='block_1_72' title="bbox 2291 2641 3959 2716">
    <p class='ocr_par' dir='ltr' id='par_1_72' title="bbox 2291 2641 3959 2716">
     <span class='ocr_line' id='line_1_74' title="bbox 2291 2641 3959 2716; baseline 0.003 -20"><span class='ocrx_word' id='word_1_469' title='bbox 2291 2641 2453 2697; x_wconf 91' lang='lat' dir='ltr'>solus</span> <span class='ocrx_word' id='word_1_470' title='bbox 2483 2659 2857 2714; x_wconf 88' lang='lat' dir='ltr'>nequaquam</span> <span class='ocrx_word' id='word_1_471' title='bbox 2892 2642 3329 2716; x_wconf 90' lang='lat' dir='ltr'>celebret:quia</span> <span class='ocrx_word' id='word_1_472' title='bbox 3359 2644 3513 2700; x_wconf 89' lang='lat' dir='ltr'>sicut</span> <span class='ocrx_word' id='word_1_473' title='bbox 3534 2644 3635 2700; x_wconf 93' lang='lat' dir='ltr'>illa</span> <span class='ocrx_word' id='word_1_474' title='bbox 3666 2645 3959 2701; x_wconf 85' lang='lat' dir='ltr'>celebrari</span> 
     </span>
    </p>
   </div>
   <div class='ocr_carea' id='block_1_73' title="bbox 2291 2730 3960 2806">
    <p class='ocr_par' dir='ltr' id='par_1_73' title="bbox 2291 2730 3960 2806">
     <span class='ocr_line' id='line_1_75' title="bbox 2291 2730 3960 2806; baseline 0.004 -21"><span class='ocrx_word' id='word_1_475' title='bbox 2291 2747 2407 2785; x_wconf 88' lang='lat' dir='ltr'>non</span> <span class='ocrx_word' id='word_1_476' title='bbox 2441 2734 2635 2803; x_wconf 88' lang='lat' dir='ltr'>potest</span> <span class='ocrx_word' id='word_1_477' title='bbox 2663 2730 2790 2786; x_wconf 87' lang='lat' dir='ltr'>sine</span> <span class='ocrx_word' id='word_1_478' title='bbox 2819 2730 3172 2787; x_wconf 88' lang='lat' dir='ltr'>salutatione</span> <span class='ocrx_word' id='word_1_479' title='bbox 3205 2733 3543 2800; x_wconf 82' lang='lat' dir='ltr'>sacerdotis,</span> <span class='ocrx_word' id='word_1_480' title='bbox 3567 2734 3960 2806; x_wconf 88' lang='lat' dir='ltr'>responsione</span> 
     </span>
    </p>
   </div>
   <div class='ocr_carea' id='block_1_74' title="bbox 2290 2818 3964 2895">
    <p class='ocr_par' dir='ltr' id='par_1_74' title="bbox 2290 2818 3964 2895">
     <span class='ocr_line' id='line_1_76' title="bbox 2290 2818 3964 2895; baseline 0.004 -22"><span class='ocrx_word' id='word_1_481' title='bbox 2290 2818 2499 2892; x_wconf 89' lang='lat' dir='ltr'>plebis,</span> <span class='ocrx_word' id='word_1_482' title='bbox 2534 2819 2935 2875; x_wconf 86' lang='lat' dir='ltr'>admonitione</span> <span class='ocrx_word' id='word_1_483' title='bbox 2966 2822 3307 2888; x_wconf 88' lang='lat' dir='ltr'>sacerdotis,</span> <span class='ocrx_word' id='word_1_484' title='bbox 3332 2822 3709 2895; x_wconf 90' lang='lat' dir='ltr'>responsione</span> <span class='ocrx_word' id='word_1_485' title='bbox 3739 2822 3964 2879; x_wconf 84' lang='lat' dir='ltr'>nihilo-</span> 
     </span>
    </p>
   </div>
   <div class='ocr_carea' id='block_1_75' title="bbox 2290 2907 3961 2983">
    <p class='ocr_par' dir='ltr' id='par_1_75' title="bbox 2290 2907 3961 2983">
     <span class='ocr_line' id='line_1_77' title="bbox 2290 2907 3961 2983; baseline 0.003 -20"><span class='ocrx_word' id='word_1_486' title='bbox 2290 2908 2489 2964; x_wconf 89' lang='lat' dir='ltr'>minus</span> <span class='ocrx_word' id='word_1_487' title='bbox 2510 2907 2717 2981; x_wconf 89' lang='lat' dir='ltr'>plebis,</span> <span class='ocrx_word' id='word_1_488' title='bbox 2742 2909 2823 2964; x_wconf 88' lang='lat' dir='ltr'>ita</span> <span class='ocrx_word' id='word_1_489' title='bbox 2854 2910 3133 2965; x_wconf 89' lang='lat' dir='ltr'>nimirum</span> <span class='ocrx_word' id='word_1_490' title='bbox 3157 2927 3531 2983; x_wconf 85' lang='lat' dir='ltr'>nequaquam</span> <span class='ocrx_word' id='word_1_491' title='bbox 3550 2911 3622 2967; x_wconf 90' lang='lat' dir='ltr'>ab</span> <span class='ocrx_word' id='word_1_492' title='bbox 3640 2928 3756 2967; x_wconf 93' lang='lat' dir='ltr'>uno</span> <span class='ocrx_word' id='word_1_493' title='bbox 3774 2912 3961 2968; x_wconf 89' lang='lat' dir='ltr'>debet</span> 
     </span>
    </p>
   </div>
   <div class='ocr_carea' id='block_1_76' title="bbox 2288 2996 3958 3072">
    <p class='ocr_par' dir='ltr' id='par_1_76' title="bbox 2288 2996 3958 3072">
     <span class='ocr_line' id='line_1_78' title="bbox 2288 2996 3958 3072; baseline 0.001 -19"><span class='ocrx_word' id='word_1_494' title='bbox 2288 2996 2592 3065; x_wconf 88' lang='lat' dir='ltr'>celebrari,</span> <span class='ocrx_word' id='word_1_495' title='bbox 2625 3014 2755 3053; x_wconf 87' lang='lat' dir='ltr'>esse</span> <span class='ocrx_word' id='word_1_496' title='bbox 2785 3002 2981 3054; x_wconf 90' lang='lat' dir='ltr'>autem</span> <span class='ocrx_word' id='word_1_497' title='bbox 3029 2999 3242 3055; x_wconf 90' lang='lat' dir='ltr'>debent</span> <span class='ocrx_word' id='word_1_498' title='bbox 3272 3000 3387 3055; x_wconf 94' lang='lat' dir='ltr'>duo</span> <span class='ocrx_word' id='word_1_499' title='bbox 3420 3006 3520 3055; x_wconf 89' lang='lat' dir='ltr'>aut</span> <span class='ocrx_word' id='word_1_500' title='bbox 3550 3004 3669 3056; x_wconf 91' lang='lat' dir='ltr'>tres</span> <span class='ocrx_word' id='word_1_501' title='bbox 3698 3000 3798 3072; x_wconf 91' lang='lat' dir='ltr'>qui</span> <span class='ocrx_word' id='word_1_502' title='bbox 3829 3000 3958 3055; x_wconf 90' lang='lat' dir='ltr'>cir-</span> 
     </span>
    </p>
   </div>
   <div class='ocr_carea' id='block_1_77' title="bbox 2288 3086 3957 3162">
    <p class='ocr_par' dir='ltr' id='par_1_77' title="bbox 2288 3086 3957 3162">
     <span class='ocr_line' id='line_1_79' title="bbox 2288 3086 3957 3162; baseline 0.002 -20"><span class='ocrx_word' id='word_1_503' title='bbox 2288 3091 2609 3155; x_wconf 91' lang='lat' dir='ltr'>cumstent,</span> <span class='ocrx_word' id='word_1_504' title='bbox 2642 3104 2791 3160; x_wconf 87' lang='lat' dir='ltr'>quos</span> <span class='ocrx_word' id='word_1_505' title='bbox 2821 3086 2918 3143; x_wconf 90' lang='lat' dir='ltr'>ille</span> <span class='ocrx_word' id='word_1_506' title='bbox 2949 3088 3233 3155; x_wconf 88' lang='lat' dir='ltr'>salutet,a</span> <span class='ocrx_word' id='word_1_507' title='bbox 3264 3088 3478 3161; x_wconf 90' lang='lat' dir='ltr'>quibus</span> <span class='ocrx_word' id='word_1_508' title='bbox 3508 3088 3559 3144; x_wconf 90' lang='lat' dir='ltr'>ei</span> <span class='ocrx_word' id='word_1_509' title='bbox 3590 3089 3957 3162; x_wconf 84' lang='lat' dir='ltr'>respondea-</span> 
     </span>
    </p>
   </div>
   <div class='ocr_carea' id='block_1_78' title="bbox 2288 3176 3959 3252">
    <p class='ocr_par' dir='ltr' id='par_1_78' title="bbox 2288 3176 3959 3252">
     <span class='ocr_line' id='line_1_80' title="bbox 2288 3176 3959 3252; baseline 0.002 -21"><span class='ocrx_word' id='word_1_510' title='bbox 2288 3177 2492 3231; x_wconf 88' lang='lat' dir='ltr'>tur.Et</span> <span class='ocrx_word' id='word_1_511' title='bbox 2521 3181 2587 3232; x_wconf 90' lang='lat' dir='ltr'>ut</span> <span class='ocrx_word' id='word_1_512' title='bbox 2618 3176 2927 3251; x_wconf 87' lang='lat' dir='ltr'>epistolam</span> <span class='ocrx_word' id='word_1_513' title='bbox 2960 3176 3158 3233; x_wconf 91' lang='lat' dir='ltr'>nullus</span> <span class='ocrx_word' id='word_1_514' title='bbox 3188 3176 3374 3233; x_wconf 88' lang='lat' dir='ltr'>laicus</span> <span class='ocrx_word' id='word_1_515' title='bbox 3406 3176 3596 3252; x_wconf 87' lang='lat' dir='ltr'>legere</span> <span class='ocrx_word' id='word_1_516' title='bbox 3628 3183 3959 3251; x_wconf 69' lang='lat' dir='ltr'>praesumat</span> 
     </span>
    </p>
   </div>
   <div class='ocr_carea' id='block_1_79' title="bbox 2291 3354 3963 3431">
    <p class='ocr_par' dir='ltr' id='par_1_79' title="bbox 2291 3354 3963 3431">
     <span class='ocr_line' id='line_1_81' title="bbox 2291 3354 3963 3431; baseline 0.001 -21"><span class='ocrx_word' id='word_1_517' title='bbox 2291 3354 2573 3411; x_wconf 87' lang='lat' dir='ltr'>ofﬁcium.</span> <span class='ocrx_word' id='word_1_518' title='bbox 2607 3355 2771 3411; x_wconf 88' lang='lat' dir='ltr'>Sicut</span> <span class='ocrx_word' id='word_1_519' title='bbox 2798 3355 2955 3411; x_wconf 89' lang='lat' dir='ltr'>enim</span> <span class='ocrx_word' id='word_1_520' title='bbox 2989 3356 3233 3412; x_wconf 90' lang='lat' dir='ltr'>missam</span> <span class='ocrx_word' id='word_1_521' title='bbox 3267 3358 3597 3413; x_wconf 90' lang='lat' dir='ltr'>sacerdotes</span> <span class='ocrx_word' id='word_1_522' title='bbox 3627 3362 3683 3412; x_wconf 92' lang='lat' dir='ltr'>et</span> <span class='ocrx_word' id='word_1_523' title='bbox 3708 3373 3963 3431; x_wconf 85' lang='lat' dir='ltr'>evange-</span> 
     </span>
    </p>
   </div>
   <div class='ocr_carea' id='block_1_80' title="bbox 2291 3443 3964 3519">
    <p class='ocr_par' dir='ltr' id='par_1_80' title="bbox 2291 3443 3964 3519">
     <span class='ocr_line' id='line_1_82' title="bbox 2291 3443 3964 3519; baseline 0.002 -20"><span class='ocrx_word' id='word_1_524' title='bbox 2291 3443 2437 3500; x_wconf 90' lang='lat' dir='ltr'>lium</span> <span class='ocrx_word' id='word_1_525' title='bbox 2466 3444 2655 3517; x_wconf 89' lang='lat' dir='ltr'>legere</span> <span class='ocrx_word' id='word_1_526' title='bbox 2687 3445 2913 3500; x_wconf 90' lang='lat' dir='ltr'>diaconi</span> <span class='ocrx_word' id='word_1_527' title='bbox 2934 3445 3337 3517; x_wconf 89' lang='lat' dir='ltr'>jubentur,ita</span> <span class='ocrx_word' id='word_1_528' title='bbox 3356 3445 3662 3518; x_wconf 90' lang='lat' dir='ltr'>epistolam</span> <span class='ocrx_word' id='word_1_529' title='bbox 3694 3463 3964 3519; x_wconf 88' lang='lat' dir='ltr'>pronun-</span> 
     </span>
    </p>
   </div>
   <div class='ocr_carea' id='block_1_81' title="bbox 2291 3533 3960 3592">
    <p class='ocr_par' dir='ltr' id='par_1_81' title="bbox 2291 3533 3960 3592">
     <span class='ocr_line' id='line_1_83' title="bbox 2291 3533 3960 3592; baseline 0.002 -4"><span class='ocrx_word' id='word_1_530' title='bbox 2291 3534 2437 3589; x_wconf 87' lang='lat' dir='ltr'>tiare</span> <span class='ocrx_word' id='word_1_531' title='bbox 2466 3533 2619 3589; x_wconf 89' lang='lat' dir='ltr'>inter</span> <span class='ocrx_word' id='word_1_532' title='bbox 2657 3551 2823 3589; x_wconf 88' lang='lat' dir='ltr'>sacra</span> <span class='ocrx_word' id='word_1_533' title='bbox 2881 3535 3200 3591; x_wconf 90' lang='lat' dir='ltr'>missarum</span> <span class='ocrx_word' id='word_1_534' title='bbox 3261 3534 3548 3591; x_wconf 87' lang='lat' dir='ltr'>solemnia</span> <span class='ocrx_word' id='word_1_535' title='bbox 3604 3535 3960 3592; x_wconf 89' lang='lat' dir='ltr'>subdiaconi</span> 
     </span>
    </p>
   </div>
   <div class='ocr_carea' id='block_1_82' title="bbox 2278 3623 3962 3694">
    <p class='ocr_par' dir='ltr' id='par_1_82' title="bbox 2278 3623 3962 3694">
     <span class='ocr_line' id='line_1_84' title="bbox 2278 3623 3962 3694; baseline 0.001 -16"><span class='ocrx_word' id='word_1_536' title='bbox 2278 3626 2640 3679; x_wconf 81' lang='lat' dir='ltr'>noscuntur.</span> <span class='ocrx_word' id='word_1_537' title='bbox 2675 3624 2823 3679; x_wconf 90' lang='lat' dir='ltr'>Nam</span> <span class='ocrx_word' id='word_1_538' title='bbox 2854 3623 2901 3679; x_wconf 92' lang='lat' dir='ltr'>si</span> <span class='ocrx_word' id='word_1_539' title='bbox 2930 3623 3327 3680; x_wconf 88' lang='lat' dir='ltr'>subdiaconus</span> <span class='ocrx_word' id='word_1_540' title='bbox 3358 3624 3627 3694; x_wconf 88' lang='lat' dir='ltr'>defuerit,</span> <span class='ocrx_word' id='word_1_541' title='bbox 3653 3628 3755 3679; x_wconf 88' lang='lat' dir='ltr'>aut</span> <span class='ocrx_word' id='word_1_542' title='bbox 3775 3642 3809 3679; x_wconf 87' lang='lat' dir='ltr'>a</span> <span class='ocrx_word' id='word_1_543' title='bbox 3830 3624 3962 3680; x_wconf 89' lang='lat' dir='ltr'>dia-</span> 
     </span>
    </p>
   </div>
   <div class='ocr_carea' id='block_1_83' title="bbox 2295 3712 3959 3787">
    <p class='ocr_par' dir='ltr' id='par_1_83' title="bbox 2295 3712 3959 3787">
     <span class='ocr_line' id='line_1_85' title="bbox 2295 3712 3959 3787; baseline 0.002 -20"><span class='ocrx_word' id='word_1_544' title='bbox 2295 3729 2439 3767; x_wconf 93' lang='lat' dir='ltr'>cono</span> <span class='ocrx_word' id='word_1_545' title='bbox 2471 3716 2573 3767; x_wconf 89' lang='lat' dir='ltr'>aut</span> <span class='ocrx_word' id='word_1_546' title='bbox 2602 3713 2675 3767; x_wconf 87' lang='lat' dir='ltr'>ab</span> <span class='ocrx_word' id='word_1_547' title='bbox 2706 3712 2832 3784; x_wconf 90' lang='lat' dir='ltr'>ipso</span> <span class='ocrx_word' id='word_1_548' title='bbox 2863 3712 3092 3784; x_wconf 88' lang='lat' dir='ltr'>legatur</span> <span class='ocrx_word' id='word_1_549' title='bbox 3122 3714 3561 3787; x_wconf 82' lang='lat' dir='ltr'>presbytero,ut</span> <span class='ocrx_word' id='word_1_550' title='bbox 3583 3731 3698 3769; x_wconf 91' lang='lat' dir='ltr'>non</span> <span class='ocrx_word' id='word_1_551' title='bbox 3730 3713 3959 3786; x_wconf 86' lang='lat' dir='ltr'>vitupe-</span> 
     </span>
    </p>
   </div>
   <div class='ocr_carea' id='block_1_84' title="bbox 2296 3801 3962 3865">
    <p class='ocr_par' dir='ltr' id='par_1_84' title="bbox 2296 3801 3962 3865">
     <span class='ocr_line' id='line_1_86' title="bbox 2296 3801 3962 3865; baseline 0.002 -10"><span class='ocrx_word' id='word_1_552' title='bbox 2296 3806 2455 3856; x_wconf 90' lang='lat' dir='ltr'>retur</span> <span class='ocrx_word' id='word_1_553' title='bbox 2477 3801 2871 3856; x_wconf 85' lang='lat' dir='ltr'>ministerium</span> <span class='ocrx_word' id='word_1_554' title='bbox 2895 3819 3150 3865; x_wconf 90' lang='lat' dir='ltr'>sacrum,</span> <span class='ocrx_word' id='word_1_555' title='bbox 3167 3803 3266 3858; x_wconf 89' lang='lat' dir='ltr'>sed</span> <span class='ocrx_word' id='word_1_556' title='bbox 3293 3805 3349 3857; x_wconf 90' lang='lat' dir='ltr'>in</span> <span class='ocrx_word' id='word_1_557' title='bbox 3370 3803 3644 3859; x_wconf 89' lang='lat' dir='ltr'>omnibus</span> <span class='ocrx_word' id='word_1_558' title='bbox 3676 3802 3962 3858; x_wconf 82' lang='lat' dir='ltr'>honoriﬁ-</span> 
     </span>
    </p>
   </div>
   <div class='ocr_carea' id='block_1_85' title="bbox 2294 3891 3959 3964">
    <p class='ocr_par' dir='ltr' id='par_1_85' title="bbox 2294 3891 3959 3964">
     <span class='ocr_line' id='line_1_87' title="bbox 2294 3891 3959 3964; baseline 0.001 -18"><span class='ocrx_word' id='word_1_559' title='bbox 2294 3896 2458 3946; x_wconf 87' lang='lat' dir='ltr'>cetur</span> <span class='ocrx_word' id='word_1_560' title='bbox 2479 3891 2651 3947; x_wconf 92' lang='lat' dir='ltr'>Deus.</span> <span class='ocrx_word' id='word_1_561' title='bbox 2677 3891 2859 3961; x_wconf 68' lang='lat' dir='ltr'>(ibid,</span> <span class='ocrx_word' id='word_1_562' title='bbox 2886 3908 3013 3963; x_wconf 85' lang='lat' dir='ltr'>cap.</span> <span class='ocrx_word' id='word_1_563' title='bbox 3037 3893 3115 3964; x_wconf 85' lang='lat'>6.)</span> <span class='ocrx_word' id='word_1_564' title='bbox 3143 3892 3390 3948; x_wconf 69' lang='lat' dir='ltr'>Femina:</span> <span class='ocrx_word' id='word_1_565' title='bbox 3423 3897 3617 3948; x_wconf 89' lang='lat' dir='ltr'>autem</span> <span class='ocrx_word' id='word_1_566' title='bbox 3650 3892 3959 3949; x_wconf 85' lang='lat' dir='ltr'>sacerdote</span> 
     </span>
    </p>
   </div>
   <div class='ocr_carea' id='block_1_86' title="bbox 2296 3979 3955 4054">
    <p class='ocr_par' dir='ltr' id='par_1_86' title="bbox 2296 3979 3955 4054">
     <span class='ocr_line' id='line_1_88' title="bbox 2296 3979 3955 4054; baseline 0.002 -20"><span class='ocrx_word' id='word_1_567' title='bbox 2296 3980 2542 4035; x_wconf 88' lang='lat' dir='ltr'>missam</span> <span class='ocrx_word' id='word_1_568' title='bbox 2573 3979 2905 4036; x_wconf 89' lang='lat' dir='ltr'>celebrante</span> <span class='ocrx_word' id='word_1_569' title='bbox 2935 3998 3310 4053; x_wconf 89' lang='lat' dir='ltr'>nequaquam</span> <span class='ocrx_word' id='word_1_570' title='bbox 3334 3982 3405 4036; x_wconf 91' lang='lat' dir='ltr'>ad</span> <span class='ocrx_word' id='word_1_571' title='bbox 3437 3982 3617 4037; x_wconf 89' lang='lat' dir='ltr'>altare</span> <span class='ocrx_word' id='word_1_572' title='bbox 3647 3982 3955 4054; x_wconf 84' lang='lat' dir='ltr'>accedant,</span> 
     </span>
    </p>
   </div>
   <div class='ocr_carea' id='block_1_87' title="bbox 2294 4069 3954 4143">
    <p class='ocr_par' dir='ltr' id='par_1_87' title="bbox 2294 4069 3954 4143">
     <span class='ocr_line' id='line_1_89' title="bbox 2294 4069 3954 4143; baseline 0.002 -19"><span class='ocrx_word' id='word_1_573' title='bbox 2294 4086 2401 4125; x_wconf 91' lang='lat' dir='ltr'>nec</span> <span class='ocrx_word' id='word_1_574' title='bbox 2431 4086 2570 4125; x_wconf 89' lang='lat' dir='ltr'>vasa</span> <span class='ocrx_word' id='word_1_575' title='bbox 2599 4086 2766 4125; x_wconf 88' lang='lat' dir='ltr'>sacra</span> <span class='ocrx_word' id='word_1_576' title='bbox 2795 4069 3157 4143; x_wconf 90' lang='lat' dir='ltr'>contingant,</span> <span class='ocrx_word' id='word_1_577' title='bbox 3191 4071 3291 4126; x_wconf 92' lang='lat' dir='ltr'>sed</span> <span class='ocrx_word' id='word_1_578' title='bbox 3323 4071 3382 4126; x_wconf 92' lang='lat' dir='ltr'>in</span> <span class='ocrx_word' id='word_1_579' title='bbox 3423 4070 3567 4127; x_wconf 91' lang='lat' dir='ltr'>locis</span> <span class='ocrx_word' id='word_1_580' title='bbox 3617 4071 3741 4127; x_wconf 92' lang='lat' dir='ltr'>suis</span> <span class='ocrx_word' id='word_1_581' title='bbox 3771 4075 3954 4127; x_wconf 85' lang='lat' dir='ltr'>stent.</span> 
     </span>
    </p>
   </div>
   <div class='ocr_carea' id='block_1_88' title="bbox 2296 4157 3955 4217">
    <p class='ocr_par' dir='ltr' id='par_1_88' title="bbox 2296 4157 3955 4217">
     <span class='ocr_line' id='line_1_90' title="bbox 2296 4157 3955 4217; baseline 0.001 -3"><span class='ocrx_word' id='word_1_582' title='bbox 2296 4159 2583 4214; x_wconf 89' lang='lat' dir='ltr'>Memores</span> <span class='ocrx_word' id='word_1_583' title='bbox 2614 4157 2772 4214; x_wconf 91' lang='lat' dir='ltr'>enim</span> <span class='ocrx_word' id='word_1_584' title='bbox 2804 4176 2933 4216; x_wconf 88' lang='lat' dir='ltr'>esse</span> <span class='ocrx_word' id='word_1_585' title='bbox 2963 4160 3178 4217; x_wconf 88' lang='lat' dir='ltr'>debent</span> <span class='ocrx_word' id='word_1_586' title='bbox 3198 4160 3426 4216; x_wconf 83' lang='lat' dir='ltr'>feminae</span> <span class='ocrx_word' id='word_1_587' title='bbox 3448 4159 3807 4217; x_wconf 87' lang='lat' dir='ltr'>inﬁrmitatis</span> <span class='ocrx_word' id='word_1_588' title='bbox 3829 4178 3955 4216; x_wconf 66' lang='lat' dir='ltr'>sua:</span> 
     </span>
    </p>
   </div>
   <div class='ocr_carea' id='block_1_89' title="bbox 2295 4247 3957 4322">
    <p class='ocr_par' dir='ltr' id='par_1_89' title="bbox 2295 4247 3957 4322">
     <span class='ocr_line' id='line_1_91' title="bbox 2295 4247 3957 4322; baseline 0 -18"><span class='ocrx_word' id='word_1_589' title='bbox 2295 4252 2352 4304; x_wconf 92' lang='lat' dir='ltr'>et</span> <span class='ocrx_word' id='word_1_590' title='bbox 2372 4264 2543 4304; x_wconf 80' lang='lat' dir='ltr'>sexus</span> <span class='ocrx_word' id='word_1_591' title='bbox 2565 4247 3005 4305; x_wconf 89' lang='lat' dir='ltr'>imbecillitatis.</span> <span class='ocrx_word' id='word_1_592' title='bbox 3029 4249 3099 4304; x_wconf 88' lang='lat' dir='ltr'>Et</span> <span class='ocrx_word' id='word_1_593' title='bbox 3119 4249 3335 4305; x_wconf 89' lang='lat' dir='ltr'>idcirco</span> <span class='ocrx_word' id='word_1_594' title='bbox 3365 4254 3568 4307; x_wconf 89' lang='lat' dir='ltr'>sancta</span> <span class='ocrx_word' id='word_1_595' title='bbox 3599 4248 3873 4322; x_wconf 64' lang='lat' dir='ltr'>quaelibet</span> <span class='ocrx_word' id='word_1_596' title='bbox 3890 4251 3957 4305; x_wconf 89' lang='lat' dir='ltr'>in</span> 
     </span>
    </p>
   </div>
   <div class='ocr_carea' id='block_1_90' title="bbox 2296 4324 3958 4411">
    <p class='ocr_par' dir='ltr' id='par_1_90' title="bbox 2296 4324 3958 4411">
     <span class='ocr_line' id='line_1_92' title="bbox 2296 4324 3958 4411; baseline 0.001 -18"><span class='ocrx_word' id='word_1_597' title='bbox 2296 4336 2624 4393; x_wconf 90' lang='lat' dir='ltr'>ministerio</span> <span class='ocrx_word' id='word_1_598' title='bbox 2655 4336 2909 4394; x_wconf 71' lang='lat' dir='ltr'>ecclesia:</span> <span class='ocrx_word' id='word_1_599' title='bbox 2956 4324 3296 4411; x_wconf 83' lang='lat' dir='ltr'>contingere</span> <span class='ocrx_word' id='word_1_600' title='bbox 3346 4339 3783 4411; x_wconf 89' lang='lat' dir='ltr'>pertimescant.</span> <span class='ocrx_word' id='word_1_601' title='bbox 3817 4338 3958 4402; x_wconf 64' lang='lat' dir='ltr'>Quae</span> 
     </span>
    </p>
   </div>
   <div class='ocr_carea' id='block_1_91' title="bbox 2295 4425 3958 4501">
    <p class='ocr_par' dir='ltr' id='par_1_91' title="bbox 2295 4425 3958 4501">
     <span class='ocr_line' id='line_1_93' title="bbox 2295 4425 3958 4501; baseline 0.001 -19"><span class='ocrx_word' id='word_1_602' title='bbox 2295 4427 2469 4482; x_wconf 88' lang='lat' dir='ltr'>etiam</span> <span class='ocrx_word' id='word_1_603' title='bbox 2490 4425 2623 4481; x_wconf 88' lang='lat' dir='ltr'>laici</span> <span class='ocrx_word' id='word_1_604' title='bbox 2641 4426 2745 4481; x_wconf 91' lang='lat' dir='ltr'>viri</span> <span class='ocrx_word' id='word_1_605' title='bbox 2762 4425 3173 4499; x_wconf 89' lang='lat' dir='ltr'>pertimescere</span> <span class='ocrx_word' id='word_1_606' title='bbox 3194 4428 3425 4494; x_wconf 90' lang='lat' dir='ltr'>debent,</span> <span class='ocrx_word' id='word_1_607' title='bbox 3445 4445 3518 4483; x_wconf 89' lang='lat' dir='ltr'>ne</span> <span class='ocrx_word' id='word_1_608' title='bbox 3540 4428 3694 4485; x_wconf 87' lang='lat' dir='ltr'>Ozan</span> <span class='ocrx_word' id='word_1_609' title='bbox 3718 4444 3958 4501; x_wconf 84' lang='lat' dir='ltr'>poenam</span> 
     </span>
    </p>
   </div>
   <div class='ocr_carea' id='block_1_92' title="bbox 2297 4516 3960 4591">
    <p class='ocr_par' dir='ltr' id='par_1_92' title="bbox 2297 4516 3960 4591">
     <span class='ocr_line' id='line_1_94' title="bbox 2297 4516 3960 4591; baseline 0.001 -20"><span class='ocrx_word' id='word_1_610' title='bbox 2297 4516 2565 4586; x_wconf 88' lang='lat' dir='ltr'>subeant,</span> <span class='ocrx_word' id='word_1_611' title='bbox 2588 4516 2689 4589; x_wconf 90' lang='lat' dir='ltr'>qui</span> <span class='ocrx_word' id='word_1_612' title='bbox 2708 4517 2849 4572; x_wconf 93' lang='lat' dir='ltr'>dum</span> <span class='ocrx_word' id='word_1_613' title='bbox 2869 4534 3065 4573; x_wconf 88' lang='lat' dir='ltr'>arcam</span> <span class='ocrx_word' id='word_1_614' title='bbox 3100 4517 3333 4574; x_wconf 90' lang='lat' dir='ltr'>Domini</span> <span class='ocrx_word' id='word_1_615' title='bbox 3362 4522 3524 4574; x_wconf 83' lang='lat' dir='ltr'>extra</span> <span class='ocrx_word' id='word_1_616' title='bbox 3554 4517 3814 4574; x_wconf 89' lang='lat' dir='ltr'>ordinari</span> <span class='ocrx_word' id='word_1_617' title='bbox 3836 4518 3960 4591; x_wconf 86' lang='lat' dir='ltr'>(sic)</span> 
     </span>
    </p>
   </div>
   <div class='ocr_carea' id='block_1_93' title="bbox 532 4605 3960 4709">
    <p class='ocr_par' dir='ltr' id='par_1_93' title="bbox 532 4605 3960 4709">
     <span class='ocr_line' id='line_1_95' title="bbox 532 4605 3960 4709; baseline 0.006 -19"><span class='ocrx_word' id='word_1_618' title='bbox 532 4605 1113 4691; x_wconf 43' lang='lat' dir='ltr'>doctrinam‘rectam</span> <span class='ocrx_word' id='word_1_619' title='bbox 1146 4639 1401 4705; x_wconf 89' lang='lat' dir='ltr'>teneant,</span> <span class='ocrx_word' id='word_1_620' title='bbox 1434 4640 1491 4691; x_wconf 92' lang='lat' dir='ltr'>et</span> <span class='ocrx_word' id='word_1_621' title='bbox 1520 4605 1816 4709; x_wconf 77' lang='lat' dir='ltr'>baptisma</span> <span class='ocrx_word' id='word_1_622' title='bbox 1837 4638 2189 4694; x_wconf 89' lang='lat' dir='ltr'>catholicum</span> <span class='ocrx_word' id='word_1_623' title='bbox 2220 4628 2267 4693; x_wconf 82' lang='grc' dir='ltr'>Ι)</span> <span class='ocrx_word' id='word_1_624' title='bbox 2299 4605 2763 4709; x_wconf 52' lang='lat' dir='ltr'>pelfustenme</span> <span class='ocrx_word' id='word_1_625' title='bbox 2803 4605 3007 4675; x_wconf 63' lang='lat' dir='ltr'>vomit’</span> <span class='ocrx_word' id='word_1_626' title='bbox 3039 4607 3142 4663; x_wconf 68' lang='lat' dir='ltr'>sed</span> <span class='ocrx_word' id='word_1_627' title='bbox 3188 4608 3430 4664; x_wconf 67' lang='lat' dir='ltr'>Domino</span> <span class='ocrx_word' id='word_1_628' title='bbox 3472 4607 3830 4681; x_wconf 57' lang='lat' dir='ltr'>percutiente</span> <span class='ocrx_word' id='word_1_629' title='bbox 3859 4606 3960 4662; x_wconf 51' lang='lat' dir='ltr'>in-</span> 
     </span>
    </p>
   </div>
   <div class='ocr_carea' id='block_1_94' title="bbox 533 4724 2188 4800">
    <p class='ocr_par' dir='ltr' id='par_1_94' title="bbox 533 4724 2188 4800">
     <span class='ocr_line' id='line_1_96' title="bbox 533 4724 2188 4800; baseline 0.001 -20"><span class='ocrx_word' id='word_1_630' title='bbox 533 4725 863 4792; x_wconf 87' lang='lat' dir='ltr'>observent,</span> <span class='ocrx_word' id='word_1_631' title='bbox 897 4728 955 4779; x_wconf 91' lang='lat' dir='ltr'>et</span> <span class='ocrx_word' id='word_1_632' title='bbox 984 4724 1304 4780; x_wconf 89' lang='lat' dir='ltr'>missarum</span> <span class='ocrx_word' id='word_1_633' title='bbox 1335 4741 1536 4796; x_wconf 90' lang='lat' dir='ltr'>preces</span> <span class='ocrx_word' id='word_1_634' title='bbox 1568 4726 1718 4782; x_wconf 90' lang='lat' dir='ltr'>bene</span> <span class='ocrx_word' id='word_1_635' title='bbox 1748 4726 2099 4800; x_wconf 90' lang='lat' dir='ltr'>intelligant,</span> <span class='ocrx_word' id='word_1_636' title='bbox 2131 4731 2188 4783; x_wconf 90' lang='lat' dir='ltr'>et</span> 
     </span>
    </p>
   </div>
   <div class='ocr_carea' id='block_1_95' title="bbox 532 4812 2189 4883">
    <p class='ocr_par' dir='ltr' id='par_1_95' title="bbox 532 4812 2189 4883">
     <span class='ocr_line' id='line_1_97' title="bbox 532 4812 2189 4883; baseline 0.001 -13"><span class='ocrx_word' id='word_1_637' title='bbox 532 4814 709 4872; x_wconf 89' lang='lat' dir='ltr'>horas</span> <span class='ocrx_word' id='word_1_638' title='bbox 741 4814 1055 4870; x_wconf 87' lang='lat' dir='ltr'>canonicas</span> <span class='ocrx_word' id='word_1_639' title='bbox 1085 4814 1331 4869; x_wconf 89' lang='lat' dir='ltr'>diurnas</span> <span class='ocrx_word' id='word_1_640' title='bbox 1362 4812 1451 4870; x_wconf 90' lang='lat' dir='ltr'>vel</span> <span class='ocrx_word' id='word_1_641' title='bbox 1484 4819 1800 4872; x_wconf 90' lang='lat' dir='ltr'>nocturnas</span> <span class='ocrx_word' id='word_1_642' title='bbox 1831 4816 2189 4883; x_wconf 91' lang='lat' dir='ltr'>custodiant,</span> 
     </span>
    </p>
   </div>
   <div class='ocr_carea' id='block_1_96' title="bbox 533 4901 2193 4975">
    <p class='ocr_par' dir='ltr' id='par_1_96' title="bbox 533 4901 2193 4975">
     <span class='ocr_line' id='line_1_98' title="bbox 533 4901 2193 4975; baseline 0.002 -17"><span class='ocrx_word' id='word_1_643' title='bbox 533 4901 893 4975; x_wconf 89' lang='lat' dir='ltr'>etutpsalmi</span> <span class='ocrx_word' id='word_1_644' title='bbox 908 4902 1085 4975; x_wconf 89' lang='lat' dir='ltr'>digne</span> <span class='ocrx_word' id='word_1_645' title='bbox 1097 4903 1422 4958; x_wconf 88' lang='lat' dir='ltr'>secundum</span> <span class='ocrx_word' id='word_1_646' title='bbox 1447 4902 1760 4960; x_wconf 83' lang='lat' dir='ltr'>divisiones</span> <span class='ocrx_word' id='word_1_647' title='bbox 1781 4922 2054 4961; x_wconf 91' lang='lat' dir='ltr'>versuum</span> <span class='ocrx_word' id='word_1_648' title='bbox 2072 4922 2193 4962; x_wconf 90' lang='lat' dir='ltr'>mo-</span> 
     </span>
    </p>
   </div>
   <div class='ocr_carea' id='block_1_97' title="bbox 533 4990 2191 5069">
    <p class='ocr_par' dir='ltr' id='par_1_97' title="bbox 533 4990 2191 5069">
     <span class='ocr_line' id='line_1_99' title="bbox 533 4990 2191 5069; baseline 0.002 -23"><span class='ocrx_word' id='word_1_649' title='bbox 533 4990 832 5061; x_wconf 90' lang='lat' dir='ltr'>dulentur,</span> <span class='ocrx_word' id='word_1_650' title='bbox 866 4996 923 5047; x_wconf 91' lang='lat' dir='ltr'>et</span> <span class='ocrx_word' id='word_1_651' title='bbox 972 4992 1338 5048; x_wconf 88' lang='lat' dir='ltr'>Dominicam</span> <span class='ocrx_word' id='word_1_652' title='bbox 1389 4992 1714 5049; x_wconf 89' lang='lat' dir='ltr'>orationem</span> <span class='ocrx_word' id='word_1_653' title='bbox 1764 4999 1821 5051; x_wconf 90' lang='lat' dir='ltr'>et</span> <span class='ocrx_word' id='word_1_654' title='bbox 1859 4995 2191 5069; x_wconf 80' lang='lat' dir='ltr'>symbolum</span> 
     </span>
    </p>
   </div>
   <div class='ocr_carea' id='block_1_98' title="bbox 536 5081 2194 5157">
    <p class='ocr_par' dir='ltr' id='par_1_98' title="bbox 536 5081 2194 5157">
     <span class='ocr_line' id='line_1_100' title="bbox 536 5081 2194 5157; baseline 0.002 -22"><span class='ocrx_word' id='word_1_655' title='bbox 536 5085 712 5152; x_wconf 88' lang='lat' dir='ltr'>atque</span> <span class='ocrx_word' id='word_1_656' title='bbox 744 5081 1167 5154; x_wconf 85' lang='lat' dir='ltr'>expositionem</span> <span class='ocrx_word' id='word_1_657' title='bbox 1199 5082 1311 5154; x_wconf 90' lang='lat' dir='ltr'>ipsi</span> <span class='ocrx_word' id='word_1_658' title='bbox 1342 5087 1588 5138; x_wconf 91' lang='lat' dir='ltr'>noscant</span> <span class='ocrx_word' id='word_1_659' title='bbox 1617 5087 1675 5139; x_wconf 93' lang='lat' dir='ltr'>et</span> <span class='ocrx_word' id='word_1_660' title='bbox 1691 5084 1966 5140; x_wconf 89' lang='lat' dir='ltr'>omnibus</span> <span class='ocrx_word' id='word_1_661' title='bbox 1986 5084 2194 5157; x_wconf 69' lang='lat' dir='ltr'>praedi-</span> 
     </span>
    </p>
   </div>
   <div class='ocr_carea' id='block_1_99' title="bbox 536 5169 2192 5244">
    <p class='ocr_par' dir='ltr' id='par_1_99' title="bbox 536 5169 2192 5244">
     <span class='ocr_line' id='line_1_101' title="bbox 536 5169 2192 5244; baseline 0.002 -20"><span class='ocrx_word' id='word_1_662' title='bbox 536 5174 670 5225; x_wconf 90' lang='lat' dir='ltr'>cent</span> <span class='ocrx_word' id='word_1_663' title='bbox 691 5169 1153 5244; x_wconf 90' lang='lat' dir='ltr'>intelligendam,</span> <span class='ocrx_word' id='word_1_664' title='bbox 1174 5175 1231 5225; x_wconf 90' lang='lat' dir='ltr'>et</span> <span class='ocrx_word' id='word_1_665' title='bbox 1252 5171 1659 5243; x_wconf 90' lang='lat' dir='ltr'>unusquisque</span> <span class='ocrx_word' id='word_1_666' title='bbox 1688 5172 1836 5227; x_wconf 88' lang='lat' dir='ltr'>sciat</span> <span class='ocrx_word' id='word_1_667' title='bbox 1864 5173 2002 5244; x_wconf 93' lang='lat' dir='ltr'>quid</span> <span class='ocrx_word' id='word_1_668' title='bbox 2021 5191 2056 5228; x_wconf 88' lang='lat' dir='ltr'>a</span> <span class='ocrx_word' id='word_1_669' title='bbox 2076 5173 2192 5228; x_wconf 91' lang='lat' dir='ltr'>Deo</span> 
     </span>
    </p>
   </div>
   <div class='ocr_carea' id='block_1_100' title="bbox 534 5260 2193 5334">
    <p class='ocr_par' dir='ltr' id='par_1_100' title="bbox 534 5260 2193 5334">
     <span class='ocr_line' id='line_1_102' title="bbox 534 5260 2193 5334; baseline 0.002 -19"><span class='ocrx_word' id='word_1_670' title='bbox 534 5262 734 5331; x_wconf 89' lang='lat' dir='ltr'>petat;</span> <span class='ocrx_word' id='word_1_671' title='bbox 768 5266 1063 5331; x_wconf 90' lang='lat' dir='ltr'>quatenus</span> <span class='ocrx_word' id='word_1_672' title='bbox 1112 5276 1310 5316; x_wconf 89' lang='lat' dir='ltr'>eorum</span> <span class='ocrx_word' id='word_1_673' title='bbox 1360 5260 1643 5316; x_wconf 90' lang='lat' dir='ltr'>doctrinis</span> <span class='ocrx_word' id='word_1_674' title='bbox 1690 5266 1867 5334; x_wconf 90' lang='lat' dir='ltr'>atque</span> <span class='ocrx_word' id='word_1_675' title='bbox 1913 5262 2193 5334; x_wconf 89' lang='lat' dir='ltr'>exemplis</span> 
     </span>
    </p>
   </div>
   <div class='ocr_carea' id='block_1_101' title="bbox 537 5348 2191 5425">
    <p class='ocr_par' dir='ltr' id='par_1_101' title="bbox 537 5348 2191 5425">
     <span class='ocr_line' id='line_1_103' title="bbox 537 5348 2191 5425; baseline 0.003 -22"><span class='ocrx_word' id='word_1_676' title='bbox 537 5348 710 5403; x_wconf 89' lang='lat' dir='ltr'>multi</span> <span class='ocrx_word' id='word_1_677' title='bbox 744 5349 1159 5420; x_wconf 89' lang='lat' dir='ltr'>pertrabantur</span> <span class='ocrx_word' id='word_1_678' title='bbox 1183 5349 1254 5404; x_wconf 89' lang='lat' dir='ltr'>ad</span> <span class='ocrx_word' id='word_1_679' title='bbox 1286 5350 1593 5406; x_wconf 90' lang='lat' dir='ltr'>servitium</span> <span class='ocrx_word' id='word_1_680' title='bbox 1625 5350 1746 5419; x_wconf 92' lang='lat' dir='ltr'>Dei,</span> <span class='ocrx_word' id='word_1_681' title='bbox 1767 5352 1921 5407; x_wconf 91' lang='lat' dir='ltr'>sicut</span> <span class='ocrx_word' id='word_1_682' title='bbox 1946 5352 2069 5425; x_wconf 90' lang='lat' dir='ltr'>ipse</span> <span class='ocrx_word' id='word_1_683' title='bbox 2087 5353 2191 5408; x_wconf 89' lang='lat' dir='ltr'>Do-</span> 
     </span>
    </p>
   </div>
   <div class='ocr_carea' id='block_1_102' title="bbox 538 5437 2195 5511">
    <p class='ocr_par' dir='ltr' id='par_1_102' title="bbox 538 5437 2195 5511">
     <span class='ocr_line' id='line_1_104' title="bbox 538 5437 2195 5511; baseline 0.003 -18"><span class='ocrx_word' id='word_1_684' title='bbox 538 5438 739 5493; x_wconf 90' lang='lat' dir='ltr'>minus</span> <span class='ocrx_word' id='word_1_685' title='bbox 773 5438 831 5493; x_wconf 92' lang='lat' dir='ltr'>in</span> <span class='ocrx_word' id='word_1_686' title='bbox 863 5437 1173 5511; x_wconf 88' lang='lat' dir='ltr'>Evangelio</span> <span class='ocrx_word' id='word_1_687' title='bbox 1204 5440 1477 5511; x_wconf 70' lang='lat' dir='ltr'>praacepit</span> <span class='ocrx_word' id='word_1_688' title='bbox 1510 5456 1524 5495; x_wconf 87' lang='lat'><strong>:</strong></span> <span class='ocrx_word' id='word_1_689' title='bbox 1558 5442 1653 5495; x_wconf 87' lang='lat' dir='ltr'>Sic</span> <span class='ocrx_word' id='word_1_690' title='bbox 1683 5441 1858 5496; x_wconf 84' lang='lat' dir='ltr'>luceat</span> <span class='ocrx_word' id='word_1_691' title='bbox 1890 5441 1989 5497; x_wconf 74' lang='lat' dir='ltr'>tua:</span> <span class='ocrx_word' id='word_1_692' title='bbox 2018 5452 2195 5499; x_wconf 82' lang='lat' dir='ltr'>vestra</span> 
     </span>
    </p>
   </div>
   <div class='ocr_carea' id='block_1_103' title="bbox 537 5528 2194 5606">
    <p class='ocr_par' dir='ltr' id='par_1_103' title="bbox 537 5528 2194 5606">
     <span class='ocr_line' id='line_1_105' title="bbox 537 5528 2194 5606; baseline 0.005 -24"><span class='ocrx_word' id='word_1_693' title='bbox 537 5543 722 5584; x_wconf 85' lang='lat' dir='ltr'>coram</span> <span class='ocrx_word' id='word_1_694' title='bbox 751 5528 1064 5583; x_wconf 85' lang='lat' dir='ltr'>hominibus</span> <span class='ocrx_word' id='word_1_695' title='bbox 1090 5536 1151 5583; x_wconf 84' lang='lat' dir='ltr'>ut</span> <span class='ocrx_word' id='word_1_696' title='bbox 1174 5529 1392 5584; x_wconf 81' lang='lat' dir='ltr'>videant</span> <span class='ocrx_word' id='word_1_697' title='bbox 1422 5546 1585 5601; x_wconf 83' lang='lat' dir='ltr'>opera</span> <span class='ocrx_word' id='word_1_698' title='bbox 1628 5538 1805 5586; x_wconf 83' lang='lat' dir='ltr'>vestra</span> <span class='ocrx_word' id='word_1_699' title='bbox 1838 5532 1977 5589; x_wconf 85' lang='lat' dir='ltr'>bona</span> <span class='ocrx_word' id='word_1_700' title='bbox 2006 5541 2060 5589; x_wconf 82' lang='lat' dir='ltr'>et</span> <span class='ocrx_word' id='word_1_701' title='bbox 2079 5534 2194 5606; x_wconf 85' lang='lat' dir='ltr'>glo-</span> 
     </span>
    </p>
   </div>
   <div class='ocr_carea' id='block_1_104' title="bbox 540 5616 1788 5694">
    <p class='ocr_par' dir='ltr' id='par_1_104' title="bbox 540 5616 1788 5694">
     <span class='ocr_line' id='line_1_106' title="bbox 540 5616 1788 5694; baseline 0.005 -22"><span class='ocrx_word' id='word_1_702' title='bbox 540 5616 756 5694; x_wconf 80' lang='lat' dir='ltr'>riﬁcent</span> <span class='ocrx_word' id='word_1_703' title='bbox 785 5621 1011 5674; x_wconf 86' lang='lat' dir='ltr'>Patrem</span> <span class='ocrx_word' id='word_1_704' title='bbox 1039 5625 1275 5675; x_wconf 81' lang='lat' dir='ltr'>vestrum</span> <span class='ocrx_word' id='word_1_705' title='bbox 1302 5620 1399 5694; x_wconf 84' lang='lat' dir='ltr'>qui</span> <span class='ocrx_word' id='word_1_706' title='bbox 1428 5621 1487 5675; x_wconf 88' lang='lat' dir='ltr'>in</span> <span class='ocrx_word' id='word_1_707' title='bbox 1514 5620 1663 5677; x_wconf 65' lang='lat' dir='ltr'>caelis</span> <span class='ocrx_word' id='word_1_708' title='bbox 1691 5628 1788 5678; x_wconf 86' lang='lat' dir='ltr'>est.</span> 
     </span>
    </p>
   </div>
   <div class='ocr_carea' id='block_1_105' title="bbox 2300 4695 2477 4751">
    <p class='ocr_par' dir='ltr' id='par_1_105' title="bbox 2300 4695 2477 4751">
     <span class='ocr_line' id='line_1_107' title="bbox 2300 4695 2477 4751; baseline -0.006 0"><span class='ocrx_word' id='word_1_709' title='bbox 2300 4695 2477 4751; x_wconf 90' lang='lat' dir='ltr'>teriit.</span> 
     </span>
    </p>
   </div>
   <div class='ocr_carea' id='block_1_106' title="bbox 2941 4794 3308 4851">
    <p class='ocr_par' dir='ltr' id='par_1_106' title="bbox 2941 4794 3308 4851">
     <span class='ocr_line' id='line_1_108' title="bbox 2941 4794 3308 4851; baseline 0.003 -1"><span class='ocrx_word' id='word_1_710' title='bbox 2941 4794 3175 4851; x_wconf 88' lang='lat' dir='ltr'>CAPUT</span> <span class='ocrx_word' id='word_1_711' title='bbox 3213 4795 3308 4851; x_wconf 87' lang='lat' dir='ltr'>XI.</span> 
     </span>
    </p>
   </div>
   <div class='ocr_carea' id='block_1_107' title="bbox 2871 4886 3381 4957">
    <p class='ocr_par' dir='ltr' id='par_1_107' title="bbox 2871 4886 3381 4957">
     <span class='ocr_line' id='line_1_109' title="bbox 2871 4886 3381 4957; baseline 0.004 -17"><span class='ocrx_word' id='word_1_712' title='bbox 2871 4888 2949 4940; x_wconf 92' lang='lat' dir='ltr'>De</span> <span class='ocrx_word' id='word_1_713' title='bbox 2996 4886 3381 4957; x_wconf 86' lang='lat' dir='ltr'>hospitalitate.</span> 
     </span>
    </p>
   </div>
   <div class='ocr_carea' id='block_1_108' title="bbox 2374 4999 3962 5072">
    <p class='ocr_par' dir='ltr' id='par_1_108' title="bbox 2374 4999 3962 5072">
     <span class='ocr_line' id='line_1_110' title="bbox 2374 4999 3962 5072; baseline 0.003 -18"><span class='ocrx_word' id='word_1_714' title='bbox 2374 5000 2555 5069; x_wconf 65' lang='lat' dir='ltr'>(Ibid,</span> <span class='ocrx_word' id='word_1_715' title='bbox 2589 5015 2716 5072; x_wconf 91' lang='lat' dir='ltr'>cap.</span> <span class='ocrx_word' id='word_1_716' title='bbox 2748 4999 2857 5072; x_wconf 91' lang='grc'>15.)</span> <span class='ocrx_word' id='word_1_717' title='bbox 2888 5000 3256 5056; x_wconf 89' lang='lat' dir='ltr'>Admonendi</span> <span class='ocrx_word' id='word_1_718' title='bbox 3316 5005 3456 5057; x_wconf 90' lang='lat' dir='ltr'>sunt</span> <span class='ocrx_word' id='word_1_719' title='bbox 3511 5003 3843 5059; x_wconf 87' lang='lat' dir='ltr'>sacerdotes</span> <span class='ocrx_word' id='word_1_720' title='bbox 3894 5009 3962 5058; x_wconf 91' lang='lat' dir='ltr'>ut</span> 
     </span>
    </p>
   </div>
   <div class='ocr_carea' id='block_1_109' title="bbox 2300 5088 3964 5164">
    <p class='ocr_par' dir='ltr' id='par_1_109' title="bbox 2300 5088 3964 5164">
     <span class='ocr_line' id='line_1_111' title="bbox 2300 5088 3964 5164; baseline 0.002 -21"><span class='ocrx_word' id='word_1_721' title='bbox 2300 5088 2760 5161; x_wconf 88' lang='lat' dir='ltr'>hospitalitatem</span> <span class='ocrx_word' id='word_1_722' title='bbox 2792 5095 2848 5144; x_wconf 92' lang='lat' dir='ltr'>et</span> <span class='ocrx_word' id='word_1_723' title='bbox 2877 5105 2981 5161; x_wconf 89' lang='lat' dir='ltr'>per</span> <span class='ocrx_word' id='word_1_724' title='bbox 3006 5105 3067 5145; x_wconf 89' lang='lat' dir='ltr'>se</span> <span class='ocrx_word' id='word_1_725' title='bbox 3099 5089 3351 5162; x_wconf 89' lang='lat' dir='ltr'>diligant</span> <span class='ocrx_word' id='word_1_726' title='bbox 3379 5095 3436 5145; x_wconf 89' lang='lat' dir='ltr'>et</span> <span class='ocrx_word' id='word_1_727' title='bbox 3463 5092 3689 5148; x_wconf 77' lang='lat' dir='ltr'>caeteris</span> <span class='ocrx_word' id='word_1_728' title='bbox 3720 5091 3964 5164; x_wconf 86' lang='lat' dir='ltr'>diligen-</span> 
     </span>
    </p>
   </div>
   <div class='ocr_carea' id='block_1_110' title="bbox 2301 5176 3964 5253">
    <p class='ocr_par' dir='ltr' id='par_1_110' title="bbox 2301 5176 3964 5253">
     <span class='ocr_line' id='line_1_112' title="bbox 2301 5176 3964 5253; baseline 0.002 -21"><span class='ocrx_word' id='word_1_729' title='bbox 2301 5178 2435 5233; x_wconf 90' lang='lat' dir='ltr'>dam</span> <span class='ocrx_word' id='word_1_730' title='bbox 2461 5193 2589 5234; x_wconf 90' lang='lat' dir='ltr'>esse</span> <span class='ocrx_word' id='word_1_731' title='bbox 2612 5176 3493 5251; x_wconf 88' lang='lat' dir='ltr'>insinuent,etnullihospitium</span> <span class='ocrx_word' id='word_1_732' title='bbox 3515 5180 3964 5253; x_wconf 89' lang='lat' dir='ltr'>prohibeant.Et</span> 
     </span>
    </p>
   </div>
   <div class='ocr_carea' id='block_1_111' title="bbox 2303 5266 3963 5345">
    <p class='ocr_par' dir='ltr' id='par_1_111' title="bbox 2303 5266 3963 5345">
     <span class='ocr_line' id='line_1_113' title="bbox 2303 5266 3963 5345; baseline 0.002 -21"><span class='ocrx_word' id='word_1_733' title='bbox 2303 5267 2351 5324; x_wconf 89' lang='lat' dir='ltr'>si</span> <span class='ocrx_word' id='word_1_734' title='bbox 2385 5266 2479 5345; x_wconf 72' lang='lat' dir='ltr'>gui</span> <span class='ocrx_word' id='word_1_735' title='bbox 2522 5266 2666 5323; x_wconf 87' lang='lat' dir='ltr'>forte</span> <span class='ocrx_word' id='word_1_736' title='bbox 2717 5266 3040 5339; x_wconf 90' lang='lat' dir='ltr'>hospitium</span> <span class='ocrx_word' id='word_1_737' title='bbox 3100 5268 3499 5341; x_wconf 65' lang='lat' dir='ltr'>praestiterint,</span> <span class='ocrx_word' id='word_1_738' title='bbox 3534 5269 3761 5326; x_wconf 91' lang='lat' dir='ltr'>nullum</span> <span class='ocrx_word' id='word_1_739' title='bbox 3792 5270 3865 5325; x_wconf 91' lang='lat' dir='ltr'>ab</span> <span class='ocrx_word' id='word_1_740' title='bbox 3891 5287 3963 5327; x_wconf 90' lang='lat' dir='ltr'>eo</span> 
     </span>
    </p>
   </div>
   <div class='ocr_carea' id='block_1_112' title="bbox 2303 5356 3963 5432">
    <p class='ocr_par' dir='ltr' id='par_1_112' title="bbox 2303 5356 3963 5432">
     <span class='ocr_line' id='line_1_114' title="bbox 2303 5356 3963 5432; baseline 0.002 -21"><span class='ocrx_word' id='word_1_741' title='bbox 2303 5374 2523 5412; x_wconf 91' lang='lat' dir='ltr'>munus</span> <span class='ocrx_word' id='word_1_742' title='bbox 2554 5356 2863 5429; x_wconf 87' lang='lat' dir='ltr'>accipiant,</span> <span class='ocrx_word' id='word_1_743' title='bbox 2884 5356 2998 5413; x_wconf 91' lang='lat' dir='ltr'>nisi</span> <span class='ocrx_word' id='word_1_744' title='bbox 3021 5357 3166 5413; x_wconf 91' lang='lat' dir='ltr'>forte</span> <span class='ocrx_word' id='word_1_745' title='bbox 3198 5357 3295 5414; x_wconf 91' lang='lat' dir='ltr'>ille</span> <span class='ocrx_word' id='word_1_746' title='bbox 3323 5358 3423 5430; x_wconf 92' lang='lat' dir='ltr'>qui</span> <span class='ocrx_word' id='word_1_747' title='bbox 3447 5359 3723 5432; x_wconf 92' lang='lat' dir='ltr'>recipitur</span> <span class='ocrx_word' id='word_1_748' title='bbox 3752 5365 3963 5431; x_wconf 89' lang='lat' dir='ltr'>sponte</span> 
     </span>
    </p>
   </div>
   <div class='ocr_carea' id='block_1_113' title="bbox 2304 5446 3965 5521">
    <p class='ocr_par' dir='ltr' id='par_1_113' title="bbox 2304 5446 3965 5521">
     <span class='ocr_line' id='line_1_115' title="bbox 2304 5446 3965 5521; baseline 0.001 -18"><span class='ocrx_word' id='word_1_749' title='bbox 2304 5464 2413 5503; x_wconf 89' lang='lat' dir='ltr'>sua</span> <span class='ocrx_word' id='word_1_750' title='bbox 2433 5446 2655 5518; x_wconf 91' lang='lat' dir='ltr'>aliquid</span> <span class='ocrx_word' id='word_1_751' title='bbox 2678 5446 2793 5502; x_wconf 87' lang='lat' dir='ltr'>det.</span> <span class='ocrx_word' id='word_1_752' title='bbox 2809 5446 3381 5520; x_wconf 85' lang='lat' dir='ltr'>Dicendumqueillis</span> <span class='ocrx_word' id='word_1_753' title='bbox 3396 5448 3649 5521; x_wconf 90' lang='lat' dir='ltr'>qualiter</span> <span class='ocrx_word' id='word_1_754' title='bbox 3668 5447 3841 5505; x_wconf 89' lang='lat' dir='ltr'>multi</span> <span class='ocrx_word' id='word_1_755' title='bbox 3859 5465 3965 5521; x_wconf 89' lang='lat' dir='ltr'>per</span> 
     </span>
    </p>
   </div>
   <div class='ocr_carea' id='block_1_114' title="bbox 2304 5535 3968 5611">
    <p class='ocr_par' dir='ltr' id='par_1_114' title="bbox 2304 5535 3968 5611">
     <span class='ocr_line' id='line_1_116' title="bbox 2304 5535 3968 5611; baseline 0.001 -19"><span class='ocrx_word' id='word_1_756' title='bbox 2304 5535 2723 5608; x_wconf 89' lang='lat' dir='ltr'>hospitalitatis</span> <span class='ocrx_word' id='word_1_757' title='bbox 2754 5536 3013 5592; x_wconf 87' lang='lat' dir='ltr'>ofﬁcium</span> <span class='ocrx_word' id='word_1_758' title='bbox 3040 5537 3157 5594; x_wconf 93' lang='lat' dir='ltr'>Deo</span> <span class='ocrx_word' id='word_1_759' title='bbox 3174 5536 3542 5610; x_wconf 87' lang='lat' dir='ltr'>placuerunt,</span> <span class='ocrx_word' id='word_1_760' title='bbox 3557 5536 3788 5595; x_wconf 88' lang='lat' dir='ltr'>dicente</span> <span class='ocrx_word' id='word_1_761' title='bbox 3812 5543 3968 5611; x_wconf 79' lang='lat' dir='ltr'>Apo-</span> 
     </span>
    </p>
   </div>
   <div class='ocr_carea' id='block_1_115' title="bbox 2305 5623 3965 5700">
    <p class='ocr_par' dir='ltr' id='par_1_115' title="bbox 2305 5623 3965 5700">
     <span class='ocr_line' id='line_1_117' title="bbox 2305 5623 3965 5700; baseline 0.001 -18"><span class='ocrx_word' id='word_1_762' title='bbox 2305 5623 2457 5682; x_wconf 89' lang='lat' dir='ltr'>stolo</span> <span class='ocrx_word' id='word_1_763' title='bbox 2491 5641 2504 5680; x_wconf 93' lang='lat'><strong>:</strong></span> <span class='ocrx_word' id='word_1_764' title='bbox 2537 5626 2644 5680; x_wconf 85' lang='lat' dir='ltr'>Per</span> <span class='ocrx_word' id='word_1_765' title='bbox 2672 5625 2815 5681; x_wconf 86' lang='lat' dir='ltr'>hanc</span> <span class='ocrx_word' id='word_1_766' title='bbox 2842 5626 2993 5681; x_wconf 85' lang='lat' dir='ltr'>enim</span> <span class='ocrx_word' id='word_1_767' title='bbox 3025 5626 3355 5698; x_wconf 85' lang='lat' dir='ltr'>placuerunt</span> <span class='ocrx_word' id='word_1_768' title='bbox 3384 5624 3609 5699; x_wconf 85' lang='lat' dir='ltr'>quidam</span> <span class='ocrx_word' id='word_1_769' title='bbox 3637 5626 3763 5697; x_wconf 88' lang='lat' dir='ltr'>Deo,</span> <span class='ocrx_word' id='word_1_770' title='bbox 3793 5644 3965 5700; x_wconf 84' lang='lat' dir='ltr'>ange-</span> 
     </span>
    </p>
   </div>
   <div class='ocr_carea' id='block_1_116' title="bbox 2309 5714 3966 5793">
    <p class='ocr_par' dir='ltr' id='par_1_116' title="bbox 2309 5714 3966 5793">
     <span class='ocr_line' id='line_1_118' title="bbox 2309 5714 3966 5793; baseline 0.002 -16"><span class='ocrx_word' id='word_1_771' title='bbox 2309 5716 2377 5777; x_wconf 81' lang='lat' dir='ltr'>lis</span> <span class='ocrx_word' id='word_1_772' title='bbox 2406 5714 2638 5792; x_wconf 81' lang='lat' dir='ltr'>hospitio</span> <span class='ocrx_word' id='word_1_773' title='bbox 2666 5717 2944 5791; x_wconf 68' lang='lat' dir='ltr'>stwceptis.</span> <span class='ocrx_word' id='word_1_774' title='bbox 2980 5714 3047 5775; x_wconf 86' lang='lat' dir='ltr'>Et</span> <span class='ocrx_word' id='word_1_775' title='bbox 3085 5714 3298 5776; x_wconf 87' lang='lat' dir='ltr'>iterum</span> <span class='ocrx_word' id='word_1_776' title='bbox 3333 5733 3346 5777; x_wconf 88' lang='lat'><strong>:</strong></span> <span class='ocrx_word' id='word_1_777' title='bbox 3378 5715 3682 5793; x_wconf 76' lang='lat' dir='ltr'>Hospitales</span> <span class='ocrx_word' id='word_1_778' title='bbox 3729 5718 3966 5781; x_wconf 81' lang='lat' dir='ltr'>invicem</span> 
     </span>
    </p>
   </div>
  </div>
