  <div class='ocr_page' id='page_1' title='image "/cluster/home/n/w/nwhite01/storage/ocr_20150623/119/umn.319510024774125/386.png"; bbox 0 0 4126 6454; ppageno 0'>
   <div class='ocr_carea' id='block_1_1' title="bbox 104 393 223 451">
    <p class='ocr_par' dir='ltr' id='par_1_1' title="bbox 104 393 223 451">
     <span class='ocr_line' id='line_1_1' title="bbox 104 393 223 451; baseline 0.034 -4"><span class='ocrx_word' id='word_1_1' title='bbox 104 393 223 451; x_wconf 81' lang='lat'><strong>713</strong></span> 
     </span>
    </p>
   </div>
   <div class='ocr_carea' id='block_1_2' title="bbox 1609 388 2024 448">
    <p class='ocr_par' dir='ltr' id='par_1_2' title="bbox 1609 388 2024 448">
     <span class='ocr_line' id='line_1_2' title="bbox 1609 388 2024 448; baseline -0.007 0"><span class='ocrx_word' id='word_1_2' title='bbox 1609 388 1992 448; x_wconf 70' lang='lat' dir='ltr'><strong>CAPITULA</strong></span> <span class='ocrx_word' id='word_1_3' title='bbox 2012 432 2024 445; x_wconf 96' lang='lat'><strong>.</strong></span> 
     </span>
    </p>
   </div>
   <div class='ocr_carea' id='block_1_3' title="bbox 3408 392 3525 452">
    <p class='ocr_par' dir='ltr' id='par_1_3' title="bbox 3408 392 3525 452">
     <span class='ocr_line' id='line_1_3' title="bbox 3408 392 3525 452; baseline 0 -1"><span class='ocrx_word' id='word_1_4' title='bbox 3408 392 3525 452; x_wconf 79' lang='grc'><strong>714</strong></span> 
     </span>
    </p>
   </div>
   <div class='ocr_carea' id='block_1_4' title="bbox 104 518 3532 596">
    <p class='ocr_par' dir='ltr' id='par_1_4' title="bbox 104 518 3532 596">
     <span class='ocr_line' id='line_1_4' title="bbox 104 518 3532 596; baseline -0 -15"><span class='ocrx_word' id='word_1_5' title='bbox 104 541 232 596; x_wconf 87' lang='lat' dir='ltr'><strong>cap.</strong></span> <span class='ocrx_word' id='word_1_6' title='bbox 267 523 418 596; x_wconf 81' lang='lat'><strong>325.)</strong></span> <span class='ocrx_word' id='word_1_7' title='bbox 460 522 901 580; x_wconf 80' lang='lat' dir='ltr'><strong>Observandum</strong></span> <span class='ocrx_word' id='word_1_8' title='bbox 959 526 1048 578; x_wconf 88' lang='lat' dir='ltr'><strong>est</strong></span> <span class='ocrx_word' id='word_1_9' title='bbox 1105 522 1507 579; x_wconf 90' lang='lat' dir='ltr'><strong>sacerdotibus</strong></span> <span class='ocrx_word' id='word_1_10' title='bbox 1565 526 1631 577; x_wconf 93' lang='lat' dir='ltr'><strong>ut</strong></span> <span class='ocrx_word' id='word_1_11' title='bbox 1687 522 1759 577; x_wconf 91' lang='lat' dir='ltr'><strong>ab</strong></span> <span class='ocrx_word' id='word_1_12' title='bbox 1789 525 1843 592; x_wconf 74' lang='grc' dir='ltr'><strong>Α</strong></span> <span class='ocrx_word' id='word_1_13' title='bbox 1876 520 1971 586; x_wconf 90' lang='lat' dir='ltr'><strong>rit,</strong></span> <span class='ocrx_word' id='word_1_14' title='bbox 1996 519 2217 576; x_wconf 91' lang='lat' dir='ltr'><strong>noverit</strong></span> <span class='ocrx_word' id='word_1_15' title='bbox 2248 536 2311 576; x_wconf 91' lang='lat' dir='ltr'><strong>se</strong></span> <span class='ocrx_word' id='word_1_16' title='bbox 2345 518 2440 575; x_wconf 91' lang='lat' dir='ltr'><strong>ille</strong></span> <span class='ocrx_word' id='word_1_17' title='bbox 2472 519 2573 593; x_wconf 90' lang='lat' dir='ltr'><strong>qui</strong></span> <span class='ocrx_word' id='word_1_18' title='bbox 2604 536 2739 576; x_wconf 86' lang='lat' dir='ltr'><strong>eum</strong></span> <span class='ocrx_word' id='word_1_19' title='bbox 2771 537 2888 578; x_wconf 92' lang='lat' dir='ltr'><strong>non</strong></span> <span class='ocrx_word' id='word_1_20' title='bbox 2919 519 3231 593; x_wconf 81' lang='lat' dir='ltr'><strong>baptizavit</strong></span> <span class='ocrx_word' id='word_1_21' title='bbox 3266 539 3370 595; x_wconf 88' lang='lat' dir='ltr'><strong>pro</strong></span> <span class='ocrx_word' id='word_1_22' title='bbox 3401 523 3532 596; x_wconf 86' lang='lat' dir='ltr'><strong>ejus</strong></span> 
     </span>
    </p>
   </div>
   <div class='ocr_carea' id='block_1_5' title="bbox 98 611 1762 684">
    <p class='ocr_par' dir='ltr' id='par_1_5' title="bbox 98 611 1762 684">
     <span class='ocr_line' id='line_1_5' title="bbox 98 611 1762 684; baseline -0.002 -14"><span class='ocrx_word' id='word_1_23' title='bbox 98 614 377 670; x_wconf 78' lang='lat' dir='ltr'><strong>ebrietate</strong></span> <span class='ocrx_word' id='word_1_24' title='bbox 403 630 465 669; x_wconf 91' lang='lat' dir='ltr'><strong>se</strong></span> <span class='ocrx_word' id='word_1_25' title='bbox 486 612 843 679; x_wconf 82' lang='lat' dir='ltr'><strong>abstineant,</strong></span> <span class='ocrx_word' id='word_1_26' title='bbox 860 613 1139 684; x_wconf 88' lang='lat' dir='ltr'><strong>quoniam</strong></span> <span class='ocrx_word' id='word_1_27' title='bbox 1160 612 1484 668; x_wconf 89' lang='lat' dir='ltr'><strong>secundum</strong></span> <span class='ocrx_word' id='word_1_28' title='bbox 1504 611 1762 683; x_wconf 90' lang='lat' dir='ltr'><strong>Scriptu-</strong></span> 
     </span>
    </p>
   </div>
   <div class='ocr_carea' id='block_1_6' title="bbox 98 699 1762 773">
    <p class='ocr_par' dir='ltr' id='par_1_6' title="bbox 98 699 1762 773">
     <span class='ocr_line' id='line_1_6' title="bbox 98 699 1762 773; baseline -0.002 -14"><span class='ocrx_word' id='word_1_29' title='bbox 98 719 228 759; x_wconf 87' lang='lat' dir='ltr'><strong>ram</strong></span> <span class='ocrx_word' id='word_1_30' title='bbox 259 702 512 758; x_wconf 73' lang='lat' dir='ltr'><strong>ebrietas</strong></span> <span class='ocrx_word' id='word_1_31' title='bbox 543 700 773 757; x_wconf 92' lang='lat' dir='ltr'><strong>nullum</strong></span> <span class='ocrx_word' id='word_1_32' title='bbox 806 701 1015 757; x_wconf 90' lang='lat' dir='ltr'><strong>vitium</strong></span> <span class='ocrx_word' id='word_1_33' title='bbox 1061 705 1317 757; x_wconf 80' lang='lat' dir='ltr'><strong>excusat.</strong></span> <span class='ocrx_word' id='word_1_34' title='bbox 1352 702 1421 756; x_wconf 90' lang='lat' dir='ltr'><strong>Et</strong></span> <span class='ocrx_word' id='word_1_35' title='bbox 1448 699 1762 773; x_wconf 83' lang='lat' dir='ltr'><strong>Apostolus</strong></span> 
     </span>
    </p>
   </div>
   <div class='ocr_carea' id='block_1_7' title="bbox 100 791 1768 862">
    <p class='ocr_par' dir='ltr' id='par_1_7' title="bbox 100 791 1768 862">
     <span class='ocr_line' id='line_1_7' title="bbox 100 791 1768 862; baseline -0.002 -14"><span class='ocrx_word' id='word_1_36' title='bbox 100 796 437 848; x_wconf 87' lang='lat' dir='ltr'><strong>commonet</strong></span> <span class='ocrx_word' id='word_1_37' title='bbox 467 792 707 847; x_wconf 89' lang='lat' dir='ltr'><strong>dicens:</strong></span> <span class='ocrx_word' id='word_1_38' title='bbox 742 792 916 847; x_wconf 78' lang='lat' dir='ltr'><strong>Nolite</strong></span> <span class='ocrx_word' id='word_1_39' title='bbox 968 791 1241 847; x_wconf 79' lang='lat' dir='ltr'><strong>inebriari</strong></span> <span class='ocrx_word' id='word_1_40' title='bbox 1284 792 1431 858; x_wconf 85' lang='lat' dir='ltr'><strong>vino,</strong></span> <span class='ocrx_word' id='word_1_41' title='bbox 1467 793 1528 845; x_wconf 79' lang='lat' dir='ltr'><strong>in</strong></span> <span class='ocrx_word' id='word_1_42' title='bbox 1557 805 1661 862; x_wconf 87' lang='lat' dir='ltr'><strong>quo</strong></span> <span class='ocrx_word' id='word_1_43' title='bbox 1689 796 1768 845; x_wconf 87' lang='lat' dir='ltr'><strong>est</strong></span> 
     </span>
    </p>
   </div>
   <div class='ocr_carea' id='block_1_8' title="bbox 106 880 1765 953">
    <p class='ocr_par' dir='ltr' id='par_1_8' title="bbox 106 880 1765 953">
     <span class='ocr_line' id='line_1_8' title="bbox 106 880 1765 953; baseline -0.002 -16"><span class='ocrx_word' id='word_1_44' title='bbox 106 883 358 938; x_wconf 71' lang='lat' dir='ltr'><strong>luxuria.</strong></span> <span class='ocrx_word' id='word_1_45' title='bbox 378 882 449 936; x_wconf 88' lang='lat' dir='ltr'><strong>Et</strong></span> <span class='ocrx_word' id='word_1_46' title='bbox 472 897 659 953; x_wconf 89' lang='lat' dir='ltr'><strong>neque</strong></span> <span class='ocrx_word' id='word_1_47' title='bbox 686 896 790 953; x_wconf 90' lang='lat' dir='ltr'><strong>per</strong></span> <span class='ocrx_word' id='word_1_48' title='bbox 816 881 1090 936; x_wconf 81' lang='lat' dir='ltr'><strong>tabernas</strong></span> <span class='ocrx_word' id='word_1_49' title='bbox 1115 885 1251 936; x_wconf 90' lang='lat' dir='ltr'><strong>eant</strong></span> <span class='ocrx_word' id='word_1_50' title='bbox 1280 880 1532 935; x_wconf 90' lang='lat' dir='ltr'><strong>bibendo</strong></span> <span class='ocrx_word' id='word_1_51' title='bbox 1554 883 1655 934; x_wconf 89' lang='lat' dir='ltr'><strong>aut</strong></span> <span class='ocrx_word' id='word_1_52' title='bbox 1674 895 1765 933; x_wconf 84' lang='lat' dir='ltr'><strong>co-</strong></span> 
     </span>
    </p>
   </div>
   <div class='ocr_carea' id='block_1_9' title="bbox 104 967 1767 1042">
    <p class='ocr_par' dir='ltr' id='par_1_9' title="bbox 104 967 1767 1042">
     <span class='ocr_line' id='line_1_9' title="bbox 104 967 1767 1042; baseline -0.002 -16"><span class='ocrx_word' id='word_1_53' title='bbox 104 971 415 1038; x_wconf 82' lang='lat' dir='ltr'><strong>medendo,</strong></span> <span class='ocrx_word' id='word_1_54' title='bbox 432 987 619 1042; x_wconf 91' lang='lat' dir='ltr'><strong>neque</strong></span> <span class='ocrx_word' id='word_1_55' title='bbox 639 971 844 1025; x_wconf 89' lang='lat' dir='ltr'><strong>domos</strong></span> <span class='ocrx_word' id='word_1_56' title='bbox 857 973 959 1025; x_wconf 89' lang='lat' dir='ltr'><strong>aut</strong></span> <span class='ocrx_word' id='word_1_57' title='bbox 972 968 1141 1025; x_wconf 89' lang='lat' dir='ltr'><strong>villas</strong></span> <span class='ocrx_word' id='word_1_58' title='bbox 1158 968 1493 1024; x_wconf 81' lang='lat' dir='ltr'><strong>curiositate</strong></span> <span class='ocrx_word' id='word_1_59' title='bbox 1508 967 1767 1040; x_wconf 87' lang='lat' dir='ltr'><strong>qualibet</strong></span> 
     </span>
    </p>
   </div>
   <div class='ocr_carea' id='block_1_10' title="bbox 104 1056 1767 1132">
    <p class='ocr_par' dir='ltr' id='par_1_10' title="bbox 104 1056 1767 1132">
     <span class='ocr_line' id='line_1_10' title="bbox 104 1056 1767 1132; baseline -0.003 -17"><span class='ocrx_word' id='word_1_60' title='bbox 104 1064 439 1132; x_wconf 89' lang='lat' dir='ltr'><strong>peragrent,</strong></span> <span class='ocrx_word' id='word_1_61' title='bbox 465 1063 567 1114; x_wconf 89' lang='lat' dir='ltr'><strong>aut</strong></span> <span class='ocrx_word' id='word_1_62' title='bbox 597 1075 733 1115; x_wconf 91' lang='lat' dir='ltr'><strong>cum</strong></span> <span class='ocrx_word' id='word_1_63' title='bbox 764 1058 998 1114; x_wconf 82' lang='lat' dir='ltr'><strong>feminis</strong></span> <span class='ocrx_word' id='word_1_64' title='bbox 1014 1058 1101 1113; x_wconf 90' lang='lat' dir='ltr'><strong>vel</strong></span> <span class='ocrx_word' id='word_1_65' title='bbox 1126 1058 1487 1131; x_wconf 83' lang='lat' dir='ltr'><strong>quibuslibet</strong></span> <span class='ocrx_word' id='word_1_66' title='bbox 1517 1056 1767 1129; x_wconf 90' lang='lat' dir='ltr'><strong>impuris</strong></span> 
     </span>
    </p>
   </div>
   <div class='ocr_carea' id='block_1_11' title="bbox 102 1145 1767 1221">
    <p class='ocr_par' dir='ltr' id='par_1_11' title="bbox 102 1145 1767 1221">
     <span class='ocr_line' id='line_1_11' title="bbox 102 1145 1767 1221; baseline -0.002 -16"><span class='ocrx_word' id='word_1_67' title='bbox 102 1149 374 1221; x_wconf 87' lang='lat' dir='ltr'><strong>personis</strong></span> <span class='ocrx_word' id='word_1_68' title='bbox 395 1148 657 1204; x_wconf 91' lang='lat' dir='ltr'><strong>convivia</strong></span> <span class='ocrx_word' id='word_1_69' title='bbox 676 1151 1004 1218; x_wconf 78' lang='lat' dir='ltr'><strong>exerceant,</strong></span> <span class='ocrx_word' id='word_1_70' title='bbox 1024 1164 1217 1220; x_wconf 89' lang='lat' dir='ltr'><strong>neque</strong></span> <span class='ocrx_word' id='word_1_71' title='bbox 1237 1145 1767 1204; x_wconf 90' lang='lat' dir='ltr'><strong>eomessationibus</strong></span> 
     </span>
    </p>
   </div>
   <div class='ocr_carea' id='block_1_12' title="bbox 104 1234 1768 1311">
    <p class='ocr_par' dir='ltr' id='par_1_12' title="bbox 104 1234 1768 1311">
     <span class='ocr_line' id='line_1_12' title="bbox 104 1234 1768 1311; baseline -0.002 -17"><span class='ocrx_word' id='word_1_72' title='bbox 104 1243 163 1295; x_wconf 91' lang='lat' dir='ltr'><strong>et</strong></span> <span class='ocrx_word' id='word_1_73' title='bbox 193 1237 422 1294; x_wconf 67' lang='lat' dir='ltr'><strong>ceteris</strong></span> <span class='ocrx_word' id='word_1_74' title='bbox 450 1236 716 1309; x_wconf 86' lang='lat' dir='ltr'><strong>pestibus</strong></span> <span class='ocrx_word' id='word_1_75' title='bbox 742 1238 810 1293; x_wconf 90' lang='lat' dir='ltr'><strong>ad</strong></span> <span class='ocrx_word' id='word_1_76' title='bbox 839 1236 1313 1311; x_wconf 87' lang='lat' dir='ltr'><strong>gastrimargiam</strong></span> <span class='ocrx_word' id='word_1_77' title='bbox 1335 1234 1768 1308; x_wconf 83' lang='lat' dir='ltr'><strong>pertinentibus</strong></span> 
     </span>
    </p>
   </div>
   <div class='ocr_carea' id='block_1_13' title="bbox 104 1324 1772 1393">
    <p class='ocr_par' dir='ltr' id='par_1_13' title="bbox 104 1324 1772 1393">
     <span class='ocr_line' id='line_1_13' title="bbox 104 1324 1772 1393; baseline -0.005 -10"><span class='ocrx_word' id='word_1_78' title='bbox 104 1328 453 1393; x_wconf 84' lang='lat' dir='ltr'><strong>deserviant,</strong></span> <span class='ocrx_word' id='word_1_79' title='bbox 469 1331 525 1382; x_wconf 91' lang='lat' dir='ltr'><strong>et</strong></span> <span class='ocrx_word' id='word_1_80' title='bbox 546 1327 617 1381; x_wconf 90' lang='lat' dir='ltr'><strong>ad</strong></span> <span class='ocrx_word' id='word_1_81' title='bbox 641 1326 833 1382; x_wconf 87' lang='lat' dir='ltr'><strong>forum</strong></span> <span class='ocrx_word' id='word_1_82' title='bbox 858 1325 946 1387; x_wconf 82' lang='lat' dir='ltr'><strong>vel</strong></span> <span class='ocrx_word' id='word_1_83' title='bbox 969 1330 1295 1381; x_wconf 87' lang='lat' dir='ltr'><strong>mercatum</strong></span> <span class='ocrx_word' id='word_1_84' title='bbox 1319 1324 1656 1381; x_wconf 86' lang='lat' dir='ltr'><strong>nullatenus</strong></span> <span class='ocrx_word' id='word_1_85' title='bbox 1674 1340 1772 1379; x_wconf 82' lang='lat' dir='ltr'><strong>va-</strong></span> 
     </span>
    </p>
   </div>
   <div class='ocr_carea' id='block_1_14' title="bbox 105 1413 1769 1488">
    <p class='ocr_par' dir='ltr' id='par_1_14' title="bbox 105 1413 1769 1488">
     <span class='ocr_line' id='line_1_14' title="bbox 105 1413 1769 1488; baseline -0.003 -15"><span class='ocrx_word' id='word_1_86' title='bbox 105 1418 268 1482; x_wconf 87' lang='lat' dir='ltr'><strong>dant,</strong></span> <span class='ocrx_word' id='word_1_87' title='bbox 285 1433 475 1488; x_wconf 89' lang='lat' dir='ltr'><strong>neque</strong></span> <span class='ocrx_word' id='word_1_88' title='bbox 499 1416 569 1471; x_wconf 92' lang='lat' dir='ltr'><strong>ad</strong></span> <span class='ocrx_word' id='word_1_89' title='bbox 590 1415 868 1472; x_wconf 67' lang='lat' dir='ltr'><strong>saeculare</strong></span> <span class='ocrx_word' id='word_1_90' title='bbox 882 1415 1177 1487; x_wconf 87' lang='lat' dir='ltr'><strong>judicium</strong></span> <span class='ocrx_word' id='word_1_91' title='bbox 1200 1419 1464 1487; x_wconf 85' lang='lat' dir='ltr'><strong>pergant,</strong></span> <span class='ocrx_word' id='word_1_92' title='bbox 1485 1414 1598 1469; x_wconf 91' lang='lat' dir='ltr'><strong>nisi</strong></span> <span class='ocrx_word' id='word_1_93' title='bbox 1621 1413 1769 1469; x_wconf 79' lang='lat' dir='ltr'><strong>forte</strong></span> 
     </span>
    </p>
   </div>
   <div class='ocr_carea' id='block_1_15' title="bbox 98 1503 1767 1579">
    <p class='ocr_par' dir='ltr' id='par_1_15' title="bbox 98 1503 1767 1579">
     <span class='ocr_line' id='line_1_15' title="bbox 98 1503 1767 1579; baseline -0.001 -17"><span class='ocrx_word' id='word_1_94' title='bbox 98 1512 165 1562; x_wconf 87' lang='lat' dir='ltr'><strong>ut</strong></span> <span class='ocrx_word' id='word_1_95' title='bbox 196 1506 555 1579; x_wconf 87' lang='lat' dir='ltr'><strong>pauperibus</strong></span> <span class='ocrx_word' id='word_1_96' title='bbox 588 1510 958 1573; x_wconf 84' lang='lat' dir='ltr'><strong>succurrant,</strong></span> <span class='ocrx_word' id='word_1_97' title='bbox 984 1510 1088 1561; x_wconf 90' lang='lat' dir='ltr'><strong>aut</strong></span> <span class='ocrx_word' id='word_1_98' title='bbox 1107 1506 1178 1561; x_wconf 88' lang='lat' dir='ltr'><strong>de</strong></span> <span class='ocrx_word' id='word_1_99' title='bbox 1205 1505 1381 1561; x_wconf 90' lang='lat' dir='ltr'><strong>verbo</strong></span> <span class='ocrx_word' id='word_1_100' title='bbox 1408 1504 1510 1559; x_wconf 91' lang='lat' dir='ltr'><strong>Dei</strong></span> <span class='ocrx_word' id='word_1_101' title='bbox 1533 1503 1767 1575; x_wconf 87' lang='lat' dir='ltr'><strong>judices</strong></span> 
     </span>
    </p>
   </div>
   <div class='ocr_carea' id='block_1_16' title="bbox 102 1593 1765 1666">
    <p class='ocr_par' dir='ltr' id='par_1_16' title="bbox 102 1593 1765 1666">
     <span class='ocr_line' id='line_1_16' title="bbox 102 1593 1765 1666; baseline -0.002 -16"><span class='ocrx_word' id='word_1_102' title='bbox 102 1596 459 1651; x_wconf 86' lang='lat' dir='ltr'><strong>admoneant</strong></span> <span class='ocrx_word' id='word_1_103' title='bbox 486 1597 553 1649; x_wconf 90' lang='lat' dir='ltr'><strong>ut</strong></span> <span class='ocrx_word' id='word_1_104' title='bbox 574 1594 989 1665; x_wconf 80' lang='lat' dir='ltr'><strong>justajudicia</strong></span> <span class='ocrx_word' id='word_1_105' title='bbox 1011 1594 1302 1666; x_wconf 90' lang='lat' dir='ltr'><strong>judicent.</strong></span> <span class='ocrx_word' id='word_1_106' title='bbox 1320 1593 1376 1648; x_wconf 92' lang='lat' dir='ltr'><strong>Si</strong></span> <span class='ocrx_word' id='word_1_107' title='bbox 1399 1609 1532 1648; x_wconf 85' lang='lat' dir='ltr'><strong>vero</strong></span> <span class='ocrx_word' id='word_1_108' title='bbox 1562 1607 1765 1648; x_wconf 89' lang='lat' dir='ltr'><strong>eorum</strong></span> 
     </span>
    </p>
   </div>
   <div class='ocr_carea' id='block_1_17' title="bbox 97 1682 1768 1757">
    <p class='ocr_par' dir='ltr' id='par_1_17' title="bbox 97 1682 1768 1757">
     <span class='ocr_line' id='line_1_17' title="bbox 97 1682 1768 1757; baseline -0.002 -18"><span class='ocrx_word' id='word_1_109' title='bbox 97 1683 337 1757; x_wconf 85' lang='lat' dir='ltr'><strong>propria</strong></span> <span class='ocrx_word' id='word_1_110' title='bbox 366 1700 545 1739; x_wconf 89' lang='lat' dir='ltr'><strong>causa</strong></span> <span class='ocrx_word' id='word_1_111' title='bbox 576 1684 803 1756; x_wconf 87' lang='lat' dir='ltr'><strong>agenda</strong></span> <span class='ocrx_word' id='word_1_112' title='bbox 844 1688 954 1748; x_wconf 88' lang='lat' dir='ltr'><strong>est,</strong></span> <span class='ocrx_word' id='word_1_113' title='bbox 978 1700 1114 1739; x_wconf 92' lang='lat' dir='ltr'><strong>cum</strong></span> <span class='ocrx_word' id='word_1_114' title='bbox 1157 1682 1394 1739; x_wconf 90' lang='lat' dir='ltr'><strong>licentia</strong></span> <span class='ocrx_word' id='word_1_115' title='bbox 1423 1682 1679 1755; x_wconf 89' lang='lat' dir='ltr'><strong>episcopi</strong></span> <span class='ocrx_word' id='word_1_116' title='bbox 1711 1684 1768 1737; x_wconf 92' lang='lat' dir='ltr'><strong>et</strong></span> 
     </span>
    </p>
   </div>
   <div class='ocr_carea' id='block_1_18' title="bbox 97 1770 1766 1845">
    <p class='ocr_par' dir='ltr' id='par_1_18' title="bbox 97 1770 1766 1845">
     <span class='ocr_line' id='line_1_18' title="bbox 97 1770 1766 1845; baseline -0.003 -16"><span class='ocrx_word' id='word_1_117' title='bbox 97 1791 235 1829; x_wconf 92' lang='lat' dir='ltr'><strong>cum</strong></span> <span class='ocrx_word' id='word_1_118' title='bbox 260 1773 537 1829; x_wconf 88' lang='lat' dir='ltr'><strong>advocato</strong></span> <span class='ocrx_word' id='word_1_119' title='bbox 560 1777 827 1845; x_wconf 84' lang='lat' dir='ltr'><strong>pergant.</strong></span> <span class='ocrx_word' id='word_1_120' title='bbox 851 1772 1239 1828; x_wconf 88' lang='lat' dir='ltr'><strong>Probibemus</strong></span> <span class='ocrx_word' id='word_1_121' title='bbox 1262 1777 1458 1828; x_wconf 89' lang='lat' dir='ltr'><strong>autem</strong></span> <span class='ocrx_word' id='word_1_122' title='bbox 1479 1770 1766 1826; x_wconf 89' lang='lat' dir='ltr'><strong>omnimo-</strong></span> 
     </span>
    </p>
   </div>
   <div class='ocr_carea' id='block_1_19' title="bbox 97 1860 1761 1935">
    <p class='ocr_par' dir='ltr' id='par_1_19' title="bbox 97 1860 1761 1935">
     <span class='ocr_line' id='line_1_19' title="bbox 97 1860 1761 1935; baseline -0.002 -17"><span class='ocrx_word' id='word_1_123' title='bbox 97 1864 190 1919; x_wconf 90' lang='lat' dir='ltr'><strong>dis</strong></span> <span class='ocrx_word' id='word_1_124' title='bbox 207 1866 274 1918; x_wconf 90' lang='lat' dir='ltr'><strong>ut</strong></span> <span class='ocrx_word' id='word_1_125' title='bbox 296 1861 618 1935; x_wconf 80' lang='lat' dir='ltr'><strong>presbyteri</strong></span> <span class='ocrx_word' id='word_1_126' title='bbox 636 1860 813 1917; x_wconf 86' lang='lat' dir='ltr'><strong>villici</strong></span> <span class='ocrx_word' id='word_1_127' title='bbox 838 1867 894 1917; x_wconf 89' lang='lat' dir='ltr'><strong>et</strong></span> <span class='ocrx_word' id='word_1_128' title='bbox 913 1863 1300 1918; x_wconf 87' lang='lat' dir='ltr'><strong>conductores</strong></span> <span class='ocrx_word' id='word_1_129' title='bbox 1324 1861 1621 1917; x_wconf 91' lang='lat' dir='ltr'><strong>seniorum</strong></span> <span class='ocrx_word' id='word_1_130' title='bbox 1646 1876 1761 1915; x_wconf 91' lang='lat' dir='ltr'><strong>non</strong></span> 
     </span>
    </p>
   </div>
   <div class='ocr_carea' id='block_1_20' title="bbox 96 1950 1760 2023">
    <p class='ocr_par' dir='ltr' id='par_1_20' title="bbox 96 1950 1760 2023">
     <span class='ocr_line' id='line_1_20' title="bbox 96 1950 1760 2023; baseline -0.002 -16"><span class='ocrx_word' id='word_1_131' title='bbox 96 1954 263 2021; x_wconf 84' lang='lat' dir='ltr'><strong>fiant,</strong></span> <span class='ocrx_word' id='word_1_132' title='bbox 288 1968 394 2007; x_wconf 91' lang='lat' dir='ltr'><strong>nec</strong></span> <span class='ocrx_word' id='word_1_133' title='bbox 426 1951 660 2006; x_wconf 88' lang='lat' dir='ltr'><strong>chartas</strong></span> <span class='ocrx_word' id='word_1_134' title='bbox 687 1950 969 2019; x_wconf 87' lang='lat' dir='ltr'><strong>scribant,</strong></span> <span class='ocrx_word' id='word_1_135' title='bbox 997 1968 1106 2007; x_wconf 90' lang='lat' dir='ltr'><strong>nec</strong></span> <span class='ocrx_word' id='word_1_136' title='bbox 1134 1952 1205 2007; x_wconf 90' lang='lat' dir='ltr'><strong>ad</strong></span> <span class='ocrx_word' id='word_1_137' title='bbox 1237 1950 1474 2023; x_wconf 64' lang='lat' dir='ltr'><strong>nuptias</strong></span> <span class='ocrx_word' id='word_1_138' title='bbox 1494 1952 1760 2022; x_wconf 87' lang='lat' dir='ltr'><strong>pergant,</strong></span> 
     </span>
    </p>
   </div>
   <div class='ocr_carea' id='block_1_21' title="bbox 99 2037 1764 2112">
    <p class='ocr_par' dir='ltr' id='par_1_21' title="bbox 99 2037 1764 2112">
     <span class='ocr_line' id='line_1_21' title="bbox 99 2037 1764 2112; baseline -0.003 -15"><span class='ocrx_word' id='word_1_139' title='bbox 99 2059 205 2098; x_wconf 89' lang='lat' dir='ltr'><strong>nec</strong></span> <span class='ocrx_word' id='word_1_140' title='bbox 230 2058 395 2097; x_wconf 83' lang='lat' dir='ltr'><strong>arma</strong></span> <span class='ocrx_word' id='word_1_141' title='bbox 410 2045 737 2105; x_wconf 87' lang='lat' dir='ltr'><strong>assumant,</strong></span> <span class='ocrx_word' id='word_1_142' title='bbox 754 2056 857 2095; x_wconf 92' lang='lat' dir='ltr'><strong>nec</strong></span> <span class='ocrx_word' id='word_1_143' title='bbox 877 2040 1256 2112; x_wconf 83' lang='lat' dir='ltr'><strong>lidejussores</strong></span> <span class='ocrx_word' id='word_1_144' title='bbox 1280 2037 1764 2095; x_wconf 87' lang='lat' dir='ltr'><strong>existant.Carnis</strong></span> 
     </span>
    </p>
   </div>
   <div class='ocr_carea' id='block_1_22' title="bbox 95 2128 1763 2204">
    <p class='ocr_par' dir='ltr' id='par_1_22' title="bbox 95 2128 1763 2204">
     <span class='ocr_line' id='line_1_22' title="bbox 95 2128 1763 2204; baseline -0.003 -18"><span class='ocrx_word' id='word_1_145' title='bbox 95 2147 334 2204; x_wconf 84' lang='lat' dir='ltr'><strong>quoque</strong></span> <span class='ocrx_word' id='word_1_146' title='bbox 380 2128 708 2201; x_wconf 86' lang='lat' dir='ltr'><strong>voluptates</strong></span> <span class='ocrx_word' id='word_1_147' title='bbox 741 2132 798 2184; x_wconf 90' lang='lat' dir='ltr'><strong>et</strong></span> <span class='ocrx_word' id='word_1_148' title='bbox 842 2130 1077 2202; x_wconf 84' lang='lat' dir='ltr'><strong>negotia</strong></span> <span class='ocrx_word' id='word_1_149' title='bbox 1125 2129 1434 2186; x_wconf 72' lang='lat' dir='ltr'><strong>smeularia</strong></span> <span class='ocrx_word' id='word_1_150' title='bbox 1482 2132 1537 2183; x_wconf 91' lang='lat' dir='ltr'><strong>et</strong></span> <span class='ocrx_word' id='word_1_151' title='bbox 1582 2144 1763 2182; x_wconf 89' lang='lat' dir='ltr'><strong>vanas</strong></span> 
     </span>
    </p>
   </div>
   <div class='ocr_carea' id='block_1_23' title="bbox 93 2217 1765 2293">
    <p class='ocr_par' dir='ltr' id='par_1_23' title="bbox 93 2217 1765 2293">
     <span class='ocr_line' id='line_1_23' title="bbox 93 2217 1765 2293; baseline -0.002 -17"><span class='ocrx_word' id='word_1_152' title='bbox 93 2222 280 2293; x_wconf 87' lang='lat' dir='ltr'><strong>hujus</strong></span> <span class='ocrx_word' id='word_1_153' title='bbox 311 2217 516 2274; x_wconf 91' lang='lat' dir='ltr'><strong>mundi</strong></span> <span class='ocrx_word' id='word_1_154' title='bbox 547 2217 807 2286; x_wconf 83' lang='lat' dir='ltr'><strong>delicias,</strong></span> <span class='ocrx_word' id='word_1_155' title='bbox 834 2218 1136 2291; x_wconf 89' lang='lat' dir='ltr'><strong>impudica</strong></span> <span class='ocrx_word' id='word_1_156' title='bbox 1164 2217 1445 2283; x_wconf 87' lang='lat' dir='ltr'><strong>convivia,</strong></span> <span class='ocrx_word' id='word_1_157' title='bbox 1469 2234 1619 2273; x_wconf 89' lang='lat' dir='ltr'><strong>vana</strong></span> <span class='ocrx_word' id='word_1_158' title='bbox 1639 2232 1765 2289; x_wconf 88' lang='lat' dir='ltr'><strong>spe-</strong></span> 
     </span>
    </p>
   </div>
   <div class='ocr_carea' id='block_1_24' title="bbox 92 2306 1767 2380">
    <p class='ocr_par' dir='ltr' id='par_1_24' title="bbox 92 2306 1767 2380">
     <span class='ocr_line' id='line_1_24' title="bbox 92 2306 1767 2380; baseline -0.003 -15"><span class='ocrx_word' id='word_1_159' title='bbox 92 2308 345 2376; x_wconf 89' lang='lat' dir='ltr'><strong>ctacula,</strong></span> <span class='ocrx_word' id='word_1_160' title='bbox 371 2307 702 2364; x_wconf 82' lang='lat' dir='ltr'><strong>mortiferas</strong></span> <span class='ocrx_word' id='word_1_161' title='bbox 733 2306 914 2378; x_wconf 83' lang='lat' dir='ltr'><strong>hujus</strong></span> <span class='ocrx_word' id='word_1_162' title='bbox 964 2308 1159 2363; x_wconf 77' lang='lat' dir='ltr'><strong>saeculi</strong></span> <span class='ocrx_word' id='word_1_163' title='bbox 1200 2324 1468 2380; x_wconf 87' lang='lat' dir='ltr'><strong>pompas,</strong></span> <span class='ocrx_word' id='word_1_164' title='bbox 1491 2307 1767 2361; x_wconf 64' lang='lat' dir='ltr'><strong>obscaena</strong></span> 
     </span>
    </p>
   </div>
   <div class='ocr_carea' id='block_1_25' title="bbox 85 2394 1764 2472">
    <p class='ocr_par' dir='ltr' id='par_1_25' title="bbox 85 2394 1764 2472">
     <span class='ocr_line' id='line_1_25' title="bbox 85 2394 1764 2472; baseline -0.003 -18"><span class='ocrx_word' id='word_1_165' title='bbox 85 2402 362 2472; x_wconf 88' lang='lat' dir='ltr'><strong>jocorum</strong></span> <span class='ocrx_word' id='word_1_166' title='bbox 392 2398 585 2463; x_wconf 90' lang='lat' dir='ltr'><strong>verba,</strong></span> <span class='ocrx_word' id='word_1_167' title='bbox 609 2397 766 2453; x_wconf 88' lang='lat' dir='ltr'><strong>risus</strong></span> <span class='ocrx_word' id='word_1_168' title='bbox 796 2396 857 2451; x_wconf 90' lang='lat' dir='ltr'><strong>in</strong></span> <span class='ocrx_word' id='word_1_169' title='bbox 870 2397 1071 2463; x_wconf 90' lang='lat' dir='ltr'><strong>utiles,</strong></span> <span class='ocrx_word' id='word_1_170' title='bbox 1096 2397 1465 2453; x_wconf 85' lang='lat' dir='ltr'><strong>venationem</strong></span> <span class='ocrx_word' id='word_1_171' title='bbox 1488 2412 1619 2451; x_wconf 92' lang='lat' dir='ltr'><strong>cum</strong></span> <span class='ocrx_word' id='word_1_172' title='bbox 1644 2394 1764 2451; x_wconf 88' lang='lat' dir='ltr'><strong>avi-</strong></span> 
     </span>
    </p>
   </div>
   <div class='ocr_carea' id='block_1_26' title="bbox 94 2486 1767 2559">
    <p class='ocr_par' dir='ltr' id='par_1_26' title="bbox 94 2486 1767 2559">
     <span class='ocr_line' id='line_1_26' title="bbox 94 2486 1767 2559; baseline -0.002 -16"><span class='ocrx_word' id='word_1_173' title='bbox 94 2490 210 2543; x_wconf 87' lang='lat' dir='ltr'><strong>bus</strong></span> <span class='ocrx_word' id='word_1_174' title='bbox 234 2487 319 2543; x_wconf 90' lang='lat' dir='ltr'><strong>vel</strong></span> <span class='ocrx_word' id='word_1_175' title='bbox 341 2486 608 2551; x_wconf 90' lang='lat' dir='ltr'><strong>canibus,</strong></span> <span class='ocrx_word' id='word_1_176' title='bbox 636 2503 868 2554; x_wconf 91' lang='lat' dir='ltr'><strong>usuras,</strong></span> <span class='ocrx_word' id='word_1_177' title='bbox 894 2486 1321 2559; x_wconf 88' lang='lat' dir='ltr'><strong>negotiationes</strong></span> <span class='ocrx_word' id='word_1_178' title='bbox 1351 2486 1605 2549; x_wconf 84' lang='lat' dir='ltr'><strong>illicitas,</strong></span> <span class='ocrx_word' id='word_1_179' title='bbox 1629 2501 1767 2556; x_wconf 80' lang='lat' dir='ltr'><strong>pon&#39;</strong></span> 
     </span>
    </p>
   </div>
   <div class='ocr_carea' id='block_1_27' title="bbox 96 2575 1767 2648">
    <p class='ocr_par' dir='ltr' id='par_1_27' title="bbox 96 2575 1767 2648">
     <span class='ocr_line' id='line_1_27' title="bbox 96 2575 1767 2648; baseline -0.004 -15"><span class='ocrx_word' id='word_1_180' title='bbox 96 2580 241 2633; x_wconf 87' lang='lat' dir='ltr'><strong>dera</strong></span> <span class='ocrx_word' id='word_1_181' title='bbox 268 2577 491 2648; x_wconf 90' lang='lat' dir='ltr'><strong>iniqua,</strong></span> <span class='ocrx_word' id='word_1_182' title='bbox 516 2575 729 2648; x_wconf 87' lang='lat' dir='ltr'><strong>placita</strong></span> <span class='ocrx_word' id='word_1_183' title='bbox 772 2576 1096 2643; x_wconf 72' lang='lat' dir='ltr'><strong>saecularia,</strong></span> <span class='ocrx_word' id='word_1_184' title='bbox 1150 2593 1395 2632; x_wconf 89' lang='lat' dir='ltr'><strong>munera</strong></span> <span class='ocrx_word' id='word_1_185' title='bbox 1435 2575 1676 2647; x_wconf 83' lang='lat' dir='ltr'><strong>injusta,</strong></span> <span class='ocrx_word' id='word_1_186' title='bbox 1710 2576 1767 2629; x_wconf 93' lang='lat' dir='ltr'><strong>et</strong></span> 
     </span>
    </p>
   </div>
   <div class='ocr_carea' id='block_1_28' title="bbox 96 2664 1767 2737">
    <p class='ocr_par' dir='ltr' id='par_1_28' title="bbox 96 2664 1767 2737">
     <span class='ocr_line' id='line_1_28' title="bbox 96 2664 1767 2737; baseline -0.002 -15"><span class='ocrx_word' id='word_1_187' title='bbox 96 2666 300 2722; x_wconf 86' lang='lat' dir='ltr'><strong>omnia</strong></span> <span class='ocrx_word' id='word_1_188' title='bbox 330 2664 601 2721; x_wconf 83' lang='lat' dir='ltr'><strong>mortalia</strong></span> <span class='ocrx_word' id='word_1_189' title='bbox 629 2668 887 2737; x_wconf 89' lang='lat' dir='ltr'><strong>peccata,</strong></span> <span class='ocrx_word' id='word_1_190' title='bbox 906 2670 961 2720; x_wconf 91' lang='lat' dir='ltr'><strong>et</strong></span> <span class='ocrx_word' id='word_1_191' title='bbox 993 2665 1041 2721; x_wconf 91' lang='lat' dir='ltr'><strong>si</strong></span> <span class='ocrx_word' id='word_1_192' title='bbox 1077 2683 1193 2737; x_wconf 88' lang='lat' dir='ltr'><strong>qua</strong></span> <span class='ocrx_word' id='word_1_193' title='bbox 1218 2670 1356 2720; x_wconf 90' lang='lat' dir='ltr'><strong>sunt</strong></span> <span class='ocrx_word' id='word_1_194' title='bbox 1387 2664 1623 2730; x_wconf 90' lang='lat' dir='ltr'><strong>similia,</strong></span> <span class='ocrx_word' id='word_1_195' title='bbox 1646 2681 1767 2719; x_wconf 86' lang='lat' dir='ltr'><strong>mo-</strong></span> 
     </span>
    </p>
   </div>
   <div class='ocr_carea' id='block_1_29' title="bbox 94 2752 1761 2826">
    <p class='ocr_par' dir='ltr' id='par_1_29' title="bbox 94 2752 1761 2826">
     <span class='ocr_line' id='line_1_29' title="bbox 94 2752 1761 2826; baseline -0.004 -13"><span class='ocrx_word' id='word_1_196' title='bbox 94 2774 310 2813; x_wconf 88' lang='lat' dir='ltr'><strong>nemus</strong></span> <span class='ocrx_word' id='word_1_197' title='bbox 334 2759 400 2811; x_wconf 89' lang='lat' dir='ltr'><strong>ut</strong></span> <span class='ocrx_word' id='word_1_198' title='bbox 419 2753 746 2826; x_wconf 89' lang='lat' dir='ltr'><strong>refugiant:</strong></span> <span class='ocrx_word' id='word_1_199' title='bbox 770 2754 1049 2826; x_wconf 89' lang='lat' dir='ltr'><strong>quoniam</strong></span> <span class='ocrx_word' id='word_1_200' title='bbox 1074 2755 1404 2810; x_wconf 89' lang='lat' dir='ltr'><strong>secundum</strong></span> <span class='ocrx_word' id='word_1_201' title='bbox 1419 2752 1761 2826; x_wconf 88' lang='lat' dir='ltr'><strong>Apostolum</strong></span> 
     </span>
    </p>
   </div>
   <div class='ocr_carea' id='block_1_30' title="bbox 93 2842 1764 2915">
    <p class='ocr_par' dir='ltr' id='par_1_30' title="bbox 93 2842 1764 2915">
     <span class='ocr_line' id='line_1_30' title="bbox 93 2842 1764 2915; baseline -0.004 -11"><span class='ocrx_word' id='word_1_202' title='bbox 93 2853 269 2904; x_wconf 82' lang='lat' dir='ltr'><strong>Nemo</strong></span> <span class='ocrx_word' id='word_1_203' title='bbox 297 2845 547 2900; x_wconf 83' lang='lat' dir='ltr'><strong>militans</strong></span> <span class='ocrx_word' id='word_1_204' title='bbox 588 2844 696 2899; x_wconf 88' lang='lat' dir='ltr'><strong>Deo</strong></span> <span class='ocrx_word' id='word_1_205' title='bbox 752 2844 1007 2915; x_wconf 78' lang='lat' dir='ltr'><strong>implicat</strong></span> <span class='ocrx_word' id='word_1_206' title='bbox 1043 2860 1100 2899; x_wconf 91' lang='lat' dir='ltr'><strong>se</strong></span> <span class='ocrx_word' id='word_1_207' title='bbox 1130 2845 1357 2915; x_wconf 84' lang='lat' dir='ltr'><strong>negotiis</strong></span> <span class='ocrx_word' id='word_1_208' title='bbox 1402 2842 1764 2899; x_wconf 68' lang='lat' dir='ltr'><strong>saecularibus</strong></span> 
     </span>
    </p>
   </div>
   <div class='ocr_carea' id='block_1_31' title="bbox 94 2931 1762 3007">
    <p class='ocr_par' dir='ltr' id='par_1_31' title="bbox 94 2931 1762 3007">
     <span class='ocr_line' id='line_1_31' title="bbox 94 2931 1762 3007; baseline -0.003 -16"><span class='ocrx_word' id='word_1_209' title='bbox 94 2945 155 2991; x_wconf 88' lang='lat' dir='ltr'><strong>ut</strong></span> <span class='ocrx_word' id='word_1_210' title='bbox 184 2936 242 2991; x_wconf 88' lang='lat' dir='ltr'><strong>ei</strong></span> <span class='ocrx_word' id='word_1_211' title='bbox 266 2934 480 3007; x_wconf 83' lang='lat' dir='ltr'><strong>placeat</strong></span> <span class='ocrx_word' id='word_1_212' title='bbox 505 2934 597 2988; x_wconf 88' lang='lat' dir='ltr'><strong>cui</strong></span> <span class='ocrx_word' id='word_1_213' title='bbox 624 2948 681 2988; x_wconf 87' lang='lat' dir='ltr'><strong>se</strong></span> <span class='ocrx_word' id='word_1_214' title='bbox 720 2935 998 3004; x_wconf 87' lang='lat' dir='ltr'><strong>probavit.</strong></span> <span class='ocrx_word' id='word_1_215' title='bbox 1037 2937 1281 2989; x_wconf 71' lang='lat' dir='ltr'><strong>Cmteros</strong></span> <span class='ocrx_word' id='word_1_216' title='bbox 1326 2932 1526 3004; x_wconf 88' lang='lat' dir='ltr'><strong>itaque</strong></span> <span class='ocrx_word' id='word_1_217' title='bbox 1554 2932 1625 2987; x_wconf 90' lang='lat' dir='ltr'><strong>ad</strong></span> <span class='ocrx_word' id='word_1_218' title='bbox 1660 2931 1762 2986; x_wconf 87' lang='lat' dir='ltr'><strong>Ec-</strong></span> 
     </span>
    </p>
   </div>
   <div class='ocr_carea' id='block_1_32' title="bbox 94 3020 1763 3094">
    <p class='ocr_par' dir='ltr' id='par_1_32' title="bbox 94 3020 1763 3094">
     <span class='ocr_line' id='line_1_32' title="bbox 94 3020 1763 3094; baseline -0.004 -14"><span class='ocrx_word' id='word_1_219' title='bbox 94 3024 341 3081; x_wconf 82' lang='lat' dir='ltr'><strong>clesiam</strong></span> <span class='ocrx_word' id='word_1_220' title='bbox 380 3021 595 3079; x_wconf 87' lang='lat' dir='ltr'><strong>Christi</strong></span> <span class='ocrx_word' id='word_1_221' title='bbox 647 3021 1005 3094; x_wconf 85' lang='lat' dir='ltr'><strong>pertinentes</strong></span> <span class='ocrx_word' id='word_1_222' title='bbox 1036 3022 1131 3094; x_wconf 86' lang='lat' dir='ltr'><strong>pie</strong></span> <span class='ocrx_word' id='word_1_223' title='bbox 1164 3028 1220 3076; x_wconf 88' lang='lat' dir='ltr'><strong>et</strong></span> <span class='ocrx_word' id='word_1_224' title='bbox 1239 3023 1401 3093; x_wconf 89' lang='lat' dir='ltr'><strong>juste</strong></span> <span class='ocrx_word' id='word_1_225' title='bbox 1450 3020 1763 3093; x_wconf 67' lang='lat' dir='ltr'><strong>prazvidere</strong></span> 
     </span>
    </p>
   </div>
   <div class='ocr_carea' id='block_1_33' title="bbox 95 3109 1762 3185">
    <p class='ocr_par' dir='ltr' id='par_1_33' title="bbox 95 3109 1762 3185">
     <span class='ocr_line' id='line_1_33' title="bbox 95 3109 1762 3185; baseline -0.002 -16"><span class='ocrx_word' id='word_1_226' title='bbox 95 3120 153 3169; x_wconf 90' lang='lat' dir='ltr'><strong>et</strong></span> <span class='ocrx_word' id='word_1_227' title='bbox 200 3128 398 3185; x_wconf 89' lang='lat' dir='ltr'><strong>regere</strong></span> <span class='ocrx_word' id='word_1_228' title='bbox 454 3111 668 3167; x_wconf 90' lang='lat' dir='ltr'><strong>debent</strong></span> <span class='ocrx_word' id='word_1_229' title='bbox 714 3114 996 3181; x_wconf 85' lang='lat' dir='ltr'><strong>tanquam</strong></span> <span class='ocrx_word' id='word_1_230' title='bbox 1051 3110 1266 3166; x_wconf 88' lang='lat' dir='ltr'><strong>Christi</strong></span> <span class='ocrx_word' id='word_1_231' title='bbox 1327 3110 1566 3176; x_wconf 84' lang='lat' dir='ltr'><strong>milites,</strong></span> <span class='ocrx_word' id='word_1_232' title='bbox 1616 3109 1762 3165; x_wconf 88' lang='lat' dir='ltr'><strong>bene</strong></span> 
     </span>
    </p>
   </div>
   <div class='ocr_carea' id='block_1_34' title="bbox 94 3197 1758 3276">
    <p class='ocr_par' dir='ltr' id='par_1_34' title="bbox 94 3197 1758 3276">
     <span class='ocr_line' id='line_1_34' title="bbox 94 3197 1758 3276; baseline -0.005 -17"><span class='ocrx_word' id='word_1_233' title='bbox 94 3202 326 3276; x_wconf 76' lang='lat' dir='ltr'><strong>agendo</strong></span> <span class='ocrx_word' id='word_1_234' title='bbox 347 3206 404 3256; x_wconf 92' lang='lat' dir='ltr'><strong>et</strong></span> <span class='ocrx_word' id='word_1_235' title='bbox 432 3199 804 3273; x_wconf 70' lang='lat' dir='ltr'><strong>praedicando</strong></span> <span class='ocrx_word' id='word_1_236' title='bbox 822 3200 994 3270; x_wconf 82' lang='lat' dir='ltr'><strong>juxta</strong></span> <span class='ocrx_word' id='word_1_237' title='bbox 1021 3199 1253 3255; x_wconf 89' lang='lat' dir='ltr'><strong>Domini</strong></span> <span class='ocrx_word' id='word_1_238' title='bbox 1276 3197 1758 3269; x_wconf 89' lang='lat' dir='ltr'><strong>sententiam,qui</strong></span> 
     </span>
    </p>
   </div>
   <div class='ocr_carea' id='block_1_35' title="bbox 94 3270 1833 3349">
    <p class='ocr_par' dir='ltr' id='par_1_35' title="bbox 94 3270 1833 3349">
     <span class='ocr_line' id='line_1_35' title="bbox 94 3270 1833 3349; baseline -0.007 0"><span class='ocrx_word' id='word_1_239' title='bbox 94 3295 177 3349; x_wconf 88' lang='lat' dir='ltr'><strong>ait</strong></span> <span class='ocrx_word' id='word_1_240' title='bbox 209 3310 224 3347; x_wconf 73' lang='grc' dir='ltr'>ε</span> <span class='ocrx_word' id='word_1_241' title='bbox 252 3292 342 3347; x_wconf 75' lang='lat' dir='ltr'><strong>Sic</strong></span> <span class='ocrx_word' id='word_1_242' title='bbox 377 3290 553 3346; x_wconf 85' lang='lat' dir='ltr'><strong>luceat</strong></span> <span class='ocrx_word' id='word_1_243' title='bbox 574 3291 673 3344; x_wconf 67' lang='lat' dir='ltr'><strong>luat</strong></span> <span class='ocrx_word' id='word_1_244' title='bbox 704 3298 877 3345; x_wconf 81' lang='lat' dir='ltr'><strong>vestra</strong></span> <span class='ocrx_word' id='word_1_245' title='bbox 906 3306 1091 3345; x_wconf 88' lang='lat' dir='ltr'><strong>coram</strong></span> <span class='ocrx_word' id='word_1_246' title='bbox 1119 3290 1439 3345; x_wconf 84' lang='lat' dir='ltr'><strong>hominibus</strong></span> <span class='ocrx_word' id='word_1_247' title='bbox 1462 3297 1519 3343; x_wconf 89' lang='lat' dir='ltr'><strong>ut</strong></span> <span class='ocrx_word' id='word_1_248' title='bbox 1539 3288 1759 3344; x_wconf 78' lang='lat' dir='ltr'><strong>videant</strong></span> <span class='ocrx_word' id='word_1_249' title='bbox 1791 3270 1833 3337; x_wconf 87' lang='lat' dir='ltr'><strong>C</strong></span> 
     </span>
    </p>
   </div>
   <div class='ocr_carea' id='block_1_36' title="bbox 96 3378 1759 3451">
    <p class='ocr_par' dir='ltr' id='par_1_36' title="bbox 96 3378 1759 3451">
     <span class='ocr_line' id='line_1_36' title="bbox 96 3378 1759 3451; baseline -0.004 -13"><span class='ocrx_word' id='word_1_250' title='bbox 96 3390 278 3438; x_wconf 74' lang='lat' dir='ltr'><strong>vestra</strong></span> <span class='ocrx_word' id='word_1_251' title='bbox 309 3381 447 3436; x_wconf 84' lang='lat' dir='ltr'><strong>bona</strong></span> <span class='ocrx_word' id='word_1_252' title='bbox 495 3396 655 3451; x_wconf 85' lang='lat' dir='ltr'><strong>opera</strong></span> <span class='ocrx_word' id='word_1_253' title='bbox 687 3388 737 3435; x_wconf 88' lang='lat' dir='ltr'><strong>et</strong></span> <span class='ocrx_word' id='word_1_254' title='bbox 771 3380 1076 3451; x_wconf 80' lang='lat' dir='ltr'><strong>gloriﬁcent</strong></span> <span class='ocrx_word' id='word_1_255' title='bbox 1114 3381 1336 3434; x_wconf 84' lang='lat' dir='ltr'><strong>Patrem</strong></span> <span class='ocrx_word' id='word_1_256' title='bbox 1384 3387 1619 3434; x_wconf 76' lang='lat' dir='ltr'><strong>vestrum</strong></span> <span class='ocrx_word' id='word_1_257' title='bbox 1662 3378 1759 3449; x_wconf 89' lang='lat' dir='ltr'><strong>qui</strong></span> 
     </span>
    </p>
   </div>
   <div class='ocr_carea' id='block_1_37' title="bbox 96 3471 469 3528">
    <p class='ocr_par' dir='ltr' id='par_1_37' title="bbox 96 3471 469 3528">
     <span class='ocr_line' id='line_1_37' title="bbox 96 3471 469 3528; baseline -0.011 0"><span class='ocrx_word' id='word_1_258' title='bbox 96 3476 159 3528; x_wconf 89' lang='lat' dir='ltr'><strong>in</strong></span> <span class='ocrx_word' id='word_1_259' title='bbox 191 3471 292 3526; x_wconf 79' lang='lat' dir='ltr'><strong>cwl</strong></span> <span class='ocrx_word' id='word_1_260' title='bbox 298 3473 342 3526; x_wconf 91' lang='lat' dir='ltr'><strong>is</strong></span> <span class='ocrx_word' id='word_1_261' title='bbox 374 3477 469 3525; x_wconf 87' lang='lat' dir='ltr'><strong>est.</strong></span> 
     </span>
    </p>
   </div>
   <div class='ocr_carea' id='block_1_38' title="bbox 736 3576 1122 3632">
    <p class='ocr_par' dir='ltr' id='par_1_38' title="bbox 736 3576 1122 3632">
     <span class='ocr_line' id='line_1_38' title="bbox 736 3576 1122 3632; baseline -0.003 -1"><span class='ocrx_word' id='word_1_262' title='bbox 736 3576 971 3632; x_wconf 90' lang='lat' dir='ltr'><strong>CAPUT</strong></span> <span class='ocrx_word' id='word_1_263' title='bbox 1010 3576 1122 3631; x_wconf 86' lang='grc' dir='ltr'><strong>ΧΧ.</strong></span> 
     </span>
    </p>
   </div>
   <div class='ocr_carea' id='block_1_39' title="bbox 96 3665 1755 3739">
    <p class='ocr_par' dir='ltr' id='par_1_39' title="bbox 96 3665 1755 3739">
     <span class='ocr_line' id='line_1_39' title="bbox 96 3665 1755 3739; baseline -0.003 -14"><span class='ocrx_word' id='word_1_264' title='bbox 96 3668 253 3739; x_wconf 83' lang='lat' dir='ltr'><strong>Quod</strong></span> <span class='ocrx_word' id='word_1_265' title='bbox 280 3669 498 3724; x_wconf 79' lang='lat' dir='ltr'><strong>statutis</strong></span> <span class='ocrx_word' id='word_1_266' title='bbox 525 3666 717 3739; x_wconf 78' lang='lat' dir='ltr'><strong>diebus</strong></span> <span class='ocrx_word' id='word_1_267' title='bbox 741 3673 809 3739; x_wconf 19' lang='lat' dir='ltr'><strong>et“</strong></span> <span class='ocrx_word' id='word_1_268' title='bbox 836 3667 895 3720; x_wconf 86' lang='lat' dir='ltr'><strong>in</strong></span> <span class='ocrx_word' id='word_1_269' title='bbox 940 3667 1075 3721; x_wconf 85' lang='lat' dir='ltr'><strong>vicis</strong></span> <span class='ocrx_word' id='word_1_270' title='bbox 1126 3667 1390 3739; x_wconf 85' lang='lat' dir='ltr'><strong>baptisma</strong></span> <span class='ocrx_word' id='word_1_271' title='bbox 1440 3665 1755 3722; x_wconf 85' lang='lat' dir='ltr'><strong>celebretur.</strong></span> 
     </span>
    </p>
   </div>
   <div class='ocr_carea' id='block_1_40' title="bbox 518 3736 1339 3809">
    <p class='ocr_par' dir='ltr' id='par_1_40' title="bbox 518 3736 1339 3809">
     <span class='ocr_line' id='line_1_40' title="bbox 518 3736 1339 3809; baseline 0.001 -17"><span class='ocrx_word' id='word_1_272' title='bbox 518 3740 583 3793; x_wconf 85' lang='lat' dir='ltr'><strong>Et</strong></span> <span class='ocrx_word' id='word_1_273' title='bbox 610 3737 676 3793; x_wconf 90' lang='lat' dir='ltr'><strong>de</strong></span> <span class='ocrx_word' id='word_1_274' title='bbox 708 3736 953 3808; x_wconf 79' lang='lat' dir='ltr'><strong>infirmis</strong></span> <span class='ocrx_word' id='word_1_275' title='bbox 980 3736 1339 3809; x_wconf 65' lang='lat' dir='ltr'><strong>baptizandis.</strong></span> 
     </span>
    </p>
   </div>
   <div class='ocr_carea' id='block_1_41' title="bbox 170 3825 1761 3900">
    <p class='ocr_par' dir='ltr' id='par_1_41' title="bbox 170 3825 1761 3900">
     <span class='ocr_line' id='line_1_41' title="bbox 170 3825 1761 3900; baseline -0.003 -15"><span class='ocrx_word' id='word_1_276' title='bbox 170 3828 541 3900; x_wconf 88' lang='lat' dir='ltr'><strong>Baptismum</strong></span> <span class='ocrx_word' id='word_1_277' title='bbox 556 3826 729 3881; x_wconf 88' lang='lat' dir='ltr'><strong>certis</strong></span> <span class='ocrx_word' id='word_1_278' title='bbox 744 3826 1108 3898; x_wconf 87' lang='lat' dir='ltr'><strong>temporibus</strong></span> <span class='ocrx_word' id='word_1_279' title='bbox 1124 3826 1402 3882; x_wconf 88' lang='lat' dir='ltr'><strong>celebrari</strong></span> <span class='ocrx_word' id='word_1_280' title='bbox 1420 3825 1643 3898; x_wconf 88' lang='lat' dir='ltr'><strong>antiqui</strong></span> <span class='ocrx_word' id='word_1_281' title='bbox 1666 3842 1761 3898; x_wconf 86' lang='lat' dir='ltr'><strong>pa-</strong></span> 
     </span>
    </p>
   </div>
   <div class='ocr_carea' id='block_1_42' title="bbox 94 3914 1761 3984">
    <p class='ocr_par' dir='ltr' id='par_1_42' title="bbox 94 3914 1761 3984">
     <span class='ocr_line' id='line_1_42' title="bbox 94 3914 1761 3984; baseline -0.003 -9"><span class='ocrx_word' id='word_1_282' title='bbox 94 3925 222 3975; x_wconf 88' lang='lat' dir='ltr'><strong>tres</strong></span> <span class='ocrx_word' id='word_1_283' title='bbox 248 3919 585 3984; x_wconf 83' lang='lat' dir='ltr'><strong>sanxerunt,</strong></span> <span class='ocrx_word' id='word_1_284' title='bbox 607 3915 835 3971; x_wconf 84' lang='lat' dir='ltr'><strong>Pascha</strong></span> <span class='ocrx_word' id='word_1_285' title='bbox 865 3914 1088 3970; x_wconf 89' lang='lat' dir='ltr'><strong>scilicet</strong></span> <span class='ocrx_word' id='word_1_286' title='bbox 1112 3921 1167 3971; x_wconf 87' lang='lat' dir='ltr'><strong>et</strong></span> <span class='ocrx_word' id='word_1_287' title='bbox 1198 3916 1592 3970; x_wconf 84' lang='lat' dir='ltr'><strong>Pentecosten.</strong></span> <span class='ocrx_word' id='word_1_288' title='bbox 1617 3914 1761 3970; x_wconf 90' lang='lat' dir='ltr'><strong>Aliis</strong></span> 
     </span>
    </p>
   </div>
   <div class='ocr_carea' id='block_1_43' title="bbox 90 4004 1763 4078">
    <p class='ocr_par' dir='ltr' id='par_1_43' title="bbox 90 4004 1763 4078">
     <span class='ocr_line' id='line_1_43' title="bbox 90 4004 1763 4078; baseline -0.002 -16"><span class='ocrx_word' id='word_1_289' title='bbox 90 4025 235 4064; x_wconf 86' lang='lat' dir='ltr'><strong>vero</strong></span> <span class='ocrx_word' id='word_1_290' title='bbox 252 4005 615 4078; x_wconf 86' lang='lat' dir='ltr'><strong>temporibus</strong></span> <span class='ocrx_word' id='word_1_291' title='bbox 634 4004 972 4075; x_wconf 88' lang='lat' dir='ltr'><strong>quempiam</strong></span> <span class='ocrx_word' id='word_1_292' title='bbox 998 4004 1281 4076; x_wconf 89' lang='lat' dir='ltr'><strong>baptizari</strong></span> <span class='ocrx_word' id='word_1_293' title='bbox 1308 4004 1586 4059; x_wconf 91' lang='lat' dir='ltr'><strong>canonica</strong></span> <span class='ocrx_word' id='word_1_294' title='bbox 1608 4008 1763 4058; x_wconf 87' lang='lat' dir='ltr'><strong>vetat</strong></span> 
     </span>
    </p>
   </div>
   <div class='ocr_carea' id='block_1_44' title="bbox 94 4091 1761 4167">
    <p class='ocr_par' dir='ltr' id='par_1_44' title="bbox 94 4091 1761 4167">
     <span class='ocr_line' id='line_1_44' title="bbox 94 4091 1761 4167; baseline -0.004 -14"><span class='ocrx_word' id='word_1_295' title='bbox 94 4096 443 4161; x_wconf 87' lang='lat' dir='ltr'><strong>auctoritas,</strong></span> <span class='ocrx_word' id='word_1_296' title='bbox 468 4098 678 4167; x_wconf 71' lang='lat' dir='ltr'><strong>praeter</strong></span> <span class='ocrx_word' id='word_1_297' title='bbox 718 4110 852 4149; x_wconf 89' lang='lat' dir='ltr'><strong>eum</strong></span> <span class='ocrx_word' id='word_1_298' title='bbox 903 4110 1078 4165; x_wconf 90' lang='lat' dir='ltr'><strong>quem</strong></span> <span class='ocrx_word' id='word_1_299' title='bbox 1128 4093 1186 4147; x_wconf 92' lang='lat' dir='ltr'><strong>in</strong></span> <span class='ocrx_word' id='word_1_300' title='bbox 1244 4093 1498 4165; x_wconf 88' lang='lat' dir='ltr'><strong>periculo</strong></span> <span class='ocrx_word' id='word_1_301' title='bbox 1554 4091 1761 4147; x_wconf 91' lang='lat' dir='ltr'><strong>mortis</strong></span> 
     </span>
    </p>
   </div>
   <div class='ocr_carea' id='block_1_45' title="bbox 95 4182 1759 4255">
    <p class='ocr_par' dir='ltr' id='par_1_45' title="bbox 95 4182 1759 4255">
     <span class='ocr_line' id='line_1_45' title="bbox 95 4182 1759 4255; baseline -0.003 -13"><span class='ocrx_word' id='word_1_302' title='bbox 95 4186 492 4243; x_wconf 89' lang='lat' dir='ltr'><strong>constitutum</strong></span> <span class='ocrx_word' id='word_1_303' title='bbox 520 4182 837 4238; x_wconf 90' lang='lat' dir='ltr'><strong>necessitas</strong></span> <span class='ocrx_word' id='word_1_304' title='bbox 869 4199 1105 4237; x_wconf 87' lang='lat' dir='ltr'><strong>summa</strong></span> <span class='ocrx_word' id='word_1_305' title='bbox 1128 4182 1494 4255; x_wconf 87' lang='lat' dir='ltr'><strong>constringit.</strong></span> <span class='ocrx_word' id='word_1_306' title='bbox 1525 4182 1624 4238; x_wconf 83' lang='lat' dir='ltr'><strong>His</strong></span> <span class='ocrx_word' id='word_1_307' title='bbox 1654 4182 1759 4237; x_wconf 91' lang='lat' dir='ltr'><strong>ita-</strong></span> 
     </span>
    </p>
   </div>
   <div class='ocr_carea' id='block_1_46' title="bbox 97 4271 1762 4349">
    <p class='ocr_par' dir='ltr' id='par_1_46' title="bbox 97 4271 1762 4349">
     <span class='ocr_line' id='line_1_46' title="bbox 97 4271 1762 4349; baseline -0.001 -22"><span class='ocrx_word' id='word_1_308' title='bbox 97 4293 219 4349; x_wconf 79' lang='lat' dir='ltr'><strong>que</strong></span> <span class='ocrx_word' id='word_1_309' title='bbox 252 4274 482 4330; x_wconf 92' lang='lat' dir='ltr'><strong>duobus</strong></span> <span class='ocrx_word' id='word_1_310' title='bbox 528 4272 913 4344; x_wconf 87' lang='lat' dir='ltr'><strong>temporibus,</strong></span> <span class='ocrx_word' id='word_1_311' title='bbox 945 4271 1166 4327; x_wconf 89' lang='lat' dir='ltr'><strong>Pascha</strong></span> <span class='ocrx_word' id='word_1_312' title='bbox 1212 4272 1434 4327; x_wconf 81' lang='lat' dir='ltr'><strong>scilicet</strong></span> <span class='ocrx_word' id='word_1_313' title='bbox 1464 4276 1519 4328; x_wconf 90' lang='lat' dir='ltr'><strong>et</strong></span> <span class='ocrx_word' id='word_1_314' title='bbox 1560 4272 1762 4327; x_wconf 87' lang='lat' dir='ltr'><strong>Pente-</strong></span> 
     </span>
    </p>
   </div>
   <div class='ocr_carea' id='block_1_47' title="bbox 96 4361 1760 4433">
    <p class='ocr_par' dir='ltr' id='par_1_47' title="bbox 96 4361 1760 4433">
     <span class='ocr_line' id='line_1_47' title="bbox 96 4361 1760 4433; baseline -0.004 -12"><span class='ocrx_word' id='word_1_315' title='bbox 96 4368 331 4433; x_wconf 80' lang='lat' dir='ltr'><strong>ensten,</strong></span> <span class='ocrx_word' id='word_1_316' title='bbox 347 4378 552 4419; x_wconf 90' lang='lat' dir='ltr'><strong>omnes</strong></span> <span class='ocrx_word' id='word_1_317' title='bbox 597 4361 928 4417; x_wconf 85' lang='lat' dir='ltr'><strong>sacerdotes</strong></span> <span class='ocrx_word' id='word_1_318' title='bbox 960 4377 1028 4417; x_wconf 84' lang='lat' dir='ltr'><strong>ex</strong></span> <span class='ocrx_word' id='word_1_319' title='bbox 1059 4361 1220 4417; x_wconf 90' lang='lat' dir='ltr'><strong>cellis</strong></span> <span class='ocrx_word' id='word_1_320' title='bbox 1259 4362 1329 4417; x_wconf 89' lang='lat' dir='ltr'><strong>ad</strong></span> <span class='ocrx_word' id='word_1_321' title='bbox 1371 4362 1526 4417; x_wconf 91' lang='lat' dir='ltr'><strong>vicos</strong></span> <span class='ocrx_word' id='word_1_322' title='bbox 1557 4377 1760 4416; x_wconf 88' lang='lat' dir='ltr'><strong>conve-</strong></span> 
     </span>
    </p>
   </div>
   <div class='ocr_carea' id='block_1_48' title="bbox 96 4450 1762 4523">
    <p class='ocr_par' dir='ltr' id='par_1_48' title="bbox 96 4450 1762 4523">
     <span class='ocr_line' id='line_1_48' title="bbox 96 4450 1762 4523; baseline -0.003 -14"><span class='ocrx_word' id='word_1_323' title='bbox 96 4455 230 4509; x_wconf 91' lang='lat' dir='ltr'><strong>nire</strong></span> <span class='ocrx_word' id='word_1_324' title='bbox 261 4453 495 4520; x_wconf 90' lang='lat' dir='ltr'><strong>debent,</strong></span> <span class='ocrx_word' id='word_1_325' title='bbox 520 4456 578 4507; x_wconf 91' lang='lat' dir='ltr'><strong>et</strong></span> <span class='ocrx_word' id='word_1_326' title='bbox 606 4450 687 4505; x_wconf 90' lang='lat' dir='ltr'><strong>ibi</strong></span> <span class='ocrx_word' id='word_1_327' title='bbox 718 4450 909 4506; x_wconf 84' lang='lat' dir='ltr'><strong>ofﬁcio</strong></span> <span class='ocrx_word' id='word_1_328' title='bbox 941 4456 1344 4523; x_wconf 87' lang='lat' dir='ltr'><strong>peracto,cum</strong></span> <span class='ocrx_word' id='word_1_329' title='bbox 1376 4467 1611 4505; x_wconf 90' lang='lat' dir='ltr'><strong>summa</strong></span> <span class='ocrx_word' id='word_1_330' title='bbox 1632 4450 1762 4505; x_wconf 90' lang='lat' dir='ltr'><strong>dili-</strong></span> 
     </span>
    </p>
   </div>
   <div class='ocr_carea' id='block_1_49' title="bbox 92 4539 1759 4616">
    <p class='ocr_par' dir='ltr' id='par_1_49' title="bbox 92 4539 1759 4616">
     <span class='ocr_line' id='line_1_49' title="bbox 92 4539 1759 4616; baseline -0.003 -17"><span class='ocrx_word' id='word_1_331' title='bbox 92 4542 300 4616; x_wconf 89' lang='lat' dir='ltr'><strong>gentia</strong></span> <span class='ocrx_word' id='word_1_332' title='bbox 328 4540 712 4613; x_wconf 89' lang='lat' dir='ltr'><strong>baptizandos</strong></span> <span class='ocrx_word' id='word_1_333' title='bbox 754 4556 1020 4611; x_wconf 91' lang='lat' dir='ltr'><strong>quosque</strong></span> <span class='ocrx_word' id='word_1_334' title='bbox 1070 4539 1386 4611; x_wconf 89' lang='lat' dir='ltr'><strong>baptizcnt.</strong></span> <span class='ocrx_word' id='word_1_335' title='bbox 1421 4541 1491 4594; x_wconf 90' lang='lat' dir='ltr'><strong>Et</strong></span> <span class='ocrx_word' id='word_1_336' title='bbox 1519 4545 1657 4595; x_wconf 91' lang='lat' dir='ltr'><strong>tunc</strong></span> <span class='ocrx_word' id='word_1_337' title='bbox 1692 4540 1759 4595; x_wconf 89' lang='lat' dir='ltr'><strong>ad</strong></span> 
     </span>
    </p>
   </div>
   <div class='ocr_carea' id='block_1_50' title="bbox 91 4628 1843 4711">
    <p class='ocr_par' dir='ltr' id='par_1_50' title="bbox 91 4628 1843 4711">
     <span class='ocr_line' id='line_1_50' title="bbox 91 4628 1843 4711; baseline -0.002 -24"><span class='ocrx_word' id='word_1_338' title='bbox 91 4631 369 4707; x_wconf 89' lang='lat' dir='ltr'><strong>proprias</strong></span> <span class='ocrx_word' id='word_1_339' title='bbox 390 4629 666 4686; x_wconf 87' lang='lat' dir='ltr'><strong>ecclesias</strong></span> <span class='ocrx_word' id='word_1_340' title='bbox 685 4646 819 4685; x_wconf 89' lang='lat' dir='ltr'><strong>cum</strong></span> <span class='ocrx_word' id='word_1_341' title='bbox 839 4628 1150 4701; x_wconf 88' lang='lat' dir='ltr'><strong>baptizatis</strong></span> <span class='ocrx_word' id='word_1_342' title='bbox 1168 4629 1292 4684; x_wconf 91' lang='lat' dir='ltr'><strong>suis</strong></span> <span class='ocrx_word' id='word_1_343' title='bbox 1314 4633 1370 4683; x_wconf 91' lang='lat' dir='ltr'><strong>et</strong></span> <span class='ocrx_word' id='word_1_344' title='bbox 1388 4629 1609 4684; x_wconf 71' lang='lat' dir='ltr'><strong>cazteris</strong></span> <span class='ocrx_word' id='word_1_345' title='bbox 1632 4630 1766 4684; x_wconf 90' lang='lat' dir='ltr'><strong>sub-</strong></span> <span class='ocrx_word' id='word_1_346' title='bbox 1796 4647 1843 4711; x_wconf 83' lang='lat' dir='ltr'><strong>D</strong></span> 
     </span>
    </p>
   </div>
   <div class='ocr_carea' id='block_1_51' title="bbox 84 4716 1762 4796">
    <p class='ocr_par' dir='ltr' id='par_1_51' title="bbox 84 4716 1762 4796">
     <span class='ocr_line' id='line_1_51' title="bbox 84 4716 1762 4796; baseline -0.003 -18"><span class='ocrx_word' id='word_1_347' title='bbox 84 4722 273 4796; x_wconf 88' lang='lat' dir='ltr'><strong>jectis</strong></span> <span class='ocrx_word' id='word_1_348' title='bbox 327 4724 658 4776; x_wconf 89' lang='lat' dir='ltr'><strong>remeantes</strong></span> <span class='ocrx_word' id='word_1_349' title='bbox 705 4717 1024 4773; x_wconf 90' lang='lat' dir='ltr'><strong>missarum</strong></span> <span class='ocrx_word' id='word_1_350' title='bbox 1075 4717 1357 4773; x_wconf 89' lang='lat' dir='ltr'><strong>solemnia</strong></span> <span class='ocrx_word' id='word_1_351' title='bbox 1407 4716 1762 4789; x_wconf 89' lang='lat' dir='ltr'><strong>persolvant,</strong></span> 
     </span>
    </p>
   </div>
   <div class='ocr_carea' id='block_1_52' title="bbox 95 4805 1767 4883">
    <p class='ocr_par' dir='ltr' id='par_1_52' title="bbox 95 4805 1767 4883">
     <span class='ocr_line' id='line_1_52' title="bbox 95 4805 1767 4883; baseline -0.002 -16"><span class='ocrx_word' id='word_1_352' title='bbox 95 4816 155 4867; x_wconf 88' lang='lat' dir='ltr'><strong>et</strong></span> <span class='ocrx_word' id='word_1_353' title='bbox 188 4809 492 4883; x_wconf 86' lang='lat' dir='ltr'><strong>baptizati,</strong></span> <span class='ocrx_word' id='word_1_354' title='bbox 514 4812 570 4864; x_wconf 92' lang='lat' dir='ltr'><strong>et</strong></span> <span class='ocrx_word' id='word_1_355' title='bbox 601 4808 700 4881; x_wconf 92' lang='lat' dir='ltr'><strong>qui</strong></span> <span class='ocrx_word' id='word_1_356' title='bbox 724 4824 824 4865; x_wconf 91' lang='lat' dir='ltr'><strong>eos</strong></span> <span class='ocrx_word' id='word_1_357' title='bbox 855 4824 889 4862; x_wconf 90' lang='lat' dir='ltr'><strong>a</strong></span> <span class='ocrx_word' id='word_1_358' title='bbox 915 4807 1071 4861; x_wconf 87' lang='lat' dir='ltr'><strong>fonte</strong></span> <span class='ocrx_word' id='word_1_359' title='bbox 1096 4805 1467 4878; x_wconf 87' lang='lat' dir='ltr'><strong>baptismatis</strong></span> <span class='ocrx_word' id='word_1_360' title='bbox 1499 4823 1767 4879; x_wconf 90' lang='lat' dir='ltr'><strong>suscepe-</strong></span> 
     </span>
    </p>
   </div>
   <div class='ocr_carea' id='block_1_53' title="bbox 97 4897 1764 4968">
    <p class='ocr_par' dir='ltr' id='par_1_53' title="bbox 97 4897 1764 4968">
     <span class='ocr_line' id='line_1_53' title="bbox 97 4897 1764 4968; baseline -0.001 -12"><span class='ocrx_word' id='word_1_361' title='bbox 97 4904 241 4957; x_wconf 87' lang='lat' dir='ltr'><strong>runt</strong></span> <span class='ocrx_word' id='word_1_362' title='bbox 286 4916 490 4955; x_wconf 92' lang='lat' dir='ltr'><strong>omnes</strong></span> <span class='ocrx_word' id='word_1_363' title='bbox 534 4897 1061 4956; x_wconf 81' lang='lat' dir='ltr'><strong>excommunicent.</strong></span> <span class='ocrx_word' id='word_1_364' title='bbox 1086 4898 1155 4951; x_wconf 87' lang='lat' dir='ltr'><strong>Et</strong></span> <span class='ocrx_word' id='word_1_365' title='bbox 1206 4897 1466 4968; x_wconf 90' lang='lat' dir='ltr'><strong>quandiu</strong></span> <span class='ocrx_word' id='word_1_366' title='bbox 1504 4898 1562 4952; x_wconf 92' lang='lat' dir='ltr'><strong>in</strong></span> <span class='ocrx_word' id='word_1_367' title='bbox 1614 4897 1764 4954; x_wconf 87' lang='lat' dir='ltr'><strong>albis</strong></span> 
     </span>
    </p>
   </div>
   <div class='ocr_carea' id='block_1_54' title="bbox 96 4985 1768 5061">
    <p class='ocr_par' dir='ltr' id='par_1_54' title="bbox 96 4985 1768 5061">
     <span class='ocr_line' id='line_1_54' title="bbox 96 4985 1768 5061; baseline -0.002 -15"><span class='ocrx_word' id='word_1_368' title='bbox 96 4993 262 5057; x_wconf 89' lang='lat' dir='ltr'><strong>sunt,</strong></span> <span class='ocrx_word' id='word_1_369' title='bbox 286 4987 545 5061; x_wconf 90' lang='lat' dir='ltr'><strong>quotidie</strong></span> <span class='ocrx_word' id='word_1_370' title='bbox 573 5005 606 5043; x_wconf 87' lang='lat' dir='ltr'><strong>a</strong></span> <span class='ocrx_word' id='word_1_371' title='bbox 637 4986 885 5060; x_wconf 89' lang='lat' dir='ltr'><strong>patrinis</strong></span> <span class='ocrx_word' id='word_1_372' title='bbox 919 4987 990 5042; x_wconf 90' lang='lat' dir='ltr'><strong>ad</strong></span> <span class='ocrx_word' id='word_1_373' title='bbox 1019 4985 1328 5042; x_wconf 90' lang='lat' dir='ltr'><strong>ecclesiam</strong></span> <span class='ocrx_word' id='word_1_374' title='bbox 1353 5003 1487 5042; x_wconf 88' lang='lat' dir='ltr'><strong>cum</strong></span> <span class='ocrx_word' id='word_1_375' title='bbox 1518 4986 1768 5042; x_wconf 88' lang='lat' dir='ltr'><strong>lumina-</strong></span> 
     </span>
    </p>
   </div>
   <div class='ocr_carea' id='block_1_55' title="bbox 97 5076 1763 5150">
    <p class='ocr_par' dir='ltr' id='par_1_55' title="bbox 97 5076 1763 5150">
     <span class='ocr_line' id='line_1_55' title="bbox 97 5076 1763 5150; baseline -0.002 -16"><span class='ocrx_word' id='word_1_376' title='bbox 97 5079 270 5134; x_wconf 86' lang='lat' dir='ltr'><strong>ribus</strong></span> <span class='ocrx_word' id='word_1_377' title='bbox 300 5078 686 5146; x_wconf 89' lang='lat' dir='ltr'><strong>deducantur,</strong></span> <span class='ocrx_word' id='word_1_378' title='bbox 722 5081 779 5133; x_wconf 89' lang='lat' dir='ltr'><strong>et</strong></span> <span class='ocrx_word' id='word_1_379' title='bbox 817 5093 1030 5150; x_wconf 90' lang='lat' dir='ltr'><strong>corpus</strong></span> <span class='ocrx_word' id='word_1_380' title='bbox 1073 5080 1131 5132; x_wconf 93' lang='lat' dir='ltr'><strong>et</strong></span> <span class='ocrx_word' id='word_1_381' title='bbox 1171 5076 1517 5149; x_wconf 83' lang='lat' dir='ltr'><strong>sanguinem</strong></span> <span class='ocrx_word' id='word_1_382' title='bbox 1551 5076 1763 5133; x_wconf 87' lang='lat' dir='ltr'><strong>Christi</strong></span> 
     </span>
    </p>
   </div>
   <div class='ocr_carea' id='block_1_56' title="bbox 96 5164 1769 5239">
    <p class='ocr_par' dir='ltr' id='par_1_56' title="bbox 96 5164 1769 5239">
     <span class='ocr_line' id='line_1_56' title="bbox 96 5164 1769 5239; baseline -0.002 -17"><span class='ocrx_word' id='word_1_383' title='bbox 96 5184 296 5239; x_wconf 86' lang='lat' dir='ltr'><strong>usque</strong></span> <span class='ocrx_word' id='word_1_384' title='bbox 318 5167 378 5222; x_wconf 91' lang='lat' dir='ltr'><strong>in</strong></span> <span class='ocrx_word' id='word_1_385' title='bbox 402 5166 555 5222; x_wconf 91' lang='lat' dir='ltr'><strong>diem</strong></span> <span class='ocrx_word' id='word_1_386' title='bbox 582 5170 849 5222; x_wconf 88' lang='lat' dir='ltr'><strong>octavum</strong></span> <span class='ocrx_word' id='word_1_387' title='bbox 874 5164 1081 5238; x_wconf 70' lang='lat' dir='ltr'><strong>aequali</strong></span> <span class='ocrx_word' id='word_1_388' title='bbox 1101 5165 1236 5237; x_wconf 90' lang='lat' dir='ltr'><strong>jure</strong></span> <span class='ocrx_word' id='word_1_389' title='bbox 1257 5166 1450 5221; x_wconf 92' lang='lat' dir='ltr'><strong>cuncti</strong></span> <span class='ocrx_word' id='word_1_390' title='bbox 1474 5165 1769 5237; x_wconf 88' lang='lat' dir='ltr'><strong>percipere</strong></span> 
     </span>
    </p>
   </div>
   <div class='ocr_carea' id='block_1_57' title="bbox 95 5253 1767 5328">
    <p class='ocr_par' dir='ltr' id='par_1_57' title="bbox 95 5253 1767 5328">
     <span class='ocr_line' id='line_1_57' title="bbox 95 5253 1767 5328; baseline -0.004 -14"><span class='ocrx_word' id='word_1_391' title='bbox 95 5258 402 5314; x_wconf 87' lang='lat' dir='ltr'><strong>studeant.</strong></span> <span class='ocrx_word' id='word_1_392' title='bbox 430 5256 490 5313; x_wconf 88' lang='lat' dir='ltr'><strong>Si</strong></span> <span class='ocrx_word' id='word_1_393' title='bbox 523 5261 719 5312; x_wconf 91' lang='lat' dir='ltr'><strong>autem</strong></span> <span class='ocrx_word' id='word_1_394' title='bbox 752 5254 1032 5328; x_wconf 91' lang='lat' dir='ltr'><strong>parvulus</strong></span> <span class='ocrx_word' id='word_1_395' title='bbox 1075 5259 1364 5328; x_wconf 81' lang='lat' dir='ltr'><strong>aegrotans</strong></span> <span class='ocrx_word' id='word_1_396' title='bbox 1406 5256 1477 5311; x_wconf 92' lang='lat' dir='ltr'><strong>ad</strong></span> <span class='ocrx_word' id='word_1_397' title='bbox 1518 5253 1767 5327; x_wconf 88' lang='lat' dir='ltr'><strong>quemli-</strong></span> 
     </span>
    </p>
   </div>
   <div class='ocr_carea' id='block_1_58' title="bbox 103 5344 1770 5418">
    <p class='ocr_par' dir='ltr' id='par_1_58' title="bbox 103 5344 1770 5418">
     <span class='ocr_line' id='line_1_58' title="bbox 103 5344 1770 5418; baseline -0.001 -17"><span class='ocrx_word' id='word_1_398' title='bbox 103 5347 211 5401; x_wconf 90' lang='lat' dir='ltr'><strong>bet</strong></span> <span class='ocrx_word' id='word_1_399' title='bbox 243 5346 649 5418; x_wconf 72' lang='lat' dir='ltr'><strong>presbyterum</strong></span> <span class='ocrx_word' id='word_1_400' title='bbox 691 5361 1046 5417; x_wconf 90' lang='lat' dir='ltr'><strong>quocunque</strong></span> <span class='ocrx_word' id='word_1_401' title='bbox 1084 5349 1345 5416; x_wconf 90' lang='lat' dir='ltr'><strong>tempore</strong></span> <span class='ocrx_word' id='word_1_402' title='bbox 1376 5345 1461 5400; x_wconf 84' lang='lat' dir='ltr'><strong>vel</strong></span> <span class='ocrx_word' id='word_1_403' title='bbox 1493 5344 1638 5401; x_wconf 88' lang='lat' dir='ltr'><strong>hora</strong></span> <span class='ocrx_word' id='word_1_404' title='bbox 1666 5345 1770 5399; x_wconf 89' lang='lat' dir='ltr'><strong>ba-</strong></span> 
     </span>
    </p>
   </div>
   <div class='ocr_carea' id='block_1_59' title="bbox 95 5432 1765 5507">
    <p class='ocr_par' dir='ltr' id='par_1_59' title="bbox 95 5432 1765 5507">
     <span class='ocr_line' id='line_1_59' title="bbox 95 5432 1765 5507; baseline -0.001 -18"><span class='ocrx_word' id='word_1_405' title='bbox 95 5434 310 5507; x_wconf 87' lang='lat' dir='ltr'><strong>ptismi</strong></span> <span class='ocrx_word' id='word_1_406' title='bbox 339 5434 529 5507; x_wconf 89' lang='lat' dir='ltr'><strong>gratia</strong></span> <span class='ocrx_word' id='word_1_407' title='bbox 558 5436 629 5490; x_wconf 90' lang='lat' dir='ltr'><strong>de</strong></span> <span class='ocrx_word' id='word_1_408' title='bbox 660 5432 981 5505; x_wconf 88' lang='lat' dir='ltr'><strong>cujuslibet</strong></span> <span class='ocrx_word' id='word_1_409' title='bbox 1012 5433 1291 5505; x_wconf 89' lang='lat' dir='ltr'><strong>parochia</strong></span> <span class='ocrx_word' id='word_1_410' title='bbox 1328 5433 1541 5490; x_wconf 88' lang='lat' dir='ltr'><strong>allatus</strong></span> <span class='ocrx_word' id='word_1_411' title='bbox 1574 5433 1765 5503; x_wconf 86' lang='lat' dir='ltr'><strong>fuerit,</strong></span> 
     </span>
    </p>
   </div>
   <div class='ocr_carea' id='block_1_60' title="bbox 93 5520 1768 5596">
    <p class='ocr_par' dir='ltr' id='par_1_60' title="bbox 93 5520 1768 5596">
     <span class='ocr_line' id='line_1_60' title="bbox 93 5520 1768 5596; baseline -0.002 -16"><span class='ocrx_word' id='word_1_412' title='bbox 93 5524 150 5580; x_wconf 89' lang='lat' dir='ltr'><strong>ei</strong></span> <span class='ocrx_word' id='word_1_413' title='bbox 185 5523 472 5596; x_wconf 88' lang='lat' dir='ltr'><strong>baptismi</strong></span> <span class='ocrx_word' id='word_1_414' title='bbox 524 5525 965 5580; x_wconf 90' lang='lat' dir='ltr'><strong>sacramentum</strong></span> <span class='ocrx_word' id='word_1_415' title='bbox 997 5520 1159 5577; x_wconf 91' lang='lat' dir='ltr'><strong>nullo</strong></span> <span class='ocrx_word' id='word_1_416' title='bbox 1207 5523 1381 5579; x_wconf 91' lang='lat' dir='ltr'><strong>modo</strong></span> <span class='ocrx_word' id='word_1_417' title='bbox 1411 5528 1673 5596; x_wconf 88' lang='lat' dir='ltr'><strong>negetur.</strong></span> <span class='ocrx_word' id='word_1_418' title='bbox 1708 5523 1768 5579; x_wconf 91' lang='lat' dir='ltr'><strong>Si</strong></span> 
     </span>
    </p>
   </div>
   <div class='ocr_carea' id='block_1_61' title="bbox 93 5610 1771 5685">
    <p class='ocr_par' dir='ltr' id='par_1_61' title="bbox 93 5610 1771 5685">
     <span class='ocr_line' id='line_1_61' title="bbox 93 5610 1771 5685; baseline 0.001 -18"><span class='ocrx_word' id='word_1_419' title='bbox 93 5612 238 5685; x_wconf 87' lang='lat' dir='ltr'><strong>quis</strong></span> <span class='ocrx_word' id='word_1_420' title='bbox 271 5612 381 5668; x_wconf 93' lang='lat' dir='ltr'><strong>hoc</strong></span> <span class='ocrx_word' id='word_1_421' title='bbox 414 5630 636 5669; x_wconf 91' lang='lat' dir='ltr'><strong>munus</strong></span> <span class='ocrx_word' id='word_1_422' title='bbox 669 5610 887 5685; x_wconf 89' lang='lat' dir='ltr'><strong>petenti</strong></span> <span class='ocrx_word' id='word_1_423' title='bbox 916 5611 1233 5665; x_wconf 90' lang='lat' dir='ltr'><strong>concedere</strong></span> <span class='ocrx_word' id='word_1_424' title='bbox 1264 5612 1689 5684; x_wconf 88' lang='lat' dir='ltr'><strong>detrectaverit,</strong></span> <span class='ocrx_word' id='word_1_425' title='bbox 1714 5616 1771 5668; x_wconf 88' lang='lat' dir='ltr'><strong>et</strong></span> 
     </span>
    </p>
   </div>
   <div class='ocr_carea' id='block_1_62' title="bbox 94 5697 1771 5777">
    <p class='ocr_par' dir='ltr' id='par_1_62' title="bbox 94 5697 1771 5777">
     <span class='ocr_line' id='line_1_62' title="bbox 94 5697 1771 5777; baseline -0.001 -17"><span class='ocrx_word' id='word_1_426' title='bbox 94 5701 202 5760; x_wconf 91' lang='lat' dir='ltr'><strong>ille</strong></span> <span class='ocrx_word' id='word_1_427' title='bbox 222 5703 500 5777; x_wconf 86' lang='lat' dir='ltr'><strong>parvulus</strong></span> <span class='ocrx_word' id='word_1_428' title='bbox 520 5703 743 5777; x_wconf 84' lang='lat' dir='ltr'><strong>absque</strong></span> <span class='ocrx_word' id='word_1_429' title='bbox 765 5697 1138 5772; x_wconf 89' lang='lat' dir='ltr'><strong>baptismatis</strong></span> <span class='ocrx_word' id='word_1_430' title='bbox 1155 5700 1343 5773; x_wconf 88' lang='lat' dir='ltr'><strong>gratia</strong></span> <span class='ocrx_word' id='word_1_431' title='bbox 1364 5706 1632 5759; x_wconf 90' lang='lat' dir='ltr'><strong>mortuus</strong></span> <span class='ocrx_word' id='word_1_432' title='bbox 1654 5703 1771 5759; x_wconf 82' lang='lat' dir='ltr'><strong>fue-</strong></span> 
     </span>
    </p>
   </div>
   <div class='ocr_carea' id='block_1_63' title="bbox 432 5827 959 5898">
    <p class='ocr_par' dir='ltr' id='par_1_63' title="bbox 432 5827 959 5898">
     <span class='ocr_line' id='line_1_63' title="bbox 432 5827 959 5898; baseline -0.013 -5"><span class='ocrx_word' id='word_1_433' title='bbox 432 5832 700 5893; x_wconf 72' lang='lat' dir='ltr'><strong>PATEOL.</strong></span> <span class='ocrx_word' id='word_1_434' title='bbox 752 5827 959 5898; x_wconf 80' lang='lat' dir='ltr'><strong>CXIX.</strong></span> 
     </span>
    </p>
   </div>
   <div class='ocr_carea' id='block_1_64' title="bbox 1874 609 2818 666">
    <p class='ocr_par' dir='ltr' id='par_1_64' title="bbox 1874 609 2818 666">
     <span class='ocr_line' id='line_1_64' title="bbox 1874 609 2818 666; baseline 0.001 -1"><span class='ocrx_word' id='word_1_435' title='bbox 1874 610 2074 665; x_wconf 88' lang='lat' dir='ltr'><strong>anima</strong></span> <span class='ocrx_word' id='word_1_436' title='bbox 2105 610 2388 666; x_wconf 91' lang='lat' dir='ltr'><strong>rationem</strong></span> <span class='ocrx_word' id='word_1_437' title='bbox 2428 609 2818 666; x_wconf 90' lang='lat' dir='ltr'><strong>redditurum.</strong></span> 
     </span>
    </p>
   </div>
   <div class='ocr_carea' id='block_1_65' title="bbox 2491 734 2907 791">
    <p class='ocr_par' dir='ltr' id='par_1_65' title="bbox 2491 734 2907 791">
     <span class='ocr_line' id='line_1_65' title="bbox 2491 734 2907 791; baseline 0 -1"><span class='ocrx_word' id='word_1_438' title='bbox 2491 734 2723 791; x_wconf 83' lang='lat' dir='ltr'><strong>CAPUT</strong></span> <span class='ocrx_word' id='word_1_439' title='bbox 2764 734 2907 790; x_wconf 84' lang='lat' dir='ltr'><strong>XXI.</strong></span> 
     </span>
    </p>
   </div>
   <div class='ocr_carea' id='block_1_66' title="bbox 2247 823 3161 894">
    <p class='ocr_par' dir='ltr' id='par_1_66' title="bbox 2247 823 3161 894">
     <span class='ocr_line' id='line_1_66' title="bbox 2247 823 3161 894; baseline 0.001 -15"><span class='ocrx_word' id='word_1_440' title='bbox 2247 825 2321 879; x_wconf 87' lang='lat' dir='ltr'><strong>De</strong></span> <span class='ocrx_word' id='word_1_441' title='bbox 2348 825 2573 879; x_wconf 84' lang='lat' dir='ltr'><strong>decimis</strong></span> <span class='ocrx_word' id='word_1_442' title='bbox 2603 841 2637 879; x_wconf 87' lang='lat' dir='ltr'><strong>a</strong></span> <span class='ocrx_word' id='word_1_443' title='bbox 2663 823 2918 894; x_wconf 82' lang='lat' dir='ltr'><strong>ﬁdelibus</strong></span> <span class='ocrx_word' id='word_1_444' title='bbox 2946 824 3161 880; x_wconf 81' lang='lat' dir='ltr'><strong>dandis.</strong></span> 
     </span>
    </p>
   </div>
   <div class='ocr_carea' id='block_1_67' title="bbox 1947 931 3532 1004">
    <p class='ocr_par' dir='ltr' id='par_1_67' title="bbox 1947 931 3532 1004">
     <span class='ocr_line' id='line_1_67' title="bbox 1947 931 3532 1004; baseline 0.002 -20"><span class='ocrx_word' id='word_1_445' title='bbox 1947 931 2215 987; x_wconf 90' lang='lat' dir='ltr'><strong>Decimas</strong></span> <span class='ocrx_word' id='word_1_446' title='bbox 2238 933 2309 987; x_wconf 93' lang='lat' dir='ltr'><strong>de</strong></span> <span class='ocrx_word' id='word_1_447' title='bbox 2330 931 2605 987; x_wconf 91' lang='lat' dir='ltr'><strong>omnibus</strong></span> <span class='ocrx_word' id='word_1_448' title='bbox 2630 931 2804 987; x_wconf 88' lang='lat' dir='ltr'><strong>rebus</strong></span> <span class='ocrx_word' id='word_1_449' title='bbox 2824 932 2997 1004; x_wconf 85' lang='lat' dir='ltr'><strong>juxta</strong></span> <span class='ocrx_word' id='word_1_450' title='bbox 3028 933 3267 988; x_wconf 88' lang='lat' dir='ltr'><strong>modum</strong></span> <span class='ocrx_word' id='word_1_451' title='bbox 3293 949 3325 988; x_wconf 91' lang='lat' dir='ltr'><strong>a</strong></span> <span class='ocrx_word' id='word_1_452' title='bbox 3348 931 3532 988; x_wconf 88' lang='lat' dir='ltr'><strong>beatis</strong></span> 
     </span>
    </p>
   </div>
   <div class='ocr_carea' id='block_1_68' title="bbox 1876 1019 3533 1094">
    <p class='ocr_par' dir='ltr' id='par_1_68' title="bbox 1876 1019 3533 1094">
     <span class='ocr_line' id='line_1_68' title="bbox 1876 1019 3533 1094; baseline 0.002 -20"><span class='ocrx_word' id='word_1_453' title='bbox 1876 1019 2147 1076; x_wconf 85' lang='lat' dir='ltr'><strong>Patribus</strong></span> <span class='ocrx_word' id='word_1_454' title='bbox 2187 1021 2571 1077; x_wconf 88' lang='lat' dir='ltr'><strong>constitutum</strong></span> <span class='ocrx_word' id='word_1_455' title='bbox 2605 1038 2638 1077; x_wconf 91' lang='lat' dir='ltr'><strong>a</strong></span> <span class='ocrx_word' id='word_1_456' title='bbox 2669 1026 2878 1077; x_wconf 89' lang='lat' dir='ltr'><strong>cuncto</strong></span> <span class='ocrx_word' id='word_1_457' title='bbox 2924 1020 3139 1094; x_wconf 88' lang='lat' dir='ltr'><strong>populo</strong></span> <span class='ocrx_word' id='word_1_458' title='bbox 3190 1038 3323 1076; x_wconf 90' lang='lat' dir='ltr'><strong>cum</strong></span> <span class='ocrx_word' id='word_1_459' title='bbox 3372 1022 3533 1077; x_wconf 92' lang='lat' dir='ltr'><strong>omni</strong></span> 
     </span>
    </p>
   </div>
   <div class='ocr_carea' id='block_1_69' title="bbox 1877 1108 3529 1180">
    <p class='ocr_par' dir='ltr' id='par_1_69' title="bbox 1877 1108 3529 1180">
     <span class='ocr_line' id='line_1_69' title="bbox 1877 1108 3529 1180; baseline 0.002 -17"><span class='ocrx_word' id='word_1_460' title='bbox 1877 1108 2181 1163; x_wconf 90' lang='lat' dir='ltr'><strong>devotione</strong></span> <span class='ocrx_word' id='word_1_461' title='bbox 2212 1109 2311 1164; x_wconf 92' lang='lat' dir='ltr'><strong>Dei</strong></span> <span class='ocrx_word' id='word_1_462' title='bbox 2345 1108 2608 1165; x_wconf 90' lang='lat' dir='ltr'><strong>ecclesiis</strong></span> <span class='ocrx_word' id='word_1_463' title='bbox 2647 1110 2974 1165; x_wconf 89' lang='lat' dir='ltr'><strong>reddendas</strong></span> <span class='ocrx_word' id='word_1_464' title='bbox 3020 1124 3147 1166; x_wconf 90' lang='lat' dir='ltr'><strong>esse</strong></span> <span class='ocrx_word' id='word_1_465' title='bbox 3196 1126 3529 1180; x_wconf 90' lang='lat' dir='ltr'><strong>monemus,</strong></span> 
     </span>
    </p>
   </div>
   <div class='ocr_carea' id='block_1_70' title="bbox 1879 1198 3533 1270">
    <p class='ocr_par' dir='ltr' id='par_1_70' title="bbox 1879 1198 3533 1270">
     <span class='ocr_line' id='line_1_70' title="bbox 1879 1198 3533 1270; baseline 0.002 -18"><span class='ocrx_word' id='word_1_466' title='bbox 1879 1198 1944 1252; x_wconf 75' lang='lat' dir='ltr'><strong>at</strong></span> <span class='ocrx_word' id='word_1_467' title='bbox 1974 1198 2326 1265; x_wconf 88' lang='lat' dir='ltr'><strong>sacerdotes,</strong></span> <span class='ocrx_word' id='word_1_468' title='bbox 2356 1198 2455 1270; x_wconf 90' lang='lat' dir='ltr'><strong>qui</strong></span> <span class='ocrx_word' id='word_1_469' title='bbox 2506 1214 2609 1270; x_wconf 90' lang='lat' dir='ltr'><strong>per</strong></span> <span class='ocrx_word' id='word_1_470' title='bbox 2654 1216 2854 1255; x_wconf 85' lang='lat' dir='ltr'><strong>sacras</strong></span> <span class='ocrx_word' id='word_1_471' title='bbox 2902 1214 3104 1255; x_wconf 91' lang='lat' dir='ltr'><strong>eorum</strong></span> <span class='ocrx_word' id='word_1_472' title='bbox 3152 1199 3446 1256; x_wconf 91' lang='lat' dir='ltr'><strong>orationes</strong></span> <span class='ocrx_word' id='word_1_473' title='bbox 3476 1203 3533 1256; x_wconf 89' lang='lat' dir='ltr'><strong>et</strong></span> 
     </span>
    </p>
   </div>
   <div class='ocr_carea' id='block_1_71' title="bbox 1878 1284 3534 1360">
    <p class='ocr_par' dir='ltr' id='par_1_71' title="bbox 1878 1284 3534 1360">
     <span class='ocr_line' id='line_1_71' title="bbox 1878 1284 3534 1360; baseline 0.002 -19"><span class='ocrx_word' id='word_1_474' title='bbox 1878 1284 2202 1341; x_wconf 89' lang='lat' dir='ltr'><strong>oblationes</strong></span> <span class='ocrx_word' id='word_1_475' title='bbox 2230 1302 2334 1359; x_wconf 90' lang='lat' dir='ltr'><strong>pro</strong></span> <span class='ocrx_word' id='word_1_476' title='bbox 2355 1302 2516 1360; x_wconf 90' lang='lat' dir='ltr'><strong>pace,</strong></span> <span class='ocrx_word' id='word_1_477' title='bbox 2542 1304 2644 1360; x_wconf 89' lang='lat' dir='ltr'><strong>pro</strong></span> <span class='ocrx_word' id='word_1_478' title='bbox 2677 1287 2853 1343; x_wconf 89' lang='lat' dir='ltr'><strong>totius</strong></span> <span class='ocrx_word' id='word_1_479' title='bbox 2873 1286 3073 1360; x_wconf 89' lang='lat' dir='ltr'><strong>pepuli</strong></span> <span class='ocrx_word' id='word_1_480' title='bbox 3096 1287 3408 1345; x_wconf 91' lang='lat' dir='ltr'><strong>Christiani</strong></span> <span class='ocrx_word' id='word_1_481' title='bbox 3445 1306 3534 1344; x_wconf 91' lang='lat' dir='ltr'><strong>sa-</strong></span> 
     </span>
    </p>
   </div>
   <div class='ocr_carea' id='block_1_72' title="bbox 1877 1374 3534 1451">
    <p class='ocr_par' dir='ltr' id='par_1_72' title="bbox 1877 1374 3534 1451">
     <span class='ocr_line' id='line_1_72' title="bbox 1877 1374 3534 1451; baseline 0.002 -22"><span class='ocrx_word' id='word_1_482' title='bbox 1877 1374 2017 1443; x_wconf 89' lang='lat' dir='ltr'><strong>lute,</strong></span> <span class='ocrx_word' id='word_1_483' title='bbox 2043 1392 2147 1447; x_wconf 90' lang='lat' dir='ltr'><strong>pro</strong></span> <span class='ocrx_word' id='word_1_484' title='bbox 2179 1375 2449 1449; x_wconf 85' lang='lat' dir='ltr'><strong>frugibus</strong></span> <span class='ocrx_word' id='word_1_485' title='bbox 2476 1380 2663 1448; x_wconf 66' lang='lat' dir='ltr'><strong>terrae,</strong></span> <span class='ocrx_word' id='word_1_486' title='bbox 2688 1394 2791 1449; x_wconf 90' lang='lat' dir='ltr'><strong>pro</strong></span> <span class='ocrx_word' id='word_1_487' title='bbox 2823 1376 3073 1433; x_wconf 78' lang='lat' dir='ltr'><strong>infirmis</strong></span> <span class='ocrx_word' id='word_1_488' title='bbox 3096 1394 3325 1451; x_wconf 88' lang='lat' dir='ltr'><strong>quoque</strong></span> <span class='ocrx_word' id='word_1_489' title='bbox 3354 1381 3411 1433; x_wconf 89' lang='lat' dir='ltr'><strong>et</strong></span> <span class='ocrx_word' id='word_1_490' title='bbox 3439 1378 3534 1433; x_wconf 88' lang='lat' dir='ltr'><strong>de-</strong></span> 
     </span>
    </p>
   </div>
   <div class='ocr_carea' id='block_1_73' title="bbox 1878 1464 3531 1539">
    <p class='ocr_par' dir='ltr' id='par_1_73' title="bbox 1878 1464 3531 1539">
     <span class='ocr_line' id='line_1_73' title="bbox 1878 1464 3531 1539; baseline 0.002 -20"><span class='ocrx_word' id='word_1_491' title='bbox 1878 1464 2093 1519; x_wconf 88' lang='lat' dir='ltr'><strong>functis</strong></span> <span class='ocrx_word' id='word_1_492' title='bbox 2116 1464 2533 1537; x_wconf 89' lang='lat' dir='ltr'><strong>omnipotentis</strong></span> <span class='ocrx_word' id='word_1_493' title='bbox 2561 1466 2662 1521; x_wconf 92' lang='lat' dir='ltr'><strong>Dei</strong></span> <span class='ocrx_word' id='word_1_494' title='bbox 2701 1466 3162 1522; x_wconf 88' lang='lat' dir='ltr'><strong>misericordiam</strong></span> <span class='ocrx_word' id='word_1_495' title='bbox 3194 1466 3531 1539; x_wconf 87' lang='lat' dir='ltr'><strong>implorant,</strong></span> 
     </span>
    </p>
   </div>
   <div class='ocr_carea' id='block_1_74' title="bbox 1874 1553 3534 1629">
    <p class='ocr_par' dir='ltr' id='par_1_74' title="bbox 1874 1553 3534 1629">
     <span class='ocr_line' id='line_1_74' title="bbox 1874 1553 3534 1629; baseline 0.002 -21"><span class='ocrx_word' id='word_1_496' title='bbox 1874 1553 2095 1608; x_wconf 88' lang='lat' dir='ltr'><strong>vietum</strong></span> <span class='ocrx_word' id='word_1_497' title='bbox 2133 1559 2189 1609; x_wconf 92' lang='lat' dir='ltr'><strong>et</strong></span> <span class='ocrx_word' id='word_1_498' title='bbox 2234 1554 2651 1610; x_wconf 89' lang='lat' dir='ltr'><strong>vestimentum</strong></span> <span class='ocrx_word' id='word_1_499' title='bbox 2683 1559 2740 1611; x_wconf 90' lang='lat' dir='ltr'><strong>et</strong></span> <span class='ocrx_word' id='word_1_500' title='bbox 2771 1560 2977 1612; x_wconf 73' lang='lat' dir='ltr'><strong>caetera</strong></span> <span class='ocrx_word' id='word_1_501' title='bbox 3008 1573 3136 1629; x_wconf 60' lang='lat' dir='ltr'><strong>quae</strong></span> <span class='ocrx_word' id='word_1_502' title='bbox 3187 1556 3246 1611; x_wconf 92' lang='lat' dir='ltr'><strong>in</strong></span> <span class='ocrx_word' id='word_1_503' title='bbox 3277 1556 3361 1612; x_wconf 90' lang='lat' dir='ltr'><strong>eis</strong></span> <span class='ocrx_word' id='word_1_504' title='bbox 3391 1560 3534 1612; x_wconf 91' lang='lat' dir='ltr'><strong>sunt</strong></span> 
     </span>
    </p>
   </div>
   <div class='ocr_carea' id='block_1_75' title="bbox 1877 1642 3529 1718">
    <p class='ocr_par' dir='ltr' id='par_1_75' title="bbox 1877 1642 3529 1718">
     <span class='ocr_line' id='line_1_75' title="bbox 1877 1642 3529 1718; baseline 0.002 -21"><span class='ocrx_word' id='word_1_505' title='bbox 1877 1642 2210 1699; x_wconf 91' lang='lat' dir='ltr'><strong>necessaria</strong></span> <span class='ocrx_word' id='word_1_506' title='bbox 2240 1642 2512 1713; x_wconf 88' lang='lat' dir='ltr'><strong>habeant,</strong></span> <span class='ocrx_word' id='word_1_507' title='bbox 2539 1648 2595 1699; x_wconf 90' lang='lat' dir='ltr'><strong>et</strong></span> <span class='ocrx_word' id='word_1_508' title='bbox 2627 1648 2693 1699; x_wconf 90' lang='lat' dir='ltr'><strong>ut</strong></span> <span class='ocrx_word' id='word_1_509' title='bbox 2738 1644 3071 1717; x_wconf 88' lang='lat' dir='ltr'><strong>hospitibus</strong></span> <span class='ocrx_word' id='word_1_510' title='bbox 3102 1648 3159 1700; x_wconf 91' lang='lat' dir='ltr'><strong>et</strong></span> <span class='ocrx_word' id='word_1_511' title='bbox 3189 1644 3529 1718; x_wconf 86' lang='lat' dir='ltr'><strong>peregrinis,</strong></span> 
     </span>
    </p>
   </div>
   <div class='ocr_carea' id='block_1_76' title="bbox 1875 1730 3532 1807">
    <p class='ocr_par' dir='ltr' id='par_1_76' title="bbox 1875 1730 3532 1807">
     <span class='ocr_line' id='line_1_76' title="bbox 1875 1730 3532 1807; baseline 0.003 -23"><span class='ocrx_word' id='word_1_512' title='bbox 1875 1730 2153 1802; x_wconf 92' lang='lat' dir='ltr'><strong>orphanis</strong></span> <span class='ocrx_word' id='word_1_513' title='bbox 2185 1736 2243 1787; x_wconf 89' lang='lat' dir='ltr'><strong>et</strong></span> <span class='ocrx_word' id='word_1_514' title='bbox 2291 1731 2506 1802; x_wconf 91' lang='lat' dir='ltr'><strong>viduis,</strong></span> <span class='ocrx_word' id='word_1_515' title='bbox 2531 1731 2824 1789; x_wconf 90' lang='lat' dir='ltr'><strong>debilibus</strong></span> <span class='ocrx_word' id='word_1_516' title='bbox 2870 1736 2926 1790; x_wconf 89' lang='lat' dir='ltr'><strong>et</strong></span> <span class='ocrx_word' id='word_1_517' title='bbox 2975 1733 3206 1807; x_wconf 65' lang='lat' dir='ltr'><strong>aegrotis</strong></span> <span class='ocrx_word' id='word_1_518' title='bbox 3254 1731 3532 1789; x_wconf 90' lang='lat' dir='ltr'><strong>solatium</strong></span> 
     </span>
    </p>
   </div>
   <div class='ocr_carea' id='block_1_77' title="bbox 1874 1819 3533 1895">
    <p class='ocr_par' dir='ltr' id='par_1_77' title="bbox 1874 1819 3533 1895">
     <span class='ocr_line' id='line_1_77' title="bbox 1874 1819 3533 1895; baseline 0.002 -21"><span class='ocrx_word' id='word_1_519' title='bbox 1874 1820 2129 1891; x_wconf 74' lang='lat' dir='ltr'><strong>praebere</strong></span> <span class='ocrx_word' id='word_1_520' title='bbox 2178 1819 2428 1877; x_wconf 88' lang='lat' dir='ltr'><strong>valeant.</strong></span> <span class='ocrx_word' id='word_1_521' title='bbox 2452 1822 2679 1893; x_wconf 80' lang='lat' dir='ltr'><strong>(Concil.</strong></span> <span class='ocrx_word' id='word_1_522' title='bbox 2715 1822 2961 1878; x_wconf 80' lang='lat' dir='ltr'><strong>Cabilon.</strong></span> <span class='ocrx_word' id='word_1_523' title='bbox 2987 1840 3049 1889; x_wconf 81' lang='grc' dir='ltr'><strong>ιι,</strong></span> <span class='ocrx_word' id='word_1_524' title='bbox 3075 1839 3202 1894; x_wconf 90' lang='lat' dir='ltr'><strong>cap.</strong></span> <span class='ocrx_word' id='word_1_525' title='bbox 3238 1823 3336 1890; x_wconf 82' lang='lat'><strong>19;</strong></span> <span class='ocrx_word' id='word_1_526' title='bbox 3371 1822 3533 1895; x_wconf 83' lang='lat' dir='ltr'><strong>Capi-</strong></span> 
     </span>
    </p>
   </div>
   <div class='ocr_carea' id='block_1_78' title="bbox 1793 1900 3534 1984">
    <p class='ocr_par' dir='ltr' id='par_1_78' title="bbox 1793 1900 3534 1984">
     <span class='ocr_line' id='line_1_78' title="bbox 1793 1900 3534 1984; baseline 0.003 -21"><span class='ocrx_word' id='word_1_527' title='bbox 1793 1906 1840 1971; x_wconf 90' lang='lat' dir='ltr'><strong>B</strong></span> <span class='ocrx_word' id='word_1_528' title='bbox 1872 1900 2268 1981; x_wconf 63' lang='lat' dir='ltr'><strong>lula&#39;excerpta</strong></span> <span class='ocrx_word' id='word_1_529' title='bbox 2318 1927 2388 1966; x_wconf 69' lang='lat' dir='ltr'><strong>ea:</strong></span> <span class='ocrx_word' id='word_1_530' title='bbox 2438 1911 2552 1980; x_wconf 84' lang='lat' dir='ltr'><strong>lege</strong></span> <span class='ocrx_word' id='word_1_531' title='bbox 2598 1912 3028 1982; x_wconf 80' lang='lat' dir='ltr'><strong>Longobardor.,</strong></span> <span class='ocrx_word' id='word_1_532' title='bbox 3063 1928 3190 1984; x_wconf 90' lang='lat' dir='ltr'><strong>cap.</strong></span> <span class='ocrx_word' id='word_1_533' title='bbox 3224 1911 3338 1981; x_wconf 71' lang='lat' dir='ltr'><strong>4i.)</strong></span> <span class='ocrx_word' id='word_1_534' title='bbox 3387 1915 3534 1968; x_wconf 86' lang='lat' dir='ltr'><strong>Sunt</strong></span> 
     </span>
    </p>
   </div>
   <div class='ocr_carea' id='block_1_79' title="bbox 1874 1997 3532 2071">
    <p class='ocr_par' dir='ltr' id='par_1_79' title="bbox 1874 1997 3532 2071">
     <span class='ocr_line' id='line_1_79' title="bbox 1874 1997 3532 2071; baseline 0.003 -19"><span class='ocrx_word' id='word_1_535' title='bbox 1874 2001 2152 2070; x_wconf 68' lang='lat' dir='ltr'><strong>praeterea</strong></span> <span class='ocrx_word' id='word_1_536' title='bbox 2173 1998 2413 2071; x_wconf 75' lang='lat' dir='ltr'><strong>quidam</strong></span> <span class='ocrx_word' id='word_1_537' title='bbox 2439 1997 2539 2071; x_wconf 89' lang='lat' dir='ltr'><strong>qui</strong></span> <span class='ocrx_word' id='word_1_538' title='bbox 2564 2000 2822 2056; x_wconf 87' lang='lat' dir='ltr'><strong>decimas</strong></span> <span class='ocrx_word' id='word_1_539' title='bbox 2846 2017 2983 2057; x_wconf 89' lang='lat' dir='ltr'><strong>suas</strong></span> <span class='ocrx_word' id='word_1_540' title='bbox 3007 2001 3144 2056; x_wconf 88' lang='lat' dir='ltr'><strong>dare</strong></span> <span class='ocrx_word' id='word_1_541' title='bbox 3160 2000 3232 2056; x_wconf 90' lang='lat' dir='ltr'><strong>ad</strong></span> <span class='ocrx_word' id='word_1_542' title='bbox 3254 1998 3532 2057; x_wconf 90' lang='lat' dir='ltr'><strong>ecclesias</strong></span> 
     </span>
    </p>
   </div>
   <div class='ocr_carea' id='block_1_80' title="bbox 1874 2086 3532 2161">
    <p class='ocr_par' dir='ltr' id='par_1_80' title="bbox 1874 2086 3532 2161">
     <span class='ocr_line' id='line_1_80' title="bbox 1874 2086 3532 2161; baseline 0.002 -18"><span class='ocrx_word' id='word_1_543' title='bbox 1874 2103 2013 2143; x_wconf 90' lang='lat' dir='ltr'><strong>suas</strong></span> <span class='ocrx_word' id='word_1_544' title='bbox 2067 2086 2395 2161; x_wconf 88' lang='lat' dir='ltr'><strong>negligunt,</strong></span> <span class='ocrx_word' id='word_1_545' title='bbox 2412 2088 2510 2143; x_wconf 88' lang='lat' dir='ltr'><strong>ubi</strong></span> <span class='ocrx_word' id='word_1_546' title='bbox 2545 2093 2601 2143; x_wconf 86' lang='lat' dir='ltr'><strong>et</strong></span> <span class='ocrx_word' id='word_1_547' title='bbox 2632 2089 2745 2161; x_wconf 87' lang='lat' dir='ltr'><strong>ipsi</strong></span> <span class='ocrx_word' id='word_1_548' title='bbox 2794 2094 2852 2145; x_wconf 90' lang='lat' dir='ltr'><strong>et</strong></span> <span class='ocrx_word' id='word_1_549' title='bbox 2881 2106 3083 2145; x_wconf 90' lang='lat' dir='ltr'><strong>eorum</strong></span> <span class='ocrx_word' id='word_1_550' title='bbox 3114 2091 3264 2146; x_wconf 90' lang='lat' dir='ltr'><strong>servi</strong></span> <span class='ocrx_word' id='word_1_551' title='bbox 3316 2090 3532 2147; x_wconf 87' lang='lat' dir='ltr'><strong>missas</strong></span> 
     </span>
    </p>
   </div>
   <div class='ocr_carea' id='block_1_81' title="bbox 1875 2176 3531 2236">
    <p class='ocr_par' dir='ltr' id='par_1_81' title="bbox 1875 2176 3531 2236">
     <span class='ocr_line' id='line_1_81' title="bbox 1875 2176 3531 2236; baseline 0.004 -6"><span class='ocrx_word' id='word_1_552' title='bbox 1875 2176 2142 2232; x_wconf 91' lang='lat' dir='ltr'><strong>audiunt.</strong></span> <span class='ocrx_word' id='word_1_553' title='bbox 2172 2177 2416 2233; x_wconf 86' lang='lat' dir='ltr'><strong>Proinde</strong></span> <span class='ocrx_word' id='word_1_554' title='bbox 2452 2178 2814 2233; x_wconf 89' lang='lat' dir='ltr'><strong>decrevimus</strong></span> <span class='ocrx_word' id='word_1_555' title='bbox 2846 2182 2911 2234; x_wconf 89' lang='lat' dir='ltr'><strong>ut</strong></span> <span class='ocrx_word' id='word_1_556' title='bbox 2937 2195 3141 2234; x_wconf 91' lang='lat' dir='ltr'><strong>omnes</strong></span> <span class='ocrx_word' id='word_1_557' title='bbox 3170 2178 3250 2234; x_wconf 92' lang='lat' dir='ltr'><strong>ibi</strong></span> <span class='ocrx_word' id='word_1_558' title='bbox 3272 2179 3531 2236; x_wconf 92' lang='lat' dir='ltr'><strong>decimas</strong></span> 
     </span>
    </p>
   </div>
   <div class='ocr_carea' id='block_1_82' title="bbox 1874 2266 3530 2340">
    <p class='ocr_par' dir='ltr' id='par_1_82' title="bbox 1874 2266 3530 2340">
     <span class='ocr_line' id='line_1_82' title="bbox 1874 2266 3530 2340; baseline 0.002 -19"><span class='ocrx_word' id='word_1_559' title='bbox 1874 2266 2014 2321; x_wconf 90' lang='lat' dir='ltr'><strong>dent</strong></span> <span class='ocrx_word' id='word_1_560' title='bbox 2044 2266 2143 2321; x_wconf 91' lang='lat' dir='ltr'><strong>ubi</strong></span> <span class='ocrx_word' id='word_1_561' title='bbox 2177 2266 2431 2322; x_wconf 88' lang='lat' dir='ltr'><strong>infantes</strong></span> <span class='ocrx_word' id='word_1_562' title='bbox 2461 2282 2662 2322; x_wconf 88' lang='lat' dir='ltr'><strong>eorum</strong></span> <span class='ocrx_word' id='word_1_563' title='bbox 2691 2266 3084 2340; x_wconf 91' lang='lat' dir='ltr'><strong>baptizantur,</strong></span> <span class='ocrx_word' id='word_1_564' title='bbox 3106 2271 3163 2323; x_wconf 90' lang='lat' dir='ltr'><strong>et</strong></span> <span class='ocrx_word' id='word_1_565' title='bbox 3192 2266 3292 2323; x_wconf 91' lang='lat' dir='ltr'><strong>ubi</strong></span> <span class='ocrx_word' id='word_1_566' title='bbox 3314 2267 3530 2324; x_wconf 90' lang='lat' dir='ltr'><strong>missas</strong></span> 
     </span>
    </p>
   </div>
   <div class='ocr_carea' id='block_1_83' title="bbox 1875 2354 3532 2427">
    <p class='ocr_par' dir='ltr' id='par_1_83' title="bbox 1875 2354 3532 2427">
     <span class='ocr_line' id='line_1_83' title="bbox 1875 2354 3532 2427; baseline 0 -17"><span class='ocrx_word' id='word_1_567' title='bbox 1875 2355 2141 2424; x_wconf 88' lang='lat' dir='ltr'><strong>audiunt,</strong></span> <span class='ocrx_word' id='word_1_568' title='bbox 2168 2359 2224 2410; x_wconf 91' lang='lat' dir='ltr'><strong>et</strong></span> <span class='ocrx_word' id='word_1_569' title='bbox 2253 2354 2353 2411; x_wconf 90' lang='lat' dir='ltr'><strong>ubi</strong></span> <span class='ocrx_word' id='word_1_570' title='bbox 2385 2371 2477 2410; x_wconf 92' lang='lat' dir='ltr'><strong>res</strong></span> <span class='ocrx_word' id='word_1_571' title='bbox 2519 2354 2656 2427; x_wconf 76' lang='lat' dir='ltr'><strong>ipsae</strong></span> <span class='ocrx_word' id='word_1_572' title='bbox 2704 2355 3012 2411; x_wconf 90' lang='lat' dir='ltr'><strong>convenire</strong></span> <span class='ocrx_word' id='word_1_573' title='bbox 3042 2354 3335 2425; x_wconf 88' lang='lat' dir='ltr'><strong>videntur,</strong></span> <span class='ocrx_word' id='word_1_574' title='bbox 3360 2355 3532 2426; x_wconf 83' lang='lat' dir='ltr'><strong>juxta</strong></span> 
     </span>
    </p>
   </div>
   <div class='ocr_carea' id='block_1_84' title="bbox 1875 2443 3530 2517">
    <p class='ocr_par' dir='ltr' id='par_1_84' title="bbox 1875 2443 3530 2517">
     <span class='ocr_line' id='line_1_84' title="bbox 1875 2443 3530 2517; baseline 0.002 -19"><span class='ocrx_word' id='word_1_575' title='bbox 1875 2443 2093 2516; x_wconf 90' lang='lat' dir='ltr'><strong>proprii</strong></span> <span class='ocrx_word' id='word_1_576' title='bbox 2124 2443 2385 2516; x_wconf 88' lang='lat' dir='ltr'><strong>episcopi</strong></span> <span class='ocrx_word' id='word_1_577' title='bbox 2432 2444 2753 2500; x_wconf 87' lang='lat' dir='ltr'><strong>decretum.</strong></span> <span class='ocrx_word' id='word_1_578' title='bbox 2789 2444 3114 2517; x_wconf 85' lang='lat' dir='ltr'><strong>Presbyteri</strong></span> <span class='ocrx_word' id='word_1_579' title='bbox 3146 2460 3280 2500; x_wconf 89' lang='lat' dir='ltr'><strong>vero</strong></span> <span class='ocrx_word' id='word_1_580' title='bbox 3330 2444 3403 2500; x_wconf 93' lang='lat' dir='ltr'><strong>ab</strong></span> <span class='ocrx_word' id='word_1_581' title='bbox 3436 2443 3530 2501; x_wconf 93' lang='lat' dir='ltr'><strong>his</strong></span> 
     </span>
    </p>
   </div>
   <div class='ocr_carea' id='block_1_85' title="bbox 1874 2533 3531 2606">
    <p class='ocr_par' dir='ltr' id='par_1_85' title="bbox 1874 2533 3531 2606">
     <span class='ocr_line' id='line_1_85' title="bbox 1874 2533 3531 2606; baseline 0.002 -18"><span class='ocrx_word' id='word_1_582' title='bbox 1874 2533 1976 2605; x_wconf 90' lang='lat' dir='ltr'><strong>qui</strong></span> <span class='ocrx_word' id='word_1_583' title='bbox 2007 2533 2264 2589; x_wconf 90' lang='lat' dir='ltr'><strong>decimas</strong></span> <span class='ocrx_word' id='word_1_584' title='bbox 2296 2550 2409 2589; x_wconf 92' lang='lat' dir='ltr'><strong>non</strong></span> <span class='ocrx_word' id='word_1_585' title='bbox 2441 2533 2581 2588; x_wconf 91' lang='lat' dir='ltr'><strong>dant</strong></span> <span class='ocrx_word' id='word_1_586' title='bbox 2622 2533 2851 2589; x_wconf 86' lang='lat' dir='ltr'><strong>wadios</strong></span> <span class='ocrx_word' id='word_1_587' title='bbox 2884 2550 3185 2605; x_wconf 91' lang='lat' dir='ltr'><strong>nunquam</strong></span> <span class='ocrx_word' id='word_1_588' title='bbox 3218 2533 3531 2606; x_wconf 89' lang='lat' dir='ltr'><strong>accipiant.</strong></span> 
     </span>
    </p>
   </div>
   <div class='ocr_carea' id='block_1_86' title="bbox 1876 2621 3532 2695">
    <p class='ocr_par' dir='ltr' id='par_1_86' title="bbox 1876 2621 3532 2695">
     <span class='ocr_line' id='line_1_86' title="bbox 1876 2621 3532 2695; baseline 0.001 -18"><span class='ocrx_word' id='word_1_589' title='bbox 1876 2622 1985 2677; x_wconf 86' lang='lat' dir='ltr'><strong>Sed</strong></span> <span class='ocrx_word' id='word_1_590' title='bbox 2011 2622 2110 2695; x_wconf 92' lang='lat' dir='ltr'><strong>qui</strong></span> <span class='ocrx_word' id='word_1_591' title='bbox 2143 2627 2275 2695; x_wconf 91' lang='lat' dir='ltr'><strong>post</strong></span> <span class='ocrx_word' id='word_1_592' title='bbox 2296 2622 2529 2678; x_wconf 89' lang='lat' dir='ltr'><strong>crebras</strong></span> <span class='ocrx_word' id='word_1_593' title='bbox 2562 2623 2992 2678; x_wconf 85' lang='lat' dir='ltr'><strong>admonitiones</strong></span> <span class='ocrx_word' id='word_1_594' title='bbox 3012 2627 3068 2679; x_wconf 93' lang='lat' dir='ltr'><strong>et</strong></span> <span class='ocrx_word' id='word_1_595' title='bbox 3089 2621 3532 2695; x_wconf 73' lang='lat' dir='ltr'><strong>praedicationes</strong></span> 
     </span>
    </p>
   </div>
   <div class='ocr_carea' id='block_1_87' title="bbox 1874 2711 3531 2784">
    <p class='ocr_par' dir='ltr' id='par_1_87' title="bbox 1874 2711 3531 2784">
     <span class='ocr_line' id='line_1_87' title="bbox 1874 2711 3531 2784; baseline -0.001 -16"><span class='ocrx_word' id='word_1_596' title='bbox 1874 2729 1971 2768; x_wconf 88' lang='lat' dir='ltr'><strong>cas</strong></span> <span class='ocrx_word' id='word_1_597' title='bbox 2003 2713 2140 2768; x_wconf 78' lang='lat' dir='ltr'><strong>dare</strong></span> <span class='ocrx_word' id='word_1_598' title='bbox 2172 2711 2533 2784; x_wconf 83' lang='lat' dir='ltr'><strong>neglexerint</strong></span> <span class='ocrx_word' id='word_1_599' title='bbox 2558 2712 3163 2767; x_wconf 89' lang='lat' dir='ltr'><strong>excommunieentur.</strong></span> <span class='ocrx_word' id='word_1_600' title='bbox 3187 2711 3531 2767; x_wconf 86' lang='lat' dir='ltr'><strong>Juramento</strong></span> 
     </span>
    </p>
   </div>
   <div class='ocr_carea' id='block_1_88' title="bbox 1875 2800 3531 2875">
    <p class='ocr_par' dir='ltr' id='par_1_88' title="bbox 1875 2800 3531 2875">
     <span class='ocr_line' id='line_1_88' title="bbox 1875 2800 3531 2875; baseline 0.001 -18"><span class='ocrx_word' id='word_1_601' title='bbox 1875 2806 2070 2857; x_wconf 90' lang='lat' dir='ltr'><strong>autem</strong></span> <span class='ocrx_word' id='word_1_602' title='bbox 2112 2806 2347 2873; x_wconf 87' lang='lat' dir='ltr'><strong>propter</strong></span> <span class='ocrx_word' id='word_1_603' title='bbox 2394 2800 2720 2873; x_wconf 90' lang='lat' dir='ltr'><strong>periculum</strong></span> <span class='ocrx_word' id='word_1_604' title='bbox 2770 2801 3013 2874; x_wconf 89' lang='lat' dir='ltr'><strong>perjurii</strong></span> <span class='ocrx_word' id='word_1_605' title='bbox 3065 2800 3385 2875; x_wconf 84' lang='lat' dir='ltr'><strong>constringi</strong></span> <span class='ocrx_word' id='word_1_606' title='bbox 3433 2818 3531 2858; x_wconf 86' lang='lat' dir='ltr'><strong>eos</strong></span> 
     </span>
    </p>
   </div>
   <div class='ocr_carea' id='block_1_89' title="bbox 1874 2890 2172 2947">
    <p class='ocr_par' dir='ltr' id='par_1_89' title="bbox 1874 2890 2172 2947">
     <span class='ocr_line' id='line_1_89' title="bbox 1874 2890 2172 2947; baseline -0.003 -2"><span class='ocrx_word' id='word_1_607' title='bbox 1874 2890 2172 2947; x_wconf 92' lang='lat' dir='ltr'><strong>nolumus.</strong></span> 
     </span>
    </p>
   </div>
   <div class='ocr_carea' id='block_1_90' title="bbox 2482 2996 2918 3053">
    <p class='ocr_par' dir='ltr' id='par_1_90' title="bbox 2482 2996 2918 3053">
     <span class='ocr_line' id='line_1_90' title="bbox 2482 2996 2918 3053; baseline 0.002 -1"><span class='ocrx_word' id='word_1_608' title='bbox 2482 2996 2714 3053; x_wconf 89' lang='lat' dir='ltr'><strong>CAPUT</strong></span> <span class='ocrx_word' id='word_1_609' title='bbox 2753 2997 2918 3053; x_wconf 75' lang='lat' dir='ltr'><strong>XXII.</strong></span> 
     </span>
    </p>
   </div>
   <div class='ocr_carea' id='block_1_91' title="bbox 1873 3086 3530 3160">
    <p class='ocr_par' dir='ltr' id='par_1_91' title="bbox 1873 3086 3530 3160">
     <span class='ocr_line' id='line_1_91' title="bbox 1873 3086 3530 3160; baseline 0 -16"><span class='ocrx_word' id='word_1_610' title='bbox 1873 3092 1951 3144; x_wconf 89' lang='lat' dir='ltr'><strong>De</strong></span> <span class='ocrx_word' id='word_1_611' title='bbox 1978 3088 2226 3144; x_wconf 80' lang='lat' dir='ltr'><strong>oratione</strong></span> <span class='ocrx_word' id='word_1_612' title='bbox 2262 3087 2629 3160; x_wconf 80' lang='lat' dir='ltr'><strong>Dominieaet</strong></span> <span class='ocrx_word' id='word_1_613' title='bbox 2656 3086 2916 3160; x_wconf 83' lang='lat' dir='ltr'><strong>symbolo.</strong></span> <span class='ocrx_word' id='word_1_614' title='bbox 2952 3088 3015 3144; x_wconf 87' lang='lat' dir='ltr'><strong>Et</strong></span> <span class='ocrx_word' id='word_1_615' title='bbox 3045 3087 3110 3144; x_wconf 88' lang='lat' dir='ltr'><strong>de</strong></span> <span class='ocrx_word' id='word_1_616' title='bbox 3140 3086 3530 3160; x_wconf 82' lang='lat' dir='ltr'><strong>spirituulibus</strong></span> 
     </span>
    </p>
   </div>
   <div class='ocr_carea' id='block_1_92' title="bbox 2412 3157 2989 3230">
    <p class='ocr_par' dir='ltr' id='par_1_92' title="bbox 2412 3157 2989 3230">
     <span class='ocr_line' id='line_1_92' title="bbox 2412 3157 2989 3230; baseline 0.003 -18"><span class='ocrx_word' id='word_1_617' title='bbox 2412 3157 2663 3229; x_wconf 85' lang='lat' dir='ltr'><strong>patribus</strong></span> <span class='ocrx_word' id='word_1_618' title='bbox 2690 3157 2745 3213; x_wconf 87' lang='lat' dir='ltr'><strong>et</strong></span> <span class='ocrx_word' id='word_1_619' title='bbox 2770 3157 2989 3230; x_wconf 84' lang='lat' dir='ltr'><strong>ﬁliolis.</strong></span> 
     </span>
    </p>
   </div>
   <div class='ocr_carea' id='block_1_93' title="bbox 1943 3263 3385 3338">
    <p class='ocr_par' dir='ltr' id='par_1_93' title="bbox 1943 3263 3385 3338">
     <span class='ocr_line' id='line_1_93' title="bbox 1943 3263 3385 3338; baseline 0.001 -19"><span class='ocrx_word' id='word_1_620' title='bbox 1943 3265 2093 3334; x_wconf 91' lang='lat' dir='ltr'><strong>(Lib.</strong></span> <span class='ocrx_word' id='word_1_621' title='bbox 2129 3283 2169 3320; x_wconf 85' lang='lat'><strong>11</strong></span> <span class='ocrx_word' id='word_1_622' title='bbox 2202 3265 2448 3336; x_wconf 84' lang='lat' dir='ltr'><strong>Capitul.</strong></span> <span class='ocrx_word' id='word_1_623' title='bbox 2492 3281 2619 3336; x_wconf 91' lang='lat' dir='ltr'><strong>cap.</strong></span> <span class='ocrx_word' id='word_1_624' title='bbox 2654 3265 2723 3320; x_wconf 87' lang='grc'>46</span> <span class='ocrx_word' id='word_1_625' title='bbox 2753 3269 2811 3320; x_wconf 92' lang='lat' dir='ltr'><strong>et</strong></span> <span class='ocrx_word' id='word_1_626' title='bbox 2837 3263 2939 3321; x_wconf 91' lang='lat' dir='ltr'><strong>lib.</strong></span> <span class='ocrx_word' id='word_1_627' title='bbox 2964 3282 3040 3333; x_wconf 82' lang='lat' dir='ltr'><strong>v1,</strong></span> <span class='ocrx_word' id='word_1_628' title='bbox 3073 3281 3199 3338; x_wconf 92' lang='lat' dir='ltr'><strong>cap.</strong></span> <span class='ocrx_word' id='word_1_629' title='bbox 3237 3266 3385 3337; x_wconf 86' lang='grc'>182.)</span> 
     </span>
    </p>
   </div>
   <div class='ocr_carea' id='block_1_94' title="bbox 1940 3353 3531 3427">
    <p class='ocr_par' dir='ltr' id='par_1_94' title="bbox 1940 3353 3531 3427">
     <span class='ocr_line' id='line_1_94' title="bbox 1940 3353 3531 3427; baseline 0 -17"><span class='ocrx_word' id='word_1_630' title='bbox 1940 3353 2357 3410; x_wconf 82' lang='lat' dir='ltr'><strong>Commonendi</strong></span> <span class='ocrx_word' id='word_1_631' title='bbox 2392 3358 2530 3409; x_wconf 92' lang='lat' dir='ltr'><strong>sunt</strong></span> <span class='ocrx_word' id='word_1_632' title='bbox 2554 3353 2756 3410; x_wconf 78' lang='lat' dir='ltr'><strong>fideles</strong></span> <span class='ocrx_word' id='word_1_633' title='bbox 2786 3357 2852 3409; x_wconf 92' lang='lat' dir='ltr'><strong>ut</strong></span> <span class='ocrx_word' id='word_1_634' title='bbox 2880 3370 3086 3410; x_wconf 89' lang='lat' dir='ltr'><strong>omnes</strong></span> <span class='ocrx_word' id='word_1_635' title='bbox 3116 3353 3467 3427; x_wconf 90' lang='lat' dir='ltr'><strong>generaliter</strong></span> <span class='ocrx_word' id='word_1_636' title='bbox 3496 3372 3531 3412; x_wconf 90' lang='lat' dir='ltr'><strong>a</strong></span> 
     </span>
    </p>
   </div>
   <div class='ocr_carea' id='block_1_95' title="bbox 1870 3443 3525 3515">
    <p class='ocr_par' dir='ltr' id='par_1_95' title="bbox 1870 3443 3525 3515">
     <span class='ocr_line' id='line_1_95' title="bbox 1870 3443 3525 3515; baseline -0.001 -15"><span class='ocrx_word' id='word_1_637' title='bbox 1870 3444 2112 3501; x_wconf 88' lang='lat' dir='ltr'><strong>minimo</strong></span> <span class='ocrx_word' id='word_1_638' title='bbox 2136 3460 2323 3515; x_wconf 89' lang='lat' dir='ltr'><strong>usque</strong></span> <span class='ocrx_word' id='word_1_639' title='bbox 2356 3444 2427 3498; x_wconf 92' lang='lat' dir='ltr'><strong>ad</strong></span> <span class='ocrx_word' id='word_1_640' title='bbox 2462 3443 2784 3498; x_wconf 80' lang='lat' dir='ltr'><strong>maximum</strong></span> <span class='ocrx_word' id='word_1_641' title='bbox 2811 3443 3132 3499; x_wconf 90' lang='lat' dir='ltr'><strong>orationem</strong></span> <span class='ocrx_word' id='word_1_642' title='bbox 3157 3443 3525 3499; x_wconf 90' lang='lat' dir='ltr'><strong>Dominicam</strong></span> 
     </span>
    </p>
   </div>
   <div class='ocr_carea' id='block_1_96' title="bbox 1871 3530 3528 3607">
    <p class='ocr_par' dir='ltr' id='par_1_96' title="bbox 1871 3530 3528 3607">
     <span class='ocr_line' id='line_1_96' title="bbox 1871 3530 3528 3607; baseline -0.001 -17"><span class='ocrx_word' id='word_1_643' title='bbox 1871 3540 1925 3590; x_wconf 88' lang='lat' dir='ltr'><strong>et</strong></span> <span class='ocrx_word' id='word_1_644' title='bbox 1949 3531 2282 3607; x_wconf 81' lang='lat' dir='ltr'><strong>symbolum</strong></span> <span class='ocrx_word' id='word_1_645' title='bbox 2315 3531 2566 3587; x_wconf 88' lang='lat' dir='ltr'><strong>discant.</strong></span> <span class='ocrx_word' id='word_1_646' title='bbox 2591 3532 2661 3587; x_wconf 91' lang='lat' dir='ltr'><strong>Et</strong></span> <span class='ocrx_word' id='word_1_647' title='bbox 2690 3532 3005 3588; x_wconf 88' lang='lat' dir='ltr'><strong>dicendum</strong></span> <span class='ocrx_word' id='word_1_648' title='bbox 3037 3531 3121 3588; x_wconf 90' lang='lat' dir='ltr'><strong>eis</strong></span> <span class='ocrx_word' id='word_1_649' title='bbox 3152 3533 3309 3604; x_wconf 90' lang='lat' dir='ltr'><strong>quod</strong></span> <span class='ocrx_word' id='word_1_650' title='bbox 3340 3530 3399 3587; x_wconf 93' lang='lat' dir='ltr'><strong>in</strong></span> <span class='ocrx_word' id='word_1_651' title='bbox 3432 3531 3528 3590; x_wconf 87' lang='lat' dir='ltr'><strong>his</strong></span> 
     </span>
    </p>
   </div>
   <div class='ocr_carea' id='block_1_97' title="bbox 1870 3619 3529 3680">
    <p class='ocr_par' dir='ltr' id='par_1_97' title="bbox 1870 3619 3529 3680">
     <span class='ocr_line' id='line_1_97' title="bbox 1870 3619 3529 3680; baseline -0.002 -1"><span class='ocrx_word' id='word_1_652' title='bbox 1870 3623 2099 3680; x_wconf 90' lang='lat' dir='ltr'><strong>duabus</strong></span> <span class='ocrx_word' id='word_1_653' title='bbox 2130 3620 2441 3677; x_wconf 91' lang='lat' dir='ltr'><strong>sententiis</strong></span> <span class='ocrx_word' id='word_1_654' title='bbox 2466 3636 2639 3675; x_wconf 90' lang='lat' dir='ltr'><strong>omne</strong></span> <span class='ocrx_word' id='word_1_655' title='bbox 2660 3620 2791 3676; x_wconf 89' lang='lat' dir='ltr'><strong>ﬁdei</strong></span> <span class='ocrx_word' id='word_1_656' title='bbox 2819 3619 3160 3676; x_wconf 68' lang='lat' dir='ltr'><strong>Christianae</strong></span> <span class='ocrx_word' id='word_1_657' title='bbox 3184 3620 3529 3677; x_wconf 88' lang='lat' dir='ltr'><strong>fundamen-</strong></span> 
     </span>
    </p>
   </div>
   <div class='ocr_carea' id='block_1_98' title="bbox 1869 3708 3531 3782">
    <p class='ocr_par' dir='ltr' id='par_1_98' title="bbox 1869 3708 3531 3782">
     <span class='ocr_line' id='line_1_98' title="bbox 1869 3708 3531 3782; baseline -0.001 -14"><span class='ocrx_word' id='word_1_658' title='bbox 1869 3717 1998 3768; x_wconf 91' lang='lat' dir='ltr'><strong>tum</strong></span> <span class='ocrx_word' id='word_1_659' title='bbox 2031 3709 2340 3767; x_wconf 90' lang='lat' dir='ltr'><strong>incumbit.</strong></span> <span class='ocrx_word' id='word_1_660' title='bbox 2378 3710 2447 3764; x_wconf 88' lang='lat' dir='ltr'><strong>Et</strong></span> <span class='ocrx_word' id='word_1_661' title='bbox 2479 3708 2593 3765; x_wconf 91' lang='lat' dir='ltr'><strong>nisi</strong></span> <span class='ocrx_word' id='word_1_662' title='bbox 2625 3710 2759 3782; x_wconf 88' lang='lat' dir='ltr'><strong>quis</strong></span> <span class='ocrx_word' id='word_1_663' title='bbox 2802 3710 2911 3765; x_wconf 91' lang='lat' dir='ltr'><strong>has</strong></span> <span class='ocrx_word' id='word_1_664' title='bbox 2943 3711 3092 3766; x_wconf 89' lang='lat' dir='ltr'><strong>duas</strong></span> <span class='ocrx_word' id='word_1_665' title='bbox 3121 3709 3444 3767; x_wconf 88' lang='lat' dir='ltr'><strong>sententias</strong></span> <span class='ocrx_word' id='word_1_666' title='bbox 3472 3714 3531 3767; x_wconf 90' lang='lat' dir='ltr'><strong>et</strong></span> 
     </span>
    </p>
   </div>
   <div class='ocr_carea' id='block_1_99' title="bbox 1872 3798 3526 3868">
    <p class='ocr_par' dir='ltr' id='par_1_99' title="bbox 1872 3798 3526 3868">
     <span class='ocr_line' id='line_1_99' title="bbox 1872 3798 3526 3868; baseline -0.001 -11"><span class='ocrx_word' id='word_1_667' title='bbox 1872 3800 2211 3857; x_wconf 89' lang='lat' dir='ltr'><strong>memoriter</strong></span> <span class='ocrx_word' id='word_1_668' title='bbox 2238 3799 2492 3855; x_wconf 88' lang='lat' dir='ltr'><strong>tenuerit</strong></span> <span class='ocrx_word' id='word_1_669' title='bbox 2514 3802 2572 3854; x_wconf 87' lang='lat' dir='ltr'><strong>et</strong></span> <span class='ocrx_word' id='word_1_670' title='bbox 2601 3815 2669 3854; x_wconf 81' lang='lat' dir='ltr'><strong>ex</strong></span> <span class='ocrx_word' id='word_1_671' title='bbox 2688 3802 2809 3855; x_wconf 89' lang='lat' dir='ltr'><strong>toto</strong></span> <span class='ocrx_word' id='word_1_672' title='bbox 2831 3799 3005 3855; x_wconf 90' lang='lat' dir='ltr'><strong>corde</strong></span> <span class='ocrx_word' id='word_1_673' title='bbox 3035 3798 3362 3868; x_wconf 89' lang='lat' dir='ltr'><strong>crediderit,</strong></span> <span class='ocrx_word' id='word_1_674' title='bbox 3387 3803 3444 3856; x_wconf 89' lang='lat' dir='ltr'><strong>et</strong></span> <span class='ocrx_word' id='word_1_675' title='bbox 3464 3799 3526 3856; x_wconf 90' lang='lat' dir='ltr'><strong>in</strong></span> 
     </span>
    </p>
   </div>
   <div class='ocr_carea' id='block_1_100' title="bbox 1871 3887 3531 3961">
    <p class='ocr_par' dir='ltr' id='par_1_100' title="bbox 1871 3887 3531 3961">
     <span class='ocr_line' id='line_1_100' title="bbox 1871 3887 3531 3961; baseline -0.001 -14"><span class='ocrx_word' id='word_1_676' title='bbox 1871 3890 2130 3947; x_wconf 88' lang='lat' dir='ltr'><strong>oratione</strong></span> <span class='ocrx_word' id='word_1_677' title='bbox 2188 3887 2510 3961; x_wconf 75' lang='lat' dir='ltr'><strong>saepissime</strong></span> <span class='ocrx_word' id='word_1_678' title='bbox 2541 3888 3015 3960; x_wconf 87' lang='lat' dir='ltr'><strong>frequentaverit,</strong></span> <span class='ocrx_word' id='word_1_679' title='bbox 3046 3888 3372 3945; x_wconf 88' lang='lat' dir='ltr'><strong>catholicus</strong></span> <span class='ocrx_word' id='word_1_680' title='bbox 3401 3905 3531 3946; x_wconf 90' lang='lat' dir='ltr'><strong>esse</strong></span> 
     </span>
    </p>
   </div>
   <div class='ocr_carea' id='block_1_101' title="bbox 1871 3977 3528 4052">
    <p class='ocr_par' dir='ltr' id='par_1_101' title="bbox 1871 3977 3528 4052">
     <span class='ocr_line' id='line_1_101' title="bbox 1871 3977 3528 4052; baseline -0.001 -17"><span class='ocrx_word' id='word_1_681' title='bbox 1871 3997 1987 4035; x_wconf 91' lang='lat' dir='ltr'><strong>non</strong></span> <span class='ocrx_word' id='word_1_682' title='bbox 2033 3978 2264 4052; x_wconf 91' lang='lat' dir='ltr'><strong>poterit.</strong></span> <span class='ocrx_word' id='word_1_683' title='bbox 2299 3977 2694 4033; x_wconf 88' lang='lat' dir='ltr'><strong>Constitutum</strong></span> <span class='ocrx_word' id='word_1_684' title='bbox 2754 3994 3010 4050; x_wconf 91' lang='lat' dir='ltr'><strong>namque</strong></span> <span class='ocrx_word' id='word_1_685' title='bbox 3060 3982 3149 4033; x_wconf 91' lang='lat' dir='ltr'><strong>est</strong></span> <span class='ocrx_word' id='word_1_686' title='bbox 3202 3980 3269 4033; x_wconf 92' lang='lat' dir='ltr'><strong>ut</strong></span> <span class='ocrx_word' id='word_1_687' title='bbox 3325 3978 3528 4034; x_wconf 87' lang='lat' dir='ltr'><strong>nullus</strong></span> 
     </span>
    </p>
   </div>
   <div class='ocr_carea' id='block_1_102' title="bbox 1872 4066 3530 4139">
    <p class='ocr_par' dir='ltr' id='par_1_102' title="bbox 1872 4066 3530 4139">
     <span class='ocr_line' id='line_1_102' title="bbox 1872 4066 3530 4139; baseline 0 -14"><span class='ocrx_word' id='word_1_688' title='bbox 1872 4070 1939 4125; x_wconf 89' lang='lat' dir='ltr'><strong>ch</strong></span> <span class='ocrx_word' id='word_1_689' title='bbox 1949 4069 2246 4136; x_wconf 89' lang='lat' dir='ltr'><strong>rismetur,</strong></span> <span class='ocrx_word' id='word_1_690' title='bbox 2267 4084 2456 4139; x_wconf 87' lang='lat' dir='ltr'><strong>neque</strong></span> <span class='ocrx_word' id='word_1_691' title='bbox 2476 4067 2824 4139; x_wconf 81' lang='lat' dir='ltr'><strong>baptizatur,</strong></span> <span class='ocrx_word' id='word_1_692' title='bbox 2844 4083 3033 4139; x_wconf 89' lang='lat' dir='ltr'><strong>neque</strong></span> <span class='ocrx_word' id='word_1_693' title='bbox 3055 4083 3088 4122; x_wconf 89' lang='lat' dir='ltr'><strong>a</strong></span> <span class='ocrx_word' id='word_1_694' title='bbox 3107 4066 3335 4122; x_wconf 90' lang='lat' dir='ltr'><strong>lavacro</strong></span> <span class='ocrx_word' id='word_1_695' title='bbox 3353 4067 3530 4125; x_wconf 88' lang='lat' dir='ltr'><strong>fontis</strong></span> 
     </span>
    </p>
   </div>
   <div class='ocr_carea' id='block_1_103' title="bbox 1872 4156 3531 4228">
    <p class='ocr_par' dir='ltr' id='par_1_103' title="bbox 1872 4156 3531 4228">
     <span class='ocr_line' id='line_1_103' title="bbox 1872 4156 3531 4228; baseline -0.002 -14"><span class='ocrx_word' id='word_1_696' title='bbox 1872 4159 2053 4214; x_wconf 88' lang='lat' dir='ltr'><strong>alium</strong></span> <span class='ocrx_word' id='word_1_697' title='bbox 2088 4156 2393 4228; x_wconf 89' lang='lat' dir='ltr'><strong>suscipiat,</strong></span> <span class='ocrx_word' id='word_1_698' title='bbox 2420 4172 2609 4227; x_wconf 88' lang='lat' dir='ltr'><strong>neque</strong></span> <span class='ocrx_word' id='word_1_699' title='bbox 2659 4173 2855 4211; x_wconf 88' lang='lat' dir='ltr'><strong>coram</strong></span> <span class='ocrx_word' id='word_1_700' title='bbox 2905 4156 3180 4228; x_wconf 89' lang='lat' dir='ltr'><strong>episcopo</strong></span> <span class='ocrx_word' id='word_1_701' title='bbox 3211 4156 3282 4211; x_wconf 92' lang='lat' dir='ltr'><strong>ad</strong></span> <span class='ocrx_word' id='word_1_702' title='bbox 3314 4156 3531 4211; x_wconf 84' lang='lat' dir='ltr'><strong>confir-</strong></span> 
     </span>
    </p>
   </div>
   <div class='ocr_carea' id='block_1_104' title="bbox 1873 4243 3532 4318">
    <p class='ocr_par' dir='ltr' id='par_1_104' title="bbox 1873 4243 3532 4318">
     <span class='ocr_line' id='line_1_104' title="bbox 1873 4243 3532 4318; baseline -0.001 -15"><span class='ocrx_word' id='word_1_703' title='bbox 1873 4247 2155 4304; x_wconf 87' lang='lat' dir='ltr'><strong>mandum</strong></span> <span class='ocrx_word' id='word_1_704' title='bbox 2184 4245 2508 4318; x_wconf 87' lang='lat' dir='ltr'><strong>quemlibet</strong></span> <span class='ocrx_word' id='word_1_705' title='bbox 2528 4249 2741 4311; x_wconf 89' lang='lat' dir='ltr'><strong>teneat,</strong></span> <span class='ocrx_word' id='word_1_706' title='bbox 2760 4243 2874 4300; x_wconf 91' lang='lat' dir='ltr'><strong>nisi</strong></span> <span class='ocrx_word' id='word_1_707' title='bbox 2893 4243 3224 4318; x_wconf 82' lang='lat' dir='ltr'><strong>symbolum</strong></span> <span class='ocrx_word' id='word_1_708' title='bbox 3249 4248 3306 4300; x_wconf 91' lang='lat' dir='ltr'><strong>et</strong></span> <span class='ocrx_word' id='word_1_709' title='bbox 3324 4244 3532 4301; x_wconf 90' lang='lat' dir='ltr'><strong>oratio-</strong></span> 
     </span>
    </p>
   </div>
   <div class='ocr_carea' id='block_1_105' title="bbox 1872 4333 3530 4407">
    <p class='ocr_par' dir='ltr' id='par_1_105' title="bbox 1872 4333 3530 4407">
     <span class='ocr_line' id='line_1_105' title="bbox 1872 4333 3530 4407; baseline -0.003 -14"><span class='ocrx_word' id='word_1_710' title='bbox 1872 4354 2007 4393; x_wconf 91' lang='lat' dir='ltr'><strong>nem</strong></span> <span class='ocrx_word' id='word_1_711' title='bbox 2037 4334 2401 4391; x_wconf 88' lang='lat' dir='ltr'><strong>Dominicam</strong></span> <span class='ocrx_word' id='word_1_712' title='bbox 2449 4334 2786 4389; x_wconf 84' lang='lat' dir='ltr'><strong>memoriter</strong></span> <span class='ocrx_word' id='word_1_713' title='bbox 2823 4334 3097 4401; x_wconf 89' lang='lat' dir='ltr'><strong>tenuerit,</strong></span> <span class='ocrx_word' id='word_1_714' title='bbox 3133 4334 3388 4407; x_wconf 84' lang='lat' dir='ltr'><strong>exceptis</strong></span> <span class='ocrx_word' id='word_1_715' title='bbox 3435 4333 3530 4389; x_wconf 86' lang='lat' dir='ltr'><strong>his</strong></span> 
     </span>
    </p>
   </div>
   <div class='ocr_carea' id='block_1_106' title="bbox 1875 4421 3530 4499">
    <p class='ocr_par' dir='ltr' id='par_1_106' title="bbox 1875 4421 3530 4499">
     <span class='ocr_line' id='line_1_106' title="bbox 1875 4421 3530 4499; baseline -0.002 -18"><span class='ocrx_word' id='word_1_716' title='bbox 1875 4442 2024 4499; x_wconf 93' lang='lat' dir='ltr'><strong>quos</strong></span> <span class='ocrx_word' id='word_1_717' title='bbox 2055 4425 2126 4480; x_wconf 91' lang='lat' dir='ltr'><strong>ad</strong></span> <span class='ocrx_word' id='word_1_718' title='bbox 2159 4424 2520 4496; x_wconf 90' lang='lat' dir='ltr'><strong>loquendum</strong></span> <span class='ocrx_word' id='word_1_719' title='bbox 2554 4426 2694 4479; x_wconf 63' lang='lat' dir='ltr'><strong>aetas</strong></span> <span class='ocrx_word' id='word_1_720' title='bbox 2726 4421 2968 4478; x_wconf 91' lang='lat' dir='ltr'><strong>minime</strong></span> <span class='ocrx_word' id='word_1_721' title='bbox 2997 4422 3285 4495; x_wconf 80' lang='lat' dir='ltr'><strong>perduxit.</strong></span> <span class='ocrx_word' id='word_1_722' title='bbox 3310 4423 3530 4479; x_wconf 90' lang='lat' dir='ltr'><strong>Patrini</strong></span> 
     </span>
    </p>
   </div>
   <div class='ocr_carea' id='block_1_107' title="bbox 1876 4510 3532 4585">
    <p class='ocr_par' dir='ltr' id='par_1_107' title="bbox 1876 4510 3532 4585">
     <span class='ocr_line' id='line_1_107' title="bbox 1876 4510 3532 4585; baseline -0.002 -14"><span class='ocrx_word' id='word_1_723' title='bbox 1876 4520 2071 4571; x_wconf 89' lang='lat' dir='ltr'><strong>autem</strong></span> <span class='ocrx_word' id='word_1_724' title='bbox 2101 4530 2199 4570; x_wconf 92' lang='lat' dir='ltr'><strong>eos</strong></span> <span class='ocrx_word' id='word_1_725' title='bbox 2232 4529 2379 4585; x_wconf 90' lang='lat' dir='ltr'><strong>quos</strong></span> <span class='ocrx_word' id='word_1_726' title='bbox 2430 4514 2500 4568; x_wconf 90' lang='lat' dir='ltr'><strong>de</strong></span> <span class='ocrx_word' id='word_1_727' title='bbox 2549 4512 2704 4567; x_wconf 91' lang='lat' dir='ltr'><strong>fonte</strong></span> <span class='ocrx_word' id='word_1_728' title='bbox 2762 4511 2974 4567; x_wconf 89' lang='lat' dir='ltr'><strong>lavacri</strong></span> <span class='ocrx_word' id='word_1_729' title='bbox 3024 4510 3359 4585; x_wconf 79' lang='lat' dir='ltr'><strong>suscipiunt</strong></span> <span class='ocrx_word' id='word_1_730' title='bbox 3403 4528 3532 4569; x_wconf 92' lang='lat' dir='ltr'><strong>eru-</strong></span> 
     </span>
    </p>
   </div>
   <div class='ocr_carea' id='block_1_108' title="bbox 1876 4600 3532 4674">
    <p class='ocr_par' dir='ltr' id='par_1_108' title="bbox 1876 4600 3532 4674">
     <span class='ocr_line' id='line_1_108' title="bbox 1876 4600 3532 4674; baseline -0.003 -13"><span class='ocrx_word' id='word_1_731' title='bbox 1876 4605 1998 4661; x_wconf 90' lang='lat' dir='ltr'><strong>dire</strong></span> <span class='ocrx_word' id='word_1_732' title='bbox 2048 4619 2421 4674; x_wconf 90' lang='lat' dir='ltr'><strong>summopere</strong></span> <span class='ocrx_word' id='word_1_733' title='bbox 2471 4603 2770 4669; x_wconf 89' lang='lat' dir='ltr'><strong>studeant,</strong></span> <span class='ocrx_word' id='word_1_734' title='bbox 2793 4610 2848 4658; x_wconf 85' lang='lat' dir='ltr'><strong>et</strong></span> <span class='ocrx_word' id='word_1_735' title='bbox 2894 4602 3220 4658; x_wconf 91' lang='lat' dir='ltr'><strong>orationem</strong></span> <span class='ocrx_word' id='word_1_736' title='bbox 3271 4600 3532 4658; x_wconf 90' lang='lat' dir='ltr'><strong>Domini-</strong></span> 
     </span>
    </p>
   </div>
   <div class='ocr_carea' id='block_1_109' title="bbox 1875 4690 3531 4765">
    <p class='ocr_par' dir='ltr' id='par_1_109' title="bbox 1875 4690 3531 4765">
     <span class='ocr_line' id='line_1_109' title="bbox 1875 4690 3531 4765; baseline -0.002 -14"><span class='ocrx_word' id='word_1_737' title='bbox 1875 4711 2002 4751; x_wconf 90' lang='lat' dir='ltr'><strong>cam</strong></span> <span class='ocrx_word' id='word_1_738' title='bbox 2036 4698 2092 4749; x_wconf 89' lang='lat' dir='ltr'><strong>et</strong></span> <span class='ocrx_word' id='word_1_739' title='bbox 2121 4691 2455 4765; x_wconf 87' lang='lat' dir='ltr'><strong>symbolum</strong></span> <span class='ocrx_word' id='word_1_740' title='bbox 2486 4690 2605 4747; x_wconf 91' lang='lat' dir='ltr'><strong>illis</strong></span> <span class='ocrx_word' id='word_1_741' title='bbox 2632 4690 2954 4760; x_wconf 90' lang='lat' dir='ltr'><strong>insinuent,</strong></span> <span class='ocrx_word' id='word_1_742' title='bbox 2979 4691 3258 4765; x_wconf 87' lang='lat' dir='ltr'><strong>quoniam</strong></span> <span class='ocrx_word' id='word_1_743' title='bbox 3290 4707 3390 4749; x_wconf 88' lang='lat' dir='ltr'><strong>eos</strong></span> <span class='ocrx_word' id='word_1_744' title='bbox 3418 4691 3531 4747; x_wconf 86' lang='lat' dir='ltr'><strong>Do-</strong></span> 
     </span>
    </p>
   </div>
   <div class='ocr_carea' id='block_1_110' title="bbox 1875 4779 3528 4855">
    <p class='ocr_par' dir='ltr' id='par_1_110' title="bbox 1875 4779 3528 4855">
     <span class='ocr_line' id='line_1_110' title="bbox 1875 4779 3528 4855; baseline -0.003 -15"><span class='ocrx_word' id='word_1_745' title='bbox 1875 4785 2034 4840; x_wconf 92' lang='lat' dir='ltr'><strong>mino</strong></span> <span class='ocrx_word' id='word_1_746' title='bbox 2065 4785 2413 4855; x_wconf 90' lang='lat' dir='ltr'><strong>genuerunt,</strong></span> <span class='ocrx_word' id='word_1_747' title='bbox 2445 4784 2504 4836; x_wconf 91' lang='lat' dir='ltr'><strong>et</strong></span> <span class='ocrx_word' id='word_1_748' title='bbox 2551 4796 2654 4853; x_wconf 90' lang='lat' dir='ltr'><strong>pro</strong></span> <span class='ocrx_word' id='word_1_749' title='bbox 2702 4779 2786 4836; x_wconf 88' lang='lat' dir='ltr'><strong>eis</strong></span> <span class='ocrx_word' id='word_1_750' title='bbox 2827 4780 3202 4852; x_wconf 85' lang='lat' dir='ltr'><strong>ﬁdejussores</strong></span> <span class='ocrx_word' id='word_1_751' title='bbox 3248 4780 3528 4837; x_wconf 82' lang='lat' dir='ltr'><strong>existunt.</strong></span> 
     </span>
    </p>
   </div>
   <div class='ocr_carea' id='block_1_111' title="bbox 1874 4869 3534 4943">
    <p class='ocr_par' dir='ltr' id='par_1_111' title="bbox 1874 4869 3534 4943">
     <span class='ocr_line' id='line_1_111' title="bbox 1874 4869 3534 4943; baseline -0.002 -15"><span class='ocrx_word' id='word_1_752' title='bbox 1874 4873 1983 4941; x_wconf 87' lang='lat' dir='ltr'><strong>Qui</strong></span> <span class='ocrx_word' id='word_1_753' title='bbox 2013 4889 2147 4928; x_wconf 90' lang='lat' dir='ltr'><strong>vero</strong></span> <span class='ocrx_word' id='word_1_754' title='bbox 2177 4870 2237 4925; x_wconf 92' lang='lat' dir='ltr'><strong>in</strong></span> <span class='ocrx_word' id='word_1_755' title='bbox 2270 4870 2503 4942; x_wconf 89' lang='lat' dir='ltr'><strong>publica</strong></span> <span class='ocrx_word' id='word_1_756' title='bbox 2534 4869 2877 4943; x_wconf 81' lang='lat' dir='ltr'><strong>pcenitentia</strong></span> <span class='ocrx_word' id='word_1_757' title='bbox 2906 4874 3047 4926; x_wconf 91' lang='lat' dir='ltr'><strong>sunt</strong></span> <span class='ocrx_word' id='word_1_758' title='bbox 3086 4869 3406 4937; x_wconf 89' lang='lat' dir='ltr'><strong>constituti,</strong></span> <span class='ocrx_word' id='word_1_759' title='bbox 3432 4871 3534 4925; x_wconf 91' lang='lat' dir='ltr'><strong>aut</strong></span> 
     </span>
    </p>
   </div>
   <div class='ocr_carea' id='block_1_112' title="bbox 1877 4958 3533 5033">
    <p class='ocr_par' dir='ltr' id='par_1_112' title="bbox 1877 4958 3533 5033">
     <span class='ocr_line' id='line_1_112' title="bbox 1877 4958 3533 5033; baseline -0.002 -14"><span class='ocrx_word' id='word_1_760' title='bbox 1877 4960 2165 5019; x_wconf 89' lang='lat' dir='ltr'><strong>criminali</strong></span> <span class='ocrx_word' id='word_1_761' title='bbox 2188 4964 2424 5033; x_wconf 90' lang='lat' dir='ltr'><strong>peccato</strong></span> <span class='ocrx_word' id='word_1_762' title='bbox 2440 4964 2716 5017; x_wconf 84' lang='lat' dir='ltr'><strong>tenentur</strong></span> <span class='ocrx_word' id='word_1_763' title='bbox 2734 4959 2988 5028; x_wconf 83' lang='lat' dir='ltr'><strong>obnoxii,</strong></span> <span class='ocrx_word' id='word_1_764' title='bbox 3012 4959 3306 5016; x_wconf 90' lang='lat' dir='ltr'><strong>neminem</strong></span> <span class='ocrx_word' id='word_1_765' title='bbox 3329 4976 3363 5015; x_wconf 90' lang='lat' dir='ltr'><strong>a</strong></span> <span class='ocrx_word' id='word_1_766' title='bbox 3382 4958 3533 5015; x_wconf 88' lang='lat' dir='ltr'><strong>lava-</strong></span> 
     </span>
    </p>
   </div>
   <div class='ocr_carea' id='block_1_113' title="bbox 1877 5049 3532 5122">
    <p class='ocr_par' dir='ltr' id='par_1_113' title="bbox 1877 5049 3532 5122">
     <span class='ocr_line' id='line_1_113' title="bbox 1877 5049 3532 5122; baseline -0.005 -12"><span class='ocrx_word' id='word_1_767' title='bbox 1877 5071 1974 5110; x_wconf 92' lang='lat' dir='ltr'><strong>cro</strong></span> <span class='ocrx_word' id='word_1_768' title='bbox 2002 5050 2177 5107; x_wconf 83' lang='lat' dir='ltr'><strong>fontis</strong></span> <span class='ocrx_word' id='word_1_769' title='bbox 2210 5050 2508 5122; x_wconf 90' lang='lat' dir='ltr'><strong>suscipere</strong></span> <span class='ocrx_word' id='word_1_770' title='bbox 2537 5066 2727 5122; x_wconf 88' lang='lat' dir='ltr'><strong>neque</strong></span> <span class='ocrx_word' id='word_1_771' title='bbox 2757 5066 2953 5106; x_wconf 90' lang='lat' dir='ltr'><strong>coram</strong></span> <span class='ocrx_word' id='word_1_772' title='bbox 2985 5049 3256 5121; x_wconf 89' lang='lat' dir='ltr'><strong>episcopo</strong></span> <span class='ocrx_word' id='word_1_773' title='bbox 3287 5049 3358 5104; x_wconf 89' lang='lat' dir='ltr'><strong>ad</strong></span> <span class='ocrx_word' id='word_1_774' title='bbox 3389 5064 3532 5103; x_wconf 90' lang='lat' dir='ltr'><strong>con-</strong></span> 
     </span>
    </p>
   </div>
   <div class='ocr_carea' id='block_1_114' title="bbox 1878 5137 3535 5211">
    <p class='ocr_par' dir='ltr' id='par_1_114' title="bbox 1878 5137 3535 5211">
     <span class='ocr_line' id='line_1_114' title="bbox 1878 5137 3535 5211; baseline -0.004 -13"><span class='ocrx_word' id='word_1_775' title='bbox 1878 5141 2267 5198; x_wconf 84' lang='lat' dir='ltr'><strong>iirmationem</strong></span> <span class='ocrx_word' id='word_1_776' title='bbox 2298 5146 2496 5195; x_wconf 85' lang='lat' dir='ltr'><strong>tenere</strong></span> <span class='ocrx_word' id='word_1_777' title='bbox 2526 5142 2888 5211; x_wconf 70' lang='lat' dir='ltr'><strong>prmsumant</strong></span> <span class='ocrx_word' id='word_1_778' title='bbox 2915 5155 3222 5211; x_wconf 88' lang='lat' dir='ltr'><strong>usquequo</strong></span> <span class='ocrx_word' id='word_1_779' title='bbox 3252 5137 3535 5210; x_wconf 82' lang='lat' dir='ltr'><strong>pceniten-</strong></span> 
     </span>
    </p>
   </div>
   <div class='ocr_carea' id='block_1_115' title="bbox 1881 5227 3537 5303">
    <p class='ocr_par' dir='ltr' id='par_1_115' title="bbox 1881 5227 3537 5303">
     <span class='ocr_line' id='line_1_115' title="bbox 1881 5227 3537 5303; baseline -0.003 -16"><span class='ocrx_word' id='word_1_780' title='bbox 1881 5232 1961 5287; x_wconf 89' lang='lat' dir='ltr'><strong>tia</strong></span> <span class='ocrx_word' id='word_1_781' title='bbox 1989 5233 2224 5303; x_wconf 89' lang='lat' dir='ltr'><strong>peracta</strong></span> <span class='ocrx_word' id='word_1_782' title='bbox 2245 5228 2706 5286; x_wconf 84' lang='lat' dir='ltr'><strong>satisfactionem</strong></span> <span class='ocrx_word' id='word_1_783' title='bbox 2729 5228 3079 5301; x_wconf 86' lang='lat' dir='ltr'><strong>condignam</strong></span> <span class='ocrx_word' id='word_1_784' title='bbox 3102 5227 3398 5301; x_wconf 88' lang='lat' dir='ltr'><strong>percipere</strong></span> <span class='ocrx_word' id='word_1_785' title='bbox 3419 5242 3537 5282; x_wconf 91' lang='lat' dir='ltr'><strong>me-</strong></span> 
     </span>
    </p>
   </div>
   <div class='ocr_carea' id='block_1_116' title="bbox 1880 5322 2137 5377">
    <p class='ocr_par' dir='ltr' id='par_1_116' title="bbox 1880 5322 2137 5377">
     <span class='ocr_line' id='line_1_116' title="bbox 1880 5322 2137 5377; baseline -0.016 0"><span class='ocrx_word' id='word_1_786' title='bbox 1880 5322 2137 5377; x_wconf 88' lang='lat' dir='ltr'><strong>reantur.</strong></span> 
     </span>
    </p>
   </div>
   <div class='ocr_carea' id='block_1_117' title="bbox 2473 5422 2932 5479">
    <p class='ocr_par' dir='ltr' id='par_1_117' title="bbox 2473 5422 2932 5479">
     <span class='ocr_line' id='line_1_117' title="bbox 2473 5422 2932 5479; baseline 0 -1"><span class='ocrx_word' id='word_1_787' title='bbox 2473 5422 2702 5479; x_wconf 90' lang='lat' dir='ltr'><strong>CAPUT</strong></span> <span class='ocrx_word' id='word_1_788' title='bbox 2740 5422 2932 5479; x_wconf 86' lang='lat' dir='ltr'><strong>XXIII.</strong></span> 
     </span>
    </p>
   </div>
   <div class='ocr_carea' id='block_1_118' title="bbox 1916 5511 3501 5639">
    <p class='ocr_par' dir='ltr' id='par_1_118' title="bbox 1916 5511 3501 5639">
     <span class='ocr_line' id='line_1_118' title="bbox 1916 5511 3501 5639; baseline -0.003 -65"><span class='ocrx_word' id='word_1_789' title='bbox 1916 5524 1995 5575; x_wconf 88' lang='lat' dir='ltr'><strong>De</strong></span> <span class='ocrx_word' id='word_1_790' title='bbox 2024 5518 2224 5572; x_wconf 75' lang='lat' dir='ltr'><strong>honore</strong></span> <span class='ocrx_word' id='word_1_791' title='bbox 2250 5521 2565 5587; x_wconf 82' lang='lat' dir='ltr'><strong>parentum,</strong></span> <span class='ocrx_word' id='word_1_792' title='bbox 2600 5520 2651 5568; x_wconf 86' lang='lat' dir='ltr'><strong>et</strong></span> <span class='ocrx_word' id='word_1_793' title='bbox 2677 5511 2918 5639; x_wconf 57' lang='lat' dir='ltr'><strong>dgtninis</strong></span> <span class='ocrx_word' id='word_1_794' title='bbox 2949 5512 3290 5570; x_wconf 84' lang='lat' dir='ltr'><strong>subditorum</strong></span> <span class='ocrx_word' id='word_1_795' title='bbox 3317 5512 3501 5570; x_wconf 83' lang='lat' dir='ltr'><strong>admo-</strong></span> 
     </span>
     <span class='ocr_line' id='line_1_119' title="bbox 2596 5601 2814 5639; baseline 0 0"><span class='ocrx_word' id='word_1_796' title='bbox 2596 5601 2702 5639; x_wconf 80' lang='lat' dir='ltr'><strong>nen</strong></span> <span class='ocrx_word' id='word_1_797' title='bbox 2748 5601 2814 5639; x_wconf 78' lang='lat' dir='ltr'><strong>is.</strong></span> 
     </span>
    </p>
   </div>
   <div class='ocr_carea' id='block_1_119' title="bbox 2596 5601 2814 5641">
    <p class='ocr_par' dir='ltr' id='par_1_119' title="bbox 2596 5601 2814 5641">
     <span class='ocr_line' id='line_1_120' title="bbox 2596 5601 2814 5641; baseline 0.009 -2"><span class='ocrx_word' id='word_1_798' title='bbox 2596 5601 2814 5641; x_wconf 72' lang='grc' dir='ltr'><strong>ηεηαω.</strong></span> 
     </span>
    </p>
   </div>
   <div class='ocr_carea' id='block_1_120' title="bbox 1960 5691 3587 5773">
    <p class='ocr_par' dir='ltr' id='par_1_120' title="bbox 1960 5691 3587 5773">
     <span class='ocr_line' id='line_1_121' title="bbox 1960 5691 3587 5773; baseline 0 -22"><span class='ocrx_word' id='word_1_799' title='bbox 1960 5696 2116 5773; x_wconf 90' lang='lat' dir='ltr'><strong>(Lib.</strong></span> <span class='ocrx_word' id='word_1_800' title='bbox 2155 5710 2174 5752; x_wconf 88' lang='grc' dir='ltr'>ι</span> <span class='ocrx_word' id='word_1_801' title='bbox 2208 5692 2540 5768; x_wconf 82' lang='lat' dir='ltr'><strong>Capitular.,</strong></span> <span class='ocrx_word' id='word_1_802' title='bbox 2574 5709 2705 5767; x_wconf 89' lang='lat' dir='ltr'><strong>cap.</strong></span> <span class='ocrx_word' id='word_1_803' title='bbox 2732 5693 2831 5762; x_wconf 88' lang='lat'><strong>65;</strong></span> <span class='ocrx_word' id='word_1_804' title='bbox 2864 5691 2966 5750; x_wconf 92' lang='lat' dir='ltr'><strong>lib.</strong></span> <span class='ocrx_word' id='word_1_805' title='bbox 3000 5710 3063 5761; x_wconf 72' lang='grc' dir='ltr'><strong>ιι,</strong></span> <span class='ocrx_word' id='word_1_806' title='bbox 3098 5710 3223 5768; x_wconf 90' lang='lat' dir='ltr'><strong>cap.</strong></span> <span class='ocrx_word' id='word_1_807' title='bbox 3253 5693 3344 5763; x_wconf 77' lang='grc'><strong>41,</strong></span> <span class='ocrx_word' id='word_1_808' title='bbox 3375 5694 3488 5773; x_wconf 77' lang='grc'><strong>44.)</strong></span> <span class='ocrx_word' id='word_1_809' title='bbox 3580 5706 3587 5711; x_wconf 84' lang='grc'>·</span> 
     </span>
    </p>
   </div>
   <div class='ocr_carea' id='block_1_121' title="bbox 3139 5822 3219 5886">
    <p class='ocr_par' dir='ltr' id='par_1_121' title="bbox 3139 5822 3219 5886">
     <span class='ocr_line' id='line_1_122' title="bbox 3139 5822 3219 5886; baseline -0.013 0"><span class='ocrx_word' id='word_1_810' title='bbox 3139 5822 3219 5886; x_wconf 77' lang='grc'><strong>23</strong></span> 
     </span>
    </p>
   </div>
  </div>
