4126 6464
513 418 632 479 715

1522 414 1917 478 RODULPHI
1963 407 2503 475 BITURICENSIS
2544 409 2927 472 EPISCOPI.

3814 406 3943 465 716

513 548 883 607 Admonendi
905 552 1047 605 sunt
1070 544 1269 605 ﬁdeles
1291 551 1504 604 sancta:
1523 547 1624 602 Dei
1646 544 1912 625 Ecclesiae
1933 548 2001 600 ut
2018 544 2169 599 ﬁlios
2197 543 2254 610 Α
2283 558 2533 614 rumque
2560 542 2643 610 fit,
2667 541 2749 596 illi
2779 541 2880 614 qui
2906 541 3037 598 odio
3087 545 3188 597 aut
3210 539 3536 614 longinqua
3563 541 3716 598 inter
3744 558 3807 598 se
3834 540 3947 597 lite

517 655 658 695 suos
687 642 744 694 et
775 638 928 694 ﬁlias
960 656 1099 695 suas
1131 639 1375 694 doceant
1413 636 1757 710 parentibus
1783 633 2174 691 obedientiam

518 728 813 796 exhibere,
848 727 1076 785 dicente
1127 728 1373 783 Domino
1403 744 1415 781 :
1445 728 1572 793 Fili,
1616 727 1915 797 honoriﬁca
1958 730 2177 796 patrem

518 826 677 875 tuum
705 826 758 875 et
786 825 1019 875 matrem
1060 827 1232 874 tuam.
1269 818 1414 872 Nam
1464 821 1519 873 et
1567 816 1680 887 ipsi
1723 818 1994 888 parentes
2041 830 2180 887 erga

520 907 674 965 ﬁlios
706 924 845 964 suos
877 925 943 964 ac
974 907 1126 963 tilias
1173 907 1436 962 modeste
1484 906 1696 961 debent
1728 921 1916 978 agere,
1952 903 2178 959 dicente

520 997 796 1071 Apostolo
830 1015 842 1052 :
876 998 944 1053 Et
994 1013 1106 1063 vos,
1152 1006 1429 1069 parentes,
1478 996 1649 1051 nolite
1705 995 1774 1049 ad
1832 992 2181 1049 iracundiam

517 1102 813 1157 provocare
838 1086 983 1157 ﬁlios
1030 1092 1249 1141 vestros.
1284 1085 1431 1140 Nam
1490 1087 1546 1139 et
1604 1083 1715 1139 hoc
1745 1082 2058 1137 dicendum
2093 1085 2182 1137 est

525 1173 608 1230 eis
640 1177 705 1229 ut
735 1173 783 1229 si
815 1172 900 1228 illi
930 1173 1031 1229 tali
1060 1174 1269 1229 affectu
1302 1189 1537 1245 parcere
1565 1171 1745 1227 velint
1775 1171 2009 1243 injuriis
2034 1170 2179 1226 ﬁlio-

525 1279 678 1330 rum,
704 1279 820 1318 non
853 1262 962 1318 hos
994 1263 1238 1335 impune
1269 1262 1553 1318 Dominus
1585 1262 1744 1329 sinit,
1771 1261 1883 1316 nisi
1916 1261 2062 1316 forte
2093 1261 2181 1316 di-

523 1351 622 1425 gni
652 1351 1007 1424 pcenitentize
1039 1351 1389 1407 exhibeant:
1415 1352 1554 1423 quia
1579 1351 1765 1406 levius
1796 1354 1884 1407 est
1918 1349 2065 1405 filios
2088 1366 2184 1422 pa-

524 1445 758 1497 rentum
781 1440 1057 1513 quaalibet
1089 1440 1316 1514 ﬂagella
1346 1440 1640 1512 suscipere
1684 1457 1861 1512 quam
1904 1440 2000 1495 Dei
2034 1439 2181 1494 iram

523 1530 842 1587 incurrere.
876 1531 1240 1586 Admonendi
1274 1535 1413 1586 sunt
1453 1529 1628 1586 etiam
1659 1530 1882 1585 domini
1915 1530 2181 1586 subdito-

526 1637 660 1676 rum
692 1623 758 1675 ut
788 1619 943 1676 circa
972 1620 1269 1691 subjectos
1297 1620 1390 1692 pie
1416 1624 1472 1675 et
1501 1618 1956 1675 misericorditer
1984 1624 2180 1692 agant,

528 1726 635 1765 nec
666 1726 764 1765 eos
789 1709 1048 1782 qualibet
1076 1709 1299 1780 injuste
1318 1708 1620 1765 occasione
1647 1709 2058 1776 condemnent,
2078 1725 2183 1765 nec

530 1814 631 1854 eos
651 1798 1008 1870 opprimant,
1026 1815 1131 1853 nec
1151 1797 1386 1853 illorum
1404 1797 1824 1854 substantiolas
1844 1797 2061 1869 injuste
2080 1796 2186 1854 tol-

533 1886 680 1955 lant,
706 1904 809 1942 nec
840 1887 991 1960 ipsia
1020 1887 1214 1943 debita
1243 1904 1370 1960 quze
1402 1904 1436 1942 a
1458 1887 1710 1943 subditis
1733 1888 2025 1943 reddenda
2046 1893 2186 1942 sunt

534 1976 714 2049 impie
746 1994 812 2033 ac
860 1976 1174 2032 crudeliter
1220 1977 1472 2049 exigant.
1507 1976 1650 2042 Quia
1681 1993 1816 2049 ergo
1865 1980 2095 2032 constat
2124 1977 2185 2032 in

531 2065 793 2123 Ecclesia
821 2066 1184 2122 diversarum
1208 2066 1611 2121 conditionum
1643 2065 1913 2121 homines
1943 2083 2091 2136 esse,
2121 2070 2187 2122 ut

531 2155 650 2212 sint
680 2155 905 2211 nobiles
937 2158 994 2211 et
1021 2155 1326 2229 ignobiles,
1366 2155 1536 2223 servi,
1563 2154 1773 2224 coloni,
1812 2155 2105 2227 inquilini,
2129 2161 2186 2211 et

526 2249 733 2301 caetera
762 2244 1103 2317 hujusmodi
1128 2243 1626 2316 nomina,oportet
1647 2249 1713 2300 ut
1742 2244 2078 2317 quicunque
2098 2246 2183 2301 eis

523 2333 745 2408 praelati
777 2338 937 2402 sunt,
961 2334 1156 2390 clerici
1204 2333 1323 2390 sive
1352 2333 1506 2401 laici,
1533 2333 1851 2390 clementer
1897 2352 2035 2408 erga
2083 2352 2182 2392 eos

518 2427 699 2499 agant
718 2427 776 2480 et
796 2424 1259 2480 misericorditer
1281 2441 1380 2480 eos
1411 2428 1682 2492 tractent,
1708 2424 1826 2481 sive
1858 2425 1916 2479 in
1949 2424 2180 2497 exigen-

520 2513 613 2569 dis
645 2514 716 2569 ab
745 2513 829 2570 eis
861 2513 1156 2586 operibus,
1182 2512 1299 2568 sive
1339 2513 1399 2567 in
1442 2512 1793 2586 accipiendis
1824 2513 2064 2570 tributis
2093 2514 2180 2571 vel

521 2602 878 2675 quibusdam
910 2602 1155 2671 debitis;
1184 2601 1487 2674 sciantque
1518 2620 1617 2658 eos
1651 2604 1856 2658 fratres
1887 2621 2025 2659 suos
2055 2621 2182 2661 esse

522 2696 580 2748 et
598 2709 780 2747 unum
799 2708 999 2747 secum
1022 2695 1245 2764 patrem
1266 2708 1328 2747 se
1345 2691 1559 2748 habere
1576 2692 1882 2758 Deum,cui
1902 2693 2178 2750 clamant:

523 2783 688 2837 Pater
705 2789 886 2838 noster
905 2783 1003 2853 qui
1021 2798 1075 2837 cs
1096 2783 1157 2836 in
1177 2782 1345 2849 cadis,
1363 2785 1419 2836 et
1442 2799 1618 2836 unam
1650 2787 1893 2837 matrem
1919 2789 2180 2840 sanctam

523 2870 1020 2943 Ecclesiam,quze
1062 2887 1160 2926 eos
1209 2870 1557 2926 intemerato
1607 2872 1754 2926 sacri
1788 2871 1967 2928 fontis
2017 2876 2181 2929 utero

527 2959 733 3033 gignit.
754 2959 1074 3033 Disciplina
1095 2960 1276 3033 igitur
1304 2960 1388 3015 eis
1422 2960 1973 3017 misericordissima
1992 2967 2048 3018 et
2075 2979 2181 3035 gu-

527 3049 791 3105 bernatio
835 3054 1165 3122 opportuna
1210 3049 1543 3105 adhibenda
1591 3055 1706 3119 est;
1747 3051 2075 3124 disciplina,
2110 3068 2183 3108 ne

526 3138 961 3210 indisciplinate
989 3139 1231 3195 vivendo
1273 3145 1571 3195 auctorem
1624 3158 1797 3196 suum
1850 3141 2179 3210 offendant;

527 3228 893 3301 gubernatio,
919 3228 976 3283 in
1010 3228 1367 3300 quotidianis
1405 3229 1533 3284 vitae
1564 3230 1991 3287 commeatibus
2030 3249 2181 3303 prae-

523 3314 778 3372 latorum
810 3314 1167 3397 adminiculo
1200 3315 1467 3371 destituti
1495 3316 1799 3372 fatescant.

1124 3432 1357 3488 CAPUT
1395 3431 1584 3488 XXIV.

646 3523 795 3591 Quod
822 3540 934 3579 mm
961 3525 1036 3579 sit
1059 3539 1423 3595 personarum
1446 3524 1681 3594 acceptio
1711 3524 1856 3595 apud
1884 3525 2072 3580 Deum.

596 3630 822 3703 (Concit.
856 3631 1108 3688 Cabiton.
1153 3647 1215 3697 11,
1269 3645 1396 3701 cap.
1429 3630 1542 3699 34.)
1587 3630 1734 3694 Quia
1782 3631 1982 3704 igitur,
2034 3634 2181 3705 Apo-

525 3719 675 3776 stolo
706 3724 976 3787 testante,
1005 3736 1121 3774 non
1151 3723 1240 3775 est
1283 3736 1667 3791 personarum
1718 3723 1975 3794 acceptio
2026 3724 2181 3794 apud

527 3810 735 3875 Deum,
761 3814 817 3864 et
850 3808 906 3862 in
939 3809 1216 3864 omnibus
1239 3807 1481 3879 judiciis
1508 3811 1826 3866 cavendum
1863 3816 1971 3879 est,
1996 3811 2181 3868 multo

528 3897 720 3970 magis
752 3897 811 3952 in
844 3897 954 3953 hoc
978 3896 1327 3970 pcenitentize
1351 3898 1575 3968 judicio
1598 3901 1904 3970 prmcaveri
1929 3902 2100 3957 debet
2120 3906 2184 3956 ut

527 3986 730 4043 nullus
761 3987 1131 4043 sacerdotum
1158 4004 1421 4052 unquam
1449 3992 1550 4043 aut
1580 3989 1768 4060 gratia
1795 3993 1896 4044 aut
1922 3991 2052 4046 odio
2083 3990 2183 4045 ali-

529 4077 700 4149 cujus
730 4094 989 4149 personze
1021 4093 1191 4132 secus
1213 4076 1439 4148 judicet
1469 4094 1645 4148 quam
1673 4079 1827 4149 quod
1859 4079 1916 4133 in
1949 4080 2197 4135 canoni-~

528 4167 640 4224 bus
660 4167 844 4223 sacris
866 4166 1169 4235 invenerit,
1186 4170 1289 4221 aut
1311 4168 1466 4238 quod
1500 4166 1582 4221 illi
1608 4169 1935 4223 secundum
1959 4173 2183 4225 sancta-

526 4275 659 4313 rum
692 4256 1128 4329 Scripturarum
1171 4256 1576 4312 auctoritatem
1619 4262 1676 4312 et
1712 4258 2179 4318 ecclesiasticam

527 4346 1014 4404 consuetudinem
1039 4345 1255 4401 rectius
1275 4346 1465 4401 visum
1490 4346 1682 4401 fuerit.
1704 4348 1761 4403 Si
1783 4364 1919 4420 ergo
1945 4348 2176 4415 medici,

525 4436 625 4508 qui
651 4435 995 4507 corporibus
1028 4436 1379 4491 medicinam
1404 4436 1615 4491 inferre
1637 4442 1940 4504 conantur,
1968 4454 2180 4509 nequa-

524 4542 701 4596 quam
733 4528 967 4596 propter
1013 4542 1271 4596 persona)
1303 4524 1618 4596 cujuslibet
1660 4524 2053 4597 acceptionem
2084 4525 2177 4582 his

524 4630 672 4685 quos
703 4630 911 4669 sanare
944 4613 1187 4685 cupiunt
1228 4614 1505 4682 cauterio,
1532 4618 1632 4669 aut
1685 4615 1856 4683 ferro,
1883 4620 1984 4670 aut
2011 4616 2176 4671 duris

519 4703 651 4759 aliis
683 4702 1045 4775 quibuslibet
1084 4704 1277 4769 rebus,
1304 4708 1572 4775 parcunt,
1601 4703 1788 4760 multo
1838 4703 2027 4776 magis
2081 4704 2172 4760 his

520 4792 950 4848 observandum
974 4796 1062 4847 est
1083 4792 1183 4863 qui
1218 4809 1333 4846 non
1362 4809 1670 4864 corporum
1705 4795 1805 4849 sed
1836 4794 2170 4850 animarum

519 4883 731 4938 medici
764 4883 1039 4938 existunt.
1064 4883 1261 4954 Neque
1310 4882 1467 4937 enim
1518 4884 1820 4954 pensanda
1851 4888 1939 4939 est
1984 4884 2171 4956 pumi-

517 4972 703 5028 tentia
754 4972 1079 5043 quantitate
1138 4971 1440 5043 temporis,
1476 4973 1575 5027 sed
1611 4973 1815 5029 ardore
1871 4974 2086 5028 mentis
2116 4977 2173 5028 et

518 5062 961 5117 mortiticatione
992 5059 1271 5133 corporis.
1296 5060 1406 5116 Cor
1434 5066 1626 5117 autem
1651 5063 1968 5118 contritum
1991 5065 2047 5117 et
2068 5062 2172 5117 hu-

519 5152 808 5207 miliatum
842 5152 996 5207 Deus
1031 5168 1144 5205 non
1179 5151 1422 5222 spernit.

1122 5256 1356 5313 CAPUT
1401 5258 1562 5314 XXV.

1055 5351 1135 5402 Dc
1177 5347 1631 5403 discordantibus.

586 5437 786 5508 (Addit.
816 5454 873 5492 IV
919 5437 1247 5509 Cupitulur.,
1293 5455 1419 5511 cap.
1452 5439 1565 5509 50.)
1608 5439 1942 5496 Oblationes
1991 5440 2170 5497 dissi-

514 5527 780 5583 dentium
809 5527 1058 5582 fratrum
1092 5544 1279 5599 neque
1312 5527 1371 5582 in
1404 5528 1661 5583 sacrario
1698 5546 1883 5600 neque
1915 5530 1974 5584 in
2005 5547 2169 5603 gazo-

514 5616 781 5691 phylacio
840 5615 1216 5688 recipiantur.
1253 5616 1476 5672 Placuit
1520 5618 1693 5672 etiam
1732 5622 1793 5672 ut
1838 5619 1989 5673 sicut
2047 5620 2167 5692 ple-

581 5736 659 5807 (α)
688 5733 831 5791 Vide
862 5742 1017 5791 notas
1048 5733 1118 5789 ad
1147 5734 1494 5807 chinonam,
1530 5752 1661 5808 pag.
1693 5736 1817 5790 550.

2284 630 2681 697 discesserint,
2697 635 2753 686 et
2775 631 2845 687 ad
2873 647 3076 704 pacem
3102 630 3289 687 redire
3311 630 3593 687 diuturna
3618 630 3945 687 intentione

2286 720 2600 787 noluerint,
2624 721 2694 775 de
2733 719 3001 776 Ecclesiae
3034 724 3186 776 ccetu
3218 720 3559 792 justissima
3605 737 3946 776 excommu-

2287 809 2573 865 nicatione
2602 809 2897 881 pellantur
2917 810 3303 883 quoadusque
3334 811 3404 865 ad
3430 810 3946 882 cbaritatem,quze

2287 898 2544 970 cooperit
2603 896 3043 955 multitudinem
3090 903 3485 972 peccatorum,
3529 899 3724 956 venire
3777 900 3949 955 festi-

2289 991 2427 1044 nent
2460 990 2558 1057 (α).

2886 1077 3118 1133 CAPUT
3153 1078 3343 1134 XXVI.

2573 1167 2822 1235 Qualiter
2843 1167 2956 1223 dics
2980 1169 3297 1224 Dominicus
3327 1170 3653 1225 obscm'ctur.

2362 1255 2510 1324 (Lib.
2554 1273 2568 1310 ι
2610 1257 2940 1328 Capitular.,
2993 1274 3121 1329 cap.
3152 1259 3255 1325 75;
3307 1257 3408 1313 lib.
3458 1276 3533 1327 Vl,
3567 1275 3693 1330 cap.
3726 1259 3851 1326 380,
3890 1264 3950 1315 et

2290 1345 2392 1400 lib.
2424 1361 2524 1413 νη,
2550 1362 2676 1418 cap.
2707 1347 2861 1415 276.)
2892 1347 3055 1402 Diem
3108 1347 3467 1402 dominicum
3517 1348 3763 1420 apostoli
3814 1348 3947 1405 ideo

2291 1434 2564 1508 religiosa
2594 1440 2913 1491 sanxerunt
2938 1435 3304 1492 solemnitate
3341 1437 3479 1510 quia
3515 1437 3577 1493 in
3615 1438 3814 1493 eodem
3851 1438 3947 1494 die

2292 1524 2646 1597 Redemptor
2668 1529 2865 1581 noster
2884 1543 2917 1580 a
2940 1525 3190 1582 mortuis
3210 1526 3544 1582 resurrexit.
3561 1527 3784 1599 Quique
3813 1527 3945 1584 ideo

2291 1613 2631 1669 Dominicus
2654 1613 2982 1687 appellatur
3002 1619 3065 1670 ut
3086 1615 3144 1669 in
3181 1632 3246 1670 eo
3269 1633 3302 1671 a
3323 1616 3568 1672 terrenis
3591 1617 3866 1688 operibus
3890 1621 3949 1672 et

2291 1721 2324 1759 a
2356 1703 2558 1759 mundi
2592 1702 2881 1760 illecebris
2912 1705 3297 1770 abstinentes,
3320 1709 3551 1760 tantum
3578 1705 3788 1762 divinis
3819 1706 3951 1761 cul-

2290 1791 2453 1846 tibus
2488 1792 2831 1848 serviamus.
2866 1794 3011 1848 Nam
3063 1793 3218 1848 sicut
3264 1792 3390 1866 ipse
3437 1794 3723 1850 Dominus
3770 1796 3949 1851 Jesus

2293 1880 2562 1937 Christus
2589 1887 2646 1936 et
2675 1881 2941 1937 Salvator
2980 1886 3178 1938 noster
3224 1883 3397 1937 tertia
3426 1882 3519 1938 die
3568 1884 3887 1939 resurrexit
3918 1901 3954 1938 a

2295 1970 2564 2038 mortuis,
2590 1969 2671 2026 ita
2699 1975 2757 2026 et
2786 1988 2893 2026 nos
2936 1976 3364 2028 resurrecturos
3396 1971 3457 2026 in
3490 1973 3807 2029 novissimo
3841 1991 3953 2029 sa:-

2294 2057 2423 2114 culo
2448 2060 2955 2132 speramus.Unde
2975 2061 3149 2117 etiam
3182 2061 3241 2116 in
3275 2061 3579 2117 Dominica
3600 2062 3692 2118 die
3723 2066 3952 2118 stantes

2294 2165 2531 2205 oramus
2567 2166 2580 2204 :
2617 2151 2771 2223 quod
2817 2155 2906 2206 est
2948 2150 3183 2223 signum
3218 2151 3425 2207 tuturae
3476 2152 3950 2208 resurrectionis.

2291 2238 2409 2293 Hoc
2441 2237 2561 2311 agit
2606 2240 2878 2295 universa
2904 2240 3163 2296 Ecclesia
3195 2257 3321 2312 qua
3374 2241 3435 2295 in
3483 2240 3954 2314 peregrinatione

2292 2327 2666 2384 mortalitatis
2692 2329 2926 2385 inventa
2951 2333 3058 2394 est,
3084 2334 3426 2401 exspectans
3457 2330 3517 2385 in
3545 2329 3720 2386 ﬁnem
3749 2330 3953 2386 saeculi

2293 2418 2447 2490 quod
2480 2417 2540 2473 in
2588 2417 2819 2473 Domini
2852 2420 3037 2474 nostri
3067 2420 3208 2475 Jesu
3242 2419 3455 2475 Christi
3508 2437 3745 2494 corpore
3799 2437 3949 2492 prae-

2292 2510 2683 2563 monstratum
2718 2511 2824 2575 est,
2846 2507 2945 2580 qui
2976 2512 3066 2563 est
3095 2509 3525 2582 primogenitus
3556 2514 3946 2565 mortuorum.

2291 2596 2427 2652 Dies
2479 2601 2676 2652 autem
2708 2597 3049 2653 Dominicus
3090 2614 3124 2653 a
3163 2598 3513 2655 Christianis
3566 2602 3698 2671 post
3751 2615 3952 2654 resur-

2293 2684 2605 2742 rectionem
2638 2686 2868 2742 Domini
2920 2685 3248 2743 celebratus
3291 2691 3481 2755 est,et
3528 2704 3598 2743 ex
3646 2686 3743 2743 illo
3775 2689 3956 2760 coepit

2292 2774 2504 2830 habere
2558 2776 2926 2832 festivitatem
2978 2779 3385 2833 suam.Tanta
3415 2794 3550 2850 ergo
3603 2777 3780 2848 hujus
3833 2777 3955 2833 diei

2292 2864 2463 2919 debet
2491 2882 2619 2921 esse
2651 2866 3023 2921 observantia
3061 2870 3127 2921 ut
3166 2871 3373 2938 praeter
3398 2868 3688 2922 orationes
3719 2870 3777 2922 et
3806 2867 3955 2923 mis-

2293 2970 2491 3009 sarum
2525 2954 2812 3010 solemnia
2842 2959 2899 3011 et
2930 2972 2996 3010 ea
3022 2972 3146 3029 quae
3174 2957 3246 3012 ad
3270 2957 3624 3011 vescendum
3656 2956 3959 3029 pertinent

2293 3042 2439 3099 nihil
2473 3042 2628 3099 aliud
2662 3044 2779 3099 ﬁat.
2804 3044 3087 3101 Videlicet
3130 3049 3194 3100 ut
3243 3063 3348 3101 nec
3399 3062 3577 3119 opera
3626 3044 3858 3100 servilia
3890 3045 3955 3100 in

2292 3150 2358 3188 eo
2390 3137 2660 3205 agantur,
2695 3150 2800 3188 nec
2842 3133 2948 3188 viri
2990 3134 3209 3190 ruralia
3239 3138 3564 3201 exerceant,
3599 3151 3704 3189 nec
3750 3133 3958 3189 vineas

2295 3220 2507 3289 colant,
2553 3238 2658 3277 nec
2716 3239 2955 3294 campos
3013 3227 3197 3292 arent,
3232 3240 3338 3279 nec
3392 3240 3646 3279 messem
3704 3226 3955 3289 metant,

2213 3296 2254 3362 C
2297 3327 2400 3366 nec
2450 3310 2649 3366 fenum
2701 3316 2914 3379 secent,
2949 3329 3057 3368 nec
3106 3330 3303 3385 sepem
3358 3316 3596 3384 ponant,
3637 3329 3743 3366 nec
3775 3310 3958 3368 silvas

2295 3400 2561 3472 stirpent,
2584 3417 2688 3456 nec
2712 3402 2947 3457 arbores
2969 3402 3211 3469 caedant,
3236 3419 3343 3458 nec
3365 3403 3424 3457 in
3450 3401 3629 3474 petris
3661 3400 3953 3469 laborent,

2294 3507 2399 3545 nec
2421 3491 2629 3546 domos
2651 3495 3014 3560 construant,
3040 3508 3144 3547 nec
3172 3491 3410 3547 hortum
3443 3490 3678 3557 faciant,
3703 3507 3806 3545 nec
3835 3494 3954 3547 ter-

2293 3597 2420 3634 ram
2453 3582 2742 3648 moveant,
2774 3597 2877 3635 nec
2910 3581 2982 3636 ad
3014 3580 3228 3652 placita
3257 3580 3621 3647 conveniant,
3647 3596 3751 3635 nec
3776 3596 3956 3635 vena-

2293 3669 2481 3725 tiones
2503 3674 2827 3737 exerceant,
2854 3669 2967 3723 nisi
2995 3673 3226 3723 tantum
3247 3669 3361 3724 cibi
3388 3668 3475 3724 vel
3498 3667 3729 3741 frigoris
3756 3684 3958 3722 neces-

2294 3759 2482 3814 sitate.
2511 3759 2653 3815 Item
2684 3758 2914 3813 femina:
2946 3775 3123 3831 opera
3152 3758 3406 3813 trextilia
3435 3775 3550 3813 non
3584 3758 3819 3823 faciant,
3847 3773 3958 3812 nec

2291 3848 2643 3904 vestimenta
2672 3848 2963 3920 capulent,
2995 3864 3100 3902 nec
3130 3852 3436 3916 consuant,
3471 3864 3574 3902 nec
3606 3845 3960 3903 vestimenta

2294 3937 2505 4005 lavent,
2540 3954 2645 3993 nec
2677 3937 2909 4008 liniant,
2942 3954 3047 3993 nec
3093 3936 3282 3991 linum
3333 3938 3584 4002 battant,
3619 3952 3723 3991 nec
3756 3935 3958 3991 lanam

2293 4045 2529 4100 carpere
2550 4032 2930 4099 praesumant,
2952 4045 3059 4083 nec
3080 4027 3343 4082 berbices
3364 4027 3663 4091 tondeant,
3686 4030 3747 4080 ut
3769 4026 3962 4080 omni-

2294 4118 2485 4172 modis
2516 4118 2801 4172 bonorum
2835 4117 3067 4189 requies
3099 4116 3192 4171 die
3218 4114 3523 4171 Dominico
3568 4113 3957 4186 persolvatur.

2292 4207 2421 4278 Ipse
2452 4210 2541 4262 est
2572 4206 2729 4262 enim
2779 4205 3007 4278 primus
3040 4205 3164 4261 dies
3196 4204 3413 4261 saeculi.
3448 4204 3512 4259 In
3543 4204 3670 4276 ipso
3703 4204 3961 4259 formata

2293 4300 2431 4351 sunt
2460 4296 2745 4351 elementa
2775 4294 3001 4363 mundi,
3024 4295 3083 4349 in
3117 4295 3244 4367 ipso
3272 4293 3449 4350 creati
3480 4297 3619 4349 sunt
3647 4291 3865 4364 angeli,
3898 4293 3955 4348 in

2291 4401 2356 4440 eo
2387 4401 2606 4440 manna
2635 4386 2706 4440 de
2738 4384 2880 4439 cmlo
2904 4385 3106 4439 datum
3139 4390 3249 4451 est,
3276 4383 3335 4438 in
3368 4400 3435 4438 ea
3464 4383 3820 4453 Redemptor
3842 4381 3957 4437 hu-

2291 4475 2447 4530 mani
2482 4473 2712 4548 generis
2743 4492 2777 4529 a
2806 4474 3057 4529 mortuis
3106 4473 3438 4540 resurrexit,
3464 4472 3525 4526 in
3577 4487 3642 4527 eo
3690 4471 3955 4543 Spiritus

2290 4568 2529 4620 sanctus
2560 4582 2738 4636 super
2774 4562 3094 4636 discipulos
3124 4562 3443 4618 descendit.
3469 4560 3951 4617 Conveniendum

2208 4674 2250 4738 ι)
2284 4660 2373 4711 est
2421 4655 2662 4711 sabbato
2701 4654 2793 4707 die
2831 4670 2965 4708 eum
3023 4651 3417 4708 luminaribus
3475 4651 3547 4707 ad
3606 4649 3940 4718 ecclesiam,

2282 4744 2743 4801 conveniendum
2777 4746 2866 4799 est
2915 4744 2985 4797 ad
3035 4742 3266 4816 vigilias
3299 4743 3418 4798 sive
3448 4742 3520 4797 ad
3574 4740 3941 4795 matutinum

2283 4833 3046 4895 ofﬁcium.concurrendum
3070 4837 3157 4888 est
3176 4832 3355 4888 etiam
3377 4848 3509 4887 cum
3544 4829 3943 4886 oblationibus

2283 4924 2355 4978 ad
2387 4923 2707 4978 missarum
2748 4922 3052 4978 solemnia.
3076 4922 3146 4977 Et
3191 4922 3333 4976 dum
3381 4920 3741 4987 convenitur,
3776 4918 3944 4976 nulla

2274 5012 2475 5085 jurgia
2504 5017 2643 5068 sunt
2672 5011 2968 5081 habenda;
2998 5012 3099 5068 sed
3130 5015 3254 5067 tota
3298 5011 3391 5066 die
3427 5015 3658 5065 tantum
3690 5010 3807 5065 Deo
3841 5027 3943 5065 va-

2283 5103 2535 5158 candum
2561 5105 2668 5169 est,
2694 5119 2810 5156 non
2842 5101 2901 5156 in
2928 5101 3167 5173 crapula
3194 5105 3249 5156 et
3270 5100 3547 5156 ebrietate
3570 5098 3655 5154 vel
3686 5100 3743 5153 in
3775 5098 3944 5153 luxu-

2284 5192 2385 5247 riis
2416 5196 2473 5246 et
2495 5191 2865 5262 jocularibus
2911 5190 3125 5257 verbis,
3159 5191 3261 5246 sed
3310 5190 3369 5244 in
3423 5189 3525 5245 Dei
3573 5187 3854 5244 laudibus
3884 5191 3943 5243 et

2283 5280 2667 5354 eleemosynis
2698 5297 2831 5336 cum
2874 5280 3100 5347 amicis,
3153 5279 3457 5352 proximis,
3508 5282 3566 5334 et
3612 5277 3941 5351 peregrinis

2281 5371 2625 5446 spiritaliter
2658 5370 3039 5443 epulandum.

2878 5477 3109 5533 CAPUT
3154 5478 3372 5534 XXVII.

2781 5575 2858 5625 De
2886 5569 3074 5624 diebus
3099 5571 3253 5641 festis
3279 5570 3436 5624 anni.

2351 5660 2498 5733 (Lib.
2533 5676 2577 5718 II
2608 5659 2936 5732 Capitnlar.,
2993 5676 3121 5732 cap.
3167 5660 3263 5730 35;
3322 5659 3562 5732 Regino,
3596 5657 3698 5714 lib.
3734 5673 3772 5730 ι,
3808 5674 3935 5732 cap.
