4126 6464
455 379 578 473 τω

1056 507 1288 564 CAPUT
1327 506 1513 562 XXXI.

781 601 861 656 De
886 597 1379 655 observationibus
1408 596 1791 669 jejuniorum.

534 707 899 782 (Capitulare
932 705 1246 778 Theodulﬁ,
1280 722 1406 779 cap.
1441 705 1548 774 110;
1581 701 2116 774 Capitutar.Caroli

462 800 640 871 Calvi,
672 798 765 855 tit.
817 798 909 866 38,
958 813 1084 869 cap.
1130 797 1198 864 8;
1232 795 1570 865 Capitulare
1627 794 1936 865 Theodulﬁ,
1985 809 2110 865 cap.

464 889 581 961 42.)
619 886 990 945 Abstinentia
1036 885 1097 941 in
1142 885 1349 941 diebus
1395 884 1605 957 jejunii
1658 901 1804 957 pene
1851 883 2116 939 omnium

465 977 811 1036 deliciarum
840 991 969 1032 esse
997 975 1185 1043 debet,
1219 977 1276 1030 et
1304 974 1498 1030 sobrie
1519 976 1576 1029 et
1597 977 1752 1029 caste
1781 972 2114 1040 vivendum,

467 1070 538 1125 ut
565 1065 925 1123 sanctiﬁcato
982 1062 1154 1120 corde
1208 1067 1267 1118 et
1322 1079 1563 1135 corpore
1608 1062 1722 1135 ipsi
1762 1060 1950 1118 sancti
1994 1059 2117 1116 dies

467 1156 891 1228 transigantur.
934 1151 1415 1210 Denuntiandum
1465 1155 1555 1208 est
1604 1150 1779 1208 etiam
1829 1149 2118 1206 ministris

467 1243 800 1318 reipublicae
830 1245 897 1298 ut
924 1258 959 1299 a
986 1247 1197 1313 quarta
1218 1240 1364 1297 feria
1384 1244 1519 1297 ante
1539 1241 1775 1297 initium
1794 1240 2117 1313 Quadrage-

463 1334 762 1402 simaamec
791 1332 851 1388 in
882 1332 1013 1406 ipsa
1043 1335 1253 1405 quarta
1282 1330 1448 1401 feria,
1480 1347 1669 1403 usque
1715 1334 1847 1403 post
1888 1333 2120 1386 octavas

463 1421 971 1492 Paschw,mallum
1001 1420 1092 1477 vel
1126 1420 1406 1493 placitum
1429 1420 1733 1493 publicum
1757 1419 1870 1477 nisi
1894 1421 1964 1475 de
1988 1436 2122 1475 con-

464 1512 668 1571 cordia
693 1516 751 1569 et
798 1510 1205 1585 paciﬁcaticne
1255 1510 1721 1567 discordantium
1752 1514 1948 1567 tenere
1974 1527 2119 1583 prm-

464 1605 725 1661 sumant.
758 1600 1041 1659 Similiter
1070 1618 1104 1657 a
1134 1603 1342 1673 quarta
1386 1599 1529 1656 feria
1559 1604 1694 1655 ante
1732 1599 2117 1668 nativitatem,

465 1691 699 1750 Domini
721 1707 908 1764 usque
940 1694 1073 1763 post
1101 1693 1472 1746 consecratos
1503 1690 1627 1746 dies
1649 1690 2121 1758 observent,nec-

467 1798 586 1840 non
617 1785 674 1839 et
703 1781 764 1837 in
787 1780 1033 1854 jejuniis
1054 1783 1310 1852 quatuor
1330 1784 1663 1852 temporum
1692 1779 1824 1836 etin
1848 1778 2120 1852 Rogatio-

468 1870 645 1929 nibus
665 1870 793 1927 etin
811 1870 1119 1942 caeterisjej
1129 1868 1283 1925 uniis
1296 1869 1631 1926 constitutis
1653 1867 1834 1924 simili
1850 1868 2121 1924 observa-
2154 1887 2201 1953 Β

467 1960 629 2021 tione
657 1960 894 2017 eosdem
928 1957 1166 2015 feriatos
1196 1958 1322 2014 dies
1352 1957 1614 2014 venerari
1643 1956 1978 2014 omnimodis
2001 1961 2122 2013 stu-

468 2048 735 2108 deant.In
763 2047 857 2105 his
887 2052 1084 2103 autem
1105 2047 1470 2119 jejuniorum
1503 2046 1710 2103 diebus
1742 2046 1916 2102 nullis
1965 2045 2118 2115 lites,

468 2135 645 2193 nullae
657 2135 1060 2193 contentiones
1076 2151 1206 2191 esse
1227 2135 1459 2200 debent,
1470 2135 1571 2191 sed
1584 2134 1644 2190 in
1657 2134 1757 2191 Dei
1773 2134 2051 2191 laudibus
2064 2141 2123 2192 et

467 2226 530 2283 in
542 2242 715 2300 opere
726 2224 1055 2283 necessario
1066 2223 1895 2299 persistendum.Arguitenim
1910 2241 2008 2282 eos
2022 2225 2122 2298 qui

470 2314 872 2372 contentiones
902 2317 961 2370 et
989 2312 1123 2370 lites
1136 2313 1353 2385 jejunii
1372 2318 1633 2387 tempore
1654 2318 2005 2383 exercent,et
2022 2315 2120 2387 qui

469 2404 667 2461 debita
695 2421 730 2460 a
758 2403 1123 2460 debitoribus
1154 2402 1412 2476 exigunt,
1448 2403 1732 2461 Dominus
1757 2421 1859 2476 per
1879 2404 2125 2477 prophe-

466 2497 592 2551 tam
603 2494 804 2551 dicens
829 2511 841 2550 :
866 2498 1005 2551 Ecce
1021 2493 1081 2550 in
1102 2493 1200 2550 die
1210 2494 1434 2564 jejunii
1451 2494 1626 2550 vestri
1645 2494 2019 2551 inveniuntur
2034 2511 2125 2550 vo-

469 2585 717 2642 luntates
745 2590 1041 2653 vestraemt
1070 2600 1265 2640 omnes
1289 2584 1573 2640 debitores
1599 2594 1816 2641 vestros
1838 2585 2120 2655 repetitis.

464 2678 611 2732 Ecce
636 2674 715 2730 ad
744 2671 872 2730 lites
899 2682 955 2730 et
980 2674 1370 2730 contentiones
1390 2674 1699 2745 jejunatis,
1733 2683 1788 2730 et
1816 2675 2123 2746 percutitis

465 2777 665 2837 pugno
692 2761 890 2833 impie,

1049 2868 1280 2925 CAPUT
1316 2869 1529 2926 XXXII.

804 2962 883 3016 De
907 2959 1245 3033 panitentia
1260 2958 1535 3032 ﬁdelibus
1565 2960 1778 3017 danda.

545 3067 904 3141 (Capitulare
949 3068 1258 3140 Theodulﬁ,
1305 3084 1430 3140 cap.
1463 3068 1551 3136 36,
1586 3068 1694 3137 31).
1745 3068 2124 3127 Hebdomada

475 3174 596 3216 una
613 3162 748 3214 ante
766 3156 1000 3213 initium
1022 3156 1489 3230 Quadragesimee
1516 3157 1912 3214 confessiones
1931 3176 2120 3215 sacer-

469 3247 706 3305 dotibus
736 3246 941 3302 dandaa
972 3250 1111 3302 sunt
1142 3247 1481 3319 paenitentia
1511 3246 1869 3319 accipienda,
1901 3246 2120 3303 discor-
2150 3264 2192 3330 ρ

471 3336 679 3392 dantes
708 3334 1145 3403 reconciliandi,
1180 3340 1237 3391 et
1270 3336 1469 3390 omnia
1504 3336 1704 3408 jurgia
1734 3337 2032 3403 sedanda;
2065 3341 2124 3392 et

471 3424 767 3482 dimittere
796 3425 1011 3481 debent
1040 3424 1237 3480 debita
1265 3424 1515 3480 invicem
1545 3425 1615 3480 de
1665 3425 1941 3481 cordibus
1972 3426 2118 3494 suis,

470 3517 538 3571 ut
566 3512 811 3571 liberius
838 3514 1064 3570 dicant:
1090 3514 1324 3569 Dimitte
1348 3514 1507 3570 nobis
1529 3513 1724 3569 debita
1744 3517 2122 3581 nostra,sicut

469 3612 526 3660 et
552 3620 658 3662 nos
685 3604 1040 3660 dimittimus
1064 3602 1421 3659 debitoribus
1447 3604 1677 3659 nostris.
1712 3604 1780 3658 Et
1812 3602 1894 3659 sic
1924 3604 2120 3677 ingre-

465 3691 695 3749 dientes
725 3692 785 3747 in
816 3692 997 3747 beatae
1028 3691 1496 3764 Quadragesimm
1528 3696 1762 3764 tempus
1794 3693 2033 3749 mundis
2064 3697 2121 3749 et

464 3780 792 3855 puriﬁcatis
807 3780 1106 3836 mentibus
1128 3780 1197 3835 ad
1220 3786 1486 3835 sanctum
1511 3781 1733 3836 Pascha
1757 3782 2120 3848 accedant,et

464 3886 570 3943 per
601 3867 1002 3942 pmnitentiam
1052 3885 1114 3925 se
1163 3873 1458 3937 renovent,
1509 3887 1635 3941 quas
1687 3874 1775 3925 est
1824 3871 2119 3927 secundus

462 3958 1232 4031 baptismus.Confessiones
1262 3974 1398 4013 varo
1421 3959 1625 4013 dandae
1659 3963 1800 4014 sunt
1829 3960 1900 4014 de
1928 3959 2115 4015 omni-

460 4047 573 4104 bus
602 4046 856 4121 peccatis
888 4063 1012 4119 quaa
1044 4046 1163 4102 sive
1194 4045 1253 4101 in
1297 4063 1469 4118 opere
1523 4047 1643 4105 sive
1671 4046 1733 4102 in
1765 4048 2117 4121 cogitatione

458 4136 1035 4210 perpetrantur.Octo
1060 4139 1197 4191 sunt
1219 4135 1361 4191 vitia
1383 4134 1730 4209 principalia
1752 4136 1877 4192 sine
1900 4137 2116 4208 quibus

456 4225 551 4282 vix
580 4225 737 4281 ullus
766 4224 1012 4282 inveniri
1045 4229 1256 4297 potest.
1292 4226 1395 4280 Est
1424 4226 1580 4280 enim
1612 4225 1871 4297 primum
1896 4226 2113 4299 gastri-

458 4315 821 4389 margia,hoc
852 4318 939 4371 est
967 4314 1188 4370 ventris
1224 4313 1529 4387 ingluvies,
1562 4316 1890 4371 secundum
1935 4315 2113 4370 forni-

457 4403 878 4473 catio,tertium
911 4402 1133 4459 accidia
1157 4402 1275 4458 sive
1307 4402 1568 4469 tristitia,
1604 4407 1880 4474 quartum
1922 4403 2113 4458 avari-

458 4492 563 4560 tia,
596 4492 871 4564 quintum
912 4508 1062 4547 vana
1107 4490 1314 4565 gloria,
1363 4496 1592 4548 sextum
1640 4491 1880 4559 invidia,
1933 4493 2113 4565 septi-

460 4596 627 4637 mum
656 4579 764 4647 ira,
784 4586 1051 4636 octavum
1102 4580 1398 4653 superbia.
1431 4580 1672 4645 Quando
1704 4598 1840 4654 ergo
1874 4580 2007 4653 quis
2038 4582 2109 4637 ad

458 4669 888 4726 confessionem
917 4668 1094 4736 venit,
1127 4669 1439 4742 diligenter
1486 4669 1657 4725 debet
1704 4670 1924 4742 inquiri
1970 4688 2111 4744 quo-

459 4758 635 4814 modo
664 4761 766 4813 aut
788 4775 903 4831 qua
923 4759 1227 4815 occasione
1249 4764 1555 4830 peccatum
1585 4760 1935 4832 perpetravit
1954 4762 2110 4833 quod

459 4847 755 4921 peregisse
786 4848 1114 4915 conﬁtetur,
1139 4852 1195 4903 et
1218 4850 1388 4920 juxta
1420 4849 1660 4903 modum
1692 4850 1825 4905 facti
1855 4850 2027 4906 debet
2058 4851 2108 4906 ei

456 4936 799 5009 pmnitentia
824 4935 1283 4992 indicari.Debet
1311 4938 1360 4993 ei
1396 4938 1733 5010 persuaderi
1766 4942 1830 4993 ut
1878 4940 1948 4995 de
1980 4956 2108 5011 per-

453 5025 638 5081 versis
669 5025 1120 5099 cogitationibus
1151 5026 1323 5082 faciat
1368 5026 1815 5082 confessionem.
1850 5029 2028 5084 Debet
2057 5028 2110 5083 ei

453 5112 629 5171 etiam
661 5114 888 5188 injungi
926 5130 990 5170 ut
1020 5117 1089 5171 dc
1117 5119 1242 5170 orto
1274 5115 1431 5170 vitiis
1480 5115 1903 5187 principalibus
1934 5116 2110 5172 faciat

452 5203 899 5261 confessionem.
960 5205 1029 5259 Et
1088 5204 1433 5260 nominatim
1489 5204 1661 5260 debet
1718 5206 1767 5259 ei
1836 5207 2108 5262 sacerdos

450 5293 915 5365 unumquodque
945 5292 1153 5348 vitium
1188 5293 1376 5349 dicere
1408 5297 1464 5348 et
1496 5310 1663 5349 suam
1694 5293 1763 5349 de
1795 5311 1860 5349 eo
1890 5295 2111 5350 confes-

450 5381 678 5438 sionem
707 5382 991 5454 accipere.

1023 5489 1252 5545 CAPUT
1292 5489 1532 5545 XXXIII.

718 5581 801 5637 Dc
829 5579 1016 5635 modis
1038 5580 1387 5649 panitentiaz
1416 5580 1506 5634 vet
1532 5580 1823 5637 remediis.

526 5683 757 5765 (Concit.
789 5687 1045 5748 Gabi/on.
1081 5705 1139 5757 ιι,
1175 5703 1303 5762 cap.
1336 5687 1449 5760 38.)
1483 5686 1692 5744 Modus
1742 5693 1936 5745 autem
1985 5708 2104 5764 po:-

1489 374 1825 437 itODULFI
1870 370 2417 435 BI'I‘URICENSIS
2461 369 2840 430 EPISCOPI.

3755 362 3888 419 720

2140 508 2196 575 Α
2223 501 2479 559 nitentia:
2510 504 2748 575 peccata
2776 516 2883 555 sua
2914 495 3330 555 conﬁtentibus
3360 498 3461 551 aut
3478 510 3579 568 per
3608 494 3889 566 antiquo-

2224 609 2355 648 rum
2395 604 2686 647 canonum
2733 587 3187 655 institutionem,
3239 589 3341 642 aut
3387 600 3492 657 per
3535 588 3881 641 sanctarum

2225 681 2663 754 Scripturarum
2694 677 3122 744 auctoritatem,
3157 680 3259 732 aut
3287 692 3389 748 per
3418 674 3882 731 ecclesiasticam

2224 768 2710 827 consuetudinem
2742 766 2963 840 imponi
2995 765 3515 838 debet,repudiatis
3545 782 3611 820 ac
3642 765 3885 837 penitus

2224 859 2544 916 eliminatis
2573 857 2787 914 libellis
2831 873 2981 929 quos
3008 852 3440 928 pmnitentiales
3470 859 3708 923 vocant;
3736 871 3884 927 quo-

2225 966 2357 1005 rum
2390 952 2531 1005 sunt
2561 947 2699 1004 certi
2731 963 2975 1011 errores,
3007 944 3211 1000 incerti
3237 947 3524 1015 auctores,
3558 945 3627 1000 de
3658 944 3883 1017 quibus

2227 1042 2382 1095 recte
2403 1038 2517 1094 dici
2540 1036 2728 1111 polest
2751 1053 2765 1092 :
2789 1036 3211 1107 Mortiﬁcabant
3230 1035 3463 1090 animus
3483 1050 3604 1106 quae
3623 1050 3737 1090 non
3760 1050 3885 1091 nio-

2227 1130 2619 1195 riebantur,et
2650 1125 3014 1197 viviﬁcabant
3041 1125 3267 1180 animas
3295 1140 3420 1197 qua:
3447 1140 3560 1180 non
3592 1125 3878 1180 vivebant.

2227 1217 2335 1283 Qui
2365 1219 2508 1274 dum
2539 1234 2643 1290 pro
2688 1215 2944 1289 peccatis
2992 1214 3269 1287 gravibus
3318 1212 3473 1269 leves
3503 1213 3789 1285 quosdam
3823 1219 3885 1268 et

2226 1304 2545 1362 inusitatos
2575 1304 2890 1376 imponunt
2934 1300 3285 1374 poenitentia:
3313 1300 3539 1370 modos,
3586 1306 3887 1358 consuunt

2229 1393 2523 1468 pulvillos,
2558 1393 2883 1449 secundum
2932 1391 3339 1466 propheticum
3381 1406 3731 1459 sermonem,
3765 1391 3883 1447 sub

2230 1482 2392 1540 omni
2420 1483 2615 1539 cubito
2646 1499 2859 1538 manus
2891 1485 2949 1537 et
2981 1480 3203 1536 faciunt
3224 1479 3531 1535 cervicalia
3561 1481 3669 1536 sub
3691 1481 3887 1554 capite

2230 1573 2515 1629 universa
2542 1572 2729 1628 astatis
2770 1571 2842 1628 ad
2891 1570 3206 1643 capiendas
3235 1569 3486 1625 animas.
3520 1570 3683 1626 Sicut
3720 1571 3887 1627 enim

2229 1662 2562 1735 baptismus
2592 1664 2848 1735 peccata,
2868 1661 2951 1716 ita
2971 1664 3029 1716 et
3048 1658 3388 1732 paenitentia
3406 1664 3632 1732 purgat.
3645 1660 3887 1733 Septem

2230 1752 2386 1807 enim
2419 1751 2611 1808 modis
2639 1754 2878 1824 peccata
2928 1748 3143 1805 dimitti
3191 1747 3493 1821 Scriptura
3539 1754 3742 1806 sancta
3779 1750 3886 1806 de-

2232 1845 2542 1897 monstrat.
2575 1841 2769 1896 Primo
2791 1841 2851 1895 in
2881 1839 3518 1912 baptismate,secundo
3539 1856 3641 1911 per
3670 1844 3890 1912 marty-

2232 1931 2585 2000 rium,tertio
2615 1947 2718 2003 per
2747 1929 3198 2002 eleemosynam,
3226 1930 3395 2001 juxta
3445 1927 3586 1985 illud
3630 1946 3885 2003 evange-

2232 2037 2366 2075 cum
2402 2020 2843 2076 :Verumtamen
2897 2019 3031 2075 date
3082 2016 3528 2089 eleemosynam,
3586 2029 3642 2075 et
3684 2020 3886 2076 omnia

2231 2110 2448 2166 munda
2474 2119 2609 2166 sunt
2637 2110 2807 2167 vobis.
2843 2109 3058 2173 Quarto
3091 2107 3140 2163 si
3172 2109 3430 2162 remittat
3455 2107 3588 2179 quis
3619 2109 3887 2181 peccanti

2231 2198 2290 2254 in
2323 2216 2385 2255 se
2414 2202 2651 2271 peccata
2680 2216 2808 2266 sua,
2833 2199 3004 2270 juxta
3033 2195 3177 2251 illud
3214 2213 3227 2251 :
3260 2196 3539 2252 Dimittite
3561 2207 3615 2254 et
3635 2198 3889 2255 dimitte-

2233 2300 2332 2346 tur
2359 2290 2533 2346 vobis.
2567 2289 2778 2353 Quinto
2810 2288 2857 2343 si
2890 2303 2994 2360 per
3031 2285 3501 2359 praedicationem
3533 2288 3666 2359 quis
3696 2291 3754 2343 et
3783 2288 3888 2345 bo-

2233 2397 2440 2435 norum
2474 2395 2717 2452 operum
2751 2376 3088 2434 exercitium
3122 2374 3268 2432 alios
3299 2376 3369 2431 ab
3401 2392 3593 2432 errore
3623 2394 3729 2432 suo
3750 2394 3889 2433 con-

2229 2472 2436 2540 vertat,
2461 2468 2632 2540 juxta
2660 2466 2805 2522 illud
2854 2464 3115 2539 Apostoli
3148 2483 3160 2520 :
3186 2465 3470 2536 Quoniam
3502 2466 3600 2538 qui
3624 2468 3891 2524 converti

2229 2560 2436 2630 fecerit
2448 2566 2809 2628 peccatorem
2819 2558 3105 2612 aberrare
3117 2555 3219 2611 viae
3230 2555 3889 2623 suae,satrabitanimam

2232 2649 2358 2719 ejus
2387 2664 2425 2703 a
2444 2647 2832 2703 morte.Sexto
2850 2663 2954 2718 per
2980 2644 3517 2717 cbaritatemjuxta
3534 2644 3707 2701 illud:
3734 2646 3886 2704 Cha-

2232 2738 2379 2794 ritas
2413 2737 2641 2794 Domini
2660 2736 2918 2806 cooperit
2933 2735 3364 2791 multitudinem
3385 2737 3890 2803 peccatorumSe-

2233 2828 2419 2899 ptimo
2451 2844 2553 2899 per
2580 2824 3181 2899 pcenitentiam,juxta
3205 2823 3359 2895 quod
3383 2822 3463 2878 ait
3492 2823 3669 2881 David
3697 2842 3709 2879 :
3745 2828 3892 2883 Con-

2231 2934 2430 2973 versus
2458 2934 2583 2973 sum
2628 2917 2689 2973 in
2737 2931 3003 2972 azrumna
3052 2914 3189 2970 dum
3232 2914 3537 2984 configitur
3562 2919 3746 2984 spina.
3779 2915 3890 2973 His

2232 3024 2368 3081 ergo
2400 3010 2622 3079 septem
2656 3004 2848 3061 modis
2879 3010 2935 3060 et
2966 3002 3233 3060 remissio
3264 3003 3438 3058 datur
3460 3007 3518 3059 et
3548 3008 3771 3060 aeternae
3801 3021 3895 3062 re-

2230 3096 2571 3152 tributionis
2601 3094 2908 3169 praemium
2939 3092 3281 3165 acquiritur'

2798 3210 3031 3267 CAPUT
3075 3208 3311 3265 XXXIV.

2696 3306 2776 3358 De
2808 3301 3036 3370 publica
3063 3300 3419 3369 paenitentia.

2306 3411 2535 3482 (Concil.
2586 3409 2763 3466 Cabit.
2816 3426 2878 3475 11,
2930 3424 3056 3479 cap.
3108 3408 3219 3478 25).
3262 3406 3665 3462 Paenitentiam
3714 3423 3892 3480 agere

2224 3504 2393 3574 juxta
2408 3500 2710 3572 antiquam
2736 3513 3026 3553 canonum
3054 3495 3484 3551 institutionem
3508 3495 3566 3550 in
3590 3494 3892 3568 plerisque

2230 3589 2373 3646 locis
2418 3591 2490 3646 ab
2541 3606 2652 3645 usu
2700 3586 2956 3655 recessit,
3004 3590 3062 3642 et
3103 3601 3293 3657 neque
3340 3584 3889 3641 excommunicandi

2230 3697 2420 3753 neque
2452 3678 2863 3735 reccnciliandi
2894 3674 3122 3747 antiqui
3151 3673 3330 3730 moris
3352 3675 3491 3730 ordo
3524 3675 3892 3730 servatur.Et

2228 3769 2356 3825 ideo
2389 3770 2491 3842 qui
2523 3767 2755 3842 publice
2787 3770 2986 3839 peccat
3015 3764 3249 3838 publica
3271 3763 3586 3819 mulctetur
3607 3764 3893 3836 pzcniten-

2228 3859 2307 3914 tia
2321 3864 2377 3915 et
2390 3858 2714 3915 secundum
2730 3856 2994 3912 ordinem
3014 3871 3304 3911 canonum
3325 3870 3428 3924 pro
3443 3853 3648 3908 merito
3663 3870 3769 3909 suo
3791 3869 3891 3908 ex-

2229 3948 2696 4004 communicetur
2724 3951 2781 4002 et
2812 3944 3238 4001 reconcilietur.
3272 3943 3398 3997 Non
3448 3942 3605 3997 enim
3653 3941 3888 3997 licitum

2225 4042 2313 4092 est
2344 4037 2698 4111 presbyteris
2724 4033 3017 4107 publicam
3051 4033 3187 4089 dare
3219 4031 3748 4105 pmnitentiam,sed
3776 4048 3889 4104 pu-

2226 4126 2372 4182 blice
2402 4131 2709 4199 peccantes
2739 4127 2967 4197 oportet
2997 4127 3062 4178 ut
3096 4124 3268 4194 juxta
3297 4121 3674 4193 antiquorum
3706 4137 3890 4176 cano-

2226 4233 2371 4271 num
2402 4216 2633 4270 decrcta
2680 4233 2783 4287 per
2829 4211 3162 4285 episcopale
3207 4210 3600 4267 ministerium
3646 4208 3889 4281 publica

2223 4310 2409 4362 Deum
2443 4305 2717 4360 studeant
2749 4302 3145 4359 satisfactione
3177 4299 3428 4373 placare.

2814 4418 3047 4474 CAPUT
3084 4416 3293 4472 XXXV.

2727 4514 2804 4564 De
2835 4508 3031 4564 usuris
3068 4515 3123 4562 et
3159 4508 3378 4578 fenore.

2295 4617 2535 4690 Oportet
2567 4617 2894 4672 sacerdotes
2926 4620 2982 4671 et
3009 4631 3214 4671 omnes
3243 4614 3301 4668 in
3333 4628 3646 4669 commune
3681 4611 3885 4668 ﬁdeles

2227 4710 2290 4762 ut
2312 4707 2361 4761 si
2392 4707 2628 4779 quando
2652 4706 2848 4778 fruges
2864 4704 2951 4760 vel
2966 4705 3253 4776 quosdam
3273 4701 3535 4757 redditus
3563 4704 3729 4756 terrae
3748 4716 3888 4755 con-

2223 4792 2467 4869 gregant
2495 4799 2551 4851 et
2583 4793 3015 4867 protelant,non
3048 4794 3177 4849 ideo
3208 4792 3318 4847 hoc
3350 4790 3568 4847 faciant
3600 4793 3663 4845 ut
3685 4791 3884 4846 carius

2220 4887 2476 4941 vendant
2505 4889 2562 4940 et
2591 4883 2900 4940 thesauros
2930 4881 3412 4956 congregent,sed
3438 4884 3502 4935 ut
3521 4878 3883 4952 pauperibus

2220 4980 2482 5047 tempore
2509 4974 2877 5030 necessitatis
2894 4972 3244 5029 subveniant
3268 4989 3281 5035 ;
3306 4986 3410 5026 nec
3434 4969 3507 5025 ad
3522 4984 3764 5024 usuram
3780 4966 3886 5021 ali-

2220 5063 2363 5133 quid
2396 5062 2556 5129 dent,
2592 5062 2871 5133 quoniam
2906 5062 2975 5118 ab
3010 5061 3137 5134 ipso
3170 5058 3417 5116 Domino
3447 5057 3507 5112 in
3528 5056 3654 5128 lege
3686 5056 3881 5110 omni-

2220 5151 2332 5207 bus
2360 5150 2737 5206 interdictum
2772 5154 2861 5206 est
2891 5152 2962 5205 ad
2987 5167 3231 5206 usuram
3262 5147 3485 5221 aliquid
3532 5146 3690 5201 dare.
3725 5144 3878 5217 (Lib.

2223 5242 2622 5313 [Capitular.,
2673 5258 2801 5313 cap.
2856 5240 2979 5311 119,
3030 5240 3155 5309 124,
3208 5238 3353 5310 125.)
3404 5237 3595 5293 Usura
3638 5238 3727 5290 est
3775 5233 3880 5289 ubi

2220 5330 2475 5403 amplius
2506 5330 2825 5401 requiritur
2856 5346 3035 5402 quam
3067 5326 3442 5385 datur.Verbi
3475 5324 3742 5397 gratia,si
3775 5324 3877 5378 de-

2219 5421 2373 5477 deris
2408 5418 2625 5476 solidos
2657 5419 2855 5475 decem
2885 5424 2942 5475 et
2992 5418 3247 5491 amplius
3296 5414 3657 5489 requisieris,
3702 5412 3791 5468 vel
3823 5413 3875 5468 si

2217 5509 2448 5565 dederis
2480 5509 2706 5564 modios
2754 5507 3033 5564 frumenti
3065 5512 3166 5563 aut
3194 5507 3335 5575 vini,
3359 5511 3417 5561 et
3446 5506 3660 5560 iterum
3697 5518 3878 5574 super

2217 5599 2438 5671 aliquid
2471 5615 2822 5671 quacunque
2853 5599 3159 5654 occasione
3189 5595 3276 5652 vel
3313 5607 3667 5668 quocunque
3699 5592 3875 5647 modo

2216 5688 2855 5763 exegeris.Quicnnquc
2885 5688 3040 5744 cnim
3074 5691 3332 5761 tempore
3361 5682 3572 5741 messis
3605 5679 3694 5737 vel
3726 5684 3874 5737 tem-
