4126 6454
241 453 351 515 721

1739 454 2152 521 CAPITULA.

3533 461 3652 527 722

237 603 377 662 pore
410 584 735 655 vindemiae,
770 601 885 643 non
919 581 1284 654 necessitate,
1315 585 1417 644 sed
1447 589 1686 661 propter
1713 588 1883 662 cupi-
1912 588 1968 657 Α
1995 586 2306 647 rectionem
2337 585 2572 665 plenam
2593 592 2989 666 consequatur
3012 594 3142 652 acta
3172 590 3438 670 legitima
3467 596 3651 673 pcsni-

238 677 503 746 ditatem,
537 680 838 749 comparat
867 693 1163 733 annonam
1220 682 1321 733 aut
1350 677 1574 747 vinum,
1607 682 1666 735 et
1695 683 1885 735 servat

236 784 426 839 usque
457 767 597 821 dum
630 764 824 820 carius
853 766 1187 822 venundare
1216 766 1421 839 possit,
1454 766 1565 821 hoc
1594 771 1765 839 turpe
1793 766 1886 822 lu-

234 872 400 913 crum
431 872 559 912 esse
588 854 1060 911 dicimus.Fenus
1083 859 1279 911 autem
1297 859 1521 912 exercet
1538 855 1639 928 qui
1661 854 1883 928 aliquid

233 948 493 1017 praestat.
527 944 673 999 Nam
697 945 931 1015 justum
981 943 1151 999 fenus
1195 948 1305 1010 est,
1333 944 1433 1016 qui
1482 944 1736 1017 amplius
1767 962 1881 1001 non

230 1033 477 1106 requirit
507 1032 620 1089 nisi
652 1036 941 1105 quantum
974 1035 1233 1106 praestat.

801 1166 1034 1223 CAPUT
1073 1166 1309 1222 XXXVI.

576 1256 650 1312 De
674 1257 922 1329 periurio
952 1264 1004 1313 et
1028 1258 1171 1329 falso
1202 1257 1529 1312 testimonio.

300 1363 650 1435 (Capitulare
682 1360 973 1432 Theodulﬁ,
1008 1377 1133 1433 cap.
1166 1361 1255 1428 26,
1301 1360 1412 1433 27).
1438 1360 1877 1417 Praedicandum

227 1457 317 1508 est
347 1456 412 1507 ut
441 1450 735 1523 pejurium
768 1448 970 1506 fideles
1019 1453 1261 1506 caveant
1290 1453 1345 1504 et
1374 1450 1445 1505 ab
1476 1449 1585 1505 hoc
1617 1466 1879 1505 summo-

225 1558 365 1615 pere
394 1540 753 1607 abstineant,
787 1539 1039 1595 scientes
1071 1539 1181 1595 hoc
1212 1540 1432 1612 grande
1462 1538 1652 1594 scelus
1674 1556 1801 1595 esse
1822 1543 1879 1594 et

224 1630 284 1686 in
316 1630 443 1703 lege
472 1635 530 1684 et
559 1629 861 1702 prophetis
892 1628 1009 1684 sive
1040 1627 1337 1701 evangelio
1361 1626 1873 1699 prohibitum.Au-

223 1719 483 1774 divimus
515 1719 670 1774 enim
704 1718 991 1790 quosdam
1040 1718 1200 1790 parvi
1251 1718 1504 1789 pendere
1544 1717 1653 1773 hoc
1684 1717 1875 1773 scelus

223 1813 284 1864 et
312 1807 495 1864 levem
508 1807 765 1881 quodam
785 1807 956 1862 modo
982 1806 1237 1879 perjuris
1259 1806 1606 1879 pmnitcntiae
1627 1807 1872 1862 modum

221 1896 659 1970 imponere.Qui
680 1913 850 1952 nosse
868 1896 1082 1951 debent
1103 1895 1277 1951 talem
1306 1896 1376 1951 de
1408 1896 1664 1967 perjurio
1686 1896 1869 1968 pmni-

221 1987 471 2044 tentiam
494 1986 795 2059 imponere
817 1984 1027 2039 debere
1054 1984 1286 2057 qualem
1309 1987 1367 2039 et
1395 1985 1465 2039 de
1489 1984 1873 2052 adulterio,de

219 2075 625 2142 fornicatione,
660 2075 731 2130 de
761 2073 1165 2140 homicidio,et
1195 2074 1265 2129 de
1298 2073 1522 2129 caeteris
1555 2073 1872 2130 criminali-

217 2166 335 2221 bus
362 2163 561 2221 vitiis:
594 2163 875 2236 quoniam
909 2162 967 2217 in
1027 2161 1153 2234 lege
1202 2161 1448 2218 Domino
1499 2162 1872 2235 praecipiente

214 2254 543 2310 habemus:
576 2257 701 2308 Non
716 2251 1031 2325 perjurabis
1081 2254 1141 2307 in
1193 2254 1415 2308 nomine
1458 2267 1595 2321 meo,
1627 2268 1726 2307 nec
1748 2253 1873 2324 polo

218 2344 337 2398 lues
363 2359 560 2399 nomen
591 2343 690 2398 Dei
737 2344 839 2407 tui,
900 2349 951 2396 et
1003 2357 1072 2396 ne
1128 2357 1366 2396 assumes
1418 2357 1614 2396 nomen
1653 2343 1874 2397 Domini

214 2434 321 2489 Dei
348 2434 433 2489 tui
475 2434 531 2488 in
590 2449 818 2487 vunum.
864 2429 1186 2486 Dicendum
1234 2435 1324 2486 est
1378 2429 1555 2485 etiam
1604 2429 1690 2486 eis
1735 2433 1873 2486 uta

216 2522 368 2579 falso
422 2519 759 2577 testimonio
817 2536 879 2574 se
937 2518 1290 2586 abstineant,
1344 2519 1594 2574 scientes
1652 2522 1709 2574 et
1763 2517 1872 2574 hoc

214 2610 635 2685 gravissimum
650 2607 842 2670 scelus
857 2625 986 2664 esse
1013 2608 1158 2664 etab
1185 2608 1313 2680 ipso
1335 2607 1582 2663 Domino
1600 2606 1659 2662 in
1674 2611 1872 2663 monte

214 2700 381 2756 Sinai
434 2697 819 2771 prohibitum,
882 2697 1109 2752 dicente
1170 2696 1372 2752 eodem
1425 2697 1712 2752 Domino:
1754 2698 1874 2753 Non

211 2790 423 2862 falsum
435 2789 808 2843 testimonium
820 2786 1061 2855 dixeris,
1096 2784 1214 2841 sive
1247 2787 1398 2841 testis
1426 2785 1598 2856 falsus
1628 2802 1739 2842 non
1768 2787 1875 2841 erit

215 2876 709 2950 impunitus.Sciat
722 2893 782 2931 se
815 2874 991 2931 etiam
1020 2874 1293 2947 quisquis
1317 2874 1426 2930 hoc
1456 2875 1875 2947 perpetraverit

211 2967 318 3024 tali
335 2965 676 3040 poenitentia
688 2964 1063 3038 purgandum
1087 2967 1149 3018 ut
1167 2963 1438 3035 superius
1462 2962 1683 3019 dictum
1702 2964 1872 3020 estde

212 3056 496 3131 perjurio.
530 3054 973 3125 Dicendumque
1002 3056 1091 3109 est
1120 3051 1237 3107 illis
1277 3052 1433 3123 quod
1465 3069 1721 3120 summa,
1753 3069 1870 3107 non

212 3146 410 3202 dicam
442 3143 830 3210 stultitia,sed
863 3140 1129 3214 nequitia
1161 3146 1249 3197 est
1268 3158 1373 3213 pro
1406 3140 1869 3212 eupiditateauri

212 3239 274 3292 et
304 3233 656 3308 argenti,aut
682 3232 1299 3302 vestimentorum,aut
1326 3228 1872 3300 cujuslibetrei,aut

212 3324 373 3397 quod
405 3322 753 3378 creberrime
784 3321 1116 3393 contingere
1148 3318 1315 3386 solet,
1351 3322 1587 3391 propter
1618 3317 1863 3374 ebrieta-
1897 3330 1940 3398 α

212 3417 357 3477 tem,
389 3411 449 3465 in
480 3414 602 3467 tam
634 3409 855 3482 grande
886 3408 1075 3464 scelus
1108 3411 1479 3475 corruere,ut
1510 3410 1611 3462 aut
1641 3411 1865 3479 septem

212 3501 391 3557 annis
421 3499 479 3554 in
514 3502 675 3555 arcta
703 3513 966 3552 aerumna
996 3498 1091 3564 sit,
1127 3502 1227 3552 aut
1277 3497 1347 3552 ab
1381 3495 1639 3552 Eeclesia
1669 3496 1747 3551 sit
1777 3512 1870 3552 re-

212 3588 450 3663 pulsus,
482 3588 709 3643 dicente
739 3586 988 3642 Domino
1019 3604 1031 3641 :
1061 3586 1201 3654 Quid
1226 3586 1447 3657 prodest
1472 3586 1761 3651 homini,si
1781 3586 1866 3640 lu-

206 3686 395 3735 cretur
425 3686 595 3733 totum
629 3676 918 3741 mundum,
969 3683 1019 3731 et
1061 3677 1270 3731 animo?
1315 3688 1434 3731 sua
1481 3674 1869 3730 detrimentum

204 3769 401 3840 faciat.
431 3766 654 3837 Quippe
693 3780 827 3820 cum
860 3763 990 3819 aliis
1022 3762 1287 3820 videatur
1320 3762 1454 3835 pius
1483 3761 1751 3829 existere,
1785 3762 1867 3817 si-

208 3855 396 3911 bimet
425 3853 681 3910 crudelis
704 3854 932 3909 existat.
958 3851 1017 3908 Si
1050 3852 1183 3924 quis
1212 3869 1345 3907 vero
1372 3855 1705 3923 perpetrato
1736 3868 1867 3923 per-

197 3944 386 4017 jurio,
414 3947 516 3999 aut
549 3942 693 3998 falso
724 3940 1081 4007 testimonio,
1116 3938 1203 3995 vel
1264 3940 1526 4012 quolibet
1574 3939 1865 3994 criminali

208 4032 691 4107 peccato,timens
739 4030 1092 4103 paenitentiae
1124 4029 1359 4101 longam
1418 4044 1765 4094 aerumnam,
1794 4029 1865 4083 ad

206 4122 640 4178 confessionem
669 4119 865 4176 venire
888 4118 1161 4185 noluerit,
1194 4118 1266 4173 ab
1299 4116 1559 4173 Ecclesia
1588 4116 1868 4189 repellen-

206 4212 322 4267 dus
351 4215 463 4278 est,
496 4210 615 4266 sive
646 4227 680 4265 a
710 4209 1127 4265 communione
1165 4210 1221 4263 et
1252 4206 1546 4262 consortio
1578 4205 1862 4274 ﬁdelium,

207 4304 274 4356 ut
307 4299 505 4355 nullus
531 4316 662 4354 cum
696 4315 761 4354 eo
793 4298 1285 4368 comedat,ncque
1317 4294 1695 4367 bibat,neque
1718 4298 1863 4366 oret,

207 4405 402 4461 neque
433 4388 492 4443 in
524 4405 633 4444 sua
665 4388 836 4442 domo
870 4403 1005 4442 eum
1038 4386 1299 4457 recipiat.

763 4520 995 4576 CAPUT
1034 4519 1299 4575 XXXVII.

592 4613 663 4665 De
689 4610 961 4682 perjurio,
993 4610 1146 4680 furto
1176 4616 1229 4663 et
1255 4609 1478 4679 rapina.

1995 679 2198 736 tentia.

2535 772 2765 829 CAPUT
2803 773 3099 831 XXXVIII.

2355 862 2431 917 De
2459 862 2925 920 observationibus
2946 866 3279 921 vanitatum.

2067 948 2142 1021 (α)
2174 948 2517 1023 Quicunque
2547 950 2811 1009 ﬁdelium
2842 953 3093 1026 auguria
3130 958 3201 1015 et,
3235 954 3502 1028 auspicia
3526 955 3646 1014 sive

1994 1038 2224 1093 somnia
2248 1038 2336 1095 vel
2368 1039 2758 1097 divinationes
2807 1041 3103 1114 quaslibet
3148 1058 3310 1100 more
3334 1043 3644 1117 gentilium

1992 1125 2445 1192 observaverint,
2480 1128 2599 1185 sive
2652 1135 2837 1187 sortes
2896 1147 3042 1203 quas
3090 1132 3459 1189 mentiuntur
3513 1148 3643 1192 esse

1992 1219 2353 1284 sanctorum,
2387 1234 2517 1290 quae
2545 1217 2739 1274 elerici
2784 1218 2872 1275 vel
2902 1218 3034 1275 laici
3064 1220 3272 1278 detecti
3302 1220 3522 1278 fuerint
3547 1222 3638 1280 vel

1991 1304 2294 1361 consulere
2322 1306 2411 1362 vel
2443 1307 2780 1375 docere,aut
2807 1308 2867 1363 in
2890 1308 3095 1365 domos
3126 1326 3265 1366 suas
3296 1309 3638 1382 hujusmodi

1988 1391 2258 1449 homines
2284 1394 2716 1451 introduxerint
2737 1395 3076 1468 exquirendi
3090 1396 3310 1470 aliquid
3324 1402 3447 1455 arte
3463 1399 3639 1457 male-

1988 1480 2120 1551 ﬁca,
2154 1486 2256 1537 aut
2285 1483 2490 1539 domos
2521 1500 2659 1539 suas
2690 1483 3167 1551 lustraverint,ab
3199 1486 3441 1543 ecclesia
3461 1488 3636 1560 quin-

1988 1571 2245 1641 quennio
2266 1571 2594 1628 habeantur
2604 1574 2860 1629 extranei
2883 1573 3281 1645 paenitentiam
3302 1580 3540 1648 agentes
3550 1592 3637 1633 se-

1989 1657 2249 1714 cundum
2280 1662 2557 1733 antiquas
2589 1661 2821 1735 regulas
2842 1661 3212 1719 constitutas.
3235 1663 3361 1719 Non
3381 1664 3539 1721 enim
3565 1665 3636 1721 li-

1986 1751 2077 1803 cet
2102 1748 2455 1805 Christianis
2495 1751 2844 1807 traditiones
2875 1750 3184 1824 gentilium
3214 1753 3522 1810 observare
3547 1752 3638 1810 vel

1984 1836 2172 1893 colere
2204 1838 2618 1907 elementa,aut
2650 1839 2952 1907 lunas,aut
2973 1839 3277 1896 stellarum
3299 1845 3638 1909 cursus,aut

1989 1924 2227 1982 inanem
2258 1927 2562 2001 signorum
2595 1928 2907 1996 fallaciam,
2933 1945 3037 2001 pro
3067 1930 3240 1985 domo
3271 1930 3635 1988 faciendavel

1984 2019 2179 2087 segete
2210 2016 2298 2072 vel
2328 2017 2640 2073 arboribus
2652 2016 3089 2090 plantandisvel
3102 2018 3390 2091 conjugiis
3406 2019 3635 2077 socian-

1982 2103 2094 2160 dis.
2129 2104 2423 2177 Scriptum
2455 2110 2544 2161 est
2571 2106 2763 2162 enim:
2799 2106 2995 2162 Omnia
3044 2122 3385 2180 quaecunque
3424 2109 3631 2179 facitis,

1984 2195 2043 2249 in
2066 2196 2294 2251 nomine
2323 2196 2547 2251 Domini
2568 2198 2755 2267 facite.
2787 2196 2901 2251 Nec
2931 2195 3066 2251 licet
3093 2196 3155 2251 in
3191 2195 3634 2255 collectionibus

1988 2282 2304 2339 herbarum
2338 2283 2566 2356 aliquas
2604 2283 3037 2341 observationes
3089 2283 3176 2339 vel
3205 2283 3633 2343 incantationes

1989 2372 2309 2439 attendere,
2341 2372 2455 2428 nisi
2489 2376 2720 2428 tantum
2750 2389 2884 2429 cum
2915 2371 3177 2445 symbolo
3206 2372 3403 2430 divino
3433 2378 3492 2430 et
3509 2390 3635 2431 ora-

1985 2460 2143 2516 tione
2174 2461 2498 2517 Dominica.
2533 2460 2814 2517 Similiter
2832 2478 2939 2517 nec
2968 2460 3327 2518 Christianas
3356 2461 3633 2520 mulieres

1983 2548 2121 2604 licet
2143 2550 2460 2606 vanitatem
2482 2551 2542 2605 in
2560 2549 2969 2606 suislaniﬁciis
2992 2550 3427 2618 observare,sed
3450 2551 3632 2607 Deum

1982 2635 2253 2694 invocent
2283 2639 2745 2710 adjutorem,qui
2773 2639 2857 2694 eis
2888 2637 3240 2710 sapientiam
3270 2639 3503 2695 texendi
3533 2640 3633 2697 do-

1982 2727 2142 2783 navit
2174 2731 2239 2782 ut
2269 2728 2327 2783 in
2359 2728 2635 2784 omnibus
2664 2726 3103 2783 honoriﬁcetur.

2550 2834 2781 2890 CAPUT
2820 2833 3059 2890 XXXIX.

1979 2927 2059 2979 De
2084 2922 2392 2980 homicidiis
2403 2931 2588 2995 sponte
2607 2925 2910 2978 commissis
2920 2929 3091 2979 etnon
3112 2924 3626 2995 spontecommissis.

2052 3012 2132 3068 De
2162 3011 2255 3067 his
2288 3012 2387 3084 qui
2421 3011 2749 3067 voluntarie
2768 3010 3156 3067 homicidium
3190 3011 3413 3069 faciunt
3435 3012 3629 3087 gravis

1980 3100 2270 3156 sententia
2298 3100 2358 3155 in
2386 3100 2707 3173 Scripturis
2736 3100 2919 3157 sacris
2941 3100 3284 3166 est,dicente
3309 3101 3586 3174 Apostolo
3610 3119 3624 3160 :

1978 3190 2089 3260 Qui
2116 3190 2376 3262 templum
2405 3191 2513 3245 Dei
2564 3189 2872 3256 violaverit,
2922 3188 3195 3261 disperdet
3246 3190 3411 3246 illum
3450 3194 3623 3248 Deus.

1983 3280 2259 3350 Templum
2287 3281 2435 3334 enim
2462 3280 2563 3334 Dei
2604 3286 2852 3333 sanctum
2882 3284 2959 3333 est
2993 3275 3135 3348 quod
3178 3278 3307 3332 estis
3336 3293 3449 3334 vos.
3482 3278 3624 3345 Qui-

1976 3384 2209 3440 cunque
2239 3384 2375 3441 ergo
2405 3365 2732 3423 voluntarie
2772 3364 3161 3422 homicidium
3190 3364 3486 3433 fecerit,ab
3516 3367 3623 3423 Ec-

1978 3457 2154 3512 clesia
2179 3456 2280 3512 Dei
2313 3461 2403 3512 est
2432 3455 2803 3529 repellendus
2831 3458 2889 3510 et
2945 3472 2979 3510 a
3030 3454 3322 3511 consortio
3359 3453 3623 3513 ﬁdelium

1978 3546 2440 3617 sequestrandus
2458 3545 2628 3617 juxta
2644 3559 2935 3599 canonum
2953 3542 3352 3611 instituta,ubi
3379 3543 3624 3600 itasori-

1976 3638 2144 3707 ptum
2178 3634 2501 3706 reperitur:
2536 3635 2647 3704 Qui
2676 3633 2984 3688 voluntarie
3029 3630 3388 3688 homicidium
3411 3632 3623 3704 fecerit,

1971 3724 2311 3794 paenitentiae
2340 3722 2558 3794 quidem
2581 3723 2790 3793 jugitcr
2815 3737 2873 3775 se
2900 3720 3206 3788 submittat,
3240 3719 3629 3792 perfectionem

1977 3828 2102 3868 vero
2124 3814 2271 3867 circa
2300 3813 2512 3867 exitum
2540 3812 2672 3867 vitae
2700 3816 3079 3883 consequatur.
3102 3808 3172 3863 Et
3202 3808 3342 3865 item
3367 3824 3381 3863 :
3413 3808 3478 3864 Si
3503 3810 3627 3882 quis

1975 3902 2285 3957 voluntarie
2320 3900 2678 3956 homicidium
2735 3899 2943 3970 fecerit,
2976 3898 3047 3953 ad
3079 3898 3320 3970 januam
3368 3898 3628 3957 Ecclesiae

1974 3991 2259 4046 catholica?
2286 4005 2497 4061 semper
2533 3989 2737 4060 jaceat,
2771 3995 2821 4043 et
2872 3988 3313 4043 communionem
3356 3986 3419 4042 in
3472 3988 3627 4044 exitu

1974 4079 2106 4135 vitae
2133 4094 2251 4135 sua?
2282 4079 2528 4150 recipiat.
2558 4076 2621 4133 Si
2658 4085 2842 4131 autem
2886 4092 2999 4132 non
3046 4075 3342 4143 voluntate,
3373 4074 3465 4131 sed
3491 4088 3626 4133 casu

1974 4167 2182 4239 aliquo,
2216 4166 2575 4223 homicidium
2600 4167 2771 4238 fuerit
2789 4166 3015 4235 factum,
3034 4166 3193 4234 prior
3219 4179 3398 4219 canon
3423 4170 3626 4236 septem

1973 4258 2139 4311 annis
2170 4258 2266 4326 agi
2288 4256 2670 4327 paenitentiam
2707 4254 2893 4325 jussit,
2929 4252 3194 4307 secundus
3250 4267 3421 4307 canon
3452 4252 3622 4324 quin-

1975 4361 2076 4417 que
2103 4345 2403 4400 mandavit.
2464 4344 2534 4398 Et
2583 4341 2767 4399 alibi:
2830 4341 3011 4414 (Cone.
3070 4341 3293 4412 Ancyr.,
3346 4343 3438 4407 22,
3489 4340 3621 4411 23):

1973 4435 2047 4490 De
2076 4433 2392 4489 homicidiis
2430 4449 2542 4488 non
2596 4437 2781 4503 sponte
2838 4430 3161 4496 commissis,
3181 4430 3339 4500 prior
3394 4430 3623 4502 quidem

1973 4522 2217 4594 deﬁnitio
2244 4529 2365 4594 post
2408 4528 2607 4592 septem
2650 4535 2823 4575 annos
2866 4518 3209 4590 paenitentia“
3230 4518 3624 4593 perfectionem

1974 4613 2230 4682 consequi
2252 4611 2533 4683 prmcepit.
2566 4607 2815 4665 Secunda
2841 4624 2967 4664 vero
3015 4608 3387 4680 quinquennii
3413 4615 3622 4681 tempus

279 4718 626 4788 Quicunque
659 4716 851 4773 sciens
881 4712 1206 4787 perjurium
1232 4712 1668 4785 perpetraverit,
1695 4714 1866 4770 annis
1901 4698 1945 4764 Ι)
1973 4702 2210 4773 implere-

208 4811 439 4880 septem
473 4822 534 4861 se
565 4804 919 4878 paenitentiae
964 4803 1199 4870 subdat,
1246 4806 1303 4857 et
1350 4803 1433 4857 ita
1489 4801 1764 4874 deinceps
1793 4803 1864 4858 ad

206 4895 686 4952 communionem
718 4897 1056 4949 revertatur.
1092 4890 1200 4957 Qui
1250 4907 1384 4946 vero
1416 4891 1735 4963 cupiditate
1767 4908 1863 4947 ca-

207 4990 347 5059 ptus
376 4984 599 5041 furtum
634 4982 853 5051 fecerit,
888 4982 1046 5055 quod
1078 4979 1388 5037 abstulerit
1418 4980 1642 5047 reddat,
1676 4985 1732 5035 et
1762 4997 1865 5036 an-

208 5073 302 5129 nis
335 5071 598 5145 quinque
623 5071 1027 5144 poenitentiam
1056 5072 1209 5142 agat.
1233 5067 1517 5123 Similiter
1546 5071 1604 5123 et
1634 5068 1732 5140 qui
1764 5085 1868 5141 per

206 5162 480 5235 rapinam
512 5160 753 5216 alterius
777 5177 869 5215 res
898 5159 1118 5231 injuste
1142 5156 1465 5225 abstulerit,
1488 5160 1545 5212 et
1573 5157 1683 5212 hoc
1708 5158 1864 5229 quod

206 5251 263 5306 vi
296 5250 497 5306 illisite
540 5249 783 5305 extorsit
834 5252 1140 5315 restauret,
1176 5252 1233 5303 et
1290 5246 1533 5301 totidem
1578 5245 1768 5314 annis,
1802 5246 1862 5301 id

210 5344 302 5396 est
335 5339 616 5411 quinque,
652 5342 877 5394 reatum
903 5355 1078 5393 suum
1128 5326 1482 5409 paenitentiae
1507 5334 1751 5407 jejuniis
1777 5335 1864 5389 di-

208 5428 354 5484 luat.
389 5427 450 5482 Si
483 5432 681 5482 autem
713 5426 899 5481 nescit
929 5426 1023 5481 cui
1056 5427 1341 5481 damnum
1370 5424 1590 5493 intulit,
1618 5429 1718 5480 aut
1749 5441 1865 5479 non

208 5516 364 5573 valet
405 5517 646 5572 reddere
695 5516 850 5588 quod
895 5513 1179 5570 violenter
1227 5514 1546 5585 subrepsit,
1581 5513 1863 5586 asperiori

209 5605 566 5679 poenitentiae
597 5622 658 5661 se
689 5604 999 5661 submittat
1030 5606 1087 5658 et
1116 5607 1248 5674 post
1277 5607 1499 5674 septem
1533 5619 1719 5658 anuos
1737 5620 1864 5675 per-

287 5748 363 5817 (u)
393 5747 537 5804 Vide
570 5708 739 5804 notas
769 5747 839 5802 ad
873 5744 1193 5818 Capitular.
1229 5746 1386 5800 1038.

2607 4786 2838 4843 CAPUT
2877 4785 2987 4841 XL.

2026 4896 2101 4952 De
2131 4894 2480 4951 homicidiis
2510 4892 2752 4949 diversis
2768 4892 3162 4949 occasionibus
3190 4890 3565 4962 perpetratis.

2046 4983 2107 5040 Si
2138 4983 2270 5057 quis
2303 4999 2536 5039 servum
2565 4980 3029 5053 proprium.licet
3052 4978 3400 5036 criminibus
3419 4977 3622 5037 multis

1975 5074 2384 5146 approbatum,
2418 5072 2544 5127 sine
2574 5070 2931 5126 conscientia
2950 5067 3173 5140 judicis
3202 5065 3499 5137 occiderit,
3521 5082 3623 5123 ex-

1974 5160 2503 5220 communicatione
2524 5159 2610 5215 vel
2631 5157 2972 5231 paenitentia
2996 5156 3216 5212 biennii
3235 5158 3461 5211 reatum
3484 5171 3622 5211 san-

1973 5254 2169 5329 guinis
2202 5252 2554 5308 emendabit.
2589 5250 2648 5306 Si
2686 5265 2819 5305 vero
2851 5247 3089 5303 domina
3143 5247 3339 5302 furore
3381 5244 3488 5301 zeli
3520 5261 3621 5302 ac-

1974 5361 2148 5401 censa
2178 5340 2423 5415 ﬂagellis
2444 5338 2831 5395 verberaverit
2862 5335 3134 5394 ancillam
3154 5335 3434 5403 suam,ita
3454 5337 3519 5390 ut
3538 5333 3623 5389 in-

1975 5436 2063 5489 fra
2091 5434 2246 5488 diem
2277 5431 2514 5486 tertium
2533 5430 2789 5484 animam
2815 5427 3076 5483 cruciatu
3099 5424 3443 5492 effundat,et
3463 5423 3620 5494 quod

1976 5523 2263 5577 incertum
2298 5520 2375 5576 sit
2405 5517 2697 5574 voluntate
2728 5535 2831 5590 per
2862 5520 3083 5589 septem
3107 5512 3368 5582 annos,si
3388 5511 3448 5568 in
3479 5528 3621 5569 casu

1976 5611 2272 5680 occiderit,
2305 5626 2408 5681 per
2437 5605 2825 5680 quinquennii
2850 5610 3118 5678 tempora
3148 5621 3181 5660 a
3210 5599 3623 5692 communione
