4126 6484
226 429 346 492 ’725

846 561 1077 619 CAPUT
1115 561 1307 642 XLV.‘

645 700 719 755 De
739 698 1133 771 pollutionibus
1162 698 1464 753 nocturnis.

294 836 378 906 (S.
401 840 635 908 Gregor.
662 836 818 906 epist.
842 832 912 889 ad
931 832 987 889 S.
1008 833 1392 902 Augustinum,
1408 847 1533 903 cap.
1571 829 1680 902 11.)
1714 830 1875 894 Quae-

219 926 473 982 rendum
489 928 577 981 est
596 927 793 979 utrum
817 927 949 995 post
970 920 1302 977 illusionem
1318 938 1445 992 quae
1463 937 1565 992 per
1576 919 1876 975 somnium

219 1014 371 1071 solet
391 1014 655 1070 accidere
677 1029 891 1084 corpus
911 1016 969 1067 et
989 1010 1338 1083 sanguinem
1354 1009 1584 1065 Domini
1601 1008 1878 1081 quislibet

220 1105 484 1176 accipere
512 1102 721 1169 valeat,
756 1105 859 1157 aut
888 1101 937 1157 si
969 1100 1241 1156 sacerdos
1273 1116 1441 1155 sacra
1470 1098 1748 1169 mysteria
1785 1114 1875 1153 ce-

220 1194 450 1250 lebrare
481 1193 687 1248 debeat
717 1208 790 1247 an
823 1208 959 1246 non.
993 1191 1077 1245 Ad
1111 1190 1233 1244 haec
1267 1188 1740 1261 respondendum
1789 1191 1878 1242 est

223 1282 506 1356 quoniam
537 1281 597 1337 in
625 1280 819 1336 Veteri
846 1281 1217 1335 Testamento
1248 1277 1537 1351 pollutum
1568 1276 1681 1331 nisi
1712 1276 1877 1349 prius

219 1370 408 1426 letum
440 1387 595 1443 aqua
625 1385 813 1441 usque
834 1368 905 1423 ad
923 1383 1231 1439 vesperum
1252 1366 1470 1421 intrare
1490 1365 1548 1419 in
1571 1363 1876 1421 ecclesiam

223 1477 343 1516 non
374 1458 733 1515 conceditur.
765 1457 929 1523 Quod
959 1461 1155 1511 tamen
1188 1454 1357 1511 aliter
1400 1453 1652 1526 populus
1703 1452 1876 1526 spiri-

220 1550 360 1605 talis
390 1548 723 1621 intelligens
755 1546 863 1603 sub
896 1547 1098 1601 eodem
1128 1544 1427 1599 intellectu
1477 1541 1707 1614 accipit,
1741 1541 1880 1615 quia

222 1638 397 1713 quasi
421 1655 522 1711 per
542 1635 839 1693 somnium
863 1635 1132 1690 illuditur
1152 1634 1251 1706 qui
1274 1637 1534 1689 tentatus
1549 1631 1715 1687 vanis
1735 1630 1878 1686 ima-

220 1728 463 1801 ginibus
491 1725 879 1782 immunditiis
912 1725 972 1778 in
1003 1722 1352 1796 cogitatione
1381 1720 1743 1792 inquinatur.
1765 1720 1875 1775 Sed

221 1817 510 1873 lavandus
539 1819 629 1871 est
657 1831 831 1887 aqua,
864 1817 931 1868 ut
961 1811 1164 1885 culpas
1196 1810 1564 1884 cogitationis
1603 1808 1878 1881 lacrymis

221 1906 443 1963 abluat.
477 1906 542 1960 Et
572 1903 684 1959 nisi
726 1902 891 1975 prius
947 1900 1100 1974 ignis
1152 1899 1493 1956 temtationis
1550 1896 1945 1997 recesserit,B

219 2012 390 2052 reum
423 2012 485 2051 se
517 2010 706 2065 usque
734 1992 807 2047 ad
836 2008 1144 2063 vesperum
1184 1993 1583 2061 recognoscat.
1631 1987 1743 2043 Sed
1790 1990 1879 2043 est

219 2086 283 2140 in
316 2085 517 2140 eadem
550 2082 826 2138 illusione
858 2080 1188 2136 necessaria
1216 2077 1383 2134 valde
1427 2076 1720 2145 discretio,
1752 2093 1876 2147 quae

217 2173 519 2231 subtiliter
545 2187 794 2244 pensare
824 2170 1032 2224 debeat
1060 2186 1128 2223 ex
1158 2184 1275 2240 qua
1312 2184 1373 2222 re
1421 2166 1649 2222 accidat
1697 2164 1878 2219 menti

217 2260 589 2319 dormientis.
644 2258 977 2331 Aliquando
1008 2258 1161 2313 enim
1196 2274 1264 2312 ex
1294 2255 1553 2328 crapula,
1586 2255 1642 2309 id
1686 2258 1774 2310 est
1810 2271 1879 2309 ex

219 2351 409 2407 nimio
440 2350 568 2406 cibo
597 2349 685 2405 vel
712 2352 872 2420 potu,
921 2346 1236 2419 aliquando
1286 2362 1354 2401 ex
1402 2349 1625 2400 natura;
1674 2358 1875 2415 super-

220 2441 450 2496 ﬂuitate
478 2438 566 2494 vel
611 2438 973 2504 inﬁrmitate,
1030 2435 1345 2508 aliquando
1402 2451 1471 2490 ex
1528 2433 1878 2507 cogitatione

220 2528 531 2603 contingit.
565 2529 634 2582 Et
663 2527 903 2598 quidem
937 2542 1070 2580 cum
1104 2542 1172 2580 ex
1202 2528 1423 2580 natura:
1472 2521 1877 2594 superﬂuitate

216 2618 310 2674 vel
342 2616 683 2672 inﬁrmitate
713 2614 986 2682 evenerit,
1022 2613 1359 2669 omnimodo
1388 2613 1510 2667 haec
1540 2611 1737 2667 illusio
1760 2625 1872 2664 non

218 2712 314 2763 est
342 2706 604 2762 timenda
632 2723 644 2773 ;
679 2705 778 2761 sed
810 2704 910 2759 ille
942 2703 1040 2775 qui
1072 2703 1329 2775 pertulit,
1365 2720 1425 2759 se
1455 2701 1651 2774 ipsum
1683 2718 1748 2757 ac
1780 2717 1875 2756 ve-

219 2795 505 2853 stimenta
534 2812 643 2850 sua
673 2793 841 2865 aquis
872 2793 1224 2859 emundans,
1256 2792 1413 2848 licite
1447 2790 1874 2848 misnisterium

976 427 1380 490 WALTEBII
1422 423 2049 491 AURELIANENSIS
2092 422 2443 486 EPISCOPI
2489 423 2900 487 CAPITULA.

3519 420 3638 486 726

1909 560 1965 627 Α
1994 560 2233 631 peragat
2264 560 2321 613 et
2350 556 2421 614 ad
2455 574 2622 614 sacra
2650 557 2931 631 mysteria
2954 555 3196 615 devotus
3226 555 3640 616 accedat.Cum

1984 665 2119 704 vero
2151 648 2302 703 ultra
2334 649 2572 704 modum
2605 647 2901 721 appetitus
2932 648 3083 722 gulae
3114 647 3174 704 in
3206 650 3512 706 sumendis
3541 649 3645 705 ali-

1987 737 2201 793 mentis
2232 736 2475 810 rapitur,
2492 742 2664 810 atque
2696 737 2912 794 idcirco
2934 738 3254 795 humerum
3275 738 3644 812 receptacula

1986 831 2319 898 gravantur,
2353 827 2530 883 habet
2559 827 2766 883 exinde
2806 827 3042 883 animus
3085 827 3343 900 aliquem
3391 834 3638 898 reatum,

1987 933 2102 971 non
2116 919 2311 971 tamen
2330 932 2518 988 usque
2539 916 2609 971 ad
2635 915 3091 989 prohibitionem
3112 916 3468 989 percipiendi
3490 917 3641 973 sacri

1987 1005 2247 1079 mysterii
2279 1005 2365 1060 vel
2415 1005 2733 1060 missarum
2784 1005 3070 1061 solemnia
3120 1006 3470 1074 celebrandi,
3505 1022 3641 1061 cum

1987 1095 2232 1150 fortasse
2265 1098 2365 1150 aut
2395 1094 2578 1150 festus
2607 1094 2730 1150 dies
2761 1095 2956 1167 exigit,
2990 1099 3093 1150 aut
3131 1094 3389 1151 exhiberi
3421 1100 3640 1168 myste-

1987 1182 2161 1248 rium,
2194 1200 2298 1256 pro
2330 1199 2395 1238 eo
2427 1184 2582 1255 quod
2615 1185 2884 1239 sacerdos
2903 1183 3054 1240 alius
3076 1184 3136 1239 in
3158 1184 3283 1241 loco
3306 1185 3489 1252 deest,
3511 1184 3642 1256 ipsa

1987 1273 2307 1328 necessitas
2339 1270 2657 1342 compellit.
2691 1273 2838 1328 Nam
2882 1272 2933 1329 si
2963 1274 3180 1329 adsunt
3226 1273 3324 1331 alii
3375 1274 3476 1346 qui
3526 1274 3640 1329 im-

1986 1360 2143 1436 plere
2172 1360 2317 1416 illud
2348 1360 2607 1417 ofﬁcium
2637 1360 2886 1429 valeant,
2925 1360 3124 1417 illusio
3181 1380 3284 1435 per
3337 1362 3637 1435 crapulam

1986 1451 2139 1505 facta
2163 1467 2195 1504 a
2217 1450 2583 1523 perceptione
2604 1450 2953 1506 sacramenti
2977 1450 3281 1531 prohibere
3303 1468 3419 1508 non
3443 1452 3635 1520 debet,

1988 1540 2089 1596 sed
2123 1539 2195 1595 ab
2230 1538 2630 1594 immolatione
2663 1540 2812 1593 sacri
2846 1539 3104 1612 mysterii
3136 1541 3447 1609 abstinere,
3467 1546 3534 1596 ut
3554 1558 3640 1597 ar-

1993 1627 2195 1694 bitror,
2228 1626 2535 1682 humiliter
2564 1626 2756 1691 debet,
2789 1625 2839 1681 si
2870 1631 3066 1684 tamen
3096 1627 3484 1684 dormientem
3514 1632 3640 1684 tur-

1988 1716 2079 1788 pis
2124 1715 2467 1788 imaginatio
2499 1732 2615 1770 non
2646 1716 3027 1771 concusserit.
3060 1716 3207 1772 Nam
3240 1720 3379 1772 sunt
3425 1716 3641 1788 quibus

1987 1804 2337 1878 plerumque
2366 1804 2451 1861 ita
2487 1803 2683 1860 illusio
2732 1805 2995 1860 nascitur
3048 1809 3113 1859 ut
3159 1822 3362 1860 eorum
3408 1804 3642 1861 animus

1987 1893 2161 1949 etiam
2178 1894 2238 1949 in
2252 1910 2459 1950 somno
2478 1894 2736 1965 corporis
2754 1894 2979 1966 positus
2996 1893 3267 1967 turpibus
3280 1893 3643 1967 imaginatio-

1990 1983 2163 2039 nibus
2195 2000 2311 2039 non
2344 1983 2609 2039 ﬁndetur.
2636 1982 2694 2039 Si
2726 1999 2860 2039 vero
2889 2000 2958 2038 ex
2985 1984 3142 2056 turpi
3177 1984 3529 2057 cogitatione
3556 1983 3640 2038 vi-

1989 2080 2225 2154 gilantis
2258 2081 2443 2136 oritur
2470 2080 2690 2146 illusio,
2714 2083 2969 2135 mentem
2992 2081 3338 2136 dormientis
3360 2081 3525 2136 radix
3549 2082 3643 2138 Γω-

1988 2171 2089 2225 dat
2117 2169 2797 2242 coinquinationis.Quia
2826 2170 2983 2241 quod
3016 2169 3286 2242 cogitavit
3314 2170 3506 2226 sc’ens
3530 2171 3639 2226 hoc

1987 2259 2229 2331 pertulit
2259 2259 2545 2315 nesciens.
2576 2259 2688 2314 Iste
2719 2257 2855 2314 talis
2886 2275 3001 2313 non
3033 2259 3203 2315 debet
3244 2260 3518 2315 accedere
3564 2259 3639 2316 ad

1989 2347 2430 2421 percipiendum
2447 2348 2533 2403 vel
2554 2348 3016 2403 consecrandum
3041 2348 3298 2420 corporis
3319 2352 3376 2404 et
3404 2348 3642 2421 sangui-

1988 2436 2079 2493 nis
2110 2437 2325 2493 Christi
2358 2440 2789 2493 sacramentum
2822 2453 3129 2509 quousque
3175 2437 3527 2510 pcenitentiaa
3585 2440 3643 2493 et

1988 2526 2355 2581 abstinentiae
2379 2526 2638 2581 biduana
2659 2524 2747 2581 vel
2777 2525 3054 2581 triduana
3079 2526 3479 2582 satisfactione
3510 2543 3642 2598 pur-

1987 2619 2162 2688 gatus
2179 2619 2236 2671 et
2258 2632 2412 2687 aqua
2429 2614 2666 2670 ablutus
2690 2615 3091 2682 mundetur,et
3112 2618 3380 2671 sumente
3402 2632 3641 2687 corpore

1987 2721 2175 2776 purus
2206 2705 2274 2759 ad
2312 2710 2432 2759 tam
2463 2704 2933 2760 sacratissimum
2957 2704 3217 2777 mystcrii
3241 2721 3460 2760 munus
3484 2720 3642 2760 acce-

1988 2794 2123 2849 dere
2153 2793 2386 2849 festinet
2413 2793 2718 2848 immunis.
3426 2794 3429 2797 ’

218 2933 3637 2963 Μ

1525 3041 1690 3086 ANNO
1734 3042 1953 3086 DOMINI
1994 3041 2139 3086 DCCC
2148 3041 2325 3088 LXVII.

1264 3201 2588 3365 WALTERIUS

1383 3458 2010 3521 AURELIANENSIS
2040 3459 2490 3522 EPISCOPUS.

1715 3625 2142 3640 _————-—

978 3691 1575 3850 WALTE
1616 3697 1860 3847 [ill

1986 3691 2972 3852 CAPITULAW

370 3958 783 4037 Promulgata
812 3957 876 4017 in
909 3957 1151 4037 synodo
1183 3958 1351 4038 apud
1382 3958 2031 4102 BullenSfmfundinlr):
2078 3962 2352 4102 spcundo
2384 3960 2797 4022 ordinationis
2826 3960 2963 4041 ejus
2994 3980 3184 4037 anno,
3216 3979 3304 4023 vn
3331 3963 3472 4024 Kal.

1664 4060 1816 4102 unu.
1852 4060 1920 4102 ce
1948 4061 1981 4102 e
2030 4060 2099 4102 ra
2131 4061 2189 4102 a.

1664 4060 1816 4114 umi,
1852 4060 2189 4103 celebrata.

329 4280 464 4335 CAP.
498 4269 542 4333 Ι’.
580 4311 644 4319 -
692 4278 961 4347 Quomodo
1009 4279 1387 4335 archidiaconi
1425 4280 1767 4353 presbyteros

889 4369 1210 4424 discutiant.

298 4457 573 4530 (Hincm.,
609 4458 783 4529 Capit.
815 4457 928 4513 dat.
961 4457 1224 4526 decanis.)
1248 4458 1319 4515 Ut
1348 4458 1740 4516 archidiaconi
1760 4476 1876 4532 .per

1908 4284 1949 4350 C
1981 4281 2093 4337 sibi
2123 4282 2470 4338 commissas
2501 4280 2829 4353 parochias,
2865 4279 3171 4354 diligenter
3202 4283 3275 4353 (ὁ)
3317 4281 3639 4340 discutiant

1985 4371 2455 4442 presbyterorum
2490 4371 2686 4436 fidem,
2720 4369 3033 4440 baptisma,
3062 4373 3119 4424 et
3169 4369 3453 4426 misarum
3485 4372 3637 4429 cele-

1985 4460 2313 4515 brationem
2344 4477 2356 4515 :
2392 4463 2685 4531 quatenus
2714 4462 2931 4514 rectam
2962 4459 3138 4514 fidem
3165 4463 3429 4530 teneant;
3454 4461 3640 4535 bapti-

1407 4605 1775 4666 LUDOVICI
1821 4605 2175 4666 CELLOTlI
2220 4605 2454 4664 NOT/E

298 4736 372 4808 (a)
389 4736 610 4808 Horum,
630 4734 1022 4808 capitulorum
1045 4739 1248 4791 auctor
1259 4737 1385 4792 Wal
1397 4747 1570 4803 terus,
1588 4736 1881 4792 siveGual-

225 4806 387 4888 terus
420 4806 862 4888 Aurelianensis.
900 4806 1231 4888 episcopus,
1281 4808 1342 4888 in
1393 4808 1636 4864 concilio
1683 4814 1879 4888 nostro

225 4878 569 4937 Duziacensi
600 4895 733 4933 cum
767 4878 989 4934 caeteris
1019 4878 1194 4949 iudex
1221 4879 1389 4945 sedit,
1428 4885 1486 4934 et
1529 4880 1879 4935 sententiam

227 4951 374 5008 dixit
404 4951 683 5005 adversus
715 4950 1166 5005 Laudunensem
1200 4950 1601 5017 Hinemaruni,
1628 4951 1883 5007 subscri-

227 5028 482 5095 ptusque
511 5021 569 5075 in
602 5038 669 5076 eo
692 5020 906 5094 legitur
923 5046 948 5071 ι(
970 5021 1260 5095 Walterus
1283 5021 1525 5078 humilis
1543 5023 1880 5095 Aureliano-

229 5093 363 5150 rum
394 5093 703 5165 episcopus
729 5093 799 5146 :5»
833 5094 1331 5165 quemadmodum
1366 5098 1568 5165 postea
1594 5095 1651 5148 in
1686 5094 1882 5149 Ponti-

230 5163 531 5239 genenSi,«
555 5163 1117 5239 Walterus‘humilis
1148 5163 1584 5239 Aurelianensis
1614 5166 1881 5220 Ecclesise

228 5235 541 5308 episcopus
577 5253 625 5291 ε»
680 5236 833 5290 unde
884 5235 990 5308 viri
1042 5238 1245 5307 optimi
1303 5236 1674 5307 modestiam,
1713 5243 1770 5291 et
1815 5253 1884 5291 ex

231 5307 521 5380 modestia
551 5312 889 5362 caeterarum
936 5307 1216 5380 virtutum
1263 5309 1567 5380 cumulum
1602 5308 1881 5380 intelligi-

232 5396 388 5459 mus,
404 5379 483 5459 [Bx
498 5378 605 5459 hac
616 5384 813 5459 autem
827 5379 1047 5459 synodo
1061 5380 1412 5459 pastoralem
1428 5378 1880 5459 sollicitudinem

230 5455 292 5507 et
311 5448 714 5530 ecclesiasticas
736 5448 1539 5530 disciplinae—observationem
1573 5451 1880 5530 habemus,

232 5539 353 5594 qua
381 5522 803 5596 niajorem__nec
832 5522 1184 5596 Hincmarus
1206 5522 1351 5594 ipse,
1373 5540 1476 5579 nec
1500 5524 1659 5578 Isaac
1684 5522 1886 5596 Lingo-

232 5591 700 5676 nens‘is‘f’arduli
723 5591 862 5673 olim
885 5591 1166 5676 diaconus
1188 5591 1388 5676 eodem
1414 5601 1760 5676 argumento
1782 5591 1882 5676 po-

232 5663 483 5721 steritati
517 5663 974 5738 transmiserunt
1005 5681 1025 5738 :_
1053 5668 1117 5738 ut
1147 5681 1216 5719 ex
1244 5665 1336 5720 his
1381 5663 1652 5736 capitulis
1704 5663 1881 5738 patet,

234 5753 365 5808 quae
388 5751 522 5791 cum
540 5734 671 5790 aliis
693 5738 795 5790 aut
815 5734 1100 5790 committi
1125 5740 1225 5791 aut
1244 5734 1542 5810 conjungi,
1562 5739 1659 5793 tibi
1684 5734 1883 5806 lector,

1988 4753 2157 4862 splero
2184 4736 2573 4807 injucundum
2608 4752 2724 4790 non
2754 4735 3135 4801 iore.Quibus
3154 4739 3332 4795 etiam
3354 4739 3642 4797 Theodul-

1989 4825 2024 4862 ι)
2075 4825 2173 4862 um
2206 4807 2550 4862 adiiciemus
2580 4813 2636 4862 et
2673 4808 2868 4862 insum
2919 4809 3418 4862 Aurelianensem.
3469 4814 3638 4862 cuius

1989 4807 2550 4884 phunradjiciemus
2580 4813 2636 4862 et
2673 4808 2892 4884 i_psu_m_
2919 4809 3418 4884 Aurelianensem,
3469 4814 3638 4884 cujus

1988 4878 2295 4954 epistolam
2323 4880 2394 4954 ad
2428 4878 2945 4954 clerum_Ecelesi:L§
2978 4898 3096 4954 sua:
3120 4878 3498 4954 scriptam'ex
3526 4878 3642 4939 edi-

1992 4955 2115 5006 tore
2167 4951 2411 5006 Baronio
2471 4968 2610 5005 suos
2655 4951 2714 5005 in
2762 4952 3015 5007 Annales
3055 4951 3297 5009 Carolus
3328 4955 3640 5011 Sausseius

1990 5022 2529 5097 transtulitMnnai.
2555 5023 2689 5097 ccci.
2724 5023 3123 5097 .Pturel.,l._v1).
3158 5027 3499 5097 Quanquam
3532 5044 3639 5083 suo

1990 5100 2163 5171 antea
2184 5094 2310 5171 loco
2334 5111 2447 5149 non
2470 5094 3245 5171 defuerat‘Sirmondus(t._I[
3280 5094 3438 5153 Cone.
3474 5098 3637 5171 Gell.)

2061 5166 2145 5220 Ad
2179 5170 2410 5240 tempus
2441 5165 2692 5240 collectis
2723 5166 3060 5240 dioecesana:
3101 5165 3278 5240 hujus
3326 5169 3552 5240 synodi,
3585 5165 3643 5226 et

1994 5236 2243 5291 latorum
2266 5235 2827 5313 capituloruimquod
2847 5237 3077 5313 attinet,
3095 5235 3247 5313 nihil
3262 5235 3485 5313 certum
3506 5235 3639 5313 pos-

1993 5325 2199 5364 sumus
2231 5307 2476 5374 edicere,
2509 5307 2811 5362 deficiente
2844 5307 2902 5362 in
2930 5307 3100 5364 titulo
3131 5316 3187 5365 et
3216 5307 3527 5368 Dominicse
3560 5313 3642 5368 in-

1993 5379 2368 5465 carnationis,
2392 5384 2447 5434 et
2479 5378 2815 5465 indictionis
2838 5384 2993 5460 nota,
3016 5382 3483 5465 quam‘religiose
3504 5389 3643 5441 aetas

1994 5451 2096 5507 illa
2126 5451 2398 5523 signavit.
2420 5474 2447 5500 ‹‹
2483 5450 2769 5518 Secundo,
2806 5473 2833 5499 ››
2864 5450 3076 5523 inquit,
3110 5450 3493 5511 ordinationis
3523 5474 3642 5511 suae

3404 5544 3577 5584 anno.
3615 5551 3642 5579 η

2065 5667 2140 5735 (b)
2175 5668 2479 5721 Discutiunt
2502 5666 2945 5738 presbyterorum
2985 5666 3164 5738 ﬁdem.
3217 5667 3342 5724 Non
3375 5666 3644 5799 (pauitng

3417 5758 3534 5798 isce
3581 5761 3597 5798 1
3631 5784 3644 5799 .

3417 5758 3644 5800 ιεοθαιι.
