4126 6456
471 2292 482 2302 ,
557 2243 828 2314 tempore
837 2257 900 2297 se
919 2241 1010 2314 pol

573 466 686 525 747

1524 461 1874 523 ROTHADI
1919 463 1970 523 ll
2013 459 2626 522 SUESSIONENSIS
2671 461 3054 524 EPISCOPI.

3877 447 3991 526 748

569 595 767 677 ipsum
789 595 1310 677 archiepiscopum
1351 594 1612 677 scripsit,
1643 611 1892 677 monens
1924 593 2136 677 litteris
2168 597 2226 650 et
2254 595 2306 662 Α
2340 593 2449 677 fuit
2465 594 2746 677 adversus
2763 594 3265 677 Rotha‘dum,j.am_
3291 594 3986 677 restitutumcpiscmem

571 665 914 748 praecipiens
932 665 1358 748 {rt—depositum
1387 665 1722 748 ltothadum
1751 668 1996 748 Romam
2020 665 2230 748 dirige-

571 737 682 806 ret,
713 737 848 794 cum
881 738 1008 795 suis
1052 737 1251 794 missis
1291 737 1648 793 audiendum
1686 754 1698 790 :
1732 739 1833 792 sed
1865 738 2131 792 veniente
2153 737 2228 792 eo

571 810 725 866 hanc
758 811 1081 866 Romanam
1115 809 1447 882 secundum
1485 810 1827 864 mandatum
1863 811 1930 882 Β.
1961 826 2121 882 papa:
2156 810 2228 864 ad

575 883 802 950 urbem,
835 886 890 938 et
921 897 1023 954 per
1061 897 1266 954 novem
1317 881 1545 936 circiter
1595 897 1827 954 menses
1857 881 1935 934 ibi
1964 881 2228 954 commo-

571 952 1078 1037 rante,nur_iquam
1111 953 1345 1037 penitus
1365 969 1432 1007 ex
1449 952 1855 1037 accusantium
1889 959 2047 1037 parte
2071 952 2230 1024 quis-

573 1023 752 1098 quam
785 1023 988 1098 adfuit,
1024 1023 1130 1098 qui
1155 1041 1376 1098 coram,
1404 1023 2059 1098 sanctissimoprzesule
2091 1023 2226 1098 cum

570 1094 774 1153 eodem
819 1094 1084 1152 Rothad'o
1133 1097 1568 1152 contenderent.
1605 1096 1765 1151 Tunc
1795 1095 1860 1166 in
1886 1094 1977 1150 die
2004 1094 2224 1166 vigilia-

571 1185 700 1224 rum
727 1167 1055 1224 Nativitatis
1087 1167 1318 1224 Domini
1353 1167 1533 1222 nostri
1565 1168 1704 1223 Jesu
1732 1165 1968 1230 Christi,
2003 1165 2100 1238 qui
2135 1184 2222 1221 se-

568 1240 828 1296 cundum
859 1239 1140 1296 olitanam
1175 1239 1658 1295 consuetudinem
1689 1238 1867 1306 hujus
1893 1238 2223 1309 apostolica:

566 1312 724 1384 sedis
746 1311 1140 1384 ipraasul,cum
1171 1311 1324 1366 clero
1355 1317 1413 1367 et
1433 1310 1646 1384 populo
1665 1309 1722 1384 in
1750 1309 1993 1384 basilica
2013 1310 2112 1365 Dei
2133 1326 2226 1383 ge-

565 1380 793 1439 nitricis
813 1385 886 1465 ad
909 1384 1174 1465 Przesepe
1207 1380 1526 1439 missarum
1557 1381 1749 1465 officia
1781 1380 2070 1465 celebrare
2093 1380 2226 1436 con-

563 1459 850 1520 sueverat,
884 1452 1234 1510 conveniens
1265 1472 1398 1510 cum
1439 1453 1715 1525 omnibus
1749 1469 1900 1525 papa
1929 1452 2220 1524 benignus

563 1525 774 1598 fecitin
793 1527 1054 1598 amboue
1070 1525 1301 1598 publice
1332 1527 1401 1581 de
1435 1525 1562 1597 ipso
1595 1524 1858 1598 Bethath
1890 1541 2220 1598 sermonem

563 1597 905 1670 significans
924 1595 1176 1670 qualiter
1193 1599 1390 1653 sedem
1410 1595 1786 1667 apostolicam
1808 1596 2110 1670 appellans
2127 1597 2221 1651 de-

563 1667 793 1740 po'situs
824 1667 1020 1735 fuerit,
1054 1676 1110 1724 et
1139 1668 1198 1722 in
1229 1675 1547 1741 conspectu
1599 1685 1712 1741 suo
1758 1667 1957 1741 nullus
2004 1685 2107 1738 per
2136 1672 2222 1722 tot

565 1739 800 1796 menses
845 1745 1254 1796 accusatorum
1299 1739 1650 1796 occurreret.
1685 1739 1945 1811 Denique
1972 1755 2218 1811 consen-

564 1811 746 1867 tiente
775 1811 891 1884 sibi
917 1813 1346 1884 episcoporum,
1374 1809 1924 1884 presbyterorum'et
1951 1809 2218 1884 diacono-

567 1900 720 1952 rum,
735 1882 1000 1938 omnium
1015 1882 1296 1938 conventu
1309 1882 1580 1950 ,deerevit
1594 1882 1883 1953 utdignus
1896 1887 2050 1938 esset
2063 1883 2215 1937 idem

565 1954 870 2036 Rothadus
888 1955 1056 2039 indui
1080 1955 1541 2039 sacerdotalibus
1559 1953 1944 2039 indumentis,
1961 1955 2059 2039 qui
2078 1972 2218 2009 ane-
2248 1975 2295 2039 Β

563 2026 721 2098 mine
751 2043 855 2098 per
883 2031 969 2082 tot
999 2044 1233 2082 menses
1263 2028 1668 2098 accusabatur,
1703 2032 1760 2081 et
1787 2027 1856 2080 ad
1891 2025 2049 2081 sedis
2081 2043 2218 2097 apo-

561 2097 779 2170 stolicae
793 2098 1087 2170 judicium
1112 2099 1610 2170 proclamabat,ne
1634 2097 1849 2170 honore
1871 2097 2214 2170 privaretur,

562 2167 668 2224 Ubi
699 2167 946 2226 vestitus
975 2186 1005 2225 e
1051 2167 1294 2242 iscopali
1328 2169 1629 2225 Rothadus
1664 2167 2029 2235 indumento,
2055 2168 2214 2224 omni

562 2243 819 2296 tempore
837 2257 900 2296 se
919 2187 1212 2296 pollicitus
1233 2245 1324 2296 est
1345 2242 1468 2296 suis
1501 2241 1821 2296 infestatori
1832 2241 1942 2296 bus
1974 2257 2214 2296 resnon-

1042 2241 1212 2296 icitus
1233 2245 1324 2296 est
1345 2242 1468 2297 suis
1501 2241 1942 2296 infestatoribus
1974 2257 2214 2312 respon-

558 2327 786 2368 surum.
805 2312 1030 2368 Rursus
1043 2315 1394 2385 exspectatis
1412 2313 1729 2384 aliquantis
1747 2312 1974 2376 diebus,
1992 2313 2216 2385 scilicet

556 2399 745 2456 usque
763 2385 822 2438 in
853 2385 1008 2440 diem
1042 2383 1329 2440 natalium
1362 2383 1538 2440 sacrae
1570 2385 1816 2454 virginis
1844 2383 2212 2456 Agnetis,qui

554 2455 752 2510 est’xn
785 2456 912 2511 Kal.
949 2457 1316 2522 Februarias,
1350 2457 1451 2512 sed
1483 2473 1588 2512 nec
1618 2456 1728 2511 sibi
1762 2455 2076 2528 quisquam
2110 2455 2211 2510 ad-

2340 665 2391 720 al
2403 665 2561 742 i_quid
2585 665 2892 742 altercans.
2919 665 3307 742 Convenit-nte
3327 683 3463 742 ergo
3488 665 3827 742 beatissimo
3849 665 3986 742 prte-

2340 737 2622 811 sulecum
2645 738 2921 811 omnibus
2936 738 2992 792 in
3008 737 3448 811 basilicaipsius
3463 737 3703 811 virginis
3719 737 3988 796 foris—mu-

2339 826 2434 863 ros
2458 808 2648 884 Urbis,
2664 809 2755 884 via
2777 810 3168 884 Numentaua,
3184 808 3340 884 idem
3362 808 3984 884 Rothadus‘episcopus

2337 881 2730 954 excusationis
2751 886 2807 936 et
2836 881 3243 954 promissionis
3275 899 3392 937 suae
3425 899 3541 953 qua
3572 881 3984 954 pollicitusfuit

2337 951 2583 1025 seomni
2604 951 2864 1024 tempore
2877 953 3316 1025 accusatoribus
3340 951 3465 1008 suis
3479 951 3984 1025 responsurum,li-

2337 1022 2553 1096 bellum
2581 1022 2821 1096 summo
2854 1024 3115 1096 pontiﬁci
3141 1025 3525 1096 tradidit.Qui
3559 1022 3751 1080 coram
3785 1022 3983 1082 multis

2337 1094 2710 1168 audientibus
2733 1094 2908 1168 jussu
2943 1095 3210 1168 prazsulis
3241 1096 3553 1168 eximiiiest
3582 1097 3980 1164 recitatus,ubi

2336 1167 2510 1220 etiam
2546 1167 3092 1240 restitutionisiejus
3145 1169 3332 1240 forma
3374 1167 3587 1240 relecta
3618 1174 3724 1223 est.
3760 1170 3827 1223 Et
3861 1175 3983 1240 post

2334 1241 2600 1292 omnium
2624 1255 2978 1310 consensum
3009 1239 3067 1294 in
3096 1239 3341 1295 ecclesia
3361 1244 3423 1295 B.
3447 1239 3983 1310 Constantemjuxta

2331 1311 2597 1383 eamdem
2617 1309 2672 1383 St
2684 1310 2928 1383 virginis
2951 1310 3514 1383 basilicam,decreto
3538 1309 3864 1368 beatissimi
3886 1312 3982 1368 hu-

2323 1381 2426 1451 jus
2440 1381 2704 1456 przesulis
2718 1381 3038 1456 supradicti
3053 1382 3500 1456 Rotbadus,jam
3517 1383 3826 1456 restitutus
3840 1385 3980 1456 epis-

2333 1469 2512 1524 cOpus
2546 1453 2861 1508 missarum
2893 1453 3178 1510 solemnia
3218 1453 3558 1510 solemniter
3588 1453 3918 1511 celebravit.
3954 1479 3976 1503 υ

2331 1525 2536 1580 Totius
2555 1541 2725 1596 porro
2743 1527 3145 1580 controversia:
3170 1544 3287 1580 suae
3313 1543 3446 1581 cum
3470 1526 3780 1582 Hincmaro
3803 1527 3979 1583 series

2331 1596 2597 1651 disertim
2630 1598 2914 1668 expressit
2951 1598 3250 1652 ltothadus
3282 1597 3473 1653 libello
3507 1597 3978 1668 proclamalionis

2331 1615 2597 1651 mserum
2630 1615 2914 1668 expressu
2951 1615 3250 1652 uornanus
3283 1615 3473 1653 uneuo
3548 1615 3978 1654 roclamauoms

2329 1671 2684 1741 contentam,
2701 1687 2876 1741 quam
2897 1670 3090 1724 Romae
3111 1669 3328 1741 degens
3355 1615 3569 1724 obtulit
3593 1687 3828 1726 summo
3849 1689 3979 1741 pon-

2333 1739 2556 1812 ti_tici,in
2572 1757 2686 1812 quo
2700 1739 2825 1794 vitae
2842 1741 3031 1812 ipsius
3046 1739 3728 1796 actacontinenturtomo
3743 1739 3976 1797 llICon-

2328 1809 2606 1884 ciliorum
2622 1809 3091 1884 Sirmondi.Dein
3113 1813 3448 1884 apostolicis
3470 1812 3973 1878 litterismunitus,

2329 1883 2396 1936 ad
2417 1899 2584 1956 suam
2601 1883 2798 1956 sedem
2817 1901 3122 1956 regressus
3140 1883 3229 1938 est
3248 1903 3259 1939 :
3281 1901 3384 1956 pro
3401 1885 3604 1956 eodem
3623 1885 3897 1940 Nicolaus
3910 1887 3974 1940 ad

2327 1953 2594 2028 Qarolum
2663 1953 2908 2028 Calvum
2971 1953 3352 2028 scripsit,r'ut
3404 1955 3662 2028 legitime
3714 1957 3975 2012 restituto

2330 2026 2565 2092 faveret,
2628 2043 2837 2097 resque
2887 2026 3399 2098 ipsius'Ecclcsiaa
3457 2026 3622 2083 reddi
3677 2029 3976 2084 mandaret

2329 2114 2446 2168 qua
2467 2098 2788 2172 episcopus
2801 2123 2824 2146 υ
2845 2098 3211 2172 conscientia
3223 2099 3872 2172 purus,conversatione
3893 2101 3974 2156 in-

2329 2168 2546 2253 nocens
2578 2168 3492 2253 columbarumsimplicitate,ac
3524 2171 3840 2253 prudentia
3869 2189 3975 2228 ser-

2327 2241 2518 2312 pentis
2537 2263 2564 2290 ››
2590 2240 2838 2312 insignis
2860 2240 3227 2312 przedicatur.
3246 2243 3380 2298 Post
3401 2240 3837 2298 restitutionem
3850 2260 3973 2299 vero

2326 2311 2512 2366 adfuit
2535 2311 2776 2366 concilio
2809 2311 3215 2368 Sucssionensi
3242 2333 3296 2369 ιιι
3321 2331 3474 2370 anno
3497 2315 3639 2382 866;
3674 2315 3816 2370 item
3849 2315 3974 2370 Tri-

2325 2383 2578 2458 cassino,
2599 2386 2722 2439 867.
2749 2385 2903 2439 Obiit
2925 2387 3102 2441 rebus
3127 2385 3308 2458 gestis
3336 2386 3393 2439 in
3416 2386 3750 2458 episcopatu
3786 2386 3973 2442 clarus

2325 2455 2555 2510 circiter
2583 2473 2736 2511 anno
2769 2458 2892 2510 868.

1439 2706 2226 2809 ποτ-ΕΔΜ
2330 2706 3092 2811 ενιεαοιιι

943 2909 1827 3052 LIBELLUS
1960 2908 3582 3062 PROCLAMATIONIS

2181 3150 2348 3204 QUEM

1215 3267 1471 3329 Nicolao
1500 3286 1678 3348 papae
1709 3286 1854 3331 cum
1887 3271 2100 3330 Romae
2131 3273 2376 3330 sextum
2399 3269 2536 3348 jam
2567 3287 2844 3331 mensem
2870 3275 3306 3350 exspectasset.

1714 3411 1908 3484 (Cone.
1943 3412 2108 3479 Gen.,
2141 3416 2284 3468 tom.
2318 3411 2466 3480 VIII,
2502 3411 2610 3468 col.
2641 3413 2793 3484 785.)

615 3644 734 3715 Ego
765 3644 1069 3700 Rothadus
1099 3650 1386 3717 peccator,
1423 3645 1863 3701 Sucssionensis
1904 3647 2198 3716 Ecclesiae,
2231 3648 2273 3715 C
2309 3646 2439 3702 iter.
2465 3646 2604 3702 Inde
2629 3662 2733 3718 ego
2764 3645 3036 3702 festinato
3069 3662 3247 3702 cursu
3281 3646 3352 3700 ad
3381 3650 3641 3702 nostram
3673 3644 3958 3700 civitatem

546 3733 742 3788 sedem
777 3731 1079 3804 appellans
1108 3733 1512 3805 apostolicam,
1544 3733 1944 3807 irregultriter
1974 3737 2198 3808 episco-

543 3824 687 3893 patu
718 3820 1000 3893 privatus,
1015 3821 1417 3878 calamitatum
1449 3840 1715 3878 mearum
1749 3841 2000 3897 suggero
2031 3825 2200 3898 lugu-

543 3909 708 3966 brem
739 3908 1065 3978 historiam,
1099 3928 1214 3966 non
1249 3911 1447 3966 omnia
1482 3929 1607 3984 quae
1639 3930 1852 3984 passus
1885 3931 2017 3970 sum
2051 3921 2195 3971 rete-

540 4016 704 4066 xens,
739 4000 894 4072 quod
945 3999 1313 4073 impossibile
1361 4001 1602 4056 forsitan
1652 4008 1795 4070 erat,
1830 4008 1886 4058 et
1915 4021 1986 4060 ne
2018 4005 2196 4060 nimis

541 4088 850 4145 fastidiosa
897 4089 1152 4146 narratio
1200 4090 1341 4154 tuis,
1373 4089 1637 4162 piissime
1686 4093 1921 4163 praesul,
1953 4094 2196 4152 auribus

541 4178 880 4251 importuna
909 4179 1223 4236 videretur.
1255 4179 1622 4236 Venerabilis
1653 4181 1834 4253 igitur
1859 4184 2191 4256 metropoli-

537 4272 714 4325 tanus
744 4268 1116 4335 Hincmarus,
1153 4275 1368 4324 sanctae
1409 4269 1756 4326 Rhemensis
1790 4271 2054 4328 Ecclesiae
2089 4291 2192 4329 an-

537 4357 728 4425 tistes,
764 4358 1120 4430 quibusdam
1153 4358 1562 4414 occasionibus
1616 4360 1852 4426 exortis,
1887 4362 2004 4416 acri
2037 4362 2194 4417 circa

538 4463 632 4502 me
658 4447 1098 4504 infestinatione
1129 4451 1380 4516 certans,
1413 4448 1510 4503 diu
1563 4448 1768 4504 multis
1805 4467 1870 4504 ac
1899 4451 2077 4507 variis
2107 4450 2190 4506 la-

536 4534 778 4590 boribus
831 4553 1021 4591 meam
1080 4539 1324 4593 vexabat
1370 4538 1768 4610 exiguitatem.
1801 4539 1919 4612 Ego
1969 4544 2188 4603 autem.

538 4630 825 4696 quantum
853 4629 1134 4696 poteram,
1159 4626 1326 4682 illum
1354 4627 1630 4696 tolerans,
1673 4627 1731 4682 in
1766 4628 1858 4684 his
1890 4628 1942 4684 ei
1968 4645 2188 4701 nequa-

535 4729 714 4785 quam
749 4730 851 4785 pro
883 4731 989 4770 suo
1023 4713 1193 4770 libitu
1243 4715 1608 4787 acquiescere
1655 4716 1809 4772 volui
1850 4735 1976 4790 quae
2005 4719 2188 4776 sacris

534 4803 966 4875 perpendeham
987 4805 1324 4859 auctoribus
1347 4823 1472 4861 esse
1494 4807 1802 4862 contraria.
1824 4807 2092 4880 Dumque
2114 4811 2188 4865 ad

533 4893 845 4965 synodum.
872 4893 1047 4964 jussu
1096 4893 1332 4966 gloriosi
1374 4895 1527 4968 regis
1557 4895 1766 4963 Caroli,
1801 4914 1904 4968 pro
1937 4897 2187 4954 utilitate

533 4985 746 5036 sanctae
797 4981 896 5037 Dei
948 4981 1219 5036 Ecclesiae
1265 4988 1658 5049 convocatam,
1690 4984 1946 5056 episcopi
1979 5003 2184 5040 conve-
2218 5023 2264 5088 D

533 5069 922 5138 nissemus,et
941 5071 1062 5142 ipse
1085 5069 1249 5142 quasi
1275 5071 1539 5126 omnium
1565 5073 1842 5127 dominus
1867 5075 2184 5146 praesidens

531 5176 598 5215 ac
627 5158 963 5230 praavalens,
997 5161 1348 5216 sententiam
1403 5161 1456 5214 in
1505 5179 1597 5216 me
1630 5163 2026 5219 damnationis
2059 5163 2184 5219 vio-

531 5247 718 5304 lenter
745 5266 825 5304 ac.
861 5250 1293 5320 praecipitanter
1327 5251 1578 5321 jaculari
1631 5251 1998 5319 acceleraret,
2030 5253 2180 5309 hanc

529 5354 635 5411 ego
663 5338 1039 5410 apostolicam
1068 5340 1288 5406 sedem,
1323 5346 1496 5412 atque
1541 5341 1927 5410 apostolicum
1960 5359 2180 5413 praesu-

526 5425 663 5495 lem,
713 5426 1062 5483 universalis
1109 5427 1376 5483 Ecclesim
1435 5447 1735 5484 summum
1801 5431 2175 5501 provisorem,

526 5514 817 5588 appellare
849 5517 1432 5589 maturavi.Cumquc
1460 5518 1601 5572 mihi
1630 5519 1732 5572 hoc
1750 5520 2036 5591 denegare
2064 5539 2178 5578 non

524 5611 925 5676 praesumeret,
957 5613 1161 5662 sancta
1218 5608 1438 5679 synodo
1493 5608 1858 5675 decernente,
1893 5627 2043 5683 aegre
2091 5618 2177 5668 ta-

523 5709 658 5748 men
689 5694 866 5751 eundi
897 5697 1192 5768 prazbebat
1237 5714 1570 5764 assensum,
1603 5699 1965 5755 constituens
1997 5703 2174 5756 dinu-

519 5786 779 5866 meratos
811 5784 936 5843 dies
971 5784 1124 5844 ultra
1169 5802 1317 5860 quos
1361 5785 1600 5846 omnino
1651 5806 1766 5848 non
1815 5791 2174 5850 retardarem

2312 3753 2599 3802 reversus,
2631 3736 2700 3790 de
2732 3735 2973 3790 instanti
3025 3733 3231 3790 itinere
3277 3752 3472 3791 moras
3516 3752 3628 3790 non
3679 3735 3958 3806 patiebar,

2309 3842 2487 3896 quam
2519 3823 2707 3891 laetus,
2739 3825 2786 3879 si
2819 3828 2891 3880 ad
2924 3823 3326 3897 apostolorum
3359 3824 3565 3880 limina
3610 3824 3958 3880 contendere

2309 3914 2680 3982 meruissem,
2705 3919 2769 3968 ut
2790 3915 2861 3968 ad
2882 3913 3106 3969 domini
3130 3913 3242 3970 mei
3266 3914 3412 3970 tanti
3436 3914 3727 3986 pontificis
3747 3918 3804 3968 et
3826 3913 3959 3986 piis-

2307 4003 2438 4058 simi
2460 4002 2945 4076 patris,omnium
2978 4004 3049 4058 ad
3085 4021 3147 4059 se
3179 4003 3648 4076 contugientium
3681 3999 3957 4058 tutissimi

2305 4092 2627 4148 defensoris
2658 4109 2724 4148 ac
2757 4091 3120 4164 protectoris,
3152 4109 3382 4148 sacram
3415 4091 3776 4165 pervenirem
3814 4108 3954 4163 prae-

2305 4181 2576 4236 sentiam.
2601 4182 3002 4254 Cumquejam
3027 4199 3057 4238 e
3078 4182 3266 4237 vicino
3289 4183 3476 4254 parati
3501 4181 3727 4238 itineris
3757 4178 3954 4236 immi-

2304 4276 2467 4326 neret
2497 4288 2790 4344 egressus,
2814 4271 3037 4326 litteras
3095 4271 3332 4327 domino
3391 4289 3520 4327 meo
3565 4271 3706 4344 regi,
3741 4275 3798 4325 et
3831 4285 3952 4324 meo

2303 4360 2740 4434 archiepiscopo
2780 4360 3030 4432 dirigere
3063 4361 3280 4428 curavi,
3317 4366 3582 4416 nostram
3613 4359 3731 4415 illis
3761 4357 3950 4414 Eccle-

2302 4451 2452 4504 siam
2484 4451 2877 4516 committens,
2908 4449 3279 4522 multumque
3332 4449 3638 4522 postulans
3695 4453 3760 4503 ut
3788 4449 3952 4520 juxta

2301 4556 2476 4594 suum
2507 4545 2749 4612 uterque
2790 4539 3049 4594 officium
3101 4556 3228 4595 eam
3272 4540 3522 4612 dirigere
3554 4539 3947 4612 procurarent,

2299 4629 2481 4684 donec
2498 4629 2568 4684 de
2591 4646 2682 4684 me
2705 4627 3230 4685 excellentissimus
3254 4629 3525 4685 Romanae
3551 4628 3713 4684 urbis
3744 4623 3949 4700 praesul

2299 4717 2475 4773 ﬁnem
2525 4719 2941 4773 determinaret
2985 4717 3337 4788 legitimum.
3371 4718 3503 4774 Misi
3536 4722 3593 4772 et
3625 4717 3850 4772 litteras
3879 4713 3947 4769 ad

2298 4805 2466 4861 illum
2499 4807 2637 4862 olim
2667 4807 3093 4879 presbyterum,
3115 4824 3218 4880 pro
3245 4809 3414 4880 cujus
3445 4824 3550 4880 ego
3580 4805 3830 4879 regulari
3853 4804 3944 4860 de-

2298 4896 2607 4967 positione,
2655 4897 2756 4968 qui
2811 4897 2870 4952 in
2930 4901 3136 4969 stupro
3194 4898 3384 4952 fuerat
3442 4895 3863 4969 deprehensus,
3894 4895 3948 4948 et

2298 4985 2597 5042 abscissus
2617 5004 2651 5042 a
2673 5004 2801 5042 meo
2824 4987 3138 5058 judicabar
3161 4986 3710 5058 metropolitano,ut
3739 4990 3795 5041 et
3827 4985 3942 5057 ipse

2297 5093 2526 5131 mecum
2559 5075 2674 5131 huc
2705 5081 2838 5131 ante
2892 5081 3078 5143 tuam,
3113 5076 3348 5132 domine
3379 5093 3550 5148 papa,
3587 5074 3939 5131 audientiam

2293 5166 2718 5221 examinandus
2769 5165 3084 5221 adveniret.
3120 5167 3380 5231 Quarum
3429 5164 3785 5237 exemplaria
3831 5178 3937 5235 prae

2293 5256 2568 5310 manibus
2582 5255 2786 5323 habeo,
2804 5260 2861 5310 et
2883 5254 2931 5309 si
2956 5255 3120 5310 vobis
3152 5253 3359 5327 placet,
3385 5253 3734 5327 apostolatui
3757 5255 3938 5308 vestro

2291 5346 2551 5400 offeram.
2573 5345 2784 5418 Aliqua
2813 5361 3045 5417 quoque
3069 5344 3328 5416 capitula
3351 5345 3683 5416 conscripta
3712 5341 3936 5398 cuidam

2291 5438 2488 5490 nostro
2521 5434 2794 5490 confratri
2819 5439 2876 5490 et
2896 5434 3238 5507 coepiscopo
3259 5433 3584 5499 transmisi,
3605 5432 3716 5488 sub
3741 5431 3935 5486 eodem

2289 5523 2568 5596 temporis
2592 5522 2833 5578 articulo
2866 5541 2970 5596 per
2997 5524 3231 5579 easdem
3262 5539 3474 5578 manus
3504 5521 3790 5588 deferens,
3815 5531 3932 5589 qua:

2289 5618 2354 5667 ut
2378 5611 2745 5684 prmmissum
2779 5618 2867 5666 est
2899 5617 3219 5668 memorato
3255 5611 3374 5684 regi
3405 5615 3461 5666 et
3490 5609 3738 5666 antistiti
3772 5603 3936 5662 desti-

2291 5701 2662 5756 naveram.ln
2699 5701 2915 5772 quibus
2941 5719 3080 5757 sane
3112 5700 3385 5772 capitulis
3417 5717 3549 5755 mea
3579 5697 3712 5754 talis
3743 5699 3933 5770 postu-

2286 5789 2424 5849 latio
2445 5789 2874 5863 continebatur,
2892 5790 3022 5849 aliis
3045 5791 3336 5868 episcopis
3359 5789 3460 5868 qui
3483 5789 3542 5849 in
3564 5803 3755 5848 meam
3781 5786 3932 5844 dam-
