4126 6456
186 505 312 565 749

1334 511 1714 575 LIBELLUS
1758 513 2473 581 PROCLAMATIONIS.

3492 526 3613 587 750

184 638 493 693 nationem
529 638 880 712 participare
912 640 1190 697 nolebant
1228 642 1598 709 insinuanda,
1635 649 1700 700 ut
1731 646 1840 718 ipsi
1876 648 1928 713 Α
1960 663 2150 720 neque
2180 665 2285 722 ego
2317 648 2428 705 hoc
2461 650 2758 708 ullatenus
2778 653 3151 719 auderem,ut
3179 654 3235 710 in
3268 656 3608 729 przejudicio

186 727 382 798 parati
416 731 635 795 essent,
673 733 825 783 Sicut
856 729 1240 786 fraternitatis
1272 737 1563 788 amatores
1590 738 1846 790 etsecta-

181 819 349 871 tores
380 815 707 884 charitatis,
733 817 905 888 juxta
933 818 1258 875 beatissimi
1309 820 1557 893 apostoli
1592 824 1847 879 sanctio-

183 920 323 958 nem
354 904 398 975 (ι
422 906 558 960 Tim.
592 905 691 977 vn),
728 922 918 961 meam
951 907 1261 963 defendere
1291 926 1358 965 ac
1389 910 1539 965 tueri
1571 910 1845 967 salutem.

184 993 303 1047 Sed
337 991 435 1049 ille
468 1011 636 1051 meus
670 995 970 1051 unanimis
992 997 1187 1063 frater,
1210 998 1303 1053 cui
1334 998 1484 1055 hanc
1509 999 1621 1054 mei
1644 1016 1845 1056 curam

182 1082 658 1145 committebam.
681 1088 823 1139 tunc
853 1084 1418 1143 defuit.Hincmbrus
1449 1092 1645 1144 tamen
1669 1090 1847 1145 conti-

184 1189 310 1227 nuo
334 1189 575 1228 causam
608 1172 1125 1245 persensit.Adhuc
1149 1175 1424 1232 dominus
1456 1182 1637 1243 rex,et
1658 1177 1844 1234 isdem

182 1277 360 1317 meus
392 1260 687 1332 praelatus,
721 1261 781 1317 in
814 1263 1019 1319 eodem
1052 1262 1177 1320 loco
1237 1266 1574 1333 manebant,
1602 1267 1697 1323 ubi
1734 1268 1844 1323 sub

182 1367 307 1404 una
337 1350 661 1423 eademque
707 1368 872 1406 mora
920 1369 1060 1408 meae
1118 1354 1425 1425 parvitatis
1476 1355 1755 1428 epistola,
1791 1360 1847 1412 et

178 1438 289 1495 illa
348 1439 626 1511 capitula,
692 1440 773 1495 uti
834 1439 1085 1497 relatum
1142 1448 1252 1509 est,
1313 1436 1840 1515 praesentabantur.

179 1528 440 1600 Moxque
471 1528 824 1585 Hincmarus
850 1530 973 1602 ipse
996 1529 1471 1604 archiepiscopus
1490 1534 1842 1605 scriptorum

177 1617 534 1691 portitorem
565 1618 878 1691 diligenter
916 1620 1101 1692 jussit
1150 1620 1391 1693 inquiri,
1427 1638 1531 1677 cur
1579 1622 1695 1677 illis
1727 1639 1843 1678 non

176 1707 523 1763 ostenderet
553 1708 748 1779 apices
781 1726 930 1781 quos
952 1708 1253 1782 sigillatim
1270 1709 1843 1779 detulerat.Quicon-

178 1796 343 1852 ﬁteri
376 1796 719 1869 compulsus
741 1799 1150 1871 respondendo
1180 1800 1514 1871 subjunxit:
1550 1799 1693 1865 Quia
1722 1799 1840 1869 ille,

182 1885 490 1957 inquiens,
515 1886 586 1941 ad
619 1902 795 1958 quem
817 1887 962 1943 mihi
996 1888 1200 1944 crediti
1218 1893 1357 1944 sunt
1374 1890 1695 1961 perferendi
1707 1908 1842 1956 ,non

180 1973 284 2029 hic
317 1975 489 2030 modo
520 1976 902 2047 apparet.Nec
924 1977 1172 2032 cessavit
1195 1976 1312 2043 ille,
1347 1980 1530 2033 donec
1564 1994 1843 2050 persuaso

182 2079 326 2135 rege
357 2064 551 2120 subito
583 2063 752 2136 quasi
784 2064 1023 2121 collecta
1040 2067 1259 2138 synodo
1277 2083 1343 2121 ex
1364 2066 1507 2138 ipsis
1522 2067 1620 2138 qui
1644 2084 1842 2139 super-

180 2156 357 2209 erant
379 2151 669 2225 episcopis
682 2154 1085 2227 presbyterum
1112 2155 1398 2211 introduci
1420 2156 1837 2225 fecitinvitum,

178 2242 385 2313 ipsum
413 2242 680 2298 videlicet
710 2242 1037 2299 litterarum
1070 2244 1347 2300 latorem.-
1363 2245 1674 2317 Coeperunt
1704 2246 1839 2301 hinc

180 2336 245 2386 ct
276 2329 411 2386 inde
440 2330 499 2385 in
532 2330 722 2387 medio
753 2332 1013 2403 positum
1047 2350 1297 2399 movere,
1331 2336 1586 2405 pulsare,
1621 2340 1678 2390 et
1710 2352 1837 2406 per-

183 2436 414 2491 urgere,
448 2419 621 2476 sicuti
652 2419 760 2477 hoc
791 2421 997 2477 callide
1026 2439 1130 2494 per
1166 2421 1413 2479 insidias
1459 2429 1838 2495 argumenta-

178 2513 314 2563 tum
345 2514 487 2576 erat,
520 2514 584 2565 ut
614 2508 862 2577 litteras,
896 2528 1044 2582 quas
1075 2511 1375 2567 Rothadus
1416 2528 1518 2582 per
1563 2529 1697 2568 eum
1730 2531 1836 2569 suo

178 2598 259 2654 ad
293 2599 582 2670 synodum
639 2600 1090 2672 metropolitano
1146 2600 1451 2668 direxerat,
1487 2601 1663 2657 citius
1697 2620 1837 2674 prm-

178 2692 461 2744 sentaret.
495 2689 694 2761 Neque
725 2690 796 2744 ad
822 2690 1111 2762 synodum
1135 2690 1352 2745 missus
1376 2690 1836 2764 sum,ait,neque

179 2795 218 2833 a
250 2777 514 2833 Rotbado
546 2778 842 2851 episcopo,
875 2780 1047 2850 cujus
1077 2796 1182 2835 nec
1241 2796 1348 2852 ego
1398 2797 1531 2836 sum
1564 2780 1832 2848 clericus,

180 2868 412 2923 litteras
444 2868 639 2940 accepi
674 2868 989 2924 Hincmaro
1028 2870 1375 2925 reddendas.
1410 2870 1672 2943 Cumque
1703 2872 1833 2927 nul-

181 2956 420 3012 lomodo
452 2957 756 3029 presbyter
788 2958 916 3029 ipsa
945 2957 1115 3014 vellet
1163 2958 1420 3029 capitula
1446 2961 1707 3031 prodere,
1735 2962 1833 3032 ju-

184 3046 361 3101 bente
394 3051 588 3100 tamen
622 3063 775 3117 rege,
811 3052 1047 3101 coactus
1081 3046 1333 3102 reddidit
1358 3064 1629 3119 :moxque
1661 3050 1833 3105 Hinc-

184 3152 390 3189 marus
424 3152 614 3207 regem
649 3135 965 3207 postulavit
985 3135 1440 3191 utTransull‘um
1465 3138 1737 3193 abbatem
1762 3141 1832 3195 ad

183 3241 283 3279 me
314 3223 627 3296 dirigeret:
660 3225 757 3296 qui
794 3226 864 3280 ad
917 3231 1176 3280 nostram
1209 3224 1497 3281 civitatem
1535 3227 1833 3285 celerrime

181 3312 551 3385 perveniens,
585 3330 678 3368 me
699 3314 824 3384 jam
858 3319 1128 3385 paratum
1162 3317 1225 3369 ut
1255 3324 1518 3370 nostrum
1549 3313 1660 3369 iter
1690 3316 1832 3371 arri-

1960 742 2173 792 sanctaa
2234 739 2507 795 Romanae
2551 738 2839 807 Ecclesiae,
2889 741 3156 797 omnium
3220 744 3605 802 Ecclesiarum

1957 823 2183 892 matris,
2219 826 2466 898 ejusque
2498 826 2973 884 excellentissimi
3022 831 3287 899 rectoris,
3319 832 3474 889 circa
3500 851 3605 907 po-

1958 913 2069 968 sito
2100 913 2429 987 cuicunque
2450 916 2736 987 praebeam
2760 916 2957 988 aliquo
2985 919 3159 975 modo
3181 924 3601 979 assensum.Ad

1957 1000 2118 1057 illam
2153 1019 2448 1059 summam
2473 1005 2879 1063 auctoritatem
2906 1006 3032 1062 sine
3053 1007 3485 1067 intermissione
3507 1028 3605 1085 ap-

1955 1089 2130 1162 pello,
2165 1081 2257 1147 eui
2288 1091 2486 1148 nullus
2516 1097 2708 1166 potest
2736 1081 3603 1170 eontradicere,qumaDomino

1955 1180 2097 1236 Jesu
2129 1180 2358 1237 Christo
2385 1198 2489 1254 per
2508 1182 2739 1238 beatum
2758 1184 2991 1241 Petrum
3023 1186 3351 1259 apostolum
3370 1192 3602 1245 tantum

1955 1270 2173 1325 meruit
2200 1270 2616 1342 principatum.
2638 1272 2936 1328 Judicium
2963 1291 3099 1347 ergo
3130 1274 3289 1332 illius
3319 1277 3389 1332 ad
3423 1293 3601 1350 quam

1955 1355 2308 1429 proclamavi
2344 1362 2569 1429 expeto,
2600 1375 2705 1414 nec
2756 1359 2893 1415 alibi
2948 1361 3064 1416 nisi
3109 1361 3304 1418 Romae
3344 1364 3600 1435 judicari

1954 1445 2275 1514 consentio,
2310 1445 2449 1518 quia
2477 1456 2864 1519 praeposterus
2881 1450 3022 1504 ordo
3044 1454 3133 1505 est
3153 1449 3484 1509 inferiorem
3507 1471 3602 1510 su-

1955 1534 2168 1606 periori
2196 1534 2604 1591 anteferri.His
2636 1535 2873 1604 auditis,
2909 1537 3010 1609 qui
3037 1537 3202 1594 missi
3235 1540 3465 1596 fuerant
3506 1558 3599 1615 sy-

1956 1624 2109 1679 nodo
2141 1623 2638 1680 renuntiaverunt.
2677 1626 2890 1681 Iterum
2931 1627 3190 1683 secundo
3220 1631 3279 1683 et
3305 1628 3477 1684 tertio
3506 1646 3601 1686 me

1954 1712 2345 1769 continuatim
2369 1714 2767 1781 invitantes,in
2783 1714 2986 1770 eadem
3008 1715 3359 1774 invenerunt
3377 1717 3600 1775 ratione

1956 1802 2290 1874 per.istere.
2324 1801 2651 1859 Novissime
2693 1820 2827 1859 vero
2878 1802 3239 1861 industriose
3286 1808 3600 1879 persuade-

1956 1892 2116 1957 bant,
2151 1908 2321 1946 suam
2354 1893 2660 1947 offerentes
2692 1893 2888 1958 ﬁdem,
2914 1891 3059 1948 nihil
3089 1892 3447 1952 incommodi
3477 1913 3603 1969 per-

1956 1995 2291 2051 pessurum,
2324 1985 2427 2035 aut
2456 1980 2666 2036 saltem
2698 1980 2936 2036 domino
2961 1981 3079 2054 regi
3099 1981 3159 2045 in
3190 1983 3453 2054 proximo
3475 1984 3600 2041 loco

1954 2069 2159 2141 synodi
2212 2068 2518 2124 locuturus
2561 2085 2948 2125 occurrerem.
3005 2071 3167 2136 Quod
3224 2072 3401 2128 etiam
3455 2073 3600 2129 mihi

1950 2157 2137 2212 nostri
2172 2158 2380 2213 fratres
2411 2157 2675 2213 Ecclesia:
2710 2162 2917 2213 nostrae
2949 2157 3051 2212 filii
3064 2159 3187 2230 jam
3224 2160 3471 2217 suadere
3493 2178 3602 2218 cce-

1951 2249 2185 2318 perunt,
2219 2250 2284 2301 ut
2315 2244 2408 2318 pio
2442 2245 2690 2317 principi
2741 2262 2881 2301 meas
2931 2246 3238 2317 parvitatis
3268 2247 3602 2306 exhiberem

1948 2335 2342 2407 praesentiam.
2373 2334 2567 2389 Annui
2601 2350 2729 2406 ego,
2762 2340 2820 2390 et
2866 2323 2943 2390 ad
2986 2335 3180 2391 locum
3220 2353 3335 2408 quo
3367 2353 3461 2393 me
3492 2338 3598 2393 du-

1948 2424 2158 2479 cebant
2179 2423 2442 2490 transivi,
2459 2422 2919 2479 sacerdotalibus
2939 2424 3186 2480 vestitus
3209 2424 3594 2494 indumentis,

1947 2516 2218 2568 sanctum
2252 2511 2626 2585 Evangelium
2657 2516 2716 2567 et
2737 2511 2961 2584 lignum
2984 2518 3197 2569 sanctas
3227 2514 3417 2570 crucis
3440 2514 3595 2571 circa

1947 2619 2077 2657 mea
2107 2606 2341 2673 pectora
2371 2618 2601 2673 gerens.
2628 2601 2893 2673 Cumque
2924 2618 3017 2657 me
3068 2602 3127 2656 in
3168 2604 3465 2674 quoddam
3498 2605 3591 2659 di-

1942 2691 2267 2747 versorium
2300 2708 2403 2762 pro
2430 2689 2654 2746 foribus
2684 2690 2887 2763 synodi
2919 2708 2953 2745 a
2974 2691 3192 2747 nostris
3212 2692 3590 2751 omnibusse-

1945 2785 2220 2854 paratum
2249 2778 2733 2846 introduxissent,
2757 2778 2985 2835 obnixis
3008 2780 3281 2852 precibus
3301 2783 3591 2854 postulavi

1945 2888 2049 2944 per
2080 2869 2413 2924 Leudonem
2464 2868 2796 2934 diaconum,
2825 2873 2891 2924 ut
2932 2869 3208 2926 dominus
3251 2887 3350 2926 rex
3397 2870 3588 2929 locum

1945 2959 2090 3015 mihi
2120 2956 2449 3029 indulgeret
2480 2974 2679 3012 secum
2711 2956 3010 3029 loquendi.
3046 2959 3152 3024 Qui
3186 2976 3319 3015 mox
3348 2977 3452 3032 pro
3484 2978 3593 3018 sua

1945 3049 2157 3122 pietate
2180 3048 2251 3102 ad
2285 3063 2377 3100 me
2408 3046 2716 3118 indignum
2738 3046 2932 3102 venire
2961 3046 3238 3120 dignatus
3268 3053 3594 3122 est,meque

1945 3137 2194 3210 benigne
2227 3134 2466 3202 audivit,
2503 3135 2600 3190 sed
2635 3135 2907 3191 exaudire
2958 3152 3074 3191 non
3127 3142 3216 3193 est
3244 3138 3590 3209 permissus.

1944 3227 2086 3281 Nam
2122 3242 2257 3280 cum
2290 3223 2457 3278 illum
2503 3223 2670 3278 valde
2719 3223 3062 3297 suppliciter
3110 3226 3393 3298 anxieque
3423 3243 3591 3300 roga-

1948 3331 2091 3381 rem,
2127 3317 2192 3369 ut
2224 3312 2366 3367 mihi
2400 3313 2646 3367 Romam
2678 3313 2855 3368 eundi
2898 3312 3251 3381 libertatem,
3284 3314 3437 3370 sicut
3466 3315 3592 3388 ipse

184 3418 386 3475 percm
418 3402 657 3458 invenit.
689 3404 852 3458 Tunc
893 3403 1018 3475 ipse
1049 3403 1233 3458 abbas
1264 3404 1324 3458 in
1373 3402 1520 3459 atrio
1577 3403 1834 3461 ecclesiae
1863 3385 1905 3451 (ἶ
1943 3407 2331 3469 concesserat,
2364 3417 2479 3456 non
2512 3400 2761 3469 tolleret,
2795 3405 3178 3475 sanctamque
3208 3402 3591 3475 apostolicam

183 3491 494 3558 assistens,
528 3491 761 3563 publica
789 3508 925 3548 voce
956 3508 1025 3547 ex
1061 3492 1234 3548 verbo
1267 3492 1507 3565 regis,et
1536 3493 1834 3550 Hincmari

184 3578 613 3653 archiepiscopi
669 3580 1032 3647 auctoritate,
1101 3580 1407 3652 prohibere
1466 3582 1709 3651 curavit,
1772 3586 1837 3638 ut

186 3667 390 3725 nullus
422 3669 660 3725 omnino
682 3670 756 3725 ab
788 3670 917 3741 ipsa
939 3669 1171 3725 civitate
1195 3686 1425 3726 mecum
1443 3672 1833 3743 egrederetur,

186 3774 253 3813 ac
284 3757 367 3813 ire
395 3758 683 3814 volentem
716 3759 960 3814 Romam
992 3776 1085 3814 me
1118 3760 1837 3832 prosequeretur.Nequa-

186 3863 369 3918 quam
401 3847 481 3903 ita
512 3847 744 3915 faciam,
779 3864 885 3921 ego
909 3847 1228 3904 subintuli:
1263 3849 1363 3904 sed
1395 3849 1548 3905 sicut
1579 3850 1837 3922 primum

186 3936 519 3992 Romanum
545 3936 833 4009 appellavi
883 3937 1240 4009 pontiﬁcem,
1303 3939 1412 3993 iter
1461 3938 1836 4010 dispositum,

185 4024 305 4081 Deo
336 4024 671 4093 auxiliante,
696 4026 941 4082 minime
966 4026 1401 4082 differam.Hinc
1423 4043 1528 4098 ego
1561 4028 1836 4097 mirabar,

186 4117 246 4169 et
276 4115 610 4186 stupebam,
646 4115 786 4188 quid
818 4115 930 4171 sibi
970 4115 1140 4171 vellet
1170 4115 1304 4171 talis
1362 4116 1714 4184 immutatio,
1739 4121 1843 4173 aut

187 4219 297 4257 cur
325 4219 418 4259 me
450 4221 484 4260 a
514 4221 642 4261 meo
678 4204 886 4260 itinere
908 4205 1411 4261 retardarent.Sed
1436 4204 1598 4277 prius
1620 4205 1844 4279 aliquot

188 4291 316 4347 dies
341 4292 496 4349 fama
515 4292 794 4366 vulgabat
814 4295 971 4366 quod
999 4294 1345 4351 Hincmarus
1367 4294 1843 4368 archiepisCOpus

188 4380 384 4437 dicere
413 4380 663 4451 volebat;
699 4382 870 4455 quasi
902 4399 1009 4456 ego
1040 4400 1144 4456 per
1175 4383 1375 4456 aliqua
1422 4384 1680 4456 capitula
1702 4384 1843 4440 scri-

189 4469 339 4525 bens
371 4470 632 4526 renovari
665 4471 810 4527 mihi
835 4472 1129 4543 judicium
1163 4473 1667 4545 petiveram.Quod
1692 4477 1845 4529 certe

189 4557 581 4615 falsissimum
613 4564 720 4628 est,
755 4577 888 4617 eum
924 4578 1028 4616 nec
1060 4561 1162 4616 illa
1191 4560 1449 4634 capitula
1480 4562 1550 4617 ad
1585 4579 1715 4617 eum
1752 4562 1846 4617 di-

192 4647 336 4712 rexi,
371 4664 560 4721 neque
592 4649 663 4705 de
695 4648 893 4722 aliquo
941 4650 1042 4706 tali
1085 4650 1311 4721 judicio
1372 4651 1453 4705 ibi
1486 4651 1845 4707 mentionem

1944 3492 2143 3548 sedem
2173 3490 2233 3545 in
2258 3489 2383 3546 suis
2413 3488 2731 3562 privilegiis
2781 3489 3113 3559 honoraret,
3140 3492 3439 3564 respondit
3482 3492 3592 3549 hoc

1945 3581 2017 3638 ad
2046 3597 2243 3637 meum
2270 3577 2599 3651 specialiier
2628 3578 3166 3652 metropolitanum,
3204 3586 3592 3654 sanctumque

1946 3670 2235 3743 pertinere
2254 3672 2603 3725 conventum
2629 3683 2712 3735 ;se
2725 3671 2953 3723 tantum
2974 3669 3158 3724 sacris
3185 3670 3593 3743 episcoporum

1946 3758 2190 3815 monitis
2240 3774 2306 3814 ac
2343 3756 2829 3829 dispositionibus
2879 3757 3184 3814 humiliter
3220 3759 3594 3816 obediturum

1946 3848 2367 3921 proﬁtebatur:
2401 3849 2459 3901 et
2485 3844 2639 3901 illico
2671 3846 2949 3903 recedens
2997 3845 3059 3902 in
3105 3848 3395 3920 synodum
3426 3849 3594 3918 abiit,

1947 3936 2149 4009 ibique
2179 3935 2414 3991 resedit.
2452 3936 2678 3990 Rursus
2697 3939 2817 3991 tres
2838 3939 3266 4008 consequenter
3288 3938 3596 4009 episcopos

1948 4026 2019 4081 ad
2053 4041 2146 4080 me
2167 4024 2473 4091 miserunt,
2509 4022 2609 4095 qui
2642 4022 2898 4079 multum
2950 4023 3174 4079 fortiter
3201 4024 3273 4080 ad
3305 4026 3595 4098 synodum

1950 4117 2015 4169 ut
2043 4113 2342 4168 introirem
2368 4112 2773 4181 hortabantur,
2801 4128 3009 4184 meque
3030 4112 3597 4185 impellebant,nunc

1950 4201 2324 4270 blandiendo,
2350 4218 2507 4256 nunc
2538 4200 2938 4266 minando,me
2960 4201 3296 4257 subvertere
3315 4201 3595 4258 volentes.

1953 4293 2062 4348 Sed
2097 4307 2203 4365 ego
2214 4294 2334 4346 toto
2365 4290 2578 4346 annisu
2585 4290 2756 4361 juxta
2772 4294 3039 4344 votorum
3055 4305 3320 4345 meorum
3344 4289 3597 4362 primam

1952 4379 2338 4437 intentionem
2370 4394 2736 4451 perseverare
2782 4378 3075 4434 contendi.
3111 4382 3289 4434 Porro
3336 4395 3471 4435 cum
3505 4395 3601 4436 me

1955 4469 2351 4542 perspicerent
2373 4467 2498 4524 suis
2520 4466 2672 4523 nolle
2688 4466 2901 4522 studiis
2923 4467 3292 4538 acquiescere
3315 4467 3604 4526 obseratis

1956 4559 2123 4616 ostiis
2153 4559 2213 4612 in
2245 4558 2448 4613 eadem
2478 4573 2611 4612 sum
2644 4554 2792 4611 cella
2845 4554 3113 4613 inclusus
3139 4574 3153 4625 ;
3187 4573 3375 4630 neque
3404 4557 3603 4631 egredi

1956 4647 2195 4705 omnino
2244 4650 2526 4719 poteram,
2570 4646 2752 4701 donec
2801 4645 2871 4701 de
2928 4662 3021 4701 me
3066 4650 3390 4719 peccatore,
3450 4647 3606 4704 sicut

192 4736 307 4809 egi,
342 4754 447 4793 nec
467 4737 785 4794 electorum
796 4739 1423 4811 judicum,secundum
1459 4756 1657 4795 sacros
1673 4757 1844 4796 cano-
1879 4757 1925 4822 Β
1957 4736 2315 4809 quibusdam
2339 4739 2480 4791 tunc
2510 4734 2749 4807 placuit,
2784 4734 3124 4791 difﬁnirent.
3173 4736 3337 4792 Meus
3387 4736 3604 4793 etenim

195 4842 322 4892 nes,
356 4831 461 4882 aut
491 4828 752 4896 nomina,
788 4832 887 4884 aut
918 4832 1071 4884 certe
1101 4846 1412 4884 numerum
1446 4829 1846 4902 expressi.Te-

194 4918 321 4970 stor
350 4915 506 4972 Deus
538 4922 861 4974 creatorem
894 4918 1184 4985 omnium,
1216 4918 1357 4990 quia
1406 4935 1510 4974 nec
1535 4920 1593 4974 in
1626 4920 1849 4993 cogita-

193 5003 355 5060 tione
384 5004 532 5061 mihi
565 5005 883 5079 subripuit,
918 5012 984 5063 ut
1015 5006 1463 5080 appellationem
1495 5008 1675 5079 hujus
1705 5008 1849 5063 emi-

195 5092 557 5149 nentissima
581 5095 739 5151 sedis
771 5097 843 5152 ad
874 5096 1049 5152 aliam
1082 5096 1277 5168 aliquo
1336 5097 1509 5153 modo
1566 5097 1849 5153 rationem

198 5181 569 5240 diverterem.
605 5184 754 5240 Proh
796 5184 995 5241 dolor!
1060 5185 1256 5242 ablata
1308 5190 1395 5242 est
1444 5186 1737 5259 migrandi
1769 5187 1851 5242 fa-

198 5269 411 5343 cultas,
440 5274 497 5327 et
528 5272 961 5346 circumseptus
994 5276 1263 5331 custodia
1283 5274 1343 5331 in
1376 5276 1578 5332 eadem
1614 5293 1747 5331 sum
1780 5275 1855 5332 ci-

195 5359 375 5416 vitate
406 5365 688 5419 retentus.
730 5362 1099 5420 Acceleratur
1145 5365 1341 5437 itaque
1380 5366 1450 5421 de
1481 5365 1855 5421 convocanda

198 5449 423 5521 synodo
449 5466 588 5523 :qua
617 5451 677 5507 in
709 5451 991 5508 suburbio
1022 5458 1234 5509 nostrae
1263 5452 1513 5510 civitatis
1544 5470 1856 5527 congrega-
1899 5440 1908 5450 ’

197 5541 280 5603 ta,
316 5554 416 5594 rex
446 5539 701 5613 inclytus
732 5557 766 5596 a
794 5540 1040 5596 concilio
1088 5546 1179 5597 est
1208 5541 1511 5598 invitatus.
1545 5542 1707 5598 Tunc
1740 5546 1857 5600 tres

206 5625 556 5683 Hincmarus
588 5629 1066 5702 archiepiscopus
1105 5630 1410 5703 episcopos
1442 5633 1514 5687 ad
1547 5649 1641 5689 me
1672 5632 1855 5701 misit,

204 5716 497 5773 mandans
528 5718 601 5773 ad
634 5720 923 5791 synodum
947 5718 1137 5791 ipsam
1155 5723 1220 5774 ut
1244 5720 1368 5776 sine
1394 5738 1559 5777 mora
1576 5720 1855 5778 venirem.

204 5805 431 5877 Quibus
462 5822 568 5884 ego
618 5809 891 5887 respondi
942 5809 1094 5885 quod
1141 5825 1258 5868 non
1316 5809 1463 5868 mihi
1511 5811 1594 5870 ita
1639 5810 1856 5889 liceret,

1958 4825 2435 4898 archiepiscopus
2463 4823 2779 4880 voluntatis
2792 4841 2911 4880 suae
2923 4825 3605 4898 propositum,quantum

1958 4919 2202 4989 poterat,
2235 4914 2477 4987 implere
2508 4913 2767 4970 curavit:
2794 4914 3098 4988 factusque
3119 4918 3208 4970 est
3235 4914 3417 4987 gratis
3438 4931 3606 4969 meus

1959 5004 2085 5078 ipse
2116 5009 2440 5072 accusator,
2474 5003 2599 5076 ipse
2630 5003 2818 5071 testis,
2850 5003 3093 5076 ipseque
3115 5003 3333 5074 judex:
3367 5006 3424 5058 et
3455 5002 3610 5058 sicut

1962 5112 2056 5150 me
2087 5095 2388 5151 absentem
2419 5097 2594 5166 prout
2621 5093 2804 5149 voluit
2849 5092 3140 5165 culpabat,
3174 5091 3257 5149 sic
3288 5096 3346 5148 et
3391 5095 3609 5149 temere

1954 5185 2221 5257 judicare
2271 5200 2378 5239 nec
2434 5182 2652 5249 timuit,
2714 5198 2820 5237 nec
2879 5180 3228 5237 retractavit.
3289 5181 3401 5237 Sed
3460 5180 3614 5239 inter

1965 5273 2080 5330 alia
2109 5290 2236 5345 quae
2288 5271 2432 5327 mihi
2491 5271 2851 5326 mendaciter
2896 5269 3225 5341 objiciebat,
3266 5269 3377 5326 hoc
3423 5285 3613 5325 unum

1966 5361 2296 5436 specialiter
2322 5360 2590 5434 ingessit,
2625 5359 2778 5433 quod
2810 5359 3413 5432 presbyterum,cujus
3434 5376 3616 5432 supra

1967 5451 2075 5508 feci
2110 5450 2487 5516 mentionem,
2521 5449 2738 5520 injuste
2769 5448 3194 5520 deposuissem.
3219 5448 3381 5513 Quod
3412 5448 3615 5522 procul

1968 5540 2146 5597 dubio
2180 5539 2395 5596 falsum
2426 5542 2534 5609 est,
2566 5541 2632 5593 ut
2661 5535 2833 5592 multi
2864 5536 3060 5594 idonei
3090 5540 3269 5595 testes
3314 5541 3371 5593 et
3385 5537 3616 5610 episco-

1968 5647 2201 5705 porum,
2235 5633 2293 5686 et
2322 5633 2662 5684 ceterorum
2693 5625 3059 5695 clericorum,
3094 5627 3213 5683 sive
3239 5626 3620 5696 laicorum,et

1969 5723 2258 5778 noverunt
2286 5722 2344 5775 et
2373 5721 2644 5775 noscunt.
2676 5718 2859 5783 Quem
2887 5720 3085 5773 tamen
3126 5717 3252 5790 ipse
3272 5718 3398 5790 jam
3426 5719 3619 5777 tribus

1970 5811 2142 5872 annis
2156 5807 2724 5888 transactis,absque
2738 5823 2869 5868 meo
2886 5824 3306 5883 consensu,seu
3326 5808 3622 5895 consultu,
