4126 6460
569 475 681 534 751

1159 477 1508 537 ROTHADI
1552 476 1603 536 ll
1649 475 1917 538 SUESS.
1966 475 2214 536 EPlSC.
2260 475 2638 536 LIBELLUS
2684 475 3394 536 PROCLAMA'I‘IONIS.

3881 478 4009 539 752

570 607 632 663 in
660 623 830 663 suam
856 610 1154 681 receperat
1168 607 1663 674 communionem,
1684 608 1851 680 eique
1877 606 2223 664 sacerdotali
2255 610 2303 675 Α
2335 623 2440 681 ego
2475 607 2533 663 in
2564 611 2720 663 terra
2750 607 3091 681 provolutus
3130 608 3392 677 orabam,
3428 612 3486 665 et
3516 610 3867 682 adjurabam
3905 629 4011 683 per

572 697 786 764 ofﬁcio,
808 715 924 770 quo
956 714 1090 753 cum
1120 697 1360 771 triginta
1380 697 1559 753 trium
1578 698 2227 771 episeoporumjudicio

575 785 845 859 legaliter
890 786 1153 859 privatus
1209 790 1351 856 erat,
1404 792 1611 843 contra
1667 804 1960 843 canonum
2010 791 2231 844 statuta

579 875 746 948 fungi
777 876 1087 949 praecepit:
1123 875 1289 931 illum
1319 893 1455 932 vero
1499 877 1927 950 presbyterum,
1961 894 2135 949 quem
2168 879 2229 932 in

581 963 779 1020 locum
811 965 1070 1020 damnati
1100 983 1201 1038 per
1223 970 1339 1022 tres
1369 967 1547 1022 etiam
1584 967 1816 1022 circiter
1868 984 2054 1023 annos
2087 970 2230 1023 sub-

584 1055 855 1111 stitutum
882 1054 1193 1122 habebam,
1225 1073 1329 1128 per
1365 1056 1723 1123 violentiam,
1759 1074 1851 1111 me
1903 1057 2228 1130 ignorante,

584 1144 697 1200 sibi
721 1144 855 1200 fecit
873 1144 1106 1201 adduci.
1130 1145 1278 1201 Nam
1302 1162 1436 1201 cum
1460 1145 1519 1200 in
1538 1146 1969 1201 dominicorum
1992 1147 2084 1201 die
2108 1147 2233 1218 ipse

582 1232 886 1306 presbyter
914 1239 1156 1306 paratus
1174 1239 1329 1291 esset
1344 1235 1403 1289 in
1422 1234 1667 1291 ecclesia
1679 1236 1995 1291 missarum
2020 1235 2232 1291 solem-

583 1322 682 1378 nia
711 1322 925 1396 populo
947 1323 1443 1396 celebrare,jussu
1458 1324 1881 1398 archiepiscopi
1903 1330 2139 1397 repente
2154 1326 2233 1381 ibi

582 1410 852 1468 homines
873 1413 1209 1479 adfuerunt,
1225 1414 1322 1486 qui
1340 1415 1743 1487 presbyterum
1758 1419 1918 1469 extra
1929 1414 2235 1471 basilicam

586 1500 717 1558 dolo
757 1502 1073 1559 educentes
1122 1503 1318 1559 subito
1377 1507 1720 1576 rapuerunt,
1781 1508 1837 1560 et
1884 1503 2237 1577 infatigabili

586 1607 765 1647 cursu
794 1590 969 1647 citius
982 1593 1052 1647 ad
1068 1593 1197 1664 ejus
1219 1592 1592 1666 praesentiam
1617 1595 2236 1666 pertraxerunt.Quem

588 1679 716 1752 ipse
746 1697 882 1736 mox
932 1682 1502 1737 excommunicatum
1551 1682 1612 1737 in
1666 1699 1956 1738 carcerem
2014 1682 2237 1739 retrudi

582 1768 787 1841 jussit,
821 1768 1109 1842 illumque
1140 1770 1471 1843 depositum
1515 1771 1871 1844 genitalibus
1902 1776 2238 1829 truncatum

590 1857 651 1914 in
685 1875 825 1915 meae
858 1859 1120 1932 paroeciaa
1152 1859 1396 1917 ecclesia
1416 1860 1845 1918 restituitﬂinc
1867 1879 2102 1935 quoque
2133 1863 2240 1917 ml-

592 1947 652 2002 hi
686 1950 1069 2005 contumaciae
1102 1953 1159 2005 et
1188 1950 1598 2006 obstinationis
1629 1951 1959 2023 imputabat
1990 1956 2237 2019 reatum,

593 2037 871 2109 quoniam
903 2038 1016 2093 sibi
1047 2039 1106 2093 in
1133 2038 1353 2094 talibus
1382 2040 1724 2096 inobediens
1763 2041 2069 2097 existerem
2096 2058 2108 2095 :
2136 2041 2243 2096 hoc

591 2144 626 2181 a
656 2143 749 2184 me
771 2128 998 2202 exigere
1026 2128 1245 2195 volens,
1280 2133 1345 2184 ut
1376 2146 1489 2185 non
1523 2129 1689 2203 quasi
1723 2131 2014 2187 confrater
2033 2136 2090 2186 et
2115 2148 2245 2187 coe-

591 2215 890 2290 piscopus,
924 2219 1026 2274 sed
1060 2222 1123 2273 ut
1151 2219 1425 2292 proprius
1456 2219 1722 2287 clericus,
1755 2221 1828 2276 ad
1860 2238 1968 2276 sua
1995 2226 2127 2276 vota
2160 2222 2244 2276 fa-

596 2306 874 2362 mularer.
910 2307 1192 2364 Similiter
1221 2309 1380 2380 quod
1419 2313 1658 2382 propter
1688 2309 2009 2365 indebitam
2043 2310 2242 2384 appel-

596 2395 874 2454 lationem
906 2398 977 2452 ad
1009 2396 1389 2470 apostolicam
1422 2399 1618 2454 sedem
1669 2399 1793 2454 suis
1843 2400 2246 2472 obtemperare

598 2486 873 2559 precibus
912 2490 1385 2556 contemnerem;
1417 2487 1554 2555 imo,
1606 2489 1759 2560 quod
1820 2506 1924 2562 ego
1977 2507 2089 2545 non
2121 2490 2244 2562 opi-

599 2575 804 2645 nabar,
839 2576 1137 2632 canonicis
1186 2576 1656 2633 institutionibus
1710 2578 2081 2635 contrairem.
2116 2580 2245 2636 ch

596 2668 878 2720 autemet
924 2663 1040 2721 alia
1084 2665 1228 2721 mihi
1280 2665 1407 2737 pari
1457 2668 1628 2722 modo
1687 2666 1837 2722 falsa
1893 2668 2242 2736 ascribebat,

594 2770 741 2826 quae,
776 2753 973 2810 divina
1001 2755 1227 2811 favente
1251 2756 1463 2828 gratia,
1494 2760 1551 2811 et
1607 2756 2012 2812 misericordia
2059 2758 2247 2830 opitu-

592 2841 768 2913 lante,
804 2843 979 2916 quaai
1007 2843 1204 2900 favilla
1234 2846 1305 2900 ad
1328 2845 1577 2901 nihilum
1610 2845 1966 2918 redigentur,
1987 2851 2044 2902 et
2075 2848 2245 2919 quasi

524 2972 529 2979 .
594 2934 795 2989 fumus
808 2937 1240 3001 evanescent,te
1267 2934 2247 3013 quidem,domineelementissime

593 3026 651 3076 et
682 3022 1013 3094 coangelice
1043 3040 1214 3095 papa,
1248 3040 1381 3078 cum
1419 3024 1815 3095 apostolorum
1867 3024 2091 3081 meritis
2115 3042 2245 3080 coo-

595 3117 834 3183 perante
865 3129 930 3167 ac
962 3113 1341 3185 suffragante.
1375 3113 1499 3168 Non
1531 3114 1687 3168 enim
1721 3114 2013 3185 meipsum
2047 3133 2080 3170 a
2103 3114 2249 3169 mul-

596 3200 670 3256 tis
701 3201 848 3257 meis
870 3218 1080 3257 excuso
1111 3201 1384 3274 peccatis,
1418 3206 1521 3257 aut
1542 3203 1611 3257 de
1643 3203 1809 3258 bonis
1833 3203 2245 3273 justiﬁeocum

595 3290 777 3346 sciam
810 3292 966 3363 quod
999 3292 1308 3346 innumera
1340 3292 1409 3345 de
1441 3291 1663 3347 medici
1687 3293 1915 3363 possint
1936 3310 2048 3347 non
2071 3293 2243 3347 bona.

592 3381 1010 3437 Verumtamen
1060 3380 1181 3448 illa,
1209 3398 1335 3452 quae
1386 3379 1676 3436 malitiose
1726 3382 1796 3435 ad
1858 3398 2048 3436 meam
2079 3382 2245 3438 video

594 3471 1032 3527 damnationem
1064 3486 1191 3526 esse
1222 3472 1470 3541 reperta,
1503 3470 1619 3525 Deo
1650 3474 1795 3526 teste
1815 3474 1870 3525 et
1892 3472 2112 3542 judice,
2143 3472 2244 3543 qui

585 3560 966 3632 judicaturus
1012 3564 1103 3615 est
1149 3559 1311 3614 vivos
1341 3563 1398 3614 et
1452 3563 1735 3626 mortuos,
1771 3577 1885 3616 non
1943 3577 2079 3616 vera
2117 3578 2244 3617 esse

592 3650 931 3721 pronuntio.
965 3648 1226 3719 Denique
1257 3649 1566 3719 szepefatus
1584 3648 2060 3722 archiepiscopus
2076 3667 2244 3705 meus

592 3739 654 3794 in
684 3739 888 3793 eodem
919 3737 1166 3792 concilio
1196 3742 1477 3808 tanquam
1509 3738 1827 3809 imperator
1847 3738 2241 3811 triumphans,

591 3831 649 3883 et
680 3830 966 3898 tanquam
999 3843 1273 3882 summus
1317 3825 1573 3881 ecclesia
1612 3827 1870 3898 pontifex
1898 3828 2240 3897 decernens,

592 3916 910 3989 subjugata
925 3932 1033 3971 suo
1052 3915 1373 3988 potentatui
1388 3919 1464 3983 ,et
1481 3932 1763 3988 oppressa
1784 3916 2032 3972 fratrum
2054 3917 2245 3972 humi-

593 4004 758 4061 litate
779 4006 906 4077 jam
937 4004 1083 4061 mihi
1115 4004 1580 4078 intrepide,et,ut
1610 4006 2245 4077 reorimpie,judicium

595 4094 983 4167 depositionis
998 4094 1197 4151 emisit
1219 4094 1678 4167 :parvipendens
1693 4095 1849 4166 quod
1874 4094 1976 4150 ulli
1997 4095 2245 4153 ulterius

592 4184 729 4240 inde
760 4188 915 4241 esset
940 4184 1226 4239 rationem
1259 4183 1620 4250 redditurus,
1657 4189 1714 4239 et
1760 4185 1924 4256 quasi
1957 4185 2067 4240 hoc
2097 4185 2243 4241 nulli

593 4274 850 4344 deberet,
882 4274 942 4328 in
974 4274 1168 4346 seipse
1201 4274 1501 4329 conﬁdens
1526 4277 1601 4329 :et
1629 4272 1772 4328 illud
1798 4273 1942 4329 satis
1965 4274 2240 4343 innotuit,

595 4364 831 4435 quando
862 4378 975 4431 me,
1010 4363 1151 4434 quia
1180 4363 1377 4435 ipsum
1409 4362 1603 4419 solum
1635 4363 2244 4434 offenderam,nullius

592 4468 766 4525 posse
796 4451 1037 4509 alterius
1068 4452 1358 4508 sublevari
1407 4451 1621 4508 auxilio
1665 4452 2037 4508 demonstare
2069 4470 2244 4510 cona-

592 4541 785 4609 batur,
817 4542 1715 4613 totumquemihinoceret,quod
1748 4540 1908 4596 aliud
1933 4544 2242 4614 sperabam

592 4630 859 4702 petebam
891 4631 1249 4702 praesidium.
1305 4633 1376 4687 Et
1416 4648 1547 4687 ecce
1595 4634 1715 4686 tres
1771 4630 2049 4704 episcopi,
2094 4650 2242 4704 quos

2339 715 2550 753 nomen
2585 698 2783 753 aterni
2816 697 2937 765 Dei,
2971 702 3037 753 ut
3068 699 3138 753 ab
3168 698 3283 753 isto
3307 698 3532 769 judicio
3564 702 4011 767 cessarent,mi-

2338 786 2537 859 hique,
2572 790 2636 841 ut
2666 788 2901 843 assidue
2934 788 3227 860 petebam,
3281 788 3529 844 Romam
3585 789 4011 860 proﬁciscendi

2340 875 2636 932 licentiam
2670 895 2783 934 non
2813 878 3156 933 adimerent.
3192 879 3356 933 Tunc
3377 894 3407 933 e
3439 878 4009 952 vestigio,tanquam

2340 965 2399 1020 in
2431 965 2737 1035 latronem,
2764 984 2923 1022 more
2955 967 3273 1023 satellitum
3298 967 3637 1023 hominesin
3662 986 3755 1024 me
3782 986 4011 1026 manus

2342 1056 2690 1127 injecerunt,
2725 1073 2935 1128 meque
2968 1056 3254 1129 rapaciter
3283 1058 3356 1112 ad
3396 1058 3746 1114 carceralem
3779 1060 4012 1115 duxere

2342 1145 2691 1201 custodiam.
2726 1146 2969 1212 Quantis
3001 1151 3204 1218 postea
3235 1148 3347 1203 sim
3381 1148 3625 1203 aﬁ‘ectus
3655 1147 3922 1220 injuriis,
3943 1168 4010 1205 ac

2344 1251 2447 1307 per
2476 1235 2704 1290 diversa
2732 1235 2863 1291 loca
2912 1236 3250 1303 distractus,
3285 1242 3505 1308 quanto
3555 1238 3765 1293 fuerim
3797 1238 4011 1295 labore

2343 1324 2643 1397 fatigatus,
2695 1325 2868 1380 tradet
2918 1342 3031 1393 me,
3092 1327 3392 1398 pudetque
3451 1327 3685 1383 referre.
3739 1329 3826 1383 Ad
3897 1328 4012 1385 hoc

2346 1429 2600 1486 namque
2648 1419 2941 1470 coarctare
2998 1415 3366 1488 satagebant,
3415 1415 3710 1472 interdum
3770 1417 4013 1490 aliquos

2345 1502 2616 1570 honores,
2651 1504 2709 1558 id
2757 1508 2865 1572 est,
2918 1520 3098 1559 unam
3156 1504 3455 1560 abbatiam
3528 1506 4015 1578 repromittentes

2346 1596 2522 1664 atque
2538 1593 2912 1665 spondentes,
2937 1597 3168 1649 tantum
3192 1594 3330 1650 utin
3347 1611 3538 1650 meam
3561 1595 4015 1652 damnationem

2346 1696 2452 1753 ego
2485 1680 2937 1736 subscriberem.
2970 1680 3195 1736 Interea
3244 1681 3552 1736 ordinatur
3603 1683 3927 1755 episcopus
3958 1683 4014 1738 in

2348 1769 2625 1826 cathedra
2649 1770 2912 1839 viventis,
2948 1770 3219 1843 quamvis
3252 1787 3325 1827 ne
3355 1789 3617 1843 unquam
3646 1776 3781 1844 post
3812 1772 4016 1846 appel-

2349 1857 2625 1915 lationem
2651 1859 2894 1916 Romani
2928 1859 3220 1931 pontificis
3252 1860 3362 1917 hoc
3414 1861 3532 1928 ﬁat,
3568 1861 3717 1916 sacri
3749 1878 4014 1918 canones

2273 1987 2320 2052 Β
2351 1947 2646 2003 evidenter
2673 1953 2869 2004 vetare
2918 1954 3256 2005 noscantur.
3308 1950 3508 2022 Neque
3563 1950 3743 2015 enim,
3805 1957 4015 2007 sancte

2352 2042 2534 2109 pater,
2568 2042 2669 2093 tua
2699 2039 2976 2093 mandata
3001 2057 3102 2111 per
3122 2038 3473 2112 apostolicas
3503 2040 3780 2112 epistolas
3808 2042 4017 2098 debita

2352 2126 2690 2193 reverentia,
2725 2144 3003 2194 moreque
3033 2127 3304 2197 solemni,
3337 2128 3455 2184 sive
3486 2129 3690 2185 auditu
3722 2147 4012 2204 congruo,

2354 2216 2589 2271 fuerunt
2618 2217 2944 2273 observata.
2968 2217 3232 2289 Denique
3282 2219 3577 2290 requirere
3607 2220 3891 2292 dignetur
3921 2238 4013 2276 ve-

2354 2310 2478 2362 stra
2504 2311 2708 2362 sancta
2739 2307 3051 2379 pastoralis
3092 2307 3425 2364 sollicitudo
3474 2313 3649 2380 atque
3679 2308 4015 2383 diligentia,

2355 2395 2527 2467 quale
2559 2395 2704 2451 mihi
2736 2396 3029 2452 immerito
3053 2397 3459 2453 testimonium
3484 2402 3683 2453 nostra
3712 2398 4019 2471 perhibuit

2354 2484 2632 2554 Ecclesia,
2665 2486 2899 2558 quando
2931 2486 3142 2542 vestris
3170 2487 3608 2543 venerabilibus
3636 2486 3873 2560 legatis,
3911 2490 4017 2545 Ra-

2357 2574 2567 2630 doaldo
2585 2578 2762 2648 atque
2781 2575 2990 2631 Joanni
3002 2576 3190 2632 .obvia
3202 2577 3309 2631 fuit
3322 2578 3496 2633 turba
3508 2577 3758 2634 civitatis
3774 2583 4017 2648 nostrae,

2355 2681 2422 2720 ac
2453 2663 2922 2736 circumjacentis
2953 2665 3245 2739 regionis;
3279 2670 3336 2722 et
3358 2667 3500 2739 quid
3528 2667 3599 2723 ab
3628 2667 3711 2723 eis
3745 2674 4020 2740 expetere

2356 2754 2588 2826 magnis
2619 2753 2997 2823 clamoribus,
3017 2755 3624 2829 multisqueprecibus
3658 2756 3813 2812 circa
3836 2774 4019 2813 suum

2355 2847 2653 2915 pastorem
2685 2845 3067 2916 satagebant;
3097 2844 3231 2900 licet
3261 2845 3334 2900 ab
3357 2845 3688 2901 Erchanrao
3711 2846 4016 2919 episcopo,

2357 2950 2485 2988 meo
2517 2934 2980 3001 condicecesano,
3007 2933 3238 3007 magnis
3270 2933 3448 2990 minis
3479 2938 3653 3006 atque
3684 2936 4017 3007 percussio-

2356 3022 2530 3077 nibus
2563 3024 2881 3078 admodum
2911 3022 3379 3095 prohiberentur,
3406 3024 3557 3096 regis
3589 3030 3770 3096 atque
3792 3026 4019 3081 archic-

2356 3112 2575 3183 piscopi
2612 3113 2723 3167 mei
2773 3113 3181 3168 interdictione
3234 3113 3599 3180 denuntiata,
3634 3131 3705 3169 ne
3762 3116 4012 3171 omnino

2356 3201 2576 3273 aliquid
2611 3202 2953 3273 hujusmodi
2988 3202 3238 3257 clamare
3281 3207 3719 3275 pra'sumerent.
3753 3204 3823 3258 Et
3852 3222 4011 3260 nunc

2356 3308 2461 3363 ego
2493 3292 2757 3346 omnium
2770 3291 3178 3364 episcoporum
3195 3292 3498 3360 minimus,
3517 3292 3617 3365 qui
3630 3295 4012 3366 tamen-apud

2276 3366 2318 3432 C
2358 3382 2647 3451 quosdam
2682 3398 2795 3436 non
2827 3382 3158 3454 episcopus,
3194 3383 3294 3437 sed
3320 3383 3490 3454 juxta
3518 3382 3896 3455 paternitatis
3918 3402 4012 3440 ve-

2356 3474 2487 3525 strae
2511 3470 2932 3526 beatitudinem
2955 3472 3264 3544 episcopus
3282 3489 3474 3539 vocor,
3495 3472 3554 3526 in
3574 3472 3821 3528 Domino
3844 3474 4015 3530 valde

2356 3560 2677 3628 confidens,
2714 3562 2785 3616 ad
2819 3561 3267 3633 praecellentiam
3288 3561 3465 3617 vestri
3489 3562 4012 3635 przesulatus,piis-

2356 3648 2503 3704 sime
2533 3649 2786 3717 domine,
2823 3651 3136 3723 confugere
3166 3650 3333 3723 elegi,
3372 3655 3429 3706 et
3452 3652 3522 3706 de
3553 3652 4013 3724 magniﬁCentis-

2355 3738 2505 3794 sima
2537 3739 2794 3794 bonitate
2823 3745 3019 3796 vestra
3048 3740 3335 3795 auxilium
3371 3758 3635 3812 sperans,
3670 3741 3741 3795 ad
3777 3749 4011 3799 sancto-

2355 3844 2483 3881 rum
2519 3828 2917 3899 apostolorum
2951 3828 3353 3883 sacratissima
3380 3827 3781 3899 limina,opem
3807 3829 4015 3884 suffra-

2353 3916 2609 3988 gaminis
2638 3917 3083 3989 impetraturus,
3118 3918 3392 3972 decenter
3439 3916 3678 3973 accessi.
3713 3917 3863 3972 Ecce
3883 3919 4011 3989 jam

2354 4022 2459 4077 per
2487 4005 2799 4061 dimidium
2833 4023 3056 4062 annum
3089 4011 3225 4062 ante
3247 4008 3496 4078 januam
3529 4005 3866 4078 apostolicae
3889 4007 4011 4079 pie-

2352 4095 2489 4151 tatis
2523 4094 2770 4167 pulsans
2800 4095 3036 4166 assisto,
3082 4096 3367 4151 rationem
3424 4096 3496 4151 de
3553 4095 3854 4160 omnibus,
3883 4113 4010 4169 quae

2353 4184 2498 4240 mihi
2527 4184 2673 4240 falso
2704 4189 2761 4240 et
2789 4185 3006 4257 injuste
3039 4189 3178 4241 sunt
3206 4185 3455 4256 objecta,
3482 4185 4006 4257 reddereparatus:

2353 4272 2672 4346 nullusque
2705 4280 2793 4330 est
2815 4275 2914 4347 qui
2946 4274 3004 4329 in
3028 4275 3302 4347 praesenti
3327 4275 3587 4347 aliquam
3611 4275 3896 4331 adversus
3918 4292 4009 4330 me

2350 4380 2550 4418 vocem
2585 4364 2841 4435 proferat
2882 4363 3293 4419 accusationis.
3329 4364 3398 4419 Et
3444 4364 3720 4436 quoniam
3748 4368 3884 4419 ante
3913 4381 4009 4420 ve-

2354 4456 2536 4507 stram
2587 4452 3007 4525 dignationem,
3052 4470 3242 4525 neque
3291 4469 3385 4509 me
3444 4452 3657 4508 falsum
3713 4451 4007 4523 exhibere,

2355 4558 2545 4614 neque
2592 4542 2811 4614 negotii
2870 4543 2985 4597 mei
3034 4559 3244 4599 causas
3299 4559 3606 4615 exponere,
3662 4541 3748 4598 vel
3808 4560 4009 4615 preces

2356 4649 2537 4698 meas,
2573 4636 2637 4687 ut
2667 4633 2964 4703 decuerat,
2998 4632 3116 4688 scio
3149 4648 3456 4704 perorare:
3490 4635 3670 4687 restat
3701 4636 3767 4686 ut
3792 4631 3906 4703 ipsi
3941 4634 4009 4688 de

591 4718 943 4774 Hincmarus
971 4719 1312 4791 hujusmodi
1362 4720 1758 4792 simplicitatis
1813 4737 1941 4777 esse
1985 4726 2239 4791 noverat,
2275 4743 2320 4807 D
2354 4739 2467 4790 me,
2501 4722 2827 4777 secundum
2858 4721 3206 4794 sapientiam
3236 4721 3464 4777 caelitus
3504 4721 3670 4777 vobis
3701 4721 4005 4789 donatam,

589 4808 881 4865 sententia
919 4809 1564 4877 excommunicationis,
1617 4810 1733 4866 imo
1790 4811 2241 4882 conspirationis

588 4899 661 4954 ab
692 4898 819 4970 ipso
852 4915 981 4955 meo
1013 4899 1355 4954 damnatore
1407 4903 1663 4971 accepta,
1698 4900 1771 4955 ad
1820 4917 1913 4955 me
1958 4900 2243 4956 violenter

588 4987 885 5044 inclusum
918 4988 1326 5061 properabant,
1361 4992 1417 5044 et
1447 4989 1600 5045 sicut
1621 4989 1738 5044 illis
1770 4989 2096 5061 injunctum
2124 4990 2243 5046 fue-

591 5082 705 5145 rat,
737 5077 1083 5152 lacrymosis
1135 5078 1408 5152 suspiriis
1461 5078 1607 5136 mihi
1664 5080 2073 5152 propinabant.
2112 5080 2244 5136 Mox

2354 4809 2811 4867 misericorditer
2839 4811 2993 4883 quod
3046 4811 3305 4884 ccepistis
3354 4811 3692 4883 perﬁciatis,
3734 4826 3807 4865 ne
3839 4827 3904 4866 se
3925 4812 4009 4882 ja-

2353 4900 2559 4955 etitent
2588 4905 2989 4970 temeratores,
3024 4904 3261 4974 propter
3293 4917 3485 4956 meam
3515 4899 3803 4954 vilitatem
3833 4904 3891 4955 et
3920 4899 4006 4955 in-

2353 4989 2722 5062 dignitatem,
2757 4990 3079 5063 apostolica
3090 4992 3230 5063 jura
3252 4994 3308 5046 et
3329 4989 3612 5046 canonica
3633 4988 4008 5061 praevaluisse

2353 5079 2651 5135 infirmare
2685 5083 2923 5137 statuta.
