4126 6460
501 486 612 548 771

1882 479 2198 544 NICOLAI
2243 480 2470 543 PAPIE
2513 480 2560 543 Ι.

3810 481 3932 541 77!

504 626 568 676 ut
598 622 706 678 sub
721 619 1140 693 jurisdictione
1166 621 1378 676 sanctae
1402 620 1614 672 nostra;
1637 615 1875 684 cui,Deo
1899 618 2155 683 auctore,
2188 616 2242 683 Α
2274 631 2345 671 ne
2377 614 2433 669 in
2468 614 2561 670 die
2592 613 2773 670 divini
2805 612 3090 670 examinis
3120 630 3224 686 pro
3271 616 3471 669 nostra
3521 611 3748 669 desidia
3792 616 3931 667 ante

504 711 869 766 dcservimus
890 707 1137 765 ecclesia
1155 704 1792 772 constitutum,nullius
1815 703 2055 760 alterius
2077 721 2162 758 ec-

503 799 693 856 clesias
735 797 1249 872 jurisdictionibus
1300 795 1716 862 submittatur;
1750 811 1854 866 pro
1898 810 2016 865 qua
2046 792 2159 865 piis

503 888 813 945 desideriis
852 889 1126 952 faventes,
1160 886 1268 941 hac
1300 889 1504 940 nostra
1535 882 1880 939 auctoritate
1912 883 1968 937 id
2002 882 2158 954 quod

503 979 834 1051 exposcitur
862 975 1089 1031 effectui
1122 974 1623 1046 mancipamus,et
1654 972 1783 1026 ideo
1806 987 2041 1026 omnem
2066 988 2161 1025 cu-

494 1066 743 1137 juslibet
772 1064 1026 1121 ecclesiae
1060 1064 1421 1120 sacerdotem
1443 1061 1502 1116 in
1535 1061 1772 1133 praefato
1807 1059 2159 1115 monasterio

503 1155 813 1211 dictionem
847 1153 1171 1226 quamlibet
1202 1152 1416 1207 habere
1446 1155 1503 1206 et
1523 1149 1931 1206 auctoritatem
1954 1153 2161 1221 praeter

502 1246 699 1301 sedem
732 1242 1111 1316 apostolicam
1139 1241 1542 1315 prohibemus,
1577 1240 1659 1294 ita
1687 1243 1772 1307 ut,
1807 1238 1921 1293 nisi
1952 1238 2024 1293 ab
2057 1238 2158 1293 ab-

501 1335 633 1389 bate
664 1333 1003 1389 monasterii
1036 1331 1214 1387 fuerit
1242 1330 1658 1398 invitatus,nec
1690 1328 2009 1383 missarum
2043 1326 2158 1381 ibi-

501 1424 633 1478 dem
666 1421 1100 1478 solemnitatem
1133 1419 1427 1493 quispiam
1460 1422 1778 1490 praesumat
1810 1417 2048 1472 omnino
2071 1432 2158 1471 ce-

500 1511 746 1578 lebrare,
780 1515 844 1566 ut
874 1511 1153 1582 profecto,
1178 1510 1349 1581 juxta
1380 1508 1436 1563 id
1470 1508 1626 1579 quod
1653 1507 1986 1576 subjectum
2018 1522 2156 1577 apo-

501 1601 718 1656 stolicae
749 1599 1023 1655 firmitate
1052 1598 1338 1671 privilegii
1371 1596 1639 1653 consistit
1675 1595 2023 1651 inconcusse
2053 1596 2157 1650 do-

500 1693 692 1744 tatum
725 1697 1085 1761 permaneat,
1121 1687 1264 1742 locis
1297 1692 1353 1742 et
1384 1686 1560 1741 rebus
1592 1690 1713 1740 tam
1746 1684 1828 1739 eis
1860 1701 2009 1756 quas
2040 1700 2161 1739 mo-

501 1780 681 1834 derno
711 1783 974 1850 tempore
1004 1782 1165 1833 tenet
1192 1775 1278 1831 vel
1304 1776 1767 1848 possidet,quam
1802 1790 1929 1844 quis
1962 1772 2159 1829 divina

500 1867 688 1940 pietas
734 1866 982 1923 voluerit
1030 1882 1244 1939 augere
1288 1882 1356 1920 ex
1404 1864 1592 1931 donis,
1625 1868 1681 1919 et
1737 1862 2153 1932 oblationibus,

501 1956 864 2029 decimisque
897 1955 1410 2026 ﬁdelium,absque
1442 1952 1621 2009 ullius
1652 1970 1912 2025 personae
1935 1956 2159 2007 contra-

499 2046 772 2111 dictione,
808 2045 1083 2099 firmitate
1142 2048 1423 2114 perpetua
1482 2042 1832 2115 perfruatur.
1868 2040 2153 2096 Caeterum

495 2134 775 2199 vero,hoc
808 2133 1220 2196 deliberantes,
1255 2132 1571 2186 statuimus
1604 2135 1669 2185 ut
1699 2129 1976 2203 congruis
2007 2134 2152 2185 tem-

496 2223 741 2296 poribus
759 2226 969 2278 nostrte
988 2220 1372 2278 sollicitudini
1393 2220 1797 2277 ccclesiasticm
1823 2220 2149 2288 intimetur,

496 2312 748 2385 qualiter
766 2310 967 2385 religio
991 2310 1315 2366 monastica
1340 2308 1591 2382 regulari
1616 2309 1818 2364 habitu
1843 2308 2150 2381 dirigatur,

495 2402 921 2473 concordiaque
947 2399 1309 2456 convonienti
1344 2397 1737 2454 ecclesiastico
1767 2398 1961 2453 studio
1984 2415 2152 2453 man-

496 2491 741 2563 cipctur,
775 2507 847 2545 ne
881 2490 1047 2559 forte,
1079 2489 1233 2561 quod
1267 2487 1442 2552 absit,
1476 2488 1587 2542 sub
1636 2486 1816 2559 hujus
1866 2486 2149 2560 privilegii

496 2580 739 2636 obtentu
779 2580 1016 2635 animus
1066 2594 1421 2651 gressusque
1469 2576 1839 2631 rectitudinis
1886 2582 2087 2631 vestrae
2119 2593 2153 2632 a

495 2685 704 2724 norma
724 2667 969 2741 justitiaz
1002 2667 1195 2739 aliquo
1242 2666 1415 2721 modo
1462 2668 1903 2737 retorquentur;
1937 2665 2151 2721 consti-

496 2757 723 2813 tuimus
755 2773 991 2829 quoque
1022 2774 1125 2829 per
1153 2756 1334 2826 hujus
1366 2755 1579 2809 decreti
1616 2754 1797 2810 nostri
1849 2754 2146 2827 paginam,

494 2854 560 2903 ut
590 2848 929 2919 quicunque
960 2844 1274 2917 cujuslibet
1311 2843 1565 2899 ecclesiae
1615 2842 1849 2915 praesul,
1883 2844 1969 2899 vel
2004 2861 2147 2916 qua-

495 2953 727 3009 cunque
758 2936 1041 3008 dignitate
1071 2934 1301 3007 prodita
1322 2932 1748 3005 persona,hanc
1776 2933 1957 2988 nostri
1979 2933 2150 3004 privi-

492 3025 628 3098 legii
659 3026 1130 3096 chartam,quam
1163 3022 1509 3079 auctoritate
1536 3022 1819 3094 principis
1850 3023 2146 3095 apostolo-

493 3132 624 3170 rum
658 3116 983 3180 ﬁrmamus,
1016 3118 1303 3168 temerare
1346 3111 1675 3178 tentaverit,
1709 3111 2025 3167 anathema
2048 3114 2142 3184 sit,

492 3206 550 3257 et
575 3202 720 3257 iram
756 3201 854 3257 Dei
888 3202 1212 3269 incurrens,
1249 3218 1281 3255 a
1310 3205 1459 3256 ccetu
1493 3199 1757 3255 omnium
1786 3206 2145 3257 sanctorum

492 3291 736 3347 extorris
768 3291 996 3358 existat,
1026 3295 1083 3345 et
1113 3289 1499 3345 nihilominus
1548 3290 1770 3360 praefati
1805 3291 2143 3346 monasterii

492 3381 751 3453 dignitas
782 3398 815 3436 a
845 3380 1016 3436 nobis
1038 3378 1269 3435 indulta
1291 3378 1706 3451 perpetualiter
1724 3379 2001 3435 inviolata
2022 3397 2147 3452 per-
2174 3365 2216 3431 C

494 3476 728 3525 maneat
758 3468 1077 3541 apostolica
1107 3468 1450 3524 auctoritate
1481 3467 1750 3524 subnixa.

559 3559 852 3630 Scriptum
884 3576 987 3631 per
1017 3574 1259 3613 manum
1293 3556 1440 3612 Petri
1474 3556 1978 3625 notarii,scrinarii
2011 3576 2145 3615 san-

489 3651 593 3703 cte
629 3648 902 3702 Romanae
936 3646 1224 3712 Ecclesiae,
1257 3646 1315 3700 in
1349 3662 1551 3701 mense
1578 3646 1775 3717 Junio,
1808 3647 2010 3703 indict.
2044 3666 2143 3718 vn,

492 3736 643 3791 Bene
673 3735 876 3791 valete.

560 3824 776 3881 Datum
808 3824 863 3879 14
905 3826 1042 3880 Idus
1068 3824 1276 3880 Junias
1309 3841 1411 3896 per
1440 3841 1684 3879 manum
1706 3824 1920 3880 Tiberii
1949 3825 2147 3898 primi-

488 3913 627 3970 cerii
647 3918 859 3969 sanctae
883 3914 1039 3969 sedis
1062 3912 1754 3986 apostolicaszperante
1776 3915 1992 3970 domno
2010 3915 2145 3987 piis-

489 4003 640 4058 simo
669 4004 933 4076 Augusto
966 4002 1255 4059 Ludovico
1284 4019 1318 4057 a
1348 4002 1463 4058 Deo
1494 4007 2145 4077 coronato,magno,pa-

487 4093 651 4149 ciﬁco
687 4095 1056 4165 imperatore,
1091 4092 1429 4148 inductione
1461 4092 1729 4165 septima.
1763 4095 1968 4149 Amen.

1263 4199 1361 4254 III.

533 4289 602 4328 AD
642 4288 1013 4327 ADELOVINUM
1053 4287 1538 4327 SALZBURGENSEM
1579 4288 2091 4328 ARCHIEPISCOPUM.

1128 4361 1315 4427 (Anno
1348 4360 1497 4432 860.)

972 4450 1153 4505 Pallii
1180 4466 1346 4505 usum
1387 4450 1646 4506 concedit.

486 4537 675 4609 [Apud
706 4537 1141 4610 Kleinmayern,
1176 4537 1537 4593 Nachrichten
1582 4555 1702 4594 vom
1747 4540 2016 4596 Zuatande
2044 4540 2143 4596 der

657 4626 930 4698 Gcgenden
960 4627 1075 4682 und
1104 4628 1260 4683 Stadt
1297 4630 1548 4684 Juvavz'a.
1582 4628 1833 4701 Anhang
1853 4630 1968 4700 92.]

2268 721 2569 759 summum
2599 708 2892 775 pastorem
2945 702 3311 775 negligentiae
3361 707 3559 759 reatus
3609 702 3928 769 excruciet,

2267 794 2422 849 unde
2467 793 2639 848 modo
2688 792 2928 849 honoris
2974 793 3297 848 reverentia
3348 791 3724 848 sublimiores
3773 791 3932 846 inter

2267 887 2504 938 caeteros
2528 882 2892 954 judicamur.
2919 881 3396 938 Palliumautem
3429 881 3775 936 fraternitati
3809 885 3928 934 tua:

2267 971 2340 1026 ad
2395 971 2715 1027 missarum
2774 971 3059 1028 solemnia
3117 970 3466 1027 celebranda
3520 969 3923 1026 concedimus.

2267 1060 2427 1123 Quod
2460 1064 2657 1116 tamen
2690 1078 2807 1115 non
2840 1059 3008 1116 aliter
3035 1059 3303 1115 Ecclesiae
3346 1064 3458 1115 tuae
3508 1058 3832 1132 privilegiis
3865 1059 3927 1113 in

2268 1166 2373 1204 suo
2406 1154 2562 1204 statu
2592 1150 2969 1206 manentibus
2991 1149 3074 1204 uti
3101 1148 3524 1221 largimur,nisi
3550 1148 3927 1204 solummodo

2266 1237 2326 1292 in
2359 1236 2452 1294 die
2484 1244 2697 1295 sanctae
2730 1256 2795 1294 ac
2826 1239 3151 1294 reverendae
3195 1237 3639 1294 resurrectionis
3687 1236 3928 1292 Domini

2266 1328 2450 1382 nostri
2483 1329 2625 1384 Jesu
2658 1328 3006 1397 CbriSti,seu
3030 1328 3091 1382 in
3113 1326 3396 1383 natalitiis
3427 1331 3763 1383 sanctorum
3788 1343 3930 1399 apo-

2265 1416 2755 1490 stolorum,atque
2787 1417 2941 1473 beati
2972 1418 3248 1490 Baptista:
3277 1416 3541 1485 Joannis,
3575 1432 3682 1472 nec
3710 1433 3829 1472 non
3867 1416 3927 1471 in

2266 1506 2669 1579 assumptione
2695 1507 2874 1562 beatae
2904 1506 3003 1562 Dei
3036 1505 3334 1580 genitricis
3384 1506 3599 1571 Mariae,
3633 1505 3812 1561 simul
3864 1504 3925 1560 in

2265 1595 2579 1651 Dominicae
2611 1595 2884 1652 navitatis
2917 1596 3147 1652 Domini
3180 1595 3285 1652 Dei
3315 1595 3496 1651 nostri
3531 1595 3645 1661 die,
3677 1595 3927 1667 pariter-

2267 1702 2379 1756 que
2410 1684 2468 1739 in
2502 1684 2894 1741 solemnitatis
2934 1685 3190 1741 ecclesiae
3219 1690 3330 1740 tua;
3361 1685 3477 1752 die,
3509 1701 3709 1740 verum
3742 1684 3925 1740 etiam

2264 1773 2410 1829 etin
2459 1774 2845 1830 ordinationis
2902 1779 3014 1829 tuae
3068 1773 3333 1830 natalitio
3390 1773 3770 1830 concedimus
3802 1773 3922 1841 die,

2266 1863 2422 1919 sicut
2452 1881 2485 1918 a
2513 1864 2682 1919 beato
2706 1864 3129 1937 praedecessore
3151 1868 3348 1920 nostro
3370 1862 3615 1919 Domino
3639 1861 3923 1936 Gregorio

2266 1952 2447 2023 hujus
2479 1953 2645 2009 almae
2677 1953 2832 2009 sedis
2854 1953 3102 2025 praesule
3124 1952 3413 2010 sancitum
3464 1957 3571 2009 est.
3590 1953 3649 2008 In
3675 1956 3925 2008 secreta-

2264 2043 2419 2097 rium
2450 2060 2582 2098 vero
2616 2043 2856 2099 induere
2879 2048 2979 2098 tua
3009 2043 3341 2099 fraternitas
3363 2041 3603 2114 pallium
3628 2041 3925 2105 debeat,et

2265 2133 2348 2188 sic
2381 2133 2451 2188 ad
2485 2132 2800 2188 missarum
2833 2132 3119 2188 solemnia
3163 2131 3487 2204 proficisci;
3521 2137 3576 2186 et
3609 2130 3755 2185 nihil
3806 2129 3920 2185 sibi

2265 2221 2522 2293 amplius
2553 2239 2701 2277 ausu
2732 2221 3053 2277 temerariae
3100 2219 3575 2294 praesumptionis
3622 2235 3918 2292 arrogare,

2263 2327 2335 2367 ne
2366 2310 2505 2366 dum
2540 2312 2598 2366 in
2630 2311 2899 2367 exteriori
2931 2310 3135 2367 habitu
3161 2310 3489 2366 inordinate
3522 2308 3747 2381 aliquid
3780 2309 3924 2364 arri-

2263 2399 2745 2472 piatur,ordinate
2776 2401 2950 2456 etiam
2982 2418 3109 2472 quae
3141 2400 3313 2455 licere
3344 2402 3611 2472 poterant
3642 2398 3922 2454 amittano

2262 2494 2376 2544 tur.
2409 2489 2591 2562 Cujus
2621 2490 2903 2561 quoniam
2936 2489 3266 2545 indumenti
3293 2489 3480 2544 honor
3527 2488 3794 2543 modesta
3818 2505 3919 2543 ac-

2259 2583 2427 2633 tuum
2477 2579 2784 2635 vivacitate
2844 2580 3165 2634 servandus
3223 2582 3330 2644 est,
3373 2577 3680 2633 hortamur
3737 2580 3804 2631 ut
3863 2582 3919 2631 et

2261 2672 2472 2723 cuncta
2527 2673 2874 2724 ornamenta
2929 2668 3294 2736 conveniant,
3329 2672 3618 2739 quatenus
3679 2671 3919 2722 auctore

2260 2758 2375 2813 Deo
2408 2762 2595 2814 rector
2624 2758 2842 2829 ubique
2874 2758 3066 2830 possis
3096 2774 3225 2813 esse
3252 2756 3623 2828 conspicuus.

2330 2848 2531 2920 Itaque
2563 2847 2680 2902 vita
2707 2852 2810 2903 tua
2836 2847 2972 2902 filiis
3000 2847 3116 2902 tuis
3149 2847 3225 2902 sit
3258 2845 3549 2919 regula.ln
3575 2846 3701 2918 ipsa
3725 2846 3771 2900 si
3797 2862 3918 2917 qua

2258 2937 2535 2993 fortitudo
2580 2936 2695 2992 illis
2744 2938 2960 3009 injecta
3002 2941 3109 3005 est,
3146 2936 3494 3009 dirigantur,
3530 2936 3588 2990 in
3637 2952 3706 2991 ea
3754 2936 3915 3008 quod

2258 3028 2561 3083 imitentur
2582 3028 2870 3099 aspiciant
2893 3046 2905 3095 ;
2927 3028 2985 3081 in
3005 3027 3134 3099 ipsa
3152 3044 3211 3081 se
3239 3043 3469 3097 semper
3484 3024 3913 3080 considerando

2256 3117 2585 3189 proficiant.
2621 3122 2687 3172 ut
2715 3123 2909 3182 tuum,
2942 3122 3076 3188 post
3106 3116 3579 3185 Deum,videatur
3600 3130 3727 3169 esse
3751 3116 3906 3185 quod

2256 3207 2401 3262 bene
2430 3206 2813 3262 vixerint.Cor
2842 3222 2977 3279 ergo
3008 3222 3197 3277 neque
3227 3221 3506 3278 prospera
3536 3222 3661 3276 quae
3690 3208 3914 3276 tempo-

2255 3296 2454 3351 raliter
2481 3294 2886 3362 blandiuntur,
2919 3294 3219 3360 extollant,
3254 3311 3443 3367 neque
3473 3294 3714 3349 adversa
3763 3293 3911 3362 deji-

2255 3384 2445 3451 ciant;
2480 3385 2581 3440 sed
2612 3384 2898 3456 quidquid
2939 3384 3084 3440 illud
3132 3383 3326 3451 fuerit,
3356 3383 3567 3439 virtute
3614 3382 3911 3454 patientiae

2257 3474 2616 3529 devincatur.
2648 3473 2887 3529 Nullum
2922 3474 3077 3546 apud
3108 3477 3165 3529 te
3194 3472 3387 3529 locum
3421 3472 3643 3539 odium,
3677 3470 3913 3527 nullum

2257 3562 2418 3617 favor
2447 3561 2799 3617 indiscretus
2847 3560 3126 3615 inveniat.
3158 3559 3501 3615 Districtum
3552 3563 3606 3614 te
3644 3557 3782 3614 mali
3816 3574 3914 3613 co-

2257 3655 2576 3723 gnoscant;
2611 3650 2906 3706 insontem
2940 3650 3095 3723 apud
3128 3653 3183 3705 te
3213 3648 3565 3722 culpabilem
3612 3647 3915 3722 suggestio

2257 3740 2414 3796 mala
2461 3758 2577 3796 non
2626 3740 2831 3807 faciat;
2866 3742 3171 3795 nocentem
3219 3738 3408 3812 gratia
3455 3755 3568 3794 non
3626 3741 3913 3794 excuset:

2256 3829 2571 3886 remissum
2606 3833 2659 3885 te
2691 3829 3175 3901 delinquentibus
3205 3845 3321 3883 non
3345 3828 3731 3893 ostendas,ne
3754 3825 3916 3898 quod

2255 3918 2416 3974 ultus
2447 3936 2563 3975 non
2597 3918 2796 3987 fueris,
2831 3917 3149 3991 perpetrari
3200 3916 3524 3989 permittas.
3558 3917 3646 3972 Sit
3677 3915 3737 3970 in
3767 3921 3827 3970 te
3858 3918 3919 3970 et

2255 4008 2391 4064 boni
2416 4008 2668 4081 pastoris
2691 4006 3044 4076 dulcedo,sit
3066 4010 3122 4062 et
3134 4006 3357 4078 judicis
3379 4023 3578 4063 severa
3598 4003 3913 4071 districtio,

2255 4116 2441 4154 unum
2476 4098 2629 4171 quod
2662 4098 3002 4153 innocenter
3030 4097 3287 4152 viventes
3323 4097 3527 4164 foveat,
3561 4094 3720 4151 aliud
3753 4093 3914 4166 quod

2254 4187 2550 4260 inquietos
2584 4187 2874 4243 feriendos
2906 4204 2940 4242 a
2970 4186 3250 4259 pravitate
3272 4184 3746 4258 compescat.Sed
3767 4199 3918 4254 quo-

2254 4278 2412 4333 niam
2445 4292 2871 4349 nonnunquam
2895 4274 3340 4348 praepositorum
3364 4272 3525 4329 zelus
3546 4274 3690 4328 dum
3710 4272 3915 4328 distri-

2253 4372 2383 4423 ctus
2416 4366 2706 4423 malorum
2738 4365 2865 4421 vult
2891 4365 3103 4420 vindex
3123 4362 3609 4432 existere,transit
3628 4362 3687 4418 in
3711 4362 3918 4417 crude-

2253 4453 2479 4510 litatem
2515 4453 2821 4526 correptio,
2856 4453 3005 4509 iram
3043 4451 3270 4523 judicio
3299 4452 3546 4521 refrena,
3580 4454 3636 4506 et
3665 4466 3918 4506 censura

2252 4541 2573 4614 disciplinae
2608 4541 2691 4596 sic
2722 4545 2908 4608 utere,
2935 4544 3001 4595 ut
3029 4543 3085 4596 et
3114 4538 3318 4611 culpas
3351 4539 3548 4605 ferias,
3580 4543 3637 4594 et
3667 4555 3701 4593 a
3731 4537 3919 4593 dilec-

2250 4632 2409 4687 tione
2440 4647 2822 4704 personarum
2859 4646 3007 4701 quas
3039 4628 3284 4702 corrigis
3315 4646 3432 4684 non
3466 4627 3917 4684 recedas.Mise-

552 4714 840 4770 Nncouus
870 4716 1202 4788 episcopus,
1238 4733 1440 4772 servus
1489 4734 1789 4773 servorum
1821 4718 1945 4785 Dei,
1980 4735 2138 4774 reve-
2172 4737 2217 4802 D
2251 4720 2538 4777 ricordem
2580 4724 2658 4790 te,
2692 4723 2866 4791 prout
2912 4717 3099 4774 virtus
3145 4718 3385 4790 patitur,
3418 4715 3779 4790 pauperibus
3812 4733 3917 4772 ex-

481 4805 820 4861 rentissimo
851 4809 907 4861 et
937 4807 1312 4863 sanctissimo
1345 4807 1623 4863 confratri
1670 4812 1869 4864 nostro
1916 4811 2134 4865 ΑΒΕιο-

478 4912 610 4950 vmo
642 4894 914 4967 episcopo
946 4900 1161 4951 sancta:
1192 4895 1539 4952 Juvavensis
1562 4896 1847 4953 Ecclesiae.

551 4984 769 5040 Diebus
800 4985 928 5040 vitae
962 5002 1080 5040 suae
1111 4986 1522 5040 tantummodo
1555 4985 1735 5042 solem
1758 4985 2009 5060 geluque
2032 5005 2135 5060 pro

479 5074 673 5147 gregis
706 5075 796 5130 sui
830 5076 1097 5130 custodia
1128 5074 1221 5129 die
1254 5091 1317 5129 ac
1352 5078 1519 5130 nocte
1552 5075 1699 5131 ferre
1720 5076 1974 5133 contenti
1998 5082 2138 5133 sunt

479 5164 651 5233 (a),ut
682 5180 868 5236 neque
894 5181 962 5219 ex
982 5164 1066 5219 eis
1088 5170 1191 5219 aut
1212 5165 1460 5219 errando
1485 5170 1811 5236 pereat,aut
1834 5167 2039 5221 ferinis
2060 5167 2138 5222 la-

478 5251 638 5307 niata
663 5254 958 5308 morsibus
991 5253 1255 5325 rapiatur
1280 5253 1465 5309 oculis
1496 5272 1731 5327 semper
1758 5255 2135 5327 vigilantibus

476 5341 1217 5414 circumspcctant,quanto
1252 5344 1464 5399 sudore
1496 5349 1833 5416 quantaque
1863 5362 2002 5399 cura
2033 5346 2137 5400 de-

475 5431 683 5486 bemus
716 5448 845 5487 esse
875 5432 1204 5504 pervigiles,
1239 5451 1346 5489 nos
1376 5433 1476 5505 qui
1506 5438 1771 5505 pastores
1802 5434 2134 5490 animarum

475 5520 1131 5587 dicimur,attendamus
1150 5526 1207 5577 et
1224 5526 1563 5593 susceptum
1583 5521 1843 5578 ofﬁcium
1863 5522 2135 5581 exhibere

474 5626 612 5682 erga
640 5610 964 5666 custodiam
991 5610 1430 5666 Dominicarum
1453 5610 1646 5666 ovium
1671 5629 1783 5667 non
1809 5629 2129 5683 cessemus,

2247 4809 2416 4877 hibe;
2451 4808 2746 4881 oppressis
2779 4808 3039 4864 defensio
3073 4812 3177 4862 tua
3207 4806 3548 4873 subveniat;
3574 4804 3919 4878 opprimen-

2246 4899 2405 4954 tibus
2463 4898 2727 4953 modesta
2779 4897 2924 4952 ratio
2984 4894 3377 4963 contradicat;
3416 4893 3645 4950 nullius
3704 4893 3915 4950 faciem

2248 4993 2451 5043 contra
2464 4987 2760 5059 justitiam
2786 4986 3039 5059 accipias
3060 4984 3357 5059 [aspicias]
3379 5002 3392 5053 ;
3412 4982 3646 5039 nullum
3668 5000 3919 5055 queren-

2247 5082 2367 5133 tem
2392 5078 2557 5147 justa
2588 5075 2902 5148 despicias.
2926 5075 3204 5131 Custodia
3233 5074 3292 5129 in
3325 5079 3381 5129 te
3408 5071 3705 5145 aequitatis
3727 5071 3914 5128 excel-

2245 5165 2349 5233 lat,
2382 5171 2447 5222 ut
2481 5184 2584 5222 nec
2633 5165 2870 5221 divitem
2924 5164 3186 5237 potentia
3226 5180 3333 5219 sua
3365 5162 3587 5236 aliquid
3625 5162 3779 5234 apud
3813 5178 3917 5217 vos

2245 5274 2314 5311 ex
2345 5257 2505 5312 rabie
2538 5258 2722 5328 [extra
2759 5255 2936 5325 viam]
2986 5255 3196 5310 suadet
3242 5252 3487 5308 rationis
3536 5252 3773 5316 audere,
3808 5267 3918 5307 nec

2247 5363 2563 5418 pauperem
2592 5346 2663 5401 de
2702 5362 2763 5402 se
2812 5361 2918 5400 sua
2964 5343 3274 5399 humilitas
3322 5342 3497 5398 faciat
3546 5342 3911 5414 desperare:

2246 5440 2536 5507 quatenus
2561 5440 2672 5490 Deo
2706 5435 3026 5490 miserante
3056 5432 3219 5489 utilis
3253 5432 3445 5505 possis
3471 5429 3742 5496 existere,
3773 5446 3919 5502 qua-

2246 5524 2359 5580 lem
2391 5543 2558 5582 sacra
2586 5525 2758 5581 lectio
2790 5522 3065 5596 praecepit
3094 5522 3295 5577 dicens
3320 5538 3332 5575 :
3361 5521 3579 5592 Oportet
3599 5521 3919 5591 episcopum

2246 5615 2784 5686 irreprehcnsz’bz’lem
2809 5629 2937 5669 esse.
2968 5612 3080 5667 Sed
3108 5611 3201 5667 his
3233 5610 3512 5666 omnibus
3543 5608 3631 5665 uti
3663 5606 3920 5665 salubri—

548 5720 623 5784 (a)
655 5716 827 5799 Deest
857 5716 1100 5799 aliquid.
1125 5717 1318 5799 Epist.
1353 5720 1442 5799 87,
1477 5719 1548 5799 ad
1584 5720 1964 5778 Rembcrtum
1991 5738 2004 5779 :
2034 5724 2098 5781 Si
2110 5731 2349 5799 pastores
2375 5726 2559 5782 ovium
2589 5723 2758 5781 solem
2804 5722 3036 5797 geluque
3068 5736 3170 5795 pro
3216 5721 3400 5791 gregis
3427 5719 3519 5779 sui
3548 5715 3798 5776 custodia
3828 5713 3924 5775 die

474 5803 539 5846 ac
560 5795 710 5847 nocte
733 5790 887 5865 ferre
915 5790 1157 5849 οοηεθηιὶ
1186 5798 1335 5861 sunt,
1370 5798 1447 5848 ut.
1483 5795 1592 5849 etc.
