4126 6500
205 396 325 455 777

1427 388 1832 451 ΕΡΙΒΤΟΙΛΕ
1875 388 1976 448 ET
2018 388 2378 449 DECRETA
2394 434 2406 447 .

3511 388 3628 450 778

207 528 351 583 dum
392 526 488 589 sit,
520 523 839 598 apostolica
882 524 1183 581 sanctione
1224 523 1623 578 difﬁniemus:
1660 524 1724 577 ut
1765 538 1861 576 ve-
1890 520 1945 587 Α
1975 521 2372 591 crederentur,
2404 521 2660 594 profecto
2690 525 2745 577 et
2776 522 3037 595 iarum
3068 521 3347 595 reliquias,
3380 536 3631 595 quorum

203 620 327 672 stra
346 614 605 671 Ecclesia
635 630 761 687 quas
793 613 974 668 tantis
1020 612 1278 685 quotidie
1310 612 1577 683 quatitur
1606 609 1863 665 anxieta-

203 704 386 770 tibus,
426 702 784 759 inviolabilis
825 702 1099 775 deinceps
1143 705 1198 757 et
1244 700 1596 757 inconcussa
1635 715 1864 771 perma-

213 796 370 850 neat.

277 882 358 938 De
404 881 765 955 imaginibus
815 885 1033 946 autem,
1075 894 1394 951 earumque
1445 876 1864 933 observationi-

210 973 343 1039 bus,
371 970 504 1026 licet
541 968 707 1025 nulla
749 969 1069 1025 necessitas
1098 973 1252 1024 esset
1282 967 1556 1034 scribere,
1590 983 1656 1022 eo
1706 965 1863 1037 quod

205 1064 545 1116 nostrorum
579 1062 1020 1115 antecessorum
1058 1055 1485 1113 venerabilium
1519 1054 1863 1127 pontiﬁcum

203 1154 408 1207 sancta
454 1148 786 1204 sollicitudo
837 1145 1131 1203 catholico
1170 1146 1377 1201 ardore
1407 1160 1675 1206 succusa,
1710 1142 1864 1198 mul-

202 1243 266 1294 ta
294 1242 350 1294 et
378 1237 543 1293 valde
571 1237 740 1293 utilia
771 1235 1037 1292 Ecclesia
1084 1235 1186 1291 Dei
1225 1234 1532 1307 profutura
1561 1231 1816 1288 instituit
1845 1250 1862 1285 :

200 1333 398 1384 tamen
442 1326 583 1399 quia
629 1326 906 1398 frequens
963 1324 1194 1380 iteratio
1253 1321 1686 1378 informationis
1718 1320 1865 1376 solet

195 1415 675 1472 venerabiliorem
726 1412 1111 1469 intentionem
1148 1412 1388 1467 reddere
1438 1410 1697 1465 audienti
1733 1426 1745 1463 :
1782 1409 1864 1463 id-

194 1522 380 1578 eoque
410 1506 483 1561 de
511 1504 731 1560 eisdem
781 1520 885 1576 pro
916 1502 1317 1558 conservanda
1373 1499 1598 1555 unitate
1647 1498 1862 1571 populo

195 1594 299 1651 Dei
346 1593 571 1667 aliquid
630 1608 915 1665 exponere
946 1608 1242 1647 curamus.
1280 1588 1603 1645 Pristinam
1664 1589 1864 1659 itaque

197 1688 534 1739 sanctorum
568 1682 805 1738 Patrum
836 1681 1234 1745 traditionem,
1266 1696 1451 1751 quam
1485 1695 1518 1733 a
1548 1676 1863 1749 praedeces-

199 1773 433 1829 soribus
469 1772 685 1827 nostris
716 1770 1077 1826 beatissimis
1110 1774 1166 1823 et
1194 1768 1534 1824 orthodoxis
1569 1765 1860 1838 pontiﬁci-

204 1863 340 1928 bus,
377 1861 477 1934 qui
522 1864 655 1934 post
702 1860 937 1915 beatum
972 1858 1207 1914 Petrum
1258 1857 1317 1912 in
1368 1856 1496 1927 ejus
1546 1852 1864 1927 apostolica

200 1952 342 2007 sede
374 1949 740 2017 resederunt,
776 1947 946 2003 nobis
998 1945 1422 2001 observandam
1468 1943 1860 2015 suscepimus,

200 2045 261 2095 et
291 2040 575 2095 hactenus
614 2036 1033 2092 immutilatam
1077 2035 1197 2090 haec
1246 2038 1447 2089 sancta
1491 2031 1777 2088 catholica
1807 2034 1865 2086 et

205 2127 525 2202 apostolica
554 2130 713 2183 tenet
744 2142 809 2181 ac
852 2125 1112 2181 defendit
1150 2122 1425 2179 Ecclesia.
1461 2122 1698 2193 Oportet
1728 2136 1864 2193 ergo

203 2222 330 2274 tota
360 2218 576 2273 mentis
619 2214 962 2281 intentione,
987 2212 1325 2285 summique
1374 2210 1646 2266 desiderii
1697 2226 1866 2265 cona-

203 2308 364 2363 mine
395 2305 757 2362 venerandas
790 2308 909 2360 tam
959 2302 1191 2358 Domini
1227 2300 1412 2356 nostri
1452 2299 1589 2355 Jesu
1623 2297 1862 2363 Christi,

202 2414 383 2470 quam
440 2412 558 2451 suae
618 2392 1005 2450 sanctissimae
1064 2390 1385 2462 genitricis,
1447 2393 1501 2444 et
1558 2388 1863 2443 beatorum

203 2484 631 2557 apostolorum,
665 2486 841 2554 atque
890 2479 1155 2537 omnium
1196 2482 1533 2534 sanctorum
1578 2476 1863 2548 imagines

200 2575 469 2630 venerari
504 2577 559 2628 et
584 2571 772 2627 celero
805 2588 817 2626 :
851 2572 917 2625 ut
948 2587 1013 2625 eo
1046 2586 1160 2641 quo
1191 2568 1455 2624 valemus
1486 2566 1699 2619 annixu
1734 2582 1865 2619 con-

207 2670 300 2721 tra
333 2662 737 2718 haereticorum
775 2660 1096 2726 vesaniam,
1123 2658 1219 2730 qui
1271 2658 1343 2712 ab
1393 2674 1593 2712 carum
1624 2671 1861 2709 venera-

207 2755 367 2809 tione
400 2750 680 2825 populum
714 2748 1043 2821 prohibent,
1079 2748 1345 2802 resistere
1378 2746 1740 2800 studeamus.

280 2844 427 2898 Nam
462 2841 521 2895 in
553 2857 692 2912 pace
723 2837 991 2894 Ecclesiae
1016 2837 1371 2892 constitutus
1402 2835 1482 2888 nil
1505 2833 1864 2889 contrarium

210 2949 341 2988 esse
372 2933 584 3003 potest,
618 2929 666 2985 si
698 2931 1034 2983 sanctorum
1075 2925 1298 2997 efﬁgies
1348 2923 1593 2996 proprias
1625 2920 1864 2993 depictas

208 3021 486 3078 ﬁdelibus
560 3022 813 3091 augeant
884 3015 1229 3071 incrementi
1300 3029 1579 3069 amorem.
1650 3012 1868 3066 Revera

206 3108 346 3182 quia
377 3109 518 3164 dum
571 3124 772 3163 eorum
802 3105 1001 3161 vultus
1047 3104 1347 3177 aspicitur,
1382 3107 1439 3157 et
1477 3101 1671 3174 operis
1716 3099 1864 3156 actio

204 3197 505 3265 recolitur,
529 3196 704 3263 Deus,
728 3197 897 3267 cujus
946 3193 1231 3249 habitatio
1272 3193 1328 3246 in
1362 3191 1446 3246 eis
1495 3207 1623 3246 esse
1655 3189 1865 3262 digno—

1976 627 2110 665 caro
2155 611 2589 682 corruptionem
2639 611 2825 667 sensit
2870 611 2931 667 in
2983 610 3212 667 tumulo
3273 627 3375 684 pro
3425 615 3633 667 neutro

1976 699 2154 770 (quod
2187 699 2360 771 absit)
2405 699 2605 755 haberi
2636 700 3006 757 deberentur.
3031 701 3445 757 Verumtamen
3479 699 3530 756 si
3559 696 3633 756 ad

1976 805 2179 844 eorum
2202 787 2563 845 consortium
2585 789 2781 845 venire
2807 795 3104 862 Optamus,
3123 790 3382 862 profecto
3403 788 3497 845 hic
3517 805 3638 846 om-

1978 876 2075 931 nia
2105 877 2165 932 in
2197 878 2415 933 bonore
2447 882 2809 948 sanctorum,
2835 879 2893 934 id
2925 884 3015 935 est
3051 884 3174 935 tam
3209 877 3488 951 reliquias
3518 894 3633 933 non

1977 964 2169 1022 solum
2201 983 2534 1039 corporum,
2560 969 2662 1023 sed
2692 973 2750 1023 et
2787 968 3294 1036 vestimentorum,
3321 983 3423 1023 seu
3456 967 3633 1023 etiam

1974 1053 2266 1127 imagines
2295 1056 2491 1112 vultus
2521 1055 2755 1112 illorum
2787 1057 2846 1112 in
2880 1057 3141 1130 quolibet
3182 1056 3309 1113 loco
3349 1056 3630 1129 depictas,

1974 1142 2353 1200 celeberrimo
2386 1145 2604 1201 honore
2633 1146 2895 1202 venerari
2924 1147 3225 1213 debemus,
3252 1144 3630 1202 reminiscen-

1974 1238 2062 1289 tes
2094 1233 2263 1299 illud,
2286 1235 2439 1306 quod
2463 1235 2646 1292 Isaias
2674 1236 2926 1309 speciem
2952 1236 3228 1307 subjectae
3259 1229 3536 1291 creaturae
3568 1251 3632 1291 se

1971 1323 2189 1379 vidisse
2220 1327 2489 1392 testatur,
2514 1323 2712 1381 dicens
2754 1342 2766 1379 :
2812 1324 2933 1381 Vidi
2959 1326 3254 1380 Dominum
3296 1323 3517 1380 sabaoth
3553 1340 3632 1379 se-

1973 1411 2186 1467 dentem
2236 1429 2401 1484 super
2443 1413 2641 1469 solium
2685 1415 2980 1479 excelsum,
3007 1420 3058 1470 et
3084 1430 3149 1469 ea
3178 1428 3303 1486 quae
3355 1412 3456 1470 sub
3515 1414 3630 1485 ipso

1972 1509 2132 1556 erant
2158 1503 2458 1572 implebant
2485 1504 2745 1574 templum
2774 1503 2898 1574 (Isa.
2932 1505 3035 1571 v1),
3067 1506 3174 1558 etc.

2046 1591 2279 1645 Accedit
2306 1590 2503 1662 itaque
2536 1592 2725 1647 Moses
2752 1595 2809 1647 et
2849 1593 3063 1659 Aaron,
3091 1595 3159 1646 ut
3185 1591 3446 1647 viderent
3473 1589 3629 1647 thro-

1974 1696 2115 1734 num
2148 1678 2247 1734 ubi
2280 1683 2518 1735 steterat
2562 1680 2736 1748 Deus,
2770 1684 2829 1735 et
2874 1685 2999 1736 erat
3047 1680 3157 1734 sub
3206 1679 3454 1751 pedibus
3499 1681 3628 1750 ejus

1972 1772 2255 1841 tanquam
2287 1785 2435 1840 opus
2465 1768 2680 1841 lapidis
2712 1768 2999 1841 sapphiri,
3024 1774 3083 1825 et
3112 1767 3268 1824 velut
3299 1769 3631 1825 ﬁrmamen-

1971 1862 2099 1913 tum
2128 1857 2259 1913 cmli
2288 1858 2348 1912 in
2380 1857 2642 1915 claritate
2673 1858 2938 1931 fulgoris,
2969 1862 3026 1914 et
3053 1859 3292 1914 stabant
3321 1857 3628 1913 cherubim

1975 1964 2043 2003 ex
2072 1962 2212 2002 auro
2244 1948 2486 2002 mundo.
2511 1949 2645 2013 Quae
2679 1946 2897 2013 omnia,
2930 1948 3254 2003 secundum
3287 1947 3441 2020 quod
3472 1945 3630 2003 Salo-

1975 2052 2111 2092 mon
2143 2039 2344 2108 postoa
2375 2035 2433 2090 in
2462 2035 2682 2108 templo
2712 2036 3009 2104 instruxit,
3033 2036 3092 2091 in
3126 2040 3322 2092 monte
3354 2053 3490 2092 cum
3522 2036 3628 2091 Do-

1975 2125 2133 2181 mino
2168 2124 2435 2196 loquens,
2460 2125 2779 2198 imaginata
2813 2130 2869 2181 et
2898 2126 3253 2198 praesignem
3282 2126 3448 2182 vidit.

2045 2215 2174 2269 Haec
2206 2218 2263 2269 et
2305 2215 2398 2270 bis
2430 2214 2648 2269 similia
2679 2215 3070 2286 praecedentes
3120 2216 3320 2271 Patres
3366 2215 3625 2282 sciendo,

1976 2304 2174 2358 iconas
2206 2303 2523 2359 Salvatoris
2563 2303 2747 2358 nostri
2777 2304 2914 2359 Jesu
2946 2303 3180 2371 Christi,
3203 2304 3449 2377 ejusque
3492 2322 3626 2360 san-

1975 2393 2248 2449 ctissimae
2266 2392 2572 2448 Genitricis
2595 2409 2943 2465 semperque
2957 2392 3630 2466 Virginis,omniumque

1973 2488 2309 2537 sanctorum
2359 2482 2418 2536 in
2468 2481 2788 2553 parietibus
2838 2481 3240 2551 ecclesiarum,
3301 2482 3629 2539 secundum

1974 2572 2129 2642 quod
2162 2575 2395 2642 tempus
2426 2570 2597 2625 hodie
2624 2571 2850 2642 probat,
2876 2571 3280 2642 depinxerunt,
3303 2575 3362 2626 et
3391 2571 3630 2645 pingere

1976 2677 2080 2727 pro
2101 2659 2376 2732 congruis
2399 2657 2541 2714 locis
2563 2659 2723 2714 o:nni
2750 2659 3059 2715 dilectione
3081 2676 3269 2732 usque
3288 2662 3349 2715 in
3372 2677 3628 2733 praesens

1977 2767 2091 2805 non
2116 2749 2564 2822 prohibuerunt.
2589 2749 2734 2812 Quid
2757 2749 3088 2805 Christiano
3108 2750 3414 2806 verissimo
3438 2755 3625 2819 nocet,

1976 2838 2025 2892 si
2060 2837 2213 2909 quod
2246 2841 2404 2891 amat
2424 2841 2481 2891 et
2510 2836 2723 2910 diligit,
2744 2855 2858 2893 non
2891 2839 2963 2893 ad
2988 2839 3353 2894 adorandum
3374 2839 3624 2906 deiﬁcet,
3699 2901 3707 2910 ,

1975 2926 2077 2982 sed
2109 2926 2181 2980 ad
2216 2927 2589 2981 tremendum
2621 2926 2979 2996 terribiliter,
3013 2927 3071 2982 in
3104 2927 3321 2999 pariete
3350 2927 3438 2984 vel
3466 2926 3626 3001 ligno

1975 3014 2283 3087 depingit?

2046 3103 2283 3170 Verum,
2309 3103 2449 3176 quid
2479 3104 2683 3173 ofﬁcit,
2706 3103 2755 3160 si
2785 3104 3106 3178 aspicimus
3143 3105 3432 3179 imagines
3464 3104 3626 3162 Chri-

1976 3192 2053 3249 sti
2086 3193 2146 3247 in
2177 3192 2395 3264 templo
2427 3192 2713 3262 Ecclesia,
2733 3198 2792 3249 et
2818 3193 2877 3248 in
2918 3211 3130 3251 arcano
3160 3195 3354 3251 cordis
3382 3212 3627 3267 preme-

207 3288 414 3351 scitur,
466 3285 717 3358 perfecte
766 3283 1061 3339 laudatur.
1096 3282 1259 3336 Certe
1318 3280 1365 3336 si
1426 3284 1599 3345 Deus,
1634 3277 1735 3350 qui
1779 3284 1867 3333 est
1897 3264 1940 3329 Ο
1979 3282 2238 3337 ditamur
2258 3298 2391 3336 eum
2415 3284 2934 3355 venturum,cujus
2963 3283 3281 3357 imaginem
3310 3264 3625 3353 cernimus,

205 3375 521 3432 invisibilis
553 3379 612 3430 et
650 3374 1048 3445 incorporeus,
1082 3389 1195 3427 non
1248 3387 1350 3443 per
1400 3369 1695 3442 propriam
1728 3368 1866 3423 sub-

208 3464 492 3521 stantiam
553 3462 807 3528 deitatis,
833 3462 934 3517 sed
996 3478 1098 3533 per
1155 3460 1481 3531 subjectam
1540 3461 1866 3512 creaturam

208 3553 547 3610 mortalium
578 3551 848 3624 apparuit
872 3549 1060 3606 oculis
1081 3554 1139 3605 et
1160 3548 1532 3605 credentibus
1564 3562 1867 3601 summum

210 3647 370 3699 esset
414 3641 649 3698 culmen
698 3639 986 3696 honoris:
1022 3655 1202 3711 quare
1244 3637 1453 3693 animae
1504 3639 1864 3702 sanctorum,

211 3749 343 3805 quae
385 3735 691 3787 manentes
748 3729 807 3783 in
857 3745 1097 3802 corpore
1153 3727 1350 3783 vultus
1397 3726 1869 3796 uniuscujusque

212 3821 496 3877 habuisse
536 3821 881 3885 noscuntur,
906 3818 1231 3874 secundum
1272 3814 1720 3887 dispositionem
1774 3812 1868 3868 Dei

210 3910 357 3966 dicit
388 3909 501 3983 ipsi
532 3908 822 3981 placentia
846 3911 1116 3979 operatas
1146 3922 1292 3971 esse,
1322 3922 1433 3959 non
1465 3907 1816 3958 venerentur
1836 3919 1870 3956 a

208 3999 383 4055 nobis
415 4015 628 4071 magno
657 3998 917 4053 honore?
947 3996 1062 4051 Cur
1105 4011 1307 4051 eorum
1356 4009 1724 4048 exsecramur
1752 3992 1871 4047 efﬁ-

212 4090 361 4162 gies,
393 4105 498 4161 per
528 4104 677 4160 quos
704 4086 1052 4161 agnovimus
1083 4083 1215 4139 ﬁdei
1245 4082 1586 4137 veritatem?

286 4176 572 4250 Apparuit
629 4193 840 4249 nempe
897 4175 1051 4230 Deus
1117 4172 1361 4228 Abrahae
1428 4169 1579 4243 patri
1646 4177 1866 4240 nostro,

212 4285 330 4325 non
363 4267 423 4322 in
456 4283 648 4335 carne,
676 4280 869 4336 neque
899 4263 959 4318 in
991 4262 1208 4330 anima,
1243 4261 1343 4316 sed
1377 4260 1435 4315 in
1466 4259 1658 4333 specie
1689 4260 1869 4315 trium

210 4357 473 4413 virorum
508 4372 521 4411 :
557 4356 775 4429 quibus
825 4352 922 4408 ille
962 4352 1119 4409 aliud
1154 4367 1418 4419 cernens,
1451 4353 1507 4406 et
1553 4349 1711 4405 aliud
1743 4365 1871 4405 esse

210 4445 572 4519 intelligens,
636 4460 856 4517 pronus
909 4441 970 4497 in
1024 4445 1181 4497 terra
1236 4439 1518 4506 adoravit,
1566 4443 1623 4494 et
1677 4438 1867 4494 dixit:

217 4537 465 4604 Domine,
499 4536 552 4590 si
597 4534 786 4589 inveni
840 4534 1082 4602 gratiam
1140 4532 1201 4586 in
1257 4530 1429 4585 oculis
1485 4530 1613 4595 tuis,
1646 4528 1873 4599 aﬁeram

216 4641 441 4697 aquam,
492 4631 553 4679 ut
600 4624 852 4679 laventur
888 4622 1048 4694 pedes
1091 4621 1260 4675 vestri
1288 4619 1438 4691 (Gen.
1466 4617 1580 4689 xv).
1615 4616 1874 4672 Credidit

219 4714 375 4769 illico
396 4712 688 4768 Abraham
721 4711 861 4777 Deo,
894 4715 950 4765 et
987 4712 1323 4780 reputatum
1355 4711 1443 4762 est
1479 4706 1564 4760 illi
1596 4706 1667 4761 ad
1692 4704 1869 4777 justi-

218 4803 456 4871 tiam,et
494 4801 721 4857 amicus
750 4800 849 4856 Dei
882 4797 1209 4871 appellatus
1241 4800 1346 4851 est.
1378 4794 1664 4868 Apparuit
1710 4794 1873 4850 deni-

222 4907 338 4965 que
367 4891 544 4947 Jacob
575 4907 676 4964 per
707 4889 983 4961 subjectae
1012 4890 1289 4943 creaturas
1332 4884 1604 4957 speciem,
1638 4884 1789 4939 unde
1819 4887 1875 4939 et

220 4980 403 5036 dixit:
437 4980 565 5035 Vidi
610 4980 913 5036 Dominum
941 4978 1086 5051 facie
1112 4976 1183 5031 ad
1209 4976 1426 5048 faciem,
1455 4982 1506 5029 et
1549 4975 1701 5029 salva
1728 4976 1875 5046 facta

218 5078 301 5128 est
327 5071 519 5126 anima
547 5086 668 5125 mea
705 5069 858 5138 (Gen.
889 5067 1085 5139 xxxu).
1109 5067 1254 5124 Ecce
1302 5065 1679 5136 incorporeus
1721 5063 1876 5119 Deus

219 5164 281 5217 et
309 5157 623 5215 invisibilis
656 5175 759 5230 per
801 5156 1055 5230 speciem
1097 5155 1370 5226 subjectae
1402 5156 1678 5209 creaturae
1708 5151 1789 5208 ita
1813 5169 1875 5208 se

220 5247 562 5305 mortalium
590 5246 773 5304 voluit
799 5246 981 5302 videri
1032 5244 1355 5309 obtutibus,
1391 5246 1453 5297 ut
1502 5242 1875 5298 credentibus

221 5340 379 5393 esset
400 5337 470 5391 ad
493 5336 742 5409 gratiam
769 5352 780 5391 :
807 5351 911 5391 cur
941 5334 1112 5390 nobis
1135 5335 1475 5390 sanctorum
1504 5331 1877 5402 icones,quos

222 5441 534 5497 corporeus
565 5428 624 5480 et
668 5423 928 5479 visibiles
973 5422 1154 5479 fuisse
1202 5421 1517 5489 credimus,
1553 5420 1601 5476 si
1634 5419 1766 5475 illos
1815 5424 1881 5475 ut

218 5531 356 5571 vere
396 5512 613 5569 Christi
662 5528 1006 5568 veneremur
1054 5510 1294 5575 amicos,
1329 5514 1603 5584 poterunt
1650 5525 1778 5566 esse
1808 5510 1880 5565 ad

225 5602 502 5677 culpam?
533 5603 680 5659 Nam
714 5602 763 5657 si
797 5617 1000 5658 eorum
1050 5599 1272 5674 effigies
1320 5597 1703 5657 exsecrabiles
1753 5616 1883 5658 esse

296 5693 375 5769 (a)
407 5693 597 5751 Locus
627 5690 968 5749 mendosus.

542 5819 816 5883 PATROL.
862 5817 1061 5885 CXIX.

1975 3371 2150 3427 citius
2171 3370 2436 3426 vivorum
2458 3374 2515 3426 et
2536 3375 2898 3427 mortuorum
2914 3373 3178 3444 judicem
3200 3371 3631 3429 adventurum?

1976 3461 2126 3527 Quid
2161 3459 2294 3515 ﬁ’dei
2344 3464 2556 3515 nostrae
2597 3461 2964 3531 contradicit,
2993 3462 3149 3534 quod
3194 3462 3254 3517 in
3301 3466 3498 3518 centro
3529 3478 3630 3517 cad

1977 3566 2149 3606 meras
2179 3566 2355 3622 super
2403 3548 2606 3616 altare,
2630 3550 2760 3621 ejus
2802 3551 3053 3624 ﬁguram
3093 3551 3248 3624 quod
3278 3550 3467 3607 Verbo
3495 3567 3628 3606 caro

1976 3640 2194 3694 factum
2228 3644 2336 3707 est,
2371 3644 2429 3695 et
2471 3639 2756 3695 habitavit
2810 3640 2870 3694 in
2929 3640 3118 3710 nobis,
3152 3640 3359 3696 animae
3415 3643 3628 3696 nostris

1976 3728 2301 3785 affectando
2331 3728 2685 3797 desiderant,
2705 3731 2875 3801 cujus
2896 3729 3090 3803 imago
3113 3729 3369 3785 nominis
3386 3728 3627 3786 titulum

1978 3822 2243 3885 retentat,
2279 3821 2335 3872 et
2365 3818 2504 3889 quia
2562 3835 2664 3890 per
2712 3824 2985 3874 naturam
3019 3819 3232 3875 Filium
3290 3819 3626 3886 adoramus,

1978 3924 2157 3979 quare
2187 3923 2290 3979 per
2319 3906 2694 3978 adoptionem
2736 3924 2950 3964 nomen
2991 3925 3207 3965 novum
3248 3907 3536 3981 scriptum
3565 3908 3627 3964 in

1977 3994 2220 4063 calculo,
2242 3995 2330 4051 vel
2375 3996 2626 4069 gemmis
2656 4013 2772 4053 non
2804 3998 3159 4054 adoremus?
3186 3998 3381 4054 Altare
3432 3998 3630 4070 itaque

1978 4089 2269 4152 sanctum,
2289 4085 2349 4140 in
2373 4102 2491 4158 quo
2519 4090 2630 4143 Dec
2651 4086 3035 4159 omnipotenti
3056 4087 3477 4143 sacriﬁciorum
3497 4090 3630 4143 vota

1977 4173 2390 4247 persolvimus,
2413 4174 2595 4247 lapsis
2617 4180 2706 4231 est
2732 4175 3078 4231 naturaliter
3107 4175 3458 4245 communis,
3482 4172 3631 4230 nihil

1978 4261 2253 4318 differens
2286 4263 2357 4318 ab
2388 4261 2520 4318 aliis
2566 4260 2804 4331 tabulis,
2834 4279 2960 4335 quas
2992 4263 3246 4335 parietes
3292 4267 3524 4319 nostros
3573 4266 3631 4319 et

1979 4350 2312 4423 pavimenta
2359 4351 2666 4423 adornant.
2699 4352 2845 4418 Quia
2872 4369 3006 4408 vero
3052 4357 3346 4408 sacratum
3393 4356 3481 4408 est
3527 4351 3628 4407 Dei

1980 4440 2289 4512 adjutorio,
2313 4444 2370 4496 et
2387 4440 2850 4496 benedictionem
2874 4440 3152 4515 suscepit,
3176 4441 3333 4498 unde
3353 4445 3410 4498 et
3424 4457 3631 4498 mensa

1981 4532 2183 4585 sancta
2213 4528 2486 4595 efﬁcitur,
2518 4529 2689 4601 panis
2738 4531 2972 4599 iterum,
3006 4530 3108 4603 qui
3159 4548 3336 4604 super
3377 4546 3512 4587 eum
3544 4530 3630 4587 of-

1903 4639 1950 4704 Β
1980 4619 2181 4686 fertur,
2213 4617 2385 4691 panis
2414 4622 2502 4674 est
2552 4618 2791 4691 quidem
2840 4620 3206 4692 communis;
3240 4622 3343 4678 sed
3395 4622 3630 4696 quando

1979 4708 2105 4780 ipse
2150 4710 2516 4763 sacramento
2546 4713 2810 4765 sacratus
2839 4710 3033 4779 fuerit,
3061 4727 3274 4786 corpus
3325 4711 3541 4769 Christi
3569 4713 3630 4769 in

1979 4797 2220 4854 veritate
2267 4798 2352 4866 ﬁt,
2378 4802 2436 4853 et
2481 4798 2716 4854 dicitur.
2743 4799 2837 4855 Sic
2867 4804 2924 4856 et
2951 4801 3155 4857 vinum
3204 4801 3501 4858 modicum
3533 4800 3634 4858 ali-

1982 4886 2124 4960 quid
2156 4887 2334 4960 digna
2379 4887 2688 4944 existentia
2733 4894 2867 4947 ante
2916 4891 3378 4948 benedictionem
3397 4892 3475 4963 (α)
3500 4895 3634 4966 post

1983 4975 2502 5033 sanctiﬁcationem
2536 4977 2812 5051 Spiritus,
2839 4981 3082 5054 sanguis
3113 4980 3325 5038 Christi
3355 4982 3628 5039 efﬁcitur.

1984 5067 2119 5138 Ipsa
2146 5065 2301 5122 enim
2341 5067 2531 5123 crucis
2578 5068 2772 5141 imago
2804 5061 3120 5142 antequam
3169 5070 3458 5144 suscipiat
3502 5073 3631 5146 ejus

1983 5155 2182 5211 forma:
2214 5156 2486 5228 ﬁguram,
2516 5155 2744 5228 lignum
2775 5159 2846 5214 ab
2877 5160 3153 5216 omnibus
3182 5177 3497 5218 commune
3521 5166 3631 5219 est.

1984 5243 2320 5316 Suscipiens
2351 5250 2546 5301 autem
2577 5246 2914 5304 omnimodo
2943 5250 3334 5307 venerandam
3365 5252 3639 5309 similitu-

1986 5333 2206 5402 dinem,
2234 5351 2400 5390 sacra
2439 5339 2545 5404 est,
2570 5340 2628 5391 et
2656 5336 3021 5394 damonibus
3065 5339 3365 5412 terribilis,
3399 5346 3636 5416 propter

1989 5422 2145 5495 quod
2175 5422 2235 5478 in
2265 5441 2333 5480 ea
2360 5424 2649 5497 ﬁguratus
2680 5430 2768 5482 est
2797 5425 3088 5485 Christus.

2060 5512 2191 5568 Haec
2220 5512 2377 5569 brevi
2408 5512 2556 5586 style
2587 5517 3073 5587 transcurrentes,
3109 5535 3244 5576 cum
3275 5520 3462 5578 multa
3488 5521 3641 5581 dice-

1991 5619 2053 5661 re
2087 5601 2726 5678 quivissemus,vestree
2778 5606 3077 5665 serenitati
3120 5610 3635 5687 transcripsimus;

3241 5833 3317 5895 25
