4126 6478
510 361 626 421 ’779

1888 360 2200 424 NICOLAI
2245 360 2474 421 PAPE
2514 360 2562 420 Ι.

3822 350 3948 409 ’780

510 492 654 566 quia
682 492 976 553 Adrianus
1006 496 1424 553 sanctissimus
1456 494 1669 568 prasul
1701 468 2035 551 antecessor
2061 511 2167 552 no-
2194 495 2252 563 Α
2350 494 2593 565 Explica
2617 491 2847 564 epistola
2876 492 2944 546 ab
2974 489 3272 562 apostolica
3305 484 3427 543 sede
3454 483 3526 541 ad
3554 485 3945 557 imperatorem

509 585 636 638 ster
664 582 854 640 multa
885 586 957 641 de
985 584 1080 642 his
1126 585 1185 642 in
1216 583 1503 659 epistolis,
1530 600 1658 657 qua
1690 584 1976 641 hactenus
2024 584 2181 657 apud
2289 582 2602 640 Michaelem
2629 598 2728 654 per
2773 579 3169 648 Rhadoaldum,
3200 585 3252 634 et
3300 575 3629 632 Zachariam
3673 575 3953 647 cpia-vro:

511 670 1227 747 Constantinopolitanam
1249 675 1545 731 habentur
1562 673 1902 743 Ecclesiam,
1917 675 2183 731 scribens
2290 674 2480 728 missa.

511 760 892 831 contradidit,
923 763 982 820 in
1017 765 1241 838 quibus
1272 764 1562 837 quidquid
1596 764 1778 837 hujus
1807 763 1891 820 rei
1923 763 2186 820 necessi-

515 853 611 907 tas
662 852 935 925 coegerit,
968 853 1225 911 invenire
1276 852 1562 927 poteritis.
1597 854 1840 925 Oportet
1888 852 2045 909 enim
2093 869 2185 910 ve-

517 943 711 997 strum
744 942 1049 1019 imperiale
1078 944 1278 1010 decus,
1311 943 1470 1015 quod
1505 942 1565 998 in
1598 942 1877 999 omnibus
1910 941 2184 998 ecclesia-

518 1027 682 1086 sticis
730 1029 1089 1089 utilitatibus
1117 1032 1313 1106 vigere
1364 1031 1720 1100 audivimus,
1752 1036 1818 1086 ut
1872 1031 2185 1103 antiquum

520 1136 767 1188 morem,
800 1137 975 1194 quem
1006 1125 1208 1179 nostra
1244 1121 1507 1178 Ecclesia
1543 1121 1773 1188 habuit,
1804 1120 2013 1177 vestris
2044 1126 2187 1176 tem-

522 1209 766 1282 poribus
823 1214 1154 1268 restaurare
1213 1210 1561 1285 dignemini,
1625 1215 1916 1283 quatenus
1974 1209 2185 1278 vicem,

520 1313 699 1370 quam
733 1303 935 1356 nostra
981 1300 1151 1356 sedes
1182 1317 1286 1373 per
1314 1299 1621 1372 episcopos
1668 1298 1881 1355 vestris
1912 1298 1971 1354 in
2004 1298 2187 1372 parti-

518 1385 634 1443 bus
682 1387 1033 1445 constitutos
1092 1388 1323 1461 habuit,
1374 1388 1644 1445 videlicet
1693 1387 2186 1445 Thessalonicen-

524 1491 673 1545 sem,
705 1476 808 1549 qui
839 1477 1115 1534 Romana
1167 1479 1324 1535 sedis
1370 1479 1559 1534 vicem
1609 1495 1712 1551 per
1759 1477 1998 1551 Epirum
2031 1481 2185 1533 vete-

521 1581 668 1634 rem,
716 1566 1077 1640 Epirumque
1135 1585 1367 1637 novam,
1422 1572 1598 1640 atque
1658 1567 1962 1635 Illiricum,
1997 1568 2187 1623 Mace-

524 1653 783 1724 doniam,
817 1656 1209 1724 Thessaliam,
1239 1657 1540 1724 Achaiam,
1585 1657 1824 1713 Daciam
1868 1656 2183 1729 ripensem,

524 1741 884 1816 Daciamque
928 1745 1440 1813 mediterraneam,
1475 1745 1761 1814 Moesiam,
1804 1745 2182 1813 Dardaniam,

528 1831 849 1901 Pravalim,
886 1838 950 1889 B.
977 1833 1144 1890 Petro
1175 1834 1574 1907 apostolorum
1608 1835 1858 1908 principi
1892 1834 2182 1891 contradi-

527 1936 655 1977 cere
695 1920 895 1977 nullus
944 1927 1290 1995 prasumat;
1326 1941 1452 1996 qua
1485 1928 1924 1981 antecessorum
1959 1927 2184 1979 nostro-

488 2010 497 2017 ”
528 2027 660 2065 rum
682 2010 1308 2083 temporibus,scilicet
1331 2012 1585 2080 Damasi,
1604 2012 1816 2083 Sirieii,
1841 2010 2185 2080 Innocentii,

528 2097 1163 2169 Bonifacii,Calestini,
1188 2102 1357 2171 Sixti,
1380 2102 1610 2169 Leonis,
1635 2102 1858 2169 Hilarii,
1879 2099 2185 2174 Simplicii,

526 2188 753 2255 Felicis,
782 2194 956 2262 atque
984 2190 1307 2247 Hormisda
1340 2196 1678 2248 sanctorum
1712 2192 2079 2264 pontiﬁcum,
2102 2208 2190 2246 sa-

526 2278 640 2335 cris
672 2278 1158 2351 dispositionibus
1187 2281 1795 2354 augebatur.Quorum
1817 2280 2069 2352 denique
2099 2280 2187 2334 in-

528 2367 867 2424 stitutiones
898 2369 971 2425 ab
1021 2369 1108 2426 eis
1156 2368 1274 2426 illis
1304 2370 1362 2424 in
1398 2371 1666 2443 partibus
1712 2370 2038 2426 destinatas
2089 2385 2191 2440 per

528 2461 762 2514 nostros
784 2457 1019 2528 missos,
1044 2462 1111 2514 ut
1134 2458 1217 2514 rei
1239 2459 1541 2516 veritatem
1565 2476 1914 2533 cognoscere
1935 2457 2186 2532 queatis,

527 2550 732 2602 vestra
763 2545 1062 2619 Augustali
1100 2547 1373 2620 potentia
1406 2548 1657 2622 dirigere
1688 2548 2044 2603 curavimus.

602 2638 887 2691 Praterea
901 2635 1339 2692 Calabritanum
1360 2638 1809 2709 patrimonium,
1823 2641 1879 2692 et
1901 2636 2188 2703 Siculum,

532 2740 781 2797 quaque
834 2727 1046 2780 nostra
1101 2725 1372 2782 Ecclesia
1422 2744 1702 2783 concessa
1752 2728 2006 2794 fuerunt,
2039 2730 2097 2781 et
2125 2742 2195 2781 ea

532 2812 889 2888 possidenda
909 2813 1184 2884 obtinuit,
1200 2818 1257 2870 et
1278 2815 1643 2888 disponendo
1666 2832 1770 2889 per
1790 2832 1929 2871 suos
1951 2814 2196 2871 familia-

532 2920 627 2961 res
657 2919 856 2977 regere
902 2902 1150 2971 studuit,
1172 2903 1383 2960 vestris
1414 2905 1893 2961 concessionibus
1943 2904 2196 2961 reddan-

532 2998 651 3060 tur,
672 2990 953 3065 quoniam
992 2992 1390 3050 irrationabile
1422 2998 1511 3051 est
1543 2998 1606 3050 ut
1637 2994 2033 3051 ecclesiastica
2058 3012 2192 3068 pos-

533 3081 739 3151 sessio,
769 3081 923 3138 unde
963 3080 1282 3140 luminaria
1319 3088 1376 3139 et
1414 3084 1894 3142 concinnationes
1924 3084 2192 3140 Ecclesia

536 3170 634 3229 Dei
663 3170 787 3228 ﬁeri
810 3171 1045 3239 debent,
1059 3177 1291 3230 terrena
1309 3173 1516 3246 quavis
1536 3178 1828 3247 potestate
1850 3172 2198 3230 subtrahan-

3083 758 3151 813 V.

2922 867 2996 906 AD
3038 864 3318 905 PHOTIUM.

2935 939 3124 1010 (Anno
3155 936 3304 1007 860.)

2294 1041 2549 1096 Reservat
2576 1046 2746 1094 totam
2767 1053 2991 1093 causam
3012 1037 3201 1092 Photii
3221 1037 3283 1090 in
3301 1033 3591 1090 adventum
3614 1033 3957 1102 legatorum;

2363 1119 2548 1183 estque
2575 1110 2801 1183 cpistola
2839 1111 3026 1183 prima
3053 1108 3125 1164 ad
3152 1107 3412 1183 Photium
3435 1122 3535 1183 per
3572 1102 3957 1183 Raadoatdum

2364 1191 2415 1239 et
2445 1175 2798 1304 gladi-ariam
2839 1175 3132 1254 'episcopo:
3188 1175 3721 1250 Constantinopolim
3786 1175 3959 1232 decli-

2366 1272 2439 1308 na
2470 1271 2522 1309 a.

2651 1342 2839 1415 [Apud
2875 1340 3084 1407 Mansi,
3114 1340 3273 1408 ibid.,
3299 1337 3410 1394 col.
3444 1335 3592 1411 168.]

2366 1451 2571 1508 Omnis
2603 1449 2828 1507 utilitas
2862 1452 2918 1504 et
2964 1448 3258 1521 profectus
3301 1446 3637 1502 animarum
3668 1442 3963 1500 catholica

2294 1542 2409 1598 ﬁde
2440 1540 2708 1595 munitur
2748 1542 2807 1595 et
2853 1536 3163 1593 dilectione
3195 1534 3493 1608 Evangelii
3542 1538 3745 1589 tuetur
3776 1551 3790 1589 :
3827 1550 3961 1606 qua

2296 1647 2500 1686 omnes
2534 1630 2688 1685 intra
2720 1645 2784 1684 se
2814 1626 3123 1683 conclusos
3151 1625 3336 1681 salvat
3364 1628 3422 1681 et
3449 1628 3611 1679 extra
3640 1639 3702 1679 se
3733 1622 3963 1696 positos

2296 1737 2435 1775 suos
2465 1736 2581 1775 non
2633 1717 2951 1774 existimat.
2978 1716 3140 1771 Unde
3170 1713 3510 1770 directionis
3539 1716 3744 1768 vestra
3792 1729 3960 1770 sum-

2295 1809 2411 1881 ptis
2441 1807 2710 1881 apicibus
2739 1803 3014 1861 latiﬁcati
3047 1821 3278 1871 sumus,
3302 1802 3444 1876 quia
3466 1819 3568 1859 vos
3598 1801 3961 1858 catholicum

2295 1898 2355 1954 in
2387 1898 2472 1953 eis
2507 1895 2908 1970 cognovimus.
2934 1894 3080 1949 Nam
3112 1893 3193 1950 ibi
3224 1892 3547 1966 prudentia
3574 1895 3777 1948 vestra
3804 1891 3964 1947 utili-

2297 1991 2476 2043 tatem
2518 1984 2937 2051 intelleximus,
2991 1983 3239 2056 ideoque
3288 1981 3505 2037 multas
3561 1980 3782 2054 gratias
3844 1980 3961 2038 Deo

2296 2075 2685 2148 omnipotenti
2736 2072 3070 2136 retulimus,
3101 2073 3242 2145 quia
3269 2075 3528 2127 vestrum
3580 2069 3731 2126 scire
3761 2070 3837 2125 de
3865 2086 3962 2126 ea-

2297 2164 2515 2221 tholico
2547 2164 2704 2219 fonte
2732 2180 2970 2219 manare
2991 2161 3210 2234 experti
3234 2160 3585 2217 sumus.Sed
3610 2163 3836 2216 rectum
3859 2176 3964 2217 vos

2298 2254 2563 2312 ordinem
2616 2252 2858 2309 minime
2889 2251 3252 2308 continuisse
3299 2250 3597 2306 doluimus
3630 2266 3643 2304 :
3677 2267 3744 2306 eo
3803 2250 3963 2322 quod

2299 2362 2414 2401 non
2437 2361 2540 2416 per
2559 2343 2777 2416 gradus
2800 2340 3068 2398 Ecclesia
3093 2342 3303 2396 ductus
3325 2341 3396 2395 ad
3420 2343 3654 2395 tantum
3675 2339 3962 2395 honorem

2300 2435 2372 2490 de
2403 2433 2535 2489 laici
2587 2432 2736 2507 [edit.
2769 2438 2922 2488 Rom.
2949 2429 3167 2503 laicali]
3209 2430 3414 2485 habitu
3444 2446 3547 2485 vos
3578 2427 3960 2502 prosiluistis,

2301 2540 2437 2580 cum
2477 2525 2768 2595 oporteret
2813 2526 3069 2577 vestram
3122 2519 3496 2591 prudentiam
3554 2518 3635 2573 ita
3682 2518 3964 2574 canonice

2298 2612 2511 2670 vixisse
2541 2612 2600 2668 in
2640 2612 2893 2669 clericali
2943 2611 3167 2680 ordine,
3203 2614 3267 2665 ut
3298 2608 3444 2665 nihil
3476 2614 3638 2665 extra
3681 2608 3967 2665 canonica

2301 2703 2572 2759 instituta
2588 2706 2847 2776 agentes,
2862 2706 3124 2774 tempore
3142 2716 3423 2773 congruo,
3436 2716 3679 2755 ascensu
3697 2697 3964 2771 legitimo

2302 2792 2743 2849 eonstituereris
2771 2790 3041 2847 Ecclesia
3074 2793 3290 2862 pastor.
3313 2788 3430 2845 Vos
3462 2788 3661 2860 itaque
3690 2787 3800 2843 hoc
3838 2804 3966 2860 per-

2303 2883 2606 2938 mittentes
2666 2880 3151 2954 [pramittentes],
3185 2883 3389 2934 contra
3444 2881 3665 2934 statuta
3725 2877 3963 2934 Patrum

2303 2972 2493 3047 egisse
2521 2972 2902 3026 manifestum
2948 2969 3162 3025 existit.
3195 2969 3342 3024 Nam
3393 2967 3739 3024 Sardicense
3768 2965 3961 3022 conci-

2303 3062 2449 3117 lium
2480 3079 2581 3134 per
2614 3059 2813 3117 omnia
2842 3063 3016 3115 tanta
3051 3058 3399 3114 temeritatis
3439 3055 3959 3130 prasumptionem

2302 3151 2485 3208 vetuit
2524 3152 2667 3224 (can.
2696 3150 2807 3223 l3),
2844 3149 3060 3221 pariter
3106 3152 3162 3204 et
3218 3150 3557 3204 sanctorum
3616 3145 3963 3218 pontiﬁcum

532 3264 660 3330 tur;
693 3260 794 3317 sed
853 3233 1054 3317 domui
1099 3261 1195 3318 Dei
1239 3233 1513 3319 restituta
1538 3233 1819 3319 meritum
1876 3262 2191 3319 redditoris

2311 3242 2578 3298 Romana
2611 3240 2790 3308 sedis,
2827 3238 3121 3296 Calestini
3172 3237 3426 3293 doctoris
3474 3235 3714 3310 egregii,
3750 3233 3964 3290 Leonis

534 3349 946 3423 multiplicent,
970 3355 1027 3407 et
1048 3351 1430 3425 suscipientis
1449 3358 1648 3408 votum
1671 3351 1952 3425 spiritalis
1973 3352 2196 3407 deside-

534 3440 607 3496 rii
649 3439 832 3496 lucris
879 3446 1233 3498 exerceatur.
1268 3442 1427 3498 Inter
1457 3440 1594 3509 ista,
1627 3446 1685 3497 et
1715 3441 1991 3514 superius
2038 3441 2197 3497 dicta

534 3528 806 3586 volumus
853 3533 918 3586 ut
958 3530 1317 3587 consecratio
1359 3531 1726 3604 Syracusano
1759 3530 2195 3603 archiepiscopo

536 3622 738 3675 nostra
769 3635 802 3674 a
833 3619 971 3675 sede
1014 3618 1411 3691 impendatur,
1446 3625 1511 3675 ut
1539 3620 1776 3677 traditio
1803 3620 1876 3676 ab
1916 3618 2195 3692 apostolis

535 3707 810 3764 instituta
841 3707 1182 3765 nullatenus
1204 3710 1422 3766 nostris
1445 3710 1596 3781 [edit
1623 3711 1773 3767 Rom.
1797 3709 2026 3783 vestris]
2054 3714 2197 3765 tem-

534 3796 778 3870 poribus
811 3796 1081 3852 violetur.

604 3884 1044 3943 Destinavimus
1067 3892 1265 3944 autem
1288 3893 1491 3945 vestra
1511 3889 1809 3945 serenitati
1839 3888 2197 3945 reverendis-

534 3975 720 4033 simos
749 3979 807 4031 et
836 3976 1248 4034 sanctissimos
1294 3978 1624 4051 episcopos,
1652 3977 2063 4034 Rhadoaldum
2112 3977 2195 4033 vi-

535 4063 745 4120 delicet
781 4069 996 4121 sancta
1047 4066 1390 4123 Portuensis
1440 4066 1730 4134 Ecclesia,
1757 4071 1932 4139 atque
1981 4066 2196 4122 Zacha-

535 4151 683 4208 riam
714 4154 1029 4225 Anagnina
1071 4160 1287 4211 saneta
1338 4154 1630 4227 Ecclesia,
1671 4156 1980 4229 fungentes
2038 4155 2195 4227 lega-

534 4241 693 4298 tione
724 4242 1093 4315 apostolatus
1125 4245 1330 4312 nostri,
1356 4261 1505 4317 quos
1550 4250 1615 4300 ut
1662 4245 1981 4301 honoriﬁce
2011 4243 2197 4300 susci-

534 4330 732 4404 piatis,
753 4337 1009 4390 vestram
1043 4334 1497 4407 amplitudinem
1531 4334 1953 4406 deprecamur:
1980 4333 2198 4406 quibus

537 4419 716 4476 etiam
747 4420 1023 4493 frequens
1072 4422 1432 4495 colloquium
1478 4422 1791 4477 tribuatis:
1826 4426 1885 4478 et
1936 4423 2021 4479 eis
2068 4440 2198 4495 qua

538 4508 610 4565 de
653 4508 1048 4568 ecclesiastico
1081 4516 1236 4568 statu
1286 4511 1877 4586 irreprehensibiliter
1921 4512 2194 4581 dixerint,

538 4598 774 4654 credere
803 4616 920 4655 non
950 4601 1288 4675 ambigatis.
1323 4602 1394 4658 Et
1439 4619 1573 4658 cum
1606 4602 1666 4657 in
1698 4607 1984 4658 conventu
2016 4602 2196 4658 eccle-
2227 4624 2278 4692 Β

536 4686 635 4743 sia
667 4687 930 4744 sederint
976 4707 1081 4762 pro
1135 4690 1550 4748 ecclesiasticis
1598 4691 2078 4761 difﬁnitionibus,
2110 4692 2200 4747 ni-

536 4775 620 4833 hil
654 4794 687 4832 a
714 4776 900 4846 vobis,
934 4778 1023 4834 vel
1054 4780 1126 4836 ab
1168 4779 1301 4837 aliis
1344 4781 1596 4854 alicujus
1626 4780 2058 4838 eontrarietatis
2089 4781 2201 4837 im-

536 4868 740 4939 petum
774 4867 1052 4924 sentiant.
1087 4871 1157 4925 Et
1195 4887 1330 4927 cum
1373 4873 1459 4928 fas
1490 4871 1607 4927 illis
1638 4871 1815 4927 fuerit
1848 4872 2197 4941 revertendi,

534 4960 763 5012 vestros
794 4958 1095 5014 concedite
1127 4960 1376 5030 missos;
1420 4966 1478 5018 et
1506 4961 1673 5030 tales,
1711 4961 1811 5034 qui
1857 4961 1916 5016 in
1967 4962 2201 5018 dromo-

535 5045 712 5102 nibus
759 5048 1035 5121 congruis
1095 5066 1223 5105 esse
1280 5052 1527 5107 Romam
1586 5051 1931 5118 incolumes,
1978 5051 2203 5109 favente

536 5134 675 5204 Deo,
709 5137 1109 5208 apostolorum
1156 5141 1431 5212 precibus
1478 5140 1753 5195 studeant
1800 5140 2033 5210 referre,
2058 5157 2204 5212 qua-

534 5227 709 5279 tenus
739 5240 843 5295 pro
872 5227 1150 5284 omnibus
1179 5228 1391 5285 vestris
1432 5228 1604 5284 bonis
1636 5226 2043 5284 devotionibus
2071 5246 2203 5302 gra-

536 5311 651 5369 tias
683 5317 799 5369 Deo
851 5315 1238 5389 omnipotenti
1293 5318 1468 5384 Patri,
1498 5322 1673 5389 atque
1722 5319 1852 5388 ejus
1898 5318 2202 5391 unigenito

536 5400 681 5460 Filio
714 5402 962 5459 Domino
993 5410 1192 5462 nostro
1234 5408 1373 5464 Jesu
1407 5407 1661 5473 Christo,
1694 5412 1750 5461 et
1800 5406 2040 5479 Spiritui
2073 5426 2204 5465 san-

534 5494 627 5548 cto
658 5491 926 5548 devotius
949 5510 1120 5568 agere
1140 5496 1465 5563 valeamus,
1489 5496 1580 5551 cui
1614 5502 1701 5551 est
1723 5496 1910 5552 honor
1934 5502 1989 5552 et
2018 5497 2203 5570 gloria

534 5578 594 5636 in
626 5579 843 5639 sacula
871 5583 1245 5642 saculorum.
1278 5589 1483 5645 Amen.
1518 5585 1665 5644 Data
1706 5602 1905 5644 mense
1937 5591 2199 5661 Septem-

536 5667 664 5733 brio
696 5669 791 5732 die
817 5672 909 5743 25,
941 5671 1264 5735 indictione
1293 5694 1366 5735 ix.

2306 3328 2689 3395 sanctissimi,
2720 3329 2889 3399 cujus
2917 3327 3048 3383 laus
3075 3326 3136 3381 in
3170 3330 3380 3399 quarta
3408 3326 3628 3399 synodo
3660 3322 3818 3380 clara
3850 3324 3967 3380 exi-

2306 3421 2409 3477 stit
2433 3437 2445 3475 :
2472 3436 2571 3475 seu
2600 3417 2815 3474 Gelasii
2848 3416 3132 3483 doctrina,
3156 3421 3213 3473 et
3244 3415 3472 3472 meritis
3503 3431 3665 3487 aque
3694 3414 3967 3470 beatissi-

2305 3509 2408 3578 mi,
2432 3508 2644 3564 horum
2675 3505 2947 3563 videlicet
2974 3505 3264 3575 instituta,
3291 3504 3875 3577 hoeprohibuerunt,
3900 3508 3967 3559 ut

2305 3598 2440 3655 talis
2470 3596 2760 3654 ordinatio
2792 3595 2915 3653 ﬁeri
2948 3612 3065 3651 non
3098 3598 3572 3668 prasumeretur.
3601 3593 3971 3665 Quapropter

2305 3691 2508 3743 vestra
2537 3685 2964 3742 consecrationi
2985 3684 3316 3740 consentire
3366 3683 3539 3739 modo
3588 3699 3702 3737 non
3753 3698 3966 3753 possu-

2307 3794 2461 3845 mus,
2484 3777 2666 3832 donec
2726 3774 2933 3843 nostri,
2971 3774 3073 3847 qui
3114 3791 3149 3830 a
3187 3772 3357 3829 nobis
3396 3770 3967 3843 Conslantinopolim

2307 3871 2446 3923 sunt
2477 3865 2700 3933 directi,
2726 3868 3112 3934 revertantur,
3136 3862 3385 3935 qualiter
3413 3879 3516 3934 per
3535 3880 3634 3918 eos
3656 3876 3971 3933 cognosca-

2308 3973 2443 4012 mus
2463 3960 2667 4011 vestra
2694 3953 3121 4010 observationis
3141 3956 3328 4020 actus,
3345 3957 3400 4007 et
3420 3950 3828 4007 ecclesiastica
3851 3950 3968 4005 uti-

2307 4045 2492 4101 litatis
2513 4045 2996 4110 constantiam,et
3021 4060 3136 4115 quo
3168 4042 3364 4098 studio
3386 4040 3541 4096 circa
3566 4039 3867 4096 catholica
3898 4039 3971 4093 ﬁ-

2307 4135 2397 4191 dei
2431 4134 2828 4190 defensionem
2858 4136 3086 4188 vosmet
3122 4130 3459 4188 exereeatis.
3486 4132 3554 4185 Et
3584 4136 3747 4195 tunc,
3780 4129 3831 4184 si
3877 4127 3970 4183 di-

2307 4241 2489 4297 gnum
2514 4223 2708 4290 fuerit,
2731 4228 2797 4278 ut
2818 4227 2989 4277 tanta
3014 4222 3170 4278 sedis
3194 4218 3525 4293 prasulem,
3547 4236 3649 4274 ceu
3672 4217 3972 4287 convenit,

2308 4313 2753 4379 honorabimus,
2777 4316 2833 4368 et
2873 4312 3130 4367 fraterna
3168 4310 3480 4365 dilectione
3520 4307 3970 4380 amplectemur.

2309 4408 2453 4459 Data
2484 4419 2683 4459 mense
2717 4400 3102 4473 Septembrio,
3137 4400 3229 4455 die
3259 4400 3349 4468 25,
3384 4399 3586 4454 indict.
3621 4415 3695 4452 ιχ.

2440 4616 2513 4654 AD
2545 4613 2849 4653 EPISCOPOS
2882 4613 2940 4651 IN
2972 4610 3165 4652 REGNO
3197 4611 3399 4650 CAROLI
3428 4609 3830 4650 CONSTITUTOS.

2951 4688 3139 4754 (Anno
3171 4684 3321 4754 860.)

2310 4784 2389 4835 De
2418 4776 2742 4848 Ingeltrmle,
2768 4776 2991 4832 Bosonis
3009 4776 3220 4848 comitis
3244 4789 3420 4848 uxore
3435 4774 3705 4848 fugitiva,-
3730 4778 3791 4825 ut
3812 4770 3974 4826 illam

2415 4844 2903 4914 excommunicent,
2930 4849 2982 4903 si
3012 4846 3082 4902 ad
3111 4848 3296 4901 virum
3326 4844 3505 4901 redire
3534 4850 3860 4900 contemnat.

2662 4946 2850 5020 [Apud
2884 4944 3094 5012 Mansi,
3130 4944 3289 5012 ibid.,
3324 4942 3435 4999 col.
3467 4940 3617 5015 326.]

2383 5056 2667 5111 NICOLAUS
2698 5053 3031 5125 episcopus,
3054 5068 3255 5108 servus
3302 5065 3600 5105 servorum
3653 5046 3775 5113 Dei,
3809 5062 3973 5101 reve-

2313 5145 2647 5200 rentissimo
2680 5160 2745 5198 ac
2778 5141 3154 5198 sanctissimo
3177 5144 3234 5196 et
3262 5138 3541 5195 confratri
3574 5140 3773 5193 nostro
3803 5135 3977 5191 Hmc—

2313 5251 2471 5290 MARO
2499 5232 2960 5305 archiepiscopo,
2987 5234 3042 5285 et
3071 5229 3349 5286 omnibus
3379 5224 3836 5299 archiepiscOpis
3866 5240 3975 5280 seu

2311 5322 2601 5396 episcopis
2632 5322 2691 5376 in
2726 5337 2902 5395 regno
2929 5319 3116 5375 Caroli
3148 5316 3504 5374 constitutis.

2382 5410 2674 5467 Canoniea
2705 5409 3024 5465 auctoritas
3054 5408 3164 5464 hoc
3195 5407 3356 5463 omni
3396 5407 3456 5462 in
3494 5404 3624 5462 loco
3655 5402 3975 5476 pradicare

2314 5519 2428 5556 non
2464 5504 2750 5566 cessat,ut
2774 5496 3030 5571 populus
3059 5498 3257 5553 divino
3279 5495 3465 5552 cultui
3491 5493 3864 5565 mancipatus
3894 5491 3976 5546 ir-

2311 5588 2793 5663 reprehensibilis
2845 5587 3103 5643 existat:
3137 5604 3255 5660 quo
3292 5586 3451 5642 enim
3501 5583 3796 5640 mediante
3846 5580 3975 5636 ﬁeri

2312 5679 2522 5737 melius
2545 5677 3015 5752 potuerit,quam
3037 5675 3274 5735 illorum
3305 5672 3721 5742 sollicitudine,
3737 5671 3839 5746 qui
3871 5686 3974 5745 pa-
