4126 6450
508 352 627 416 783

1343 484 1381 542 Ι.

1041 594 1116 632 AD
1155 591 1344 632 OMNES
1384 590 1634 629 FIDELES.

1163 666 1346 738 (Anno
1376 664 1524 735 352.)

510 757 671 812 Docet
701 756 1036 813 Orientaicm
1064 755 1370 810 Ecclesium
1419 754 1543 808 sine
1571 753 1687 807 ullo
1716 767 1814 807 suo
1844 766 2104 806 consensu
2135 765 2170 804 ιι

584 828 778 899 legatis
801 828 943 884 sedis
980 828 1291 898 apostolica:
1341 827 1619 897 lgnatium
1666 824 1988 896 depositum,
2021 822 2166 876 Pho-

587 901 729 955 tium
756 899 1130 955 substitutum.

856 1005 1044 1078 [Apud
1074 1003 1282 1071 Mansi,
1314 1004 1474 1060 Cone.
1507 1007 1649 1058 tom.
1683 1001 1822 1071 XV.]

589 1111 871 1168 NICOLAUS
884 1112 1426 1184 episcopus,servus
1448 1125 1748 1164 servorum
1761 1107 1859 1163 Dei
1870 1105 2171 1176 ,omnibus

519 1200 792 1258 ﬁdelibus
822 1205 1036 1257 sancte
1066 1199 1168 1256 Dei
1197 1198 1489 1256 Ecclesiae.

590 1292 752 1357 Quod
783 1289 964 1363 igitur
983 1289 1238 1364 generali
1264 1288 1471 1345 notitia
1492 1291 1683 1344 exstat
1714 1287 1998 1343 universae
2014 1284 2171 1357 plebi

520 1379 622 1436 Dei
654 1379 979 1454 vulgatum,
1016 1380 1262 1435 minime
1321 1382 1523 1435 vestrae
1578 1376 1875 1434 sanctitati
1923 1375 2174 1431 habetur

520 1467 907 1545 incognitum,
939 1469 1193 1541 qualiter
1213 1469 1505 1542 praeterito
1523 1467 1655 1538 jam
1686 1471 1949 1539 tempore
1970 1467 2177 1521 sancta

521 1558 1188 1632 Constantinopolitanae
1217 1558 1381 1614 urbis
1412 1556 1813 1627 Ecclesia,imo
1844 1556 2177 1611 Grzccorum

523 1651 778 1724 inclytus
809 1649 1134 1721 imperator
1165 1665 1299 1703 cum
1351 1646 1844 1704 christianissima
1873 1645 2040 1717 plebe
2060 1661 2179 1699 sua:

524 1738 1015 1809 ditionisubjecta
1044 1754 1148 1809 pro
1166 1736 1522 1809 quibusdam
1536 1732 2181 1809 prmvaricationibusin

524 1830 727 1887 eadem
760 1826 1024 1884 Ecclesia
1054 1826 1383 1900 pullulatis,
1418 1844 1481 1881 ac
1514 1825 1688 1881 variis
1714 1822 2182 1880 dissensionibus

523 1920 584 1975 in
614 1918 819 1975 eodem
849 1915 1064 1989 populo
1086 1933 1264 1988 super
1307 1916 1511 1971 Photio
1544 1915 1831 1980 invasere,
1864 1918 1920 1969 et
1953 1911 2178 1985 lgnatio

523 2006 857 2082 patriarcha
876 2005 1143 2078 nequiter
1158 2005 1399 2074 obortis,
1415 2006 1636 2078 legatos
1655 2003 1924 2077 proprios
1937 2003 2009 2057 ad
2026 2003 2179 2057 hanc

525 2102 812 2165 sanctam,
838 2100 897 2151 et
924 2095 1191 2151 omnium
1216 2094 1598 2150 ecclesiarum
1616 2097 1865 2149 matrem
1890 2091 2182 2147 miserunt

523 2184 865 2253 Ecclesiam,
898 2184 1323 2240 discretissima
1340 2182 1612 2238 videlicet
1638 2181 2028 2255 protulatione
2050 2196 2183 2235 con-

525 2275 805 2341 sulentes,
837 2272 937 2347 qui
967 2272 1611 2328 difﬁnitioniscalculus
1635 2289 1811 2343 super
1834 2268 2177 2343 hujusmodi

525 2363 1101 2439 praevaricationibus
1136 2361 1572 2434 nostrojudicio
1605 2362 1913 2417 deberetur
1932 2357 2176 2431 imponi.

528 2456 744 2511 Sancta
772 2452 993 2509 scilicet
1024 2468 1091 2508 ac
1123 2451 1344 2507 salubri
1401 2451 1751 2507 discretione
1811 2448 2074 2522 perducti
2106 2448 2179 2502 ab

527 2544 638 2600 hac
666 2541 975 2616 principali
1005 2540 1288 2609 Ecclesia,
1324 2557 1501 2613 quam
1530 2540 1815 2595 veraciter
1842 2536 2182 2610 intelligunt

526 2651 561 2690 ε,
589 2632 817 2688 Christo
835 2630 1131 2686 Salvatore
1153 2630 1483 2702 percepisse
1511 2629 1605 2684 sui
1628 2627 1994 2701 principatus
2012 2625 2182 2699 privi-

526 2720 700 2794 legis,
734 2736 850 2775 non
884 2717 1180 2774 immerito
1209 2719 1282 2774 ob
1318 2716 1762 2773 aediﬁcationem
1793 2715 2095 2789 religionis
2127 2720 2183 2770 et

528 2808 1031 2882 recuperationem
1054 2807 1213 2880 pacis
1243 2811 1419 2880 atque
1432 2806 1753 2863 concordiae
1768 2807 1879 2862 sub
1902 2805 2184 2861 canonica

526 2898 879 2955 difﬁnitione
909 2897 1020 2953 sibi
1051 2896 1175 2953 dari
1209 2901 1514 2969 poscentes
1538 2896 2061 2968 judicia.Quorum
2095 2911 2184 2950 sa-

525 2988 864 3045 luberrimae
882 2986 1153 3059 petitioni
1173 2988 1469 3053 cedentes,
1504 2986 1777 3059 dirigere,
1810 2988 1876 3040 ut
1904 2984 2182 3041 omnibus

530 3077 730 3145 claret,
760 3075 901 3132 illuc
933 3075 1275 3132 studuimus
1296 3092 1362 3131 ex
1393 3075 1571 3130 latere
1593 3074 1969 3147 pontificatus
1999 3073 2185 3129 nostri

530 3166 774 3239 legatos,
809 3166 909 3238 qui
944 3169 1145 3222 nostra
1192 3164 1514 3238 apostolica
1561 3163 1908 3220 auctoritate
1947 3163 2182 3231 muniti,

1884 347 2197 411 NICOLAI
2245 347 2471 409 PAPIE
2514 348 2561 408 Ι.

2194 484 2250 550 Α
2281 481 2474 549 nobis,
2507 484 2565 538 et
2595 481 2877 539 universae
2903 480 3174 539 Ecclesize
3207 489 3419 541 nostrae
3448 482 3809 540 omnimodis
3843 482 3945 540 ha-

3819 351 3944 413 784

2281 571 2454 626 betur
2481 571 2845 628 contrarium
2873 588 2886 627 :
2921 572 3063 645 quia
3093 578 3297 630 contra
3327 591 3526 631 sacros
3556 590 3812 631 canones
3837 592 3893 646 qr
3926 574 3942 629 ἱ

2278 661 2500 733 absque
2518 660 2831 717 verissima
2852 662 3198 734 probatione
3224 663 3519 719 neminem
3535 663 3947 731 damnari,nec

2278 749 2528 806 alterum
2561 751 2726 822 prius
2757 751 2815 806 in
2848 753 2981 824 ejus
3022 751 3149 808 loco
3203 753 3511 827 subrogari
3569 754 3944 826 praecipiunt,

2280 839 2572 911 lgnatium
2606 840 3001 913 patriarcham
3033 842 3412 897 damnarunt.
3438 844 3508 898 Et
3532 843 3771 911 iterum,
3803 859 3945 898 cum

2282 927 2510 984 dicente
2540 929 2789 985 Domino
2815 932 2951 985 :Non
2979 932 3054 987 sit
3080 930 3384 1004 discipulus
3403 949 3572 1004 super
3587 934 3947 1002 magistrum,

2279 1034 2455 1090 neque
2484 1036 2674 1075 servus
2715 1036 2880 1091 super
2908 1019 3193 1076 dominum
3230 1038 3393 1077 suum
3440 1023 3651 1091 (Matth.
3710 1026 3789 1091 x),
3824 1038 3951 1077 me-

2280 1112 2547 1164 moratus
2580 1108 2826 1165 antistes
2839 1110 3106 1182 lgnatius
3137 1127 3170 1165 a
3201 1110 3315 1167 sibi
3346 1111 3715 1183 subjectis,et
3736 1111 3951 1167 minis-

2280 1197 2389 1253 tris
2401 1197 2492 1253 sui
2506 1198 2973 1272 ordinis,proprii
2987 1200 3205 1273 gradus
3217 1200 3501 1256 sustinuit
3514 1201 3649 1273 praj
3658 1200 3948 1256 udicium:

2284 1291 2342 1343 et
2373 1291 2577 1343 contra
2618 1288 2855 1344 doctore
2886 1289 3119 1362 egregio
3161 1289 3340 1345 Paulo
3390 1289 3602 1346 dilecto
3654 1290 3949 1363 discipulo

2285 1394 2391 1432 suo
2421 1376 2727 1433 Timotheo
2757 1377 3148 1450 praecipiente,
3194 1382 3259 1434 ut
3316 1379 3536 1435 nemini
3587 1379 3698 1434 cito
3730 1396 3951 1435 manus

2286 1467 2648 1539 imponeret;
2680 1470 2737 1522 et
2766 1468 2883 1523 Non
2910 1470 3262 1541 neophytum,
3295 1468 3509 1541 inquit,
3533 1477 3594 1524 ut
3644 1471 3703 1524 in
3751 1486 3949 1541 super-

2289 1557 2437 1611 biam
2467 1557 2642 1611 elatus
2672 1558 2733 1611 in
2754 1557 3032 1629 judicium
3074 1557 3285 1614 incidat
3313 1558 3530 1614 diaboli
3557 1558 3610 1631 (Ι
3642 1560 3777 1614 Tim.
3811 1562 3908 1627 III)
3929 1576 3949 1613 :

2290 1644 2559 1700 Photium
2593 1645 2787 1701 subito
2819 1664 2885 1701 ex
2907 1645 3098 1702 laicali
3122 1644 3333 1702 militia
3354 1651 3605 1702 tractum
3626 1646 3949 1703 indiscrete

2290 1734 2559 1791 ordinare
2577 1736 3597 1809 prensumpseruntepiscopum.Quze
3618 1754 3800 1793 causa
3813 1754 3953 1792 con-

2291 1828 2383 1879 tra
2413 1824 2678 1879 ordinem
2714 1823 2975 1879 divinum
3012 1825 3282 1896 nequiter
3341 1829 3489 1893 acta,
3518 1825 3683 1881 valde
3742 1830 3949 1882 nostro

2293 1910 2669 1983 apostolatui,
2703 1916 2759 1966 et
2803 1912 3085 1968 universae
3119 1915 3208 1982 (ut
3255 1912 3477 1969 dictum
3509 1914 3617 1985 est)
3673 1913 3949 1970 Ecclesiae

2288 2005 2500 2055 nostrae
2531 2000 2888 2056 omnimodis
2921 2004 3119 2057 manet
3148 2001 3629 2059 contraria.Unde
3660 2002 3949 2076 generali-

2293 2094 2384 2145 ter
2414 2094 2695 2162 agnoscat
2725 2091 2919 2147 omnis
2972 2091 3231 2146 Ecclesia
3275 2096 3634 2159 sanctorum,
3668 2092 3810 2164 quia
3841 2109 3949 2148 nec

2290 2184 2491 2235 nostra
2524 2179 2631 2234 fuit
2661 2178 3035 2251 conscientia,
3069 2196 3174 2235 nec
3218 2181 3431 2251 jussio,
3495 2198 3599 2237 nec
3647 2182 3944 2250 voluntas,

2290 2286 2469 2341 super
2498 2269 2685 2325 Phetii
2720 2270 3154 2341 subrogationc,
3190 2269 3279 2325 vel
3330 2270 3536 2343 'gnatii
3596 2270 3946 2342 patriarchae

2291 2358 2686 2430 depositione:
2720 2363 2775 2413 et
2811 2375 2987 2430 super
3015 2358 3425 2430 hujuscemodi
3460 2359 3949 2431 praevaricationi-

2291 2448 2403 2503 bns
2433 2447 2700 2503 omnium
2731 2453 3057 2503 vestrorum
3090 2448 3384 2504 sanctitati
3416 2449 3828 2505 satisfaciendo
3858 2466 3952 2505 ve-

2291 2536 2524 2593 rissime
2554 2537 2974 2597 denuntiamus
2999 2556 3011 2606 ;
3037 2536 3177 2610 quia
3207 2542 3339 2611 post
3356 2537 3724 2594 verissimam
3758 2539 3948 2595 nostri

2290 2626 2578 2683 examinis
2609 2626 3112 2696 deliberationem,
3146 2644 3251 2683 nec
3296 2627 3571 2683 Photium
3604 2627 3948 2700 recipimus,

2290 2732 2398 2771 nec
2458 2714 2749 2788 lgnatium
2802 2714 3197 2788 patriarcham
3255 2716 3631 2782 damnamus,
3667 2733 3773 2772 nec
3814 2718 3950 2788 jus-

2292 2804 2505 2872 simus,
2539 2821 2644 2860 nec
2672 2805 3104 2873 consensimus,
3140 2821 3246 2861 nec
3295 2810 3485 2862 ratam
3535 2805 3951 2878 hujuscemodi

2293 2893 2839 2963 ordinationem,vel
2855 2895 3233 2951 indiscretam
3247 2895 3671 2967 depositionem
3702 2912 3945 2953 manere

2286 2982 2648 3055 judicamus,
2674 3001 2863 3056 neque
2896 2985 3126 3039 firmam
3151 2984 3373 3056 absque
3393 2985 3569 3055 justas
3586 2984 3952 3040 definitionis

2292 3072 2601 3129 libramine
2633 3072 2753 3129 ullo
2785 3074 2960 3129 modo
3008 3073 3466 3141 consentiemus,
3500 3090 3605 3130 nec
3651 3074 3949 3147 lgnatium

2295 3160 2564 3218 videlicet
2594 3162 2989 3235 patriarcham
3025 3162 3179 3219 inter
3230 3163 3525 3235 depositas
3579 3168 3947 3236 reputemus,

531 3235 725 3313 errata
754 3235 1130 3328 corrigerent,
1161 3235 1474 3326 depravata
1505 3270 1749 3326 quaeque
1781 3254 1852 3309 ad
1884 3252 2183 3308 rectitudi-
2218 3235 2260 3302 C
2301 3268 2491 3324 neque
2512 3251 2919 3323 reputabimus
2943 3252 3064 3319 ;sed
3098 3269 3204 3308 nec
3235 3252 3509 3308 Photium
3534 3253 3593 3307 in
3626 3235 3947 3326 episcopali

533 3345 628 3402 nis
660 3344 957 3400 tramitem
983 3345 1392 3417 perducerent.
1421 3346 1604 3415 Super
1632 3342 1835 3399 Photio
1866 3359 2101 3414 quoque
2132 3346 2189 3398 et

534 3434 760 3507 Ignatio
790 3432 1122 3506 patriarcha
1170 3433 1249 3487 rei
1292 3437 1468 3505 gestae
1517 3432 1819 3487 veritatem
1880 3431 2188 3503 diligenter

534 3522 919 3595 inquirerent,
969 3526 1290 3592 nostroque
1346 3519 1721 3593 apostolatui,
1756 3520 1870 3576 Deo
1928 3524 2182 3588 auctore,

532 3609 795 3684 legitime
826 3609 1177 3665 diffinienda
1206 3609 1278 3664 ad
1313 3608 1606 3680 liquidum
1628 3609 1898 3665 nuntiare
1930 3609 2188 3664 studuis-

535 3704 686 3766 sent,
722 3703 1015 3771 quatenus
1046 3697 1365 3753 missorum
1392 3702 1726 3753 nostrorum
1761 3698 1924 3753 fleret
1953 3702 2183 3752 tantum

532 3786 864 3861 inquisitio,
896 3791 953 3843 et
980 3804 1116 3842 vera
1165 3784 1539 3850 examinatio,
1572 3786 1741 3842 nobis
1768 3791 1963 3842 tamen
1993 3805 2185 3843 rema-

532 3881 699 3933 neret
729 3880 1024 3932 reservata
1053 3874 1557 3943 diffinitio,utrum
1591 3892 1725 3931 vera
1754 3880 2007 3943 esset,an
2041 3876 2186 3933 falsa

530 3982 708 4039 super
733 3964 941 4039 lgnatii
978 3964 1325 4037 patriarchae
1358 3964 1705 4019 criminibus
1739 3966 2184 4021 accusatio.Sed

529 4053 737 4128 legatis
769 4054 1011 4120 nostris,
1053 4054 1152 4126 qui
1188 4071 1365 4126 super
1394 4054 1501 4108 hoc
1533 4072 1704 4126 opere
1735 4053 1902 4109 missi
1953 4054 2187 4112 fuerant

527 4141 1359 4216 revertentibus,impcrialem
1394 4143 1466 4198 ab
1501 4142 1722 4197 eisdem
1747 4143 2014 4213 partibus
2031 4144 2183 4215 epis-

526 4233 707 4289 tolam
721 4236 923 4289 nostro
938 4231 1291 4305 apostolatui
1307 4230 1609 4303 peripsius
1624 4230 1884 4304 legatum
1902 4232 2184 4289 directam

528 4321 917 4378 nihilominus
949 4321 1297 4394 recepimus.
1360 4322 1424 4376 In
1484 4322 1655 4392 cujus
1708 4320 1855 4376 serie
1894 4325 1949 4376 et
1979 4338 2182 4378 eorum

528 4411 859 4467 actionibus
889 4410 1441 4483 cognovimus,quia
1467 4409 1856 4466 dissensionis
1875 4415 1931 4466 et
1951 4411 2181 4467 inﬁdim

526 4500 681 4556 inter
709 4499 842 4556 illos
865 4500 1373 4555 crebrescentibus
1406 4498 1577 4555 malis
1602 4500 1824 4571 absque
1844 4499 1962 4555 ullo
1987 4506 2184 4558 nostro

2297 3341 2501 3397 ordine
2534 3357 2997 3397 annumeramus
3028 3358 3135 3397 nec
3165 3342 3712 3399 annumerabimus.

2368 3431 2571 3505 Igitur,
2608 3430 2975 3487 dilectissimi
3007 3431 3235 3500 fratres,
3270 3431 3566 3487 sanctitati
3598 3437 3821 3500 vestris,
3843 3433 3948 3507 qui

2297 3520 2611 3576 catholicas
2669 3519 3215 3590 Alexandrinorum,
3289 3520 3807 3593 Antiochenorum,
3857 3523 3947 3579 vel

2295 3609 2827 3683 Hierosolymorum
2863 3610 3203 3681 gubernatis
3244 3609 3555 3679 Ecclesias,
3589 3628 3690 3666 seu
3720 3614 3952 3669 cunctis

2295 3698 2677 3755 orientalibus
2708 3698 3095 3770 metropolitis
3125 3704 3300 3772 atque
3331 3700 3641 3773 episcopis,
3675 3700 3807 3756 luce
3837 3701 3953 3757 cla-

2296 3788 2419 3845 rius
2457 3787 2909 3861 expressiusque
2969 3788 3395 3861 signiﬁcamus,
3454 3790 3731 3862 quoniam
3780 3792 3953 3848 sedes

2296 3878 2615 3951 apostolica
2642 3877 2805 3933 nullo
2852 3882 3022 3949 pacto
3077 3878 3466 3934 venerabilem
3523 3880 3815 3952 lgnatium
3847 3898 3952 3952 pa-

2294 3968 2612 4023 triarcham
2647 3966 2955 4040 dignitatis
2988 3968 3233 4039 propriae
3264 3968 3565 4041 privilegio
3596 3968 3804 4024 nudari
3828 3973 3951 4025 tam

2294 4056 2615 4129 improvide
2648 4056 2903 4127 patitur;
2950 4056 3051 4111 sed
3110 4057 3300 4130 magis
3359 4057 3593 4129 repulso
3640 4075 3675 4112 a
3732 4062 3951 4114 sanctae

2294 4146 2591 4201 catholicae
2624 4150 2679 4200 et
2711 4144 3043 4217 apostolicae
3083 4163 3248 4202 sacro
3282 4146 3549 4203 Ecclesiae
3570 4147 3788 4203 viscere
3819 4165 3951 4220 per-

2292 4253 2495 4291 vasere
2527 4235 2816 4307 conjugis,
2861 4239 2926 4290 ut
2985 4237 3067 4291 ita
3119 4236 3461 4305 dixerimus,
3516 4236 3622 4291 viri
3676 4237 3949 4304 viventis,

2293 4324 2711 4381 scelestissimo
2726 4323 2994 4379 videlicet
3008 4324 3683 4392 Photio,sanctissimum
3697 4327 3949 4399 patriar-

2293 4414 2465 4469 cham
2496 4413 2788 4485 lgnatium
2821 4413 2880 4467 in
2912 4413 3001 4469 sui
3036 4414 3347 4471 sacerdotii
3379 4414 3662 4488 dignitate
3684 4432 3950 4485 manere,

2294 4504 2447 4558 sicut
2477 4503 2616 4559 olim
2651 4503 3007 4566 decreverit;
3043 4504 3257 4559 iterum
3301 4521 3535 4577 quoque
3565 4505 3847 4561 canonico
3880 4523 3948 4561 ac

528 4605 842 4657 consensu,
871 4589 959 4645 vel
991 4594 1194 4646 nostra
1224 4588 1465 4645 omnino
1498 4588 1873 4659 conscientia,
1909 4590 2179 4646 Photium
2211 4612 2257 4677 D
2293 4592 2465 4666 legali
2497 4592 2761 4648 examine
2781 4591 3009 4663 judicat
3040 4601 3093 4649 el
3122 4594 3399 4651 decernit.
3431 4596 3500 4650 Et
3531 4599 3596 4649 ut
3630 4611 3733 4650 vos
3764 4594 3949 4666 hujus

525 4678 840 4734 indiscrete
884 4678 1300 4751 subrogarunt,
1334 4682 1389 4733 et
1439 4677 1732 4749 lgnatium
1783 4679 2178 4751 patriarcham

526 4767 944 4840 deposuerunt.
980 4768 1144 4833 Quod
1168 4767 1371 4840 utique
1389 4766 1942 4823 indiscretissimum
1958 4769 2177 4825 factum

522 5010 800 5098 Baowsn.
837 5012 1037 5098 Annal.
1078 5013 1250 5098 Τνευ.ξ
1276 5010 1529 5098 Ιῇρζνγιιξ,
1563 5028 1620 5065 n.
1650 5013 1781 5098 12/1._
1806 5015 1853 5068 A
1892 5016 2177 5098 cujusju:

523 5084 771 5139 ramenti
805 5084 1033 5139 vinculo
1051 5102 1149 5139 eos
1170 5082 1626 5155 solvitNicolaus
1651 5082 2172 5155 pont.przesentiad

523 5102 771 5139 ramenu
805 5102 1033 5139 v1ncu10
1051 5102 1149 5139 eos
1170 5102 1626 5139 smvnmcmaus
1651 5102 1809 5155 pont.
1859 5102 2172 5144 raesentlad

522 5155 1043 5238 episcop‘os‘Gallim
1065 5157 1285 5210 directa
1302 5102 2046 5238 decreta“,qiuamnBecreto
2068 5176 2175 5238 suo

522 5226 771 5281 inseruit
801 5228 1117 5284 Gratianus
1151 5244 1311 5282 caus.
1350 5227 1435 5291 15,
1470 5232 1657 5296 qumst
1688 5228 1742 5290 6,
1778 5230 1835 5283 C.
1869 5233 1923 5282 2.
1948 5232 2173 5295 Quanto

521 5304 717 5370 autem
752 5315 818 5353 eo
850 5304 1110 5370 tempore
1126 5298 1290 5353 hisin
1314 5296 1578 5369 partibus
1598 5297 1653 5370 in
1674 5304 1835 5370 motu
1856 5300 2074 5358 fuerint
2090 5322 2175 5360 ra-

517 5368 671 5453 pinae
702 5376 759 5425 et
789 5368 1267 5453 depraedationes,
1302 5368 1465 5453 eanec
1498 5369 1666 5453 facile
1698 5369 2172 5453 colligit_ur_quod

517 5441 580 5496 in
612 5446 902 5513 conventu
934 5459 1109 5513 quem
1144 5459 1295 5496 anno
1320 5443 1449 5513 7860
1505 5441 1880 5496 Confluentiie
1915 5441 2173 5503 habuere

519 5529 683 5585 reges
714 5512 963 5569 Carolus,
985 5513 1192 5568 Calvus
1227 5519 1282 5568 et
1314 5512 1642 5585 Ludovicus
1666 5516 2045 5573 Germanicus
2067 5520 2175 5575 fra-

514 5582 1013 5673 tres,_‘eor;umqu‘e
1046 5602 1226 5673 nepos
1261 5582 1589 5673 Lotharius,
1614 5583 1767 5673 inter
1799 5587 2171 5673 reliquath

519 5655 745 5729 sancita
774 5654 1025 5713 fuerint:
1056 5678 1083 5706 «
1101 5654 1409 5729 Volumus,
1436 5660 1499 5729 ut
1520 5654 1778 5729 ecclesia!
1806 5664 1860 5711 et
1878 5654 2025 5715 casae
2046 5662 2169 5729 Dei,

513 5732 585 5811 ut
605 5727 863 5805 episcopi
892 5733 950 5789 et
969 5729 1072 5789 Dei
1102 5726 1395 5798 homines,
1425 5726 1620 5786 clerici
1677 5733 1733 5785 et
1789 5734 2083 5803 monachi,
2118 5726 2173 5795 ct

2289 4684 2445 4739 sedis
2476 4682 2842 4755 privilegium
2879 4681 2987 4738 rite
3020 4689 3337 4751 servantes,
3390 4683 3510 4756 pati
3538 4683 3816 4757 religione
3847 4701 3947 4740 ca-

2286 4772 2483 4828 tholici
2495 4816 2506 4840 ,
2518 4771 2639 4844 pari
2654 4771 2829 4827 etiam
2844 4771 3152 4828 nobiscum
3166 4789 3233 4829 su
3240 4790 3343 4846 per
3352 4772 3700 4829 venerabilis
3731 4773 3946 4847 Ignatii

2286 5014 2636 5081 nonuae,tale
2650 5012 3133 5069 mandiburdium
3147 5018 3204 5070 et
3225 5014 3504 5071 honorem
3519 5014 3945 5071 habeantsicut

2285 5093 2547 5158 tempore
2572 5090 2918 5158 nostrorum;
2941 5091 3380 5142 antecessorum
3414 5086 3936 5158 habuerunt...Sed

2286 5161 2356 5215 de
2389 5156 2516 5213 istis
2550 5157 2768 5230 rapinis
2801 5162 2857 5211 et
2890 5156 3739 5230 depraedationibus,quasjam
3765 5157 3940 5230 quasi

2285 5249 2387 5303 pro
2418 5230 2539 5301 lege
2572 5228 2741 5303 multi
2774 5228 3373 5303 per‘consuetudinem
3394 5228 3687 5303 tenent,ad
3716 5228 3825 5285 hoc
3844 5230 3939 5286 die

2284 5301 2340 5358 et
2372 5304 2643 5373 deinceps
2676 5301 2757 5373 de,
2783 5301 2883 5355 Dei
2931 5302 3123 5356 hanno
3155 5306 3212 5356 et
3255 5307 3452 5357 nostro
3498 5301 3837 5367 bannimus,
3872 5308 3941 5357 ut

2286 5392 2455 5430 nemo
2488 5372 2595 5427 hoc
2609 5372 2863 5443 amplius
2883 5374 3329 5445 prazsumatzsed
3354 5374 3940 5445 unusquisqueinter

2283 5447 2533 5520 patriam
2567 5462 2699 5499 cum
2733 5462 2874 5520 pace
2906 5444 3101 5520 etsine
3133 5445 3511 5520 oppressione
3534 5444 3859 5518 pauperum
3880 5451 3940 5520 et

2284 5516 2879 5574 circummancntium
2929 5516 3237 5582 consistat,
3271 5521 3329 5572 et
3377 5517 3437 5572 in
3496 5516 3747 5583 hostem,
3773 5521 3828 5571 et
3861 5518 3935 5572 ad

2283 5587 2695 5662 placitum,scd
2721 5589 2792 5642 ad
2819 5593 3045 5643 curtem
3058 5589 3296 5644 veniens
3318 5588 3507 5645 desuo
3522 5589 3935 5662 Sicvvarintus,

2284 5659 2337 5715 et
2371 5662 2439 5715 de
2471 5662 2642 5714 domo
2676 5676 2783 5713 sua
2816 5664 3064 5733 moveat,
3092 5666 3157 5715 ut
3186 5677 3322 5716 cum
3355 5677 3494 5733 pace
3518 5659 3797 5733 venire,et
3825 5677 3933 5718 no-

2283 5734 2514 5791 biscum
2539 5735 2713 5800 stare,
2746 5736 2803 5790 ct
2830 5733 2903 5790 ad
2934 5732 3178 5791 domum
3228 5732 3399 5791 suam
3446 5732 3635 5793 redire
3660 5733 3869 5809 possit.
3902 5754 3934 5787 »
