4126 6488
229 453 346 518 785

1443 452 1852 519 EPISTOLE
1892 451 1997 516 ET
2039 454 2425 520 DEGRETA.

3520 453 3641 522 780

226 584 572 665 patriarchae
594 586 901 647 sacerdotii
924 587 1378 662 recuperatione,
1393 592 1453 645 et
1472 586 1658 646 Photii
1685 604 1879 661 perva—
1908 588 1962 656 Α
1992 589 2333 664 parvitatem
2353 588 2770 664 omnipotentis
2787 588 2889 648 Dei
2910 587 3311 651 misericordia
3330 608 3645 653 connume-

225 680 378 737 soris
406 678 748 752 expulsione
777 678 981 735 eadem
1026 679 1314 745 sentiatis,
1339 678 1657 751 apostolica
1687 682 1883 733 aucto-

224 771 395 827 ritate
423 768 588 825 vobis
619 767 989 841 injungimus
1010 772 1186 840 atque
1206 769 1507 840 jubemus.
1526 767 1596 822 Et
1618 770 1681 821 ut
1701 767 1883 838 hujus

220 859 576 933 praesulatus
607 857 791 913 nostri
823 856 1098 931 paginam
1120 858 1179 912 in
1202 858 1431 913 cunctis
1461 855 1759 929 parochiis
1780 872 1880 911 ve-

225 951 366 1008 stris
398 949 471 1005 ad
502 947 770 1004 omnium
804 946 1030 1003 faciatis
1064 946 1332 1002 notitiam
1366 945 1685 1018 pervenire,
1711 949 1885 1016 atque

222 1041 295 1096 de
312 1039 421 1094 hac
443 1038 688 1108 rejuxta
707 1034 1037 1108 apostolica
1073 1035 1230 1092 sedis
1252 1034 1653 1090 definitionem
1676 1033 1883 1105 praedi-

224 1145 359 1185 care
381 1126 595 1183 curetis
619 1124 773 1196 aliis,
798 1124 1065 1196 ipsisque
1085 1123 1360 1180 similiter
1387 1121 1885 1179 incommutabili-

222 1223 315 1275 ter
341 1214 589 1272 teneatis
622 1219 862 1287 paterno
894 1230 1056 1269 more
1087 1212 1478 1285 praecipimus.
1499 1211 1645 1278 Quid
1677 1215 1883 1283 prsete-

226 1323 347 1373 rea,
365 1306 573 1362 fratres
596 1302 953 1369 charissimi,
970 1307 1027 1358 et
1048 1302 1153 1357 filii
1171 1301 1557 1369 dilectissimi,
1572 1300 1761 1357 eidem
1785 1301 1889 1356 im-

230 1394 484 1469 peratori
517 1394 876 1460 Graecorum,
899 1395 956 1448 et
986 1392 1270 1447 universal
1297 1389 1647 1464 generaliter
1675 1393 1887 1445 sanctas

228 1480 893 1554 Constantinopolitanae
936 1480 1207 1536 Ecclesiae
1257 1497 1434 1553 super
1476 1478 1885 1551 hujuscemodi

234 1570 837 1647 praevaricationibus,
860 1572 919 1625 et
937 1570 1008 1625 de
1029 1569 1143 1636 his,
1166 1586 1272 1641 pro
1303 1569 1520 1640 quibus
1550 1584 1738 1639 nuper
1756 1566 1889 1624 illas

226 1665 289 1721 in
320 1665 516 1736 partes
547 1663 780 1716 nostros
801 1675 936 1714 cum
959 1657 1293 1730 apostolicis
1317 1656 1580 1730 epistolis
1606 1657 1890 1712 direxera-

225 1770 363 1810 mus
394 1751 609 1807 missos
630 1748 809 1818 (sicut
851 1747 1130 1804 omnibus
1168 1747 1336 1803 vobis
1365 1746 1748 1803 manifestum
1778 1746 1886 1817 est)

226 1839 640 1914 respondendo
672 1837 855 1893 nostri
888 1836 1253 1909 apostolatus
1298 1836 1606 1892 remandat
1636 1834 1887 1891 auctori-

226 1935 345 1997 tas,
367 1927 634 1985 omnium
665 1930 995 1982 vestrorum
1044 1925 1340 1981 sanctitati
1385 1922 1796 1981 satisfaciendo
1827 1923 1886 1978 in
1917 1957 1965 2022 B

227 2015 729 2091 subsequentibus
753 2014 930 2087 relegi
952 2014 1255 2086 jubemus.
1277 2014 1427 2070 Data
1445 2029 1647 2069 mense
1679 2012 1886 2069 Martio

231 2109 328 2166 die
362 2108 452 2176 l8,
488 2106 694 2162 indict.
726 2122 781 2160 x.

1000 2192 1121 2248 XII.

865 2299 940 2337 AD
981 2298 1259 2338 PHO’I‘IUM.

881 2372 1066 2439 (Anno
1100 2371 1252 2439 862.)

239 2465 420 2522 Diluit
444 2460 1013 2534 argumentadPhotii,
1046 2460 1143 2534 qui
1169 2458 1413 2534 exemplo
1462 2456 1750 2534 Ambrosii,
1784 2458 1891 2534 Ne-_

313 2535 480 2591 ctarii
508 2527 558 2588 et
592 2531 806 2587 Tarasii
844 2546 902 2585 se
936 2527 1131 2586 merito
1173 2545 1242 2584 ea:
1289 2527 1552 2585 laicorum
1602 2529 1778 2591 gradu
1823 2527 1894 2583 ad

313 2605 671 2679 episcopalem
704 2602 1016 2673 dignitatem
1044 2601 1353 2672 pervenisse
1379 2600 1711 2726 (gl/“ﬁrmabat,
1734 2617 1890 2655 eum-

315 2694 418 2726 nue
446 2684 562 2726 tum
591 2672 732 2726 αηοά
763 2673 937 2726 laicus
965 2680 1121 2726 esset.
1145 2680 1261 2726 tum
1282 2688 1384 2726 auo
1448 2671 1694 2726 lanatius
1718 2671 1890 2726 adhuc

315 2671 418 2750 q'ue
446 2671 562 2731 tum
581 2672 732 2750 quod
759 2671 937 2750 laicus
965 2671 1121 2750 esset,
1145 2680 1261 2750 tum
1282 2671 1419 2750 quod
1448 2671 1694 2750 Igpatius
1718 2671 1895 2726 adhuc

312 2742 534 2813 viveret,
565 2742 767 2816 injuste
793 2743 864 2799 ad
892 2760 1017 2799 eum
1056 2742 1344 2812 dignitatis
1381 2742 1614 2814 gradum
1641 2758 1892 2798 conscen-

315 2821 461 2876 disse
488 2819 841 2875 demonstrat.

760 2903 953 2976 [Apud
986 2902 1196 2970 Mansi,
1230 2901 1392 2973 ibid]

316 2998 606 3054 NICOLAUS
644 2993 976 3066 episcopus,
1008 3009 1210 3048 servus
1259 3007 1557 3048 servorum
1604 2991 1724 3060 Dei,
1758 3009 1895 3064 pru-

247 3085 593 3144 dentissimo
621 3082 743 3138 viro
775 3082 1006 3137 PHOTIO.

317 3177 635 3246 Postquam
656 3171 826 3227 beato
844 3170 1010 3224 Petro
1031 3168 1278 3240 principi
1296 3168 1692 3241 apostolorum
1712 3168 1899 3225 Domi-

249 3281 385 3332 nus,
411 3279 475 3318 ac
509 3261 859 3332 Redemptor
887 3261 1085 3313 noster
1110 3257 1283 3313 Jesus
1313 3257 1580 3313 Christus
1622 3274 1691 3313 ex
1730 3262 1894 3312 utero

1992 697 2119 737 rare
2149 681 2427 753 dignatus
2457 685 2547 737 est
2577 698 2590 736 :
2626 698 2730 753 pro
2761 681 2977 753 quibus
3002 685 3233 739 tantum
3264 683 3643 742 consistimus

1992 769 2508 842 pavidi,quantum
2557 770 3001 827 consideramus
3029 772 3091 827 in
3121 776 3336 829 aeterno
3377 774 3644 831 examine

1993 875 2095 931 pro
2127 860 2404 915 omnibus
2434 863 2491 914 et
2511 876 2631 931 prae
2660 861 3072 933 omnibus,qui
3095 861 3311 918 Christi
3332 867 3647 920 censentur

1994 947 2248 1015 nomine,
2300 948 2585 1004 rationem
2631 949 2937 1005 reddituri.
2987 952 3057 1006 Et
3103 951 3243 1022 quia
3291 952 3646 1008 universitas

1994 1036 2355 1092 credentium
2388 1037 2460 1092 ab
2505 1036 2615 1092 hac
2663 1041 2868 1093 sancta
2915 1039 3178 1096 Romana
3206 1040 3482 1109 Ecclesia,
3516 1058 3643 1115 quas

1995 1129 2169 1197 caput
2190 1126 2456 1180 omnium
2481 1129 2570 1181 est
2599 1125 3341 1195 ecclesiarum,doctrinam
3369 1130 3642 1203 exquirit,

1994 1213 2389 1286 integritatem
2422 1214 2555 1269 ﬁdei
2609 1215 2891 1287 deposcit,
2923 1217 3239 1274 criminum
3288 1217 3644 1275 solutionem

1996 1303 2096 1375 qui
2130 1303 2291 1376 digni
2337 1306 2497 1370 sunt,
2530 1306 2588 1358 et
2632 1304 2820 1375 gratia
2869 1306 2970 1360 Dei
3020 1307 3304 1378 redempti
3353 1311 3639 1365 exorant:

1996 1395 2221 1464 oportet
2252 1409 2359 1448 nos
2382 1392 2596 1464 quibus
2627 1393 2941 1450 commissa
2961 1398 3069 1463 est,
3095 1394 3378 1452 sollicitos
3407 1413 3556 1464 esse,
3586 1400 3644 1453 et

1997 1481 2069 1537 ad
2086 1481 2543 1552 speculationem
2562 1482 2846 1538 Dominici
2862 1485 3056 1556 gregis
3075 1487 3308 1541 tantum
3324 1485 3642 1542 ferventius

1996 1569 2290 1636 anhelare,
2332 1573 2621 1641 quantum
2680 1571 2837 1626 hunc
2894 1571 3046 1627 avidi
3074 1572 3230 1643 [edit.
3259 1575 3436 1641 Rom,
3487 1575 3643 1630 avidi

1996 1657 2143 1731 lupi]
2167 1659 2239 1714 ad
2262 1658 2667 1715 dilaniandum
2688 1659 2828 1715 hinc
2848 1660 2984 1716 inde
3009 1663 3229 1733 patenti
3245 1681 3342 1719 ore
3364 1663 3647 1737 [patentia

1998 1749 2120 1819 ora]
2151 1747 2500 1819 exquirunt:
2535 1748 2692 1819 quod
2721 1752 2779 1804 et
2808 1749 3100 1806 audiendo
3130 1753 3559 1824 cognoscimus,
3587 1759 3647 1810 et

1997 1836 2344 1908 experiendo
2376 1837 2845 1908 comprobemus.
2870 1838 2941 1893 Et
2969 1856 3117 1911 quos
3149 1857 3253 1912 per
3287 1843 3646 1914 corporalem

1998 1926 2072 1981 ob
2090 1925 2413 1998 longinqua
2426 1929 2716 1981 terrarum
2739 1927 3059 1997 spatia,aut
3069 1933 3365 1987 tumentes
3387 1932 3647 1990 marinos

1998 2016 2232 2082 ﬂuctus,
2273 2014 2590 2086 nequimus
2644 2013 2882 2072 visitare
2937 2018 3309 2088 praesentiam
3364 2036 3377 2075 :
3435 2022 3644 2079 saltem

1998 2106 2179 2162 series
2211 2104 2442 2178 apicum
2474 2105 2643 2175 quasi
2672 2104 2801 2161 viva
2845 2122 2981 2162 voce
3029 2108 3347 2178 declarent,
3371 2116 3440 2167 ut
3480 2130 3585 2169 nec
3611 2131 3648 2170 a

1998 2194 2167 2250 nobis
2214 2192 2433 2250 silentii
2479 2193 2821 2265 exquiratur
2866 2194 3056 2268 culpa,
3082 2213 3188 2253 nec
3233 2200 3526 2258 audituris
3574 2203 3646 2259 de

1997 2283 2331 2356 ignorantia
2378 2283 2693 2338 excusandi
2741 2283 3037 2340 tribuatur
3083 2287 3335 2345 facultas
3367 2307 3380 2345 :
3414 2290 3556 2363 quia
3590 2297 3648 2351 et

1998 2371 2144 2427 illud
2174 2389 2209 2428 a
2238 2370 2407 2427 nobis
2450 2371 2772 2427 cavendum
2803 2376 2911 2439 est,
2943 2375 3101 2445 quod
3149 2393 3254 2447 per
3297 2379 3646 2451 Prophetam

2001 2460 2250 2517 dicitur:
2287 2462 2464 2516 Canes
2506 2463 2652 2515 muti
2694 2477 2807 2517 non
2850 2463 3086 2519 valentes
3119 2465 3324 2524 latrare
3351 2470 3479 2537 (Isa.
3514 2470 3644 2544 le).

2000 2548 2146 2604 Nam
2177 2551 2233 2604 et
2273 2546 2587 2620 Apostolus
2634 2547 2756 2603 ait:
2792 2549 2942 2605 Iusta
2988 2562 3305 2624 opportune,
3335 2557 3649 2628 importune

2002 2640 2076 2707 (II
2099 2639 2230 2692 Tim.
2255 2639 2357 2704 1v).
2382 2636 2625 2692 Constat
2643 2637 2799 2692 enim
2824 2643 3087 2695 sanctam
3112 2642 3434 2700 Romanam
3459 2646 3650 2704 Eccle-

2002 2726 2151 2781 siam
2183 2741 2286 2798 per
2313 2725 2549 2781 beatum
2582 2725 2819 2780 Petrum
2864 2726 3187 2801 principem
3228 2732 3648 2805 apostolorum,

2003 2816 2105 2887 qui
2137 2813 2438 2870 Dominico
2468 2830 2568 2869 ore
2597 2814 2917 2886 primatum
2947 2817 3325 2876 ecclesiarum
3356 2822 3652 2896 suscipere

2004 2902 2348 2977 promeruit,
2366 2902 2632 2958 omnium
2654 2903 3034 2961 ecclesiarum
3057 2911 3233 2979 caput
3252 2924 3400 2980 esse,
3413 2913 3471 2967 et
3490 2912 3563 2969 ab
3583 2928 3653 2970 ea

2003 2991 2437 3058 rectitudinem,
2461 2994 2636 3063 atque
2657 2993 2921 3048 ordinem
2944 2993 3004 3049 in
3027 2997 3254 3054 cunctis
3274 2999 3649 3071 utilitatibus,

2004 3086 2061 3136 et
2089 3079 2498 3136 ecclesiasticis
2524 3079 3015 3149 institutionibus,
3031 3101 3178 3156 quas
3208 3091 3534 3147 secundum
3555 3107 3650 3148 ca-

2003 3168 2243 3225 nonicas
2260 3172 2318 3224 et
2336 3167 2664 3241 synodicae,
2680 3174 3136 3244 sanctorumque
3150 3175 3387 3232 Patrum
3406 3178 3654 3236 sanctio-

2003 3275 2108 3314 nes
2155 3256 2566 3313 inviolabiliter
2610 3261 2786 3330 atque
2830 3259 3308 3334 irrefragabiliter
3354 3266 3650 3336 retineret,

244 3350 504 3425 Virginis
552 3366 656 3423 pro
706 3352 908 3404 nostra
955 3346 1374 3418 redemptione,
1430 3350 1496 3401 ut
1543 3349 1668 3402 erat
1724 3363 1895 3402 verus
1926 3325 1969 3390 (ἶ
2005 3346 2326 3419 exquirere,
2360 3362 2425 3401 ac
2473 3346 2702 3403 sectari.
2735 3348 2807 3403 Et
2850 3348 2982 3405 ideo
3037 3325 3403 3424 consequens
3445 3359 3535 3411 est
3561 3325 3649 3425 ut,

246 3443 404 3498 Deus
451 3443 584 3495 ante
628 3436 864 3502 saecula,
885 3452 1056 3491 verus
1086 3435 1262 3491 homo
1292 3435 1352 3490 in
1385 3436 1499 3490 fine
1547 3433 1894 3491 saeculorum

249 3544 532 3604 apparere
563 3527 839 3598 dignatus
888 3529 998 3592 est,
1031 3523 1255 3596 ligandi
1306 3528 1479 3596 atque
1526 3522 1784 3581 solvendi
1835 3522 1896 3577 in

249 3618 394 3675 coelo
424 3621 481 3673 et
510 3616 569 3671 in
602 3618 756 3670 terra
785 3616 1134 3686 potestatem
1154 3612 1378 3680 tribuit,
1408 3616 1464 3668 et
1486 3613 1704 3685 januas
1734 3611 1898 3685 regni

250 3706 506 3765 caelestis
539 3704 883 3760 reserandas
913 3702 1226 3769 concessit,
1247 3719 1428 3774 supra
1456 3701 1809 3757 soliditatem
1830 3700 1897 3754 ﬁ-

251 3796 345 3853 dei
375 3811 546 3851 suam
567 3796 830 3849 sanctam
862 3790 1138 3863 dignatus
1165 3794 1253 3846 est
1283 3789 1542 3846 stabilire
1558 3789 1900 3857 Ecclesiam,

250 3884 579 3943 secundum
610 3880 771 3936 illius
814 3878 1127 3934 veridicam
1157 3894 1357 3934 vocem
1397 3877 1644 3933 dicentis
1676 3896 1688 3932 :
1725 3883 1903 3933 Amen

250 3975 371 4032 dico
402 3972 523 4038 tibi,
548 3979 608 4026 tu
636 3986 691 4026 es
717 3974 931 4038 Petrus,
955 3976 1007 4023 et
1029 3984 1192 4038 super
1213 3967 1355 4022 hanc
1377 3974 1594 4038 petram
1621 3967 1904 4037 aediﬁcabo

251 4063 551 4119 Ecclesium
569 4074 749 4116 meam
771 4077 787 4112 :
808 4064 860 4113 et
884 4064 1053 4129 portae
1080 4058 1252 4128 inferi
1277 4072 1389 4111 non
1412 4055 1787 4127 praevalebunt
1814 4055 1906 4111 ad-

251 4166 440 4208 versus
467 4165 624 4215 eam;
653 4156 704 4203 et
733 4147 837 4202 tibi
882 4146 1016 4202 dabo
1075 4146 1248 4200 claves
1308 4146 1465 4213 regni
1523 4145 1780 4200 malorum
1810 4163 1828 4198 :
1858 4151 1911 4199 et

254 4239 614 4316 quodcunque
644 4237 901 4306 ligaveris
937 4251 1103 4306 super
1140 4242 1366 4302 terram,
1389 4236 1497 4289 erit
1520 4234 1752 4303 ligatum
1771 4241 1823 4288 et
1850 4235 1913 4288 in

256 4330 406 4387 catis
418 4346 437 4384 :
452 4336 505 4384 et
519 4325 871 4398 quodcunque
881 4325 1107 4380 solveris
1125 4340 1289 4396 super
1306 4328 1534 4389 terram,
1547 4324 1652 4378 erit
1670 4323 1911 4378 solutum

257 4425 312 4476 et
338 4418 398 4472 in
424 4417 573 4471 caelis
595 4412 800 4484 (Matth.
824 4416 967 4482 XVI).
989 4413 1073 4467 Ad
1098 4428 1275 4484 quam
1298 4410 1759 4484 promissionem
1781 4426 1912 4466 san-

261 4510 365 4563 ctae
397 4502 727 4577 apostolicae
759 4500 1148 4557 institutionis
1177 4504 1459 4556 caemento
1490 4502 1789 4571 coeperunt
1808 4497 1913 4553 hu«

252 4598 359 4669 jus
391 4594 773 4649 fundamenta
802 4606 871 4646 ex
901 4589 1174 4662 pretiosis
1212 4605 1578 4644 succrescere
1616 4587 1911 4659 lapidibus

2002 3436 2158 3508 quod
2190 3437 2262 3490 ab
2294 3435 2471 3505 hujus
2519 3435 2675 3492 sedis
2723 3437 3045 3494 rectoribus
3074 3437 3249 3511 plena
3304 3443 3651 3501 auctoritate

2004 3524 2283 3591 sancitur,
2314 3522 2533 3580 nullius
2571 3525 3020 3582 consuetudinis
3066 3529 3458 3601 praepediente
3484 3548 3649 3589 occa-

2005 3613 2168 3671 sione
2198 3614 2464 3686 proprias
2493 3617 2722 3670 tantum
2754 3617 3050 3688 sequendo
3080 3618 3430 3689 voluntates,
3463 3639 3650 3679 remo-

2006 3706 2228 3770 veatur,
2254 3702 2354 3757 sed
2377 3702 2607 3757 ﬁrmius
2629 3706 2804 3775 atque
2828 3704 3174 3763 inconcusse
3197 3710 3481 3765 teneatur.
3505 3710 3653 3768 Nam

2008 3793 2070 3847 in
2102 3790 2212 3846 hoc
2243 3807 2361 3862 quo
2394 3795 2593 3847 noster
2621 3792 2981 3863 apostolatus
3002 3799 3257 3852 vestram
3283 3799 3657 3870 prudentiam

2011 3880 2394 3947 commonuit,
2427 3880 2567 3952 quia
2608 3897 2678 3936 ex
2712 3881 2906 3937 laicali
2936 3883 3142 3940 ordine
3198 3886 3326 3941 sine
3380 3887 3662 3945 canonica

2012 3968 2432 4041 approbatione
2449 3970 2519 4024 ad
2545 3969 2974 4041 patriarchatus
2992 3972 3275 4045 dignitem
3292 3974 3486 4032 subito
3507 3979 3664 4033 tran-

2014 4058 2291 4113 scendere
2319 4062 2522 4113 contra
2552 4057 2788 4114 Patrum
2819 4060 3320 4133 promulgationes
3350 4080 3466 4119 non
3496 4080 3664 4120 recu-

2016 4145 2214 4213 sastis,
2238 4145 2340 4201 sed
2370 4149 2587 4201 temere
2617 4150 2788 4216 atque
2817 4146 3189 4218 impudenter
3208 4151 3279 4204 ad
3311 4150 3459 4206 tanti
3488 4151 3668 4209 hono-

2016 4235 2097 4289 ris
2120 4232 2351 4289 culmen
2374 4234 2647 4290 accedere
2673 4235 3153 4307 prazsumpsistis,
3177 4241 3544 4295 assumentes
3561 4256 3667 4296 vo-

2017 4323 2109 4377 bis
2141 4322 2310 4394 quasi
2343 4339 2375 4377 a
2406 4321 2779 4388 sanctissimo
2807 4323 2931 4378 viro
2962 4324 3228 4380 Nectario
3277 4327 3665 4400 occasionem,

2018 4427 2193 4483 quem
2224 4414 2426 4466 sancta
2457 4411 2713 4466 secunda
2742 4411 3002 4484 synodus
3032 4429 3148 4468 non
3176 4414 3249 4468 ob
3282 4414 3439 4470 aliud
3473 4416 3546 4471 ad
3580 4433 3669 4474 sa-

2019 4499 2368 4555 cerdotalem
2390 4498 2621 4571 eligere,
2646 4504 2823 4571 atque
2856 4501 3126 4557 ordinare
3146 4517 3215 4557 ex
3245 4501 3436 4559 laicali
3468 4504 3671 4563 ordine

2018 4587 2202 4645 voluit
2223 4588 2591 4659 dignitatem,
2606 4587 2720 4644 nisi
2744 4588 2882 4659 quia
2902 4605 3130 4662 magnae
3153 4591 3519 4649 necessitatis
3538 4609 3672 4651 con-

263 4688 340 4751 et,
362 4685 655 4738 annuente
675 4679 874 4735 divina
897 4678 1224 4748 clementia,
1246 4694 1348 4749 per
1376 4676 1637 4732 studium
1660 4680 1910 4730 structo-
1944 4692 1988 4758 D
2019 4677 2253 4732 tritione
2276 4676 2641 4741 anxiabatur,
2665 4692 2731 4732 eo
2765 4678 2922 4748 quod
2952 4677 3011 4733 in
3043 4682 3247 4735 sancta
3268 4679 3674 4740 Constantino-

264 4788 418 4839 rum,
433 4774 490 4826 et
510 4768 838 4842 apostolicae
862 4766 1224 4824 auctoritatis
1252 4765 1703 4821 sollicitudinem
1726 4781 1913 4836 usque

265 4862 340 4918 ad
398 4859 628 4915 culmen
691 4855 1084 4914 insolubiliter
1158 4855 1438 4927 perducta
1502 4853 1917 4926 perpetualiter

266 4966 547 5008 mansura
588 4948 714 5004 sine
745 4946 999 5002 sinistrae
1051 4961 1203 5000 aurae
1255 4943 1514 5014 impulsu
1547 4942 1866 4999 consistere
1900 4958 1912 4996 :

266 5039 439 5111 cujus
470 5036 789 5108 primatum
812 5033 988 5103 (sicut
1008 5031 1283 5089 omnibus
1305 5029 1638 5086 orthodoxis
1670 5029 1916 5085 manife-

268 5132 428 5184 stum
460 5129 551 5181 est
580 5123 740 5192 viris,
774 5127 833 5178 et
870 5126 935 5178 ut
964 5122 1023 5176 in
1056 5119 1461 5193 superioribus
1500 5117 1918 5191 praemodicum

270 5214 632 5273 declaratum
651 5212 758 5285 est)
770 5213 977 5267 beatus
988 5212 1194 5266 Petrus
1211 5209 1482 5282 princeps
1499 5206 1919 5280 apostolorum,

2024 4764 2284 4837 politana
2293 4764 2570 4831 Ecclesia,
2586 4764 2784 4821 nullus
2801 4766 3144 4823 clericorum
3162 4767 3408 4824 inveniri
3426 4773 3670 4842 poterat,

2023 4854 2125 4926 qui
2157 4853 2424 4925 pessimae
2472 4853 2726 4910 haereses
2756 4854 3029 4911 nimbosa
3076 4855 3326 4929 caligine
3359 4874 3469 4912 non
3500 4857 3678 4914 fuerit

2022 4941 2342 5014 impeditus
2368 4958 2381 4996 :
2405 4946 2462 4998 et
2488 4943 2562 4997 ob
2593 4942 2702 4999 hoc
2733 4961 2805 4999 ne
2828 4944 2931 4999 diu
2954 4946 3080 5016 jam
3107 4945 3263 5000 dicta
3286 4945 3545 5001 Ecclesia
3564 4947 3675 5004 sub

2025 5030 2403 5087 destitutione
2432 5031 2685 5103 pastoris
2712 5033 2876 5104 quasi
2909 5033 3149 5088 viduata
3173 5036 3454 5098 maneret,
3476 5033 3680 5106 praedi-

2026 5123 2186 5175 ctum
2245 5120 2579 5175 Nectarium
2638 5125 3092 5193 expugnatorem
3150 5120 3576 5189 haereticorum,
3622 5125 3682 5179 et

2029 5208 2417 5275 defensorem,
2450 5212 2625 5280 atque
2673 5210 3119 5281 gubernatorem
3168 5207 3547 5265 ecclesiarum
3607 5210 3683 5267 ad

271 5309 329 5362 et
350 5303 577 5376 janitor
616 5300 779 5374 regni
836 5300 1087 5356 cmlestis
1146 5299 1354 5354 merito
1413 5297 1755 5370 promeruit.
1788 5297 1926 5352 Post
2031 5296 2487 5353 ecclesiasticam
2519 5313 2720 5353 curam
2764 5301 2821 5352 et
2871 5297 3216 5368 dignitatem
3264 5298 3683 5355 sacerdotalem

273 5409 449 5466 quem
471 5395 529 5446 et
556 5390 735 5462 hujus
757 5387 955 5443 vicarii
987 5387 1382 5444 sincerissime
1403 5387 1520 5441 Deo
1549 5384 1921 5453 famulantes,

272 5485 540 5539 carentes
560 5478 908 5535 nebularum
953 5475 1364 5544 densitatibus,
1389 5492 1517 5546 quas
1545 5477 1702 5529 recto
1735 5473 1805 5529 ab
1837 5472 1927 5527 iti-

275 5587 412 5627 nere
443 5568 727 5641 impedire
776 5564 1054 5634 assolent,
1078 5564 1315 5637 dignius
1347 5566 1750 5636 perceperunt,
1782 5564 1838 5617 et
1864 5561 1926 5615 in

276 5676 419 5716 cura
449 5656 752 5731 regiminis
773 5671 951 5728 quam
974 5670 1078 5725 pro
1101 5652 1410 5708 dominicis
1432 5652 1638 5709 ovibus
1661 5667 1923 5723 suscepe-

276 5753 427 5818 rant,
449 5747 695 5805 sollicite
724 5745 1185 5818 permanserunt.
1212 5742 1366 5798 Inter
1396 5760 1542 5814 quos
1578 5746 1634 5798 et
1666 5745 1927 5797 nostram

2024 5385 2155 5456 jam
2183 5385 2339 5441 dicta
2369 5386 2627 5441 secunda
2655 5386 2913 5457 synodus
2944 5385 3147 5457 elegit;
3172 5385 3273 5441 sed
3323 5389 3389 5441 ut
3435 5386 3545 5442 hoc
3575 5386 3684 5443 ite-

2033 5491 2166 5529 rum
2199 5475 2361 5530 fieret
2390 5491 2503 5529 non
2530 5474 2915 5541 confirmavit,
2942 5490 3131 5545 neque
3153 5475 3363 5544 sanxit,
3390 5479 3493 5531 aut
3521 5473 3687 5531 insti-

2034 5563 2168 5618 tuit.
2195 5565 2263 5617 Et
2289 5563 2418 5619 ideo
2449 5563 2584 5618 licet
2632 5567 2833 5618 contra
2864 5563 3124 5631 Patrum,
3148 5567 3325 5635 atque
3374 5564 3686 5620 canonicas

2035 5650 2460 5719 institutiones,
2495 5652 2648 5723 quod
2708 5668 2810 5723 per
2858 5651 3227 5708 necessitatis
3273 5652 3398 5709 fieri
3448 5656 3689 5710 eventus

2039 5740 2473 5810 comprobatur,
2499 5757 2614 5796 non
2638 5740 2695 5795 in
2728 5740 3072 5797 auctoritate
3090 5741 3411 5798 tenendum
3436 5745 3555 5811 est;
3586 5742 3690 5801 sed
