4126 6460
496 455 614 524 787

1868 449 2176 515 NICOLAI
2221 448 2446 510 ΡΛΡΑΞ
2487 447 2534 509 Ι.

3798 437 3929 499 788

496 612 571 652 ne
598 595 813 652 iterum
843 592 981 651 talis
1011 592 1307 668 preveniat
1336 587 1674 657 necessitas,
1707 586 1894 661 magis
1927 585 2147 659 magis-
2177 585 2231 652 Α
2261 598 2443 650 scere,
2465 580 2701 636 tandem
2749 582 3059 654 superatus
3092 579 3164 636 ad
3199 577 3617 636 sacerdotalem
3649 576 3722 633 ab
3753 574 3927 632 omni

497 701 611 758 que
631 685 956 741 cavendum
981 702 993 740 :
1019 684 1159 757 quia
1187 699 1358 740 omne
1378 681 1533 754 quod
1556 680 1628 736 ab
1649 677 1782 734 aliis
1805 675 2149 749 reprehendi

495 773 728 846 poterit,
745 773 1184 830 convenientius
1211 789 1277 826 ac
1307 769 1610 826 decentius
1629 768 1861 823 videtur
1883 766 2150 831 existere,

495 862 547 919 si
578 867 894 935 antequam
919 863 1100 918 fomes
1124 859 1595 933 reprehensionis
1617 859 1930 922 accrescat,
1955 870 2152 909 emen-

496 951 750 1008 dationis
771 969 912 1007 cura
935 952 1208 1007 succedat
1239 949 1404 1022 [pro,,
1429 947 1716 1014 succidat,
1744 947 1864 1017 [1.].

568 1041 649 1096 De
680 1039 900 1096 Tarasii
926 1038 1217 1111 siquidem
1258 1034 1761 1110 promotione,qui
1797 1032 2068 1088 similiter
2089 1049 2156 1087 ex

498 1129 691 1184 laicali
722 1135 871 1184 coetu
902 1129 972 1183 ad
997 1127 1429 1200 patriarchatus
1451 1124 1739 1196 extemplo
1763 1121 1995 1178 culmen
2030 1137 2159 1194 pro-

503 1222 697 1274 motus
719 1223 828 1284 est,
847 1235 1027 1290 quam
1048 1222 1104 1273 et
1120 1234 1222 1273 vos
1247 1216 1418 1289 quasi
1440 1217 1497 1270 in
1530 1213 1930 1270 auctoritatem
1954 1215 2156 1267 vestrae

503 1307 860 1363 defensionis
892 1323 1196 1363 assumere
1224 1305 1491 1374 vultis,si
1527 1306 1957 1372 sanctam,quze
2003 1299 2158 1371 apud

500 1413 604 1452 vos
625 1401 886 1469 tempore
906 1395 1264 1453 sanctissimi
1286 1394 1391 1448 viri
1411 1391 1629 1449 domini
1650 1391 1896 1462 [domui]
1926 1388 2157 1445 Adriani

504 1501 668 1558 papae
706 1485 998 1541 celebrata
1047 1490 1156 1551 est,
1188 1485 1478 1557 synodum
1523 1480 1866 1554 diligentius
1915 1478 2159 1535 scrutati

502 1575 752 1642 fueritis,
769 1579 946 1647 atque
969 1575 1251 1630 attentius
1275 1571 1662 1639 intenderitis,
1685 1569 1991 1625 invenietis
2017 1567 2159 1639 quid

502 1662 564 1720 in
595 1680 660 1719 ea
686 1664 842 1720 idem
865 1662 1280 1719 sanctissimus
1298 1662 1386 1716 vir
1409 1659 1714 1716 consultus
1737 1657 2081 1722 decreverit;
2107 1659 2164 1711 et

512 1753 692 1825 quod,
717 1753 858 1808 dum
880 1753 1006 1823 ejus
1030 1750 1485 1808 consecrationis
1506 1749 1954 1822 reprehenderet
1974 1751 2161 1811 actus,

515 1845 582 1896 et
605 1858 914 1898 maerorem
936 1857 998 1896 se
1020 1857 1123 1912 pro
1141 1845 1262 1895 tam
1287 1839 1696 1912 prmsumptiva
1725 1836 1971 1892 factione
1993 1834 2165 1889 nimi-

513 1947 646 1986 rum
679 1929 977 2002 [nimium]
1011 1929 1302 1984 sustinere
1345 1927 1733 2000 proﬁteretur.
1769 1916 1920 1981 Dicit
1957 1924 2112 1979 enim
2150 1940 2162 1976 :

511 2020 672 2086 Quod
700 2019 813 2074 nisi
836 2018 894 2073 in
919 2017 1214 2090 erigendis
1242 2015 1600 2088 imaginibus
1625 2015 1941 2070 ferventius
1963 2017 2164 2068 contra

510 2109 746 2166 illarum
778 2107 1158 2179 depositores,
1192 2109 1366 2178 atque
1411 2104 1865 2182 conculcatores,
1899 2107 1964 2158 ut
1992 2118 2164 2157 verus

513 2198 683 2254 miles
713 2195 929 2252 Christi
970 2195 1290 2263 resisteres,
1317 2211 1685 2266 nequaquam
1719 2196 1922 2249 vestrae
1964 2208 2164 2248 conse-

513 2285 757 2344 crationi
787 2301 1099 2342 assensum
1149 2285 1561 2356 praeberemus,
1595 2287 1695 2338 aut
1741 2283 1801 2337 in
1833 2281 2034 2338 ordine
2064 2298 2165 2353 pa-

512 2376 868 2433 triarchatus
885 2378 1138 2430 vestram
1156 2373 1528 2428 dilectionem
1549 2372 1984 2444 susciperemus
2005 2388 2016 2424 :
2039 2388 2167 2442 quae

513 2470 745 2525 tantum
796 2463 1128 2520 declaratur
1176 2461 1503 2517 inordinate
1549 2464 1835 2534 promota,
1879 2464 2166 2532 quantum

516 2554 934 2627 comprobatur
978 2555 1184 2606 contra
1231 2551 1549 2623 apostolica
1579 2552 1808 2605 decreta
1855 2549 2172 2604 enormiter

518 2646 899 2717 praesumpta.
922 2640 1338 2695 Beatissimum
1361 2655 1594 2710 quoque
1609 2639 1983 2694 Ambrosium
2009 2638 2092 2710 [de
2111 2639 2166 2693 S.

519 2732 716 2791 Ambr.
755 2731 912 2788 Paul.
946 2731 1005 2784 in
1047 2730 1163 2801 ejus
1194 2729 1357 2798 Vita],
1381 2726 1770 2783 clarissimam
1817 2731 1873 2782 et
1912 2726 2171 2799 splendi-

521 2821 829 2878 dissimum
859 2817 1157 2875 lucernam
1189 2816 1479 2883 Ecclesiae,
1506 2815 1605 2888 qui
1637 2833 1705 2872 ex
1730 2816 2169 2882 catechumeno,

523 2910 718 2968 divino
748 2907 1030 2982 praesagio
1060 2907 1131 2962 ad
1155 2906 1546 2978 episcopalem
1573 2923 1676 2978 per
1705 2906 2012 2961 continuos
2042 2922 2171 2978 gra-

524 3001 638 3056 dus
669 3001 973 3071 promotus
1003 2999 1091 3052 est
1125 2994 1492 3068 dignitatem,
1515 3013 1619 3050 cur
1650 2995 1818 3050 nobis
1850 3012 1954 3066 pro
1985 2998 2173 3050 vestro

525 3087 817 3145 tutamine
847 3085 1158 3159 opponitis,
1183 3088 1241 3140 et
1269 3085 1342 3139 ad
1369 3089 1621 3140 vestram
1653 3083 1914 3140 illicitam
1948 3101 2176 3156 promo-

525 3177 746 3234 tionem
777 3175 1114 3232 antefertis?
1135 3175 1233 3246 qui
1264 3191 1376 3228 non
1408 3172 1691 3228 instinctu
1724 3173 2052 3241 hominum,
2073 3173 2174 3228 sed

525 3266 723 3322 divina
750 3264 1070 3330 vocatione,
1095 3281 1199 3335 per
1229 3262 1645 3318 miraculorum
1667 3263 1935 3336 prodigia
1957 3261 2176 3317 electus

525 3354 640 3411 est!
672 3354 820 3409 Nam
853 3370 986 3408 cum
1023 3351 1085 3407 in
1128 3351 1384 3407 infantiae
1416 3351 1584 3406 cunis
1616 3351 1726 3406 sub
1757 3350 2002 3406 nutricis
2033 3367 2175 3405 cura

523 3442 822 3500 dormiens
867 3440 1111 3498 sollicite
1146 3444 1489 3507 verteretur,
1514 3444 1713 3512 aperto
1753 3457 1884 3496 ecce
1915 3457 2011 3496 ore
2041 3456 2174 3495 exa-

525 3549 659 3589 men
691 3549 868 3604 apum
911 3529 1104 3587 subito
1135 3528 1340 3596 adfuit,
1365 3529 1521 3600 quod
1571 3529 1775 3584 faciem
1811 3531 1957 3600 ejus,
1989 3533 2046 3584 et
2075 3547 2176 3584 ora

526 3620 858 3692 complevit,
901 3619 983 3673 ita
1029 3621 1092 3672 ut
1141 3617 1505 3688 ingrediendi
1555 3617 1964 3690 [ingrediendi,
1999 3624 2177 3690 atque

524 3707 882 3782 egrediendi]
922 3706 1076 3760 vices
1123 3707 1581 3778 frequentarent.
1618 3709 1777 3772 Quod
1829 3712 1995 3780 pater
2042 3725 2175 3763 cum

527 3802 734 3864 matre,
755 3796 844 3852 vel
876 3795 996 3850 ﬁlia
1025 3794 1432 3862 deambulans,
1457 3812 1529 3851 ne
1562 3795 1936 3868 abigerentur
1967 3798 2036 3852 ab
2069 3815 2176 3852 an-

527 3884 823 3956 cilla,qute
846 3900 1047 3939 curam
1071 3883 1364 3939 nutriendi
1389 3883 1630 3939 infantis
1653 3890 2011 3957 susceperat,
2045 3903 2178 3958 pro-

443 3968 450 3975 ’
528 3974 787 4031 bibebat.
813 3971 1070 4028 Sollicita
1117 3971 1274 4027 enim
1313 3977 1457 4040 erat,
1489 3989 1561 4028 ne
1608 3972 1818 4028 infanti
1867 3979 2174 4042 nocerent;

528 4063 944 4135 exspectabant
991 4065 1188 4116 tamen
1238 4061 1424 4132 patrio
1456 4061 1664 4116 affectu
1706 4079 1821 4133 quo
1872 4064 1987 4118 ﬁne
2036 4063 2179 4119 illud

529 4151 880 4209 miraculum
911 4150 1298 4206 clauderetur.
1325 4152 1398 4204 At
1428 4149 1540 4204 illa
1564 4155 1698 4222 post
1718 4151 2058 4224 aliquandiu
2089 4171 2182 4210 v0-

527 4241 764 4300 litantes
789 4241 848 4295 in
873 4243 1094 4294 tantam
1115 4237 1265 4294 aeris
1287 4238 1658 4294 altitudinem
1683 4239 1990 4296 sublevatae
2019 4247 2179 4308 sunt,

528 4335 594 4386 ut
629 4328 908 4386 humanis
956 4327 1142 4384 oculis
1194 4328 1437 4383 minime
1481 4328 1846 4397 viderentur;
1883 4348 1996 4402 quo
2031 4332 2180 4388 facto

526 4419 766 4475 territus
796 4421 960 4490 pater
989 4418 1106 4473 ait:
1132 4417 1190 4473 Si
1214 4416 1418 4472 vixerit
1449 4417 1776 4474 infantulus
1803 4419 1931 4488 iste,
1957 4419 2179 4492 aliquid

529 4508 727 4580 magni
759 4505 890 4561 erit.

599 4596 735 4650 Post
770 4595 890 4649 haec
919 4610 1052 4648 vero
1100 4593 1336 4649 adultus
1366 4611 1512 4666 puer
1555 4595 1897 4651 liberalibus
1955 4598 2180 4653 artibus

528 4683 796 4740 imbutus
827 4681 1216 4738 Mediolanum
1250 4683 1518 4754 perrexit,
1543 4684 1641 4738 ubi
1674 4685 1997 4742 Auxentius
2022 4687 2177 4741 Aria-
2209 4710 2258 4767 υ

527 4788 738 4829 norum
768 4770 1077 4844 episcopus
1104 4771 1440 4826 cathedram
1469 4790 1584 4827 non
1617 4775 1930 4846 regendam
1962 4777 2062 4830 sed
2097 4777 2180 4830 di-

526 4861 866 4917 laniandum
891 4860 1125 4915 tenebat
1148 4860 1557 4932 episcopalem.
1583 4864 1704 4928 Quo
1726 4863 2020 4928 defuncto,
2036 4866 2176 4920 dum

528 4951 599 5006 ad
630 4949 970 5006 electionem
1011 4947 1269 5021 episcopi
1314 4949 1613 5022 popularis
1646 4951 1806 5006 ﬁeret
1832 4952 1888 5006 in
1923 4953 2180 5010 Ecclesia

527 5039 916 5112 conglobatio,
931 5055 1061 5093 ecce
1082 5037 1322 5109 quidam
1355 5038 1549 5094 infans
1571 5039 1951 5106 acclamabat,
1979 5043 2179 5100 dicens

525 5127 899 5185 Ambrosium
930 5128 1270 5200 episcopum
1305 5143 1318 5182 :
1352 5128 1421 5182 ad
1456 5145 1634 5200 quam
1668 5147 1866 5184 vocem
1899 5135 1954 5185 et
1985 5133 2179 5188 omnis

526 5216 628 5273 illa
648 5216 948 5273 conventio
973 5215 1243 5272 similiter
1271 5216 1633 5272 acclamabat
1656 5218 2028 5274 Ambrosium
2055 5221 2181 5293 epi-

527 5305 967 5378 scopum.Quod
998 5322 1112 5361 non
1145 5304 1422 5360 humanis
1459 5305 1514 5359 id
1548 5306 1670 5360 ﬁeri
1702 5308 2059 5363 credendum
2093 5316 2180 5366 est

525 5394 950 5458 voluntatibus,
969 5394 1068 5449 sed
1094 5394 1327 5459 divinis,
1353 5395 1424 5449 ad
1455 5393 1830 5450 salvationem
1855 5401 1912 5451 et
1931 5399 2178 5469 ereptio-

527 5501 658 5539 nem
684 5483 943 5538 ﬁdelium
965 5483 1036 5537 de
1067 5483 1378 5538 adversarii
1410 5482 1594 5537 nostri
1619 5483 2023 5556 faucibus,qui
2055 5491 2178 5543 tan-

525 5588 701 5643 quam
732 5571 822 5626 leo
849 5570 1108 5642 rugiens,
1135 5572 1341 5641 quaerit
1367 5587 1540 5641 quem
1577 5571 1809 5625 devoret
1831 5572 1900 5642 (ll
1930 5577 2071 5628 Petr.
2097 5579 2174 5643 v),

525 5658 1027 5730 inspirationibus.
1049 5657 1156 5724 Qui
1182 5658 1322 5713 dum
1352 5675 1412 5714 se
1441 5657 1642 5713 multis
1674 5677 1738 5715 ac
1765 5660 1938 5716 variis
1970 5661 2178 5720 voluis-

524 5753 612 5804 set
643 5748 933 5805 occultare
962 5747 1348 5819 argumentis,
1383 5752 1438 5802 et
1469 5765 1502 5802 a
1534 5752 1695 5805 tanto
1728 5749 1945 5805 honore
1976 5751 2174 5809 delite-

2261 671 2474 744 populo
2495 675 2552 725 et
2572 670 2724 726 clero
2752 671 3031 726 divinitus
3049 675 3136 726 est
3158 670 3503 742 dignitatem
3531 668 3775 731 electus,
3804 671 3866 721 et
3896 683 3933 720 a

2261 759 2682 815 catechumeno
2705 777 2807 831 per
2824 759 3088 832 singulos
3107 760 3324 831 gradus
3341 757 3770 813 ecclesiasticos
3795 771 3937 827 pro-

2262 848 2530 903 ﬁciscens
2563 847 2782 921 [melius
2804 848 3138 920 proﬁciens,
3170 849 3496 919 H.],octavo
3529 847 3620 901 die
3653 845 3726 900 ab
3758 845 3931 900 omni

2263 937 2706 1003 catholicorum,
2731 939 2929 993 divina
2959 942 3253 993 annuente
3275 936 3602 1004 clementia,
3628 951 3932 990 consensu

2265 1031 2352 1081 est
2369 1033 2742 1083 consecratus
2760 1027 3088 1100 episcopus.
3103 1027 3377 1082 Attendat
3400 1026 3577 1099 igitur
3597 1023 3935 1097 prudentiae

2263 1121 2467 1172 vestrae
2517 1117 2769 1185 dilectio,
2795 1122 2851 1172 et
2904 1117 3108 1172 intimo
3141 1117 3332 1172 cordis
3383 1115 3699 1188 prospiciat
3728 1113 3932 1180 oculo,

2267 1205 2314 1260 si
2336 1205 2623 1260 debentur
2643 1223 2729 1272 ea,
2747 1223 2872 1278 quae
2897 1224 3000 1278 per
3017 1206 3434 1261 miraculorum
3461 1205 3628 1276 signa
3648 1203 3934 1258 fidelibus

2266 1295 2635 1365 proveniunt,
2661 1295 2753 1350 his
2793 1295 3028 1366 aquari,
3055 1313 3180 1366 quae
3213 1295 3445 1367 proprio
3482 1298 3710 1349 tantum
3747 1291 3932 1346 libitu

2268 1383 2338 1438 ad
2364 1383 2665 1455 dignitatis
2695 1383 2940 1456 gloriam
2966 1385 3399 1457 percipiendam
3432 1388 3836 1456 peraguntur:
3874 1385 3939 1435 et

2269 1470 2354 1526 sic
2387 1473 2456 1526 ad
2480 1473 2841 1528 auctoritatis
2864 1477 3066 1528 vestrae
3087 1473 3519 1528 excusationem
3543 1472 3818 1544 praefatos
3841 1488 3937 1526 as-

2270 1561 2486 1616 sumite
2507 1562 2681 1617 viros.
2707 1563 2850 1618 Ecce
2880 1566 3117 1635 propter
3147 1562 3552 1618 necessitatem
3578 1567 3634 1617 et
3663 1561 3934 1634 in0piam

2271 1648 2616 1705 clericorum
2646 1651 2979 1720 Ncctarius;
3005 1668 3134 1707 ecce
3156 1657 3392 1725 propter
3411 1650 3812 1707 ecclesiastica
3833 1652 3938 1706 do-

2272 1742 2490 1810 gmata,
2512 1744 2568 1794 et
2589 1740 2988 1796 haereticorum
3013 1742 3632 1814 expugnationem,qui
3654 1758 3940 1796 veneran-

2274 1827 2378 1881 das
2412 1828 2699 1899 deponere
2742 1829 3031 1901 imagines
3069 1836 3588 1902 praesumpserunt,
3611 1830 3932 1897 Tarasius;

2275 1933 2405 1971 ecce
2427 1933 2530 1988 per
2550 1918 2968 1973 miraculorum
2993 1921 3165 1991 signa
3185 1920 3526 1976 Ambrosius
3546 1922 3617 1976 ad
3640 1923 3936 1994 regendas

2275 2005 2561 2061 Ecclesiae
2594 2009 2841 2079 promoti
2865 2013 3022 2064 sunt.
3047 2010 3126 2064 De
3146 2009 3310 2064 vobis
3333 2015 3548 2076 autem,
3566 2010 3784 2082 quibus
3807 2028 3938 2084 per-

2274 2093 2473 2165 plures
2505 2096 2882 2152 auctoritates
2908 2096 3310 2163 conciliorum,
3332 2104 3504 2171 atque
3529 2101 3760 2156 decreta
3793 2118 3936 2155 san-

2274 2181 2673 2239 ctissimorum
2729 2187 3074 2257 pontificum
3111 2188 3415 2256 resistunt,
3450 2188 3592 2260 quid
3650 2188 3810 2244 aliud
3844 2193 3940 2244 est

2277 2272 2670 2342 sentiendum,
2687 2274 2798 2329 nisi
2823 2275 3183 2347 inopinatam
3207 2294 3240 2332 a
3260 2278 3423 2334 vobis
3444 2280 3932 2334 consuetudinem

2278 2361 2596 2418 adolevisse
2618 2366 3014 2420 credendum?
3039 2367 3104 2421 Et
3121 2368 3444 2422 secundum
3471 2373 3810 2423 sanctorum
3835 2369 3938 2423 Pa-

2277 2455 2435 2506 trum
2471 2453 2818 2509 sententiam
2866 2471 2978 2510 non
3020 2455 3209 2511 solum
3239 2457 3378 2528 quia
3409 2474 3478 2512 ex
3507 2456 3696 2513 laicali
3728 2458 3936 2514 ordine

2279 2546 2483 2596 contra
2503 2543 2811 2599 canonicas
2834 2545 3209 2601 auctoritates
3231 2546 3302 2600 ad
3328 2547 3639 2619 regendam
3653 2551 3937 2603 Constan-

2278 2629 2725 2702 tinopolitanam
2760 2633 3072 2688 Ecclesiam
3123 2635 3316 2690 subito
3365 2635 3794 2704 transvolastis,
3831 2637 3935 2692 sed

2280 2718 2456 2774 etiam
2489 2720 2628 2792 quia
2683 2721 2909 2778 vivente
2955 2723 3098 2789 viro,
3133 2729 3190 2779 et
3245 2724 3524 2780 incolumi
3583 2725 3938 2797 persistente

2283 2807 2569 2879 (videlicet
2601 2809 3042 2884 religiosissimo
3082 2814 3307 2886 Ignatio
3352 2815 3704 2887 patriarcha)
3736 2815 3940 2871 cathe-

2284 2897 2446 2953 dram
2499 2897 2658 2954 illius
2695 2900 2937 2973 (scilicet
2983 2902 3691 2976 Constantinopolitanam
3740 2904 3938 2960 Eccle-

2284 2986 2454 3058 siam)
2477 2993 2543 3042 ut
2567 2990 2829 3046 mcechus
2859 2991 3258 3063 subripuistis,
3275 2997 3332 3047 et
3352 2992 3622 3049 invadere
3646 3011 3941 3065 praesum-

2284 3076 2518 3146 psistis:
2545 3083 2960 3150 postponentes
2979 3079 3145 3148 illud,
3167 3083 3320 3153 quod
3340 3083 3625 3154 scriptum
3643 3087 3730 3139 est
3750 3100 3761 3136 :
3786 3085 3940 3151 Quod

2286 3167 2389 3221 tibi
2417 3185 2528 3221 non
2555 3170 2639 3222 vis
2681 3169 2824 3238 ﬁeri,
2849 3171 2955 3224 alii
2987 3188 3055 3225 ne
3091 3171 3289 3243 feceris
3323 3172 3531 3239 (Matth.
3555 3177 3656 3241 vn)
3681 3189 3693 3226 :
3718 3178 3776 3227 et
3807 3173 3939 3228 ideo

2283 3260 2489 3310 vestrae
2521 3258 2944 3313 consecrationi
2976 3260 3266 3330 aequitatis
3308 3260 3621 3316 libramina
3650 3267 3935 3329 tenentes,

2205 3333 2245 3398 C
2286 3360 2593 3401 assensum
2627 3346 2880 3418 praebere
2912 3348 3072 3419 (quia
3099 3349 3414 3406 enormiter
3460 3355 3516 3406 et
3563 3354 3765 3406 contra
3793 3369 3937 3406 san-

2284 3439 2513 3490 ctorum
2546 3436 2776 3491 Pstrum
2827 3437 3225 3494 institutiones
3254 3442 3487 3511 peracta
3534 3441 3640 3510 est)
3689 3440 3936 3496 minime

2285 3525 2717 3596 praesumimus.
2751 3527 2912 3592 Quod
2943 3543 3076 3582 vero
3129 3527 3324 3584 dicitis
3372 3546 3558 3600 neque
3589 3529 3938 3586 Sardicense

2285 3614 2623 3681 concilium,
2650 3632 2838 3686 neque
2877 3616 3191 3671 decretalia
3218 3635 3319 3672 vos
3350 3618 3563 3673 habere
3593 3623 3934 3674 sanctorum

2287 3704 2754 3776 pontiﬁcum,vel
2803 3705 3075 3776 recipere,
3110 3723 3223 3761 non
3258 3707 3424 3762 facile
3472 3707 3638 3762 nobis
3689 3707 3940 3764 facultas

2288 3793 2560 3848 credendi
2594 3793 2874 3848 tribuitur
2906 3811 2917 3848 :
2955 3795 3208 3851 maxime
3251 3812 3384 3850 cum
3428 3796 3768 3852 Sardicense
3801 3815 3938 3853 con-

2288 3881 2508 3946 cilium,
2530 3883 2682 3953 quod
2714 3899 2891 3954 penes
2925 3901 3023 3938 vos
3059 3885 3114 3938 in
3139 3884 3343 3941 vestris
3375 3886 3712 3957 regionibus
3743 3890 3939 3941 actum

2287 3974 2469 4037 est,et
2497 3971 2690 4026 omnis
2730 3971 2986 4028 Ecclesia
3017 3973 3374 4045 recipit,qua
3404 3975 3627 4030 ratione
3658 3991 3939 4030 convene-

2277 4063 2399 4126 rat,
2419 4064 2483 4114 ut
2503 4060 2612 4115 hoc
2634 4067 2837 4116 sancta
2858 4062 3502 4135 Constantinopolitana
3522 4064 3780 4120 Ecclesia
3800 4065 3941 4135 abji-

2289 4152 2466 4214 ceret,
2489 4154 2564 4214 et,
2590 4153 2654 4203 ut
2684 4150 2929 4222 dignum
2960 4156 3068 4220 est,
3103 4169 3218 4207 non
3251 4152 3567 4208 retineret?

2361 4237 2679 4293 Decretalia
2709 4243 2926 4307 autem,
2961 4257 3088 4310 quae
3121 4259 3154 4294 a
3180 4241 3396 4296 sanctis
3428 4243 3804 4314 pontiﬁcibus
3834 4245 3946 4316 pri-

2291 4343 2398 4380 mae
2431 4326 2587 4381 sedis
2631 4328 2901 4384 Romanae
2953 4329 3219 4385 Ecclesia:
3262 4336 3401 4386 sunt
3448 4331 3741 4399 instituta,
3773 4335 3944 4404 cujus

2290 4417 2654 4482 auctoritate,
2672 4422 2846 4489 atque
2871 4419 3170 4475 sanctione
3191 4437 3396 4476 omnes
3421 4421 3718 4492 synodi,et
3741 4429 3945 4478 sancta

2289 4504 2536 4561 concilia
2558 4505 2995 4573 roborentur,et
3027 4507 3401 4564 stabilitatem
3437 4516 3824 4576 sumunt,cur
3842 4529 3942 4567 vos

2291 4612 2405 4649 non
2438 4595 2653 4650 habere
2682 4594 2768 4650 vel
2815 4596 3120 4651 observare
3164 4597 3398 4652 dicitis?
3426 4597 3538 4654 nisi
3574 4599 3712 4670 quia
3741 4605 3939 4655 vestrae

2291 4683 2639 4738 ordinutioni
2664 4684 3091 4753 contradicunt,
3119 4689 3173 4739 et
3206 4703 3273 4741 ex
3304 4685 3450 4741 laico
3481 4688 3674 4743 subito
3707 4690 3777 4743 ad
3813 4689 3940 4744 cul-

2291 4789 2422 4827 men
2439 4773 2868 4843 patriarchatus
2882 4773 3241 4830 transvolare
3254 4776 3571 4831 resistunt?
3583 4794 3785 4832 contra
3797 4778 3939 4834 illud

2289 4861 2676 4933 apostolicum
2703 4880 2715 4917 :
2740 4863 2959 4918 Nemini
2990 4867 3095 4919 cito
3123 4881 3352 4920 manum
3383 4867 3704 4937 imposueris
3737 4868 3782 4939 (I
3807 4870 3937 4923 Tim.

2287 4950 2364 5018 v).
2389 4951 2549 5013 Quod
2584 4951 2630 5006 si
2673 4969 2740 5005 ea
2782 4969 2898 5007 non
2947 4952 3200 5024 habetis,
3226 4955 3296 5008 de
3330 4953 3598 5027 neglectu
3648 4960 3823 5028 atque
3853 4957 3938 5011 in-

2291 5038 2454 5093 curia
2483 5040 2624 5095 estis
2657 5041 2936 5112 arguendi
2959 5059 2972 5109 ;
2998 5041 3044 5096 si
3079 5041 3328 5112 habetis,
3350 5049 3408 5098 et
3457 5058 3571 5099 non
3605 5045 3940 5112 observatis,

2290 5129 2361 5183 de
2397 5130 2721 5185 temeritate
2753 5131 2893 5186 estis
2926 5131 3278 5203 corripiendi
3309 5137 3366 5188 et
3397 5133 3758 5206 increpandi.
3785 5136 3943 5199 Quod

2289 5216 2568 5273 violenter
2588 5235 2689 5273 vos
2716 5220 2786 5273 ad
2826 5219 3244 5276 sacerdotalem
3277 5221 3626 5294 dignitatem
3651 5230 3946 5294 promotos

2289 5308 2633 5362 asseveratis
2653 5312 2825 5379 atque
2845 5310 3479 5381 protestamini,vestrae
3494 5314 3945 5370 consecrationis

2290 5400 2549 5468 tempore
2582 5414 2698 5452 non
2741 5399 2823 5452 ita
2853 5415 2979 5453 esse
3011 5399 3361 5455 declaratur.
3399 5401 3504 5466 Qui
3540 5406 3849 5473 postquam
3887 5406 3942 5460 in

2289 5485 2717 5556 patriarchatus
2750 5487 2960 5543 throno
2995 5488 3242 5543 stabiliti
3267 5489 3428 5556 estis,
3454 5506 3568 5545 non
3597 5495 3662 5544 ut
3692 5498 3856 5562 pater
3884 5494 3938 5547 in

2290 5573 2424 5629 ﬁliis
2457 5575 2729 5640 blandus,
2756 5577 2854 5631 sed
2883 5582 2946 5631 ut
2978 5577 3266 5632 immitem
3291 5578 3349 5632 in
3375 5579 3738 5650 depositione
3763 5582 3940 5638 archi-

2288 5663 2693 5735 episcoporum
2736 5670 2792 5720 et
2822 5666 3230 5738 episcoporum
3280 5683 3383 5738 per
3426 5668 3790 5725 severitatem
3842 5688 3938 5727 vos

2287 5753 2755 5822 demonstrastis,
2782 5759 2837 5811 et
2869 5755 2926 5811 in
2952 5756 3328 5813 damnatione
3358 5756 3687 5814 innocentis
3712 5760 3935 5832 lgnatii,
