4126 6460
541 400 666 464 ’199

1275 528 1473 588 XVIII.

930 639 1004 679 AD
1044 638 1306 679 CAROLUM
1344 637 1566 677 CALVUM
1605 634 1816 675 REGEM.

1199 711 1385 780 (Anno
1416 709 1562 782 862.)

551 826 616 883 Ut
644 824 751 880 duo
781 822 846 879 de
872 823 991 894 ejus
1019 836 1185 894 regno
1214 816 1568 894 episcopiod
1613 815 1887 889 synodum
1934 814 2083 870 Metis
2119 830 2206 870 co-

1024 890 1257 964 gendum
1284 891 1721 962 proﬁciscantur.

1067 980 1256 1053 [Apud
1292 978 1500 1045 Mansi,
1537 978 1694 1046 ibid]

620 1093 905 1149 NICOLAUS
936 1087 1267 1160 episcopus,
1285 1102 1489 1141 servus
1517 1100 1818 1141 servorum
1850 1082 2209 1149 Dei,CAa0Lo

550 1182 805 1257 glorioso
836 1178 957 1251 regi
988 1184 1113 1249 [pro
1144 1176 1412 1249 synodo].

622 1271 799 1327 Sedes
828 1268 951 1323 haec
982 1269 1187 1322 sancta
1210 1270 1385 1337 atque
1418 1264 1729 1336 praecipua,
1774 1262 1867 1318 cui
1926 1259 2211 1316 Dominici

548 1360 742 1434 gregis
764 1363 852 1415 est
873 1356 1206 1413 sollicitudo
1228 1371 1486 1425 curaque
1505 1352 1909 1420 commissa,in
1932 1350 2210 1406 omnibus

550 1450 753 1507 mundi
776 1446 1042 1521 partibus
1061 1442 1429 1500 rectitudinis
1450 1460 1567 1497 suae
1585 1440 1968 1513 dispositione
1989 1437 2211 1495 salubri

550 1544 761 1597 cuncta
792 1535 1060 1592 ordinare
1092 1533 1483 1605 perﬁcereque
1523 1530 1719 1586 divino
1763 1530 1908 1584 freta
1938 1531 2214 1601 procurat

550 1628 788 1692 auxilio,
819 1631 875 1681 et
906 1624 1063 1696 quod
1114 1621 1399 1695 singulari
1434 1637 1535 1692 pro
1560 1619 1904 1675 auctoritate
1936 1618 2213 1690 perﬁcere

548 1718 722 1784 valet,
756 1713 1077 1770 multorum
1111 1728 1261 1783 saepe
1293 1710 1665 1765 sacerdotum
1689 1706 1947 1763 decernit
1969 1706 2213 1762 deﬁnire

552 1806 932 1871 consensu,et
953 1799 1196 1873 justitiae
1231 1816 1478 1855 censura
1508 1814 1577 1854 ea
1605 1796 1827 1854 scilicet
1847 1795 2215 1851 emendanda

551 1895 896 1959 deliberare,
931 1909 1057 1964 quae
1086 1906 1392 1962 perperam
1425 1892 1599 1959 atque
1649 1886 1970 1942 enormiter
1999 1884 2216 1941 fuerint
2242 1908 2291 1974 B

552 1982 765 2042 alicubi
799 1980 1136 2038 commissa.
1168 1978 1331 2035 Unde
1360 1981 1562 2033 vestrae
1594 1975 1775 2050 regali
1799 1980 2031 2047 Deoque
2054 1990 2214 2029 ama-

550 2074 652 2131 bili
684 2070 1035 2129 excellentiae
1062 2072 1268 2124 notum
1300 2082 1428 2123 esse
1460 2065 1753 2132 volumus,
1778 2065 1920 2136 quia
1949 2064 2023 2119 ad
2055 2064 2213 2118 futu-

551 2180 677 2221 ram
727 2160 1042 2234 synodum,
1075 2175 1202 2230 quae
1253 2155 1424 2212 Metis
1476 2154 1710 2211 civitate
1764 2151 2024 2209 Lotharii
2055 2151 2213 2225 regis

548 2250 777 2325 nepotis
817 2247 994 2305 vestri
1041 2264 1144 2319 pro
1193 2246 1267 2319 (a)
1314 2246 1645 2317 Teutberga
1690 2260 1887 2299 sorore
1934 2235 2213 2298 Hucberti

547 2339 762 2408 clerici,
798 2343 856 2395 et
885 2336 1202 2395 Waldrada
1235 2335 1646 2407 congreganda
1691 2336 1799 2401 est,
1833 2333 1982 2388 duos
2021 2332 2092 2387 de
2122 2346 2209 2386 re-

546 2448 662 2505 gno
691 2433 884 2485 vestro
916 2426 1241 2497 episcopos,
1277 2440 1426 2495 quos
1459 2423 1777 2495 prudentes
1828 2427 2004 2493 atque
2055 2437 2211 2476 vera-

547 2536 643 2577 ces
690 2536 792 2575 vos
839 2532 968 2573 esse
1016 2512 1367 2585 cognoscitis
1410 2512 1720 2567 convenire
1761 2511 2065 2581 jubemus,
2109 2508 2207 2580 qui

548 2626 669 2665 uua
698 2623 832 2663 cum
864 2608 1081 2661 sancta:
1131 2602 1288 2657 sedis
1340 2604 1551 2658 nostrae
1600 2599 1832 2672 legatis,
1885 2615 2033 2670 quos
2068 2596 2207 2652 illuc

549 2696 796 2753 Domino
846 2691 1163 2749 auxiliante
1213 2707 1371 2753 nunc
1418 2688 1807 2756 destinamus,
1853 2692 1911 2743 et
1954 2686 2207 2743 aliorum

545 2783 971 2844 venerabilium
1002 2781 1406 2853 episcoporam
1457 2782 1629 2845 coetu,
1663 2777 1764 2849 qui
1816 2776 1888 2833 ad
1940 2777 2206 2832 eamdem

547 2874 839 2949 synodum
870 2869 1250 2929 conveniendi
1284 2871 1443 2934 sunt,
1480 2865 1682 2922 subtili
1712 2869 1925 2921 cuncta
1964 2864 2203 2937 indaga-

547 2965 1007 3033 tione,rectaque
1036 2959 1202 3015 valde
1226 2956 1965 3030 inquisitione,secundum
1995 2954 2203 3020 Deum,

548 3058 608 3109 et
635 3049 996 3108 venerabiles
1024 3051 1360 3105 sanctorum
1386 3047 1623 3102 Patrum
1650 3044 2209 3109 institutiones,exa-

550 3142 777 3199 minare
805 3156 869 3195 ac
900 3137 1141 3195 definire
1171 3137 1485 3192 decertent.
1508 3134 1655 3190 Nam
1686 3139 1744 3189 et
1774 3134 2063 3189 Ludovico
2085 3130 2206 3205 glo-

549 3231 704 3288 rioso
736 3228 880 3303 regi,
912 3227 1075 3283 fratri
1125 3229 1336 3294 vestro,
1367 3223 1546 3281 simili
1595 3223 1766 3278 modo
1818 3221 2043 3277 litteras
2075 3238 2206 3277 nos-

548 3325 672 3378 tras
700 3319 1042 3386 direximus,
1077 3317 1226 3372 duos
1256 3314 1420 3388 regni
1443 3314 1535 3370 sui
1567 3313 1873 3387 episcopos
1911 3313 1983 3368 ad
2016 3312 2206 3384 ipsam

550 3410 840 3483 synodum
871 3409 1275 3472 convocantes,
1308 3408 1598 3477 quatenus
1641 3402 1701 3457 in
1750 3402 2046 3469 omnibus,
2081 3418 2208 3474 qua:

550 3498 632 3555 ibi
676 3496 991 3554 statuenda
1036 3500 1197 3563 sunt,
1230 3494 1519 3551 rectitudo
1548 3491 1760 3565 vigeat,
1804 3491 2039 3563 justitia
2078 3491 2208 3563 pol-

549 3588 690 3654 leat,
721 3591 779 3643 et
805 3584 1061 3641 falsitate
1092 3585 1292 3655 fugata
1321 3582 1532 3638 veritas
1564 3580 1869 3653 splendeat
1902 3596 1915 3634 :
1953 3584 2017 3635 ut
2042 3596 2211 3635 vene-

552 3675 723 3732 rabili
750 3674 1121 3731 sacerdotum
1154 3673 1257 3728 Dei
1308 3670 1627 3727 certamine
1689 3668 1905 3725 Christi
1951 3668 2210 3725 Ecclesia

552 3765 625 3820 ab
672 3762 949 3819 omnibus
996 3762 1348 3817 inconcussa
1391 3759 1676 3815 consistat
1726 3757 2006 3814 adversis.
2053 3759 2209 3825 Quos

553 3868 695 3909 sane
746 3851 805 3906 in
856 3850 1140 3907 veniendo
1170 3850 1496 3922 episcopos,
1531 3854 1588 3904 et
1619 3848 1690 3904 ad
1715 3849 1841 3919 jam
1868 3847 2084 3901 dictam
2116 3864 2209 3919 sy-

554 3941 775 3997 nodum
799 3939 1070 4013 jussione
1118 3942 1319 3994 nostra
1365 3938 1624 3994 volentes
1665 3953 1992 4004 occurrere,
2021 3941 2212 3993 vestra

554 4047 670 4087 non
700 4029 953 4085 retardet
982 4028 1291 4095 nobilitas;
1326 4028 1427 4083 sed
1452 4044 1555 4099 pro
1583 4026 1683 4082 Dei
1706 4043 1905 4083 amore
1933 4025 2094 4098 ipsos
2116 4026 2211 4081 ab-

554 4136 699 4193 sque
726 4117 1008 4191 temporis
1038 4116 1415 4189 protelatione
1459 4117 1531 4171 ad
1582 4115 1886 4187 praefatam
1919 4115 2209 4187 synodum

551 4208 761 4266 sinatis
787 4224 1112 4264 occurrere.
1148 4207 1295 4263 Data
1324 4205 1760 4262 non.Kalendas
1793 4204 2211 4273 Decembri,in-

553 4297 811 4355 dictione
832 4314 909 4353 χι.

1315 4384 1450 4440 ΧΙΧ.

883 4493 958 4532 ΑΙ)
998 4492 1334 4531 LUDOVICUM
1373 4492 1415 4529 ΙΙ
1456 4490 1885 4530 IMPERATOREM.

554 4583 904 4641 Commendat
935 4584 1134 4655 legatos
1161 4599 1265 4653 pro
1292 4598 1461 4637 causa
1490 4582 1741 4636 Lotharii
1780 4582 1974 4653 fratris
2003 4581 2122 4652 ejus
2151 4583 2211 4637 in

1110 4656 1402 4710 Franciam
1430 4655 1644 4708 missos.

1073 4744 1261 4815 [Apud
1295 4741 1504 4810 Mansi,
1539 4742 1698 4812 ibid.]

626 4852 916 4907 NICOLAUS
946 4849 1279 4923 episcopus,
1314 4866 1516 4905 servus
1547 4864 1849 4903 servorum
1883 4847 2214 4915 Dei,Luoo-

555 4956 682 4996 VICO
711 4939 1049 5012 imperatori
1079 4939 1209 5011 [pro
1239 4937 1569 5011 synodoce].

626 5032 901 5101 Augustae
935 5027 1270 5084 serenitatis
1284 5026 1678 5100 magnitudini
1695 5025 2215 5097 vestrae,imperiali

557 5117 801 5190 fulgenti
833 5118 1059 5186 decore,
1085 5117 1178 5172 his
1213 5115 1575 5189 apostolatus
1606 5116 1787 5171 nostri
1815 5114 2025 5170 litteris
2055 5113 2219 5169 inno-

556 5206 1008 5279 teseimus,quia
1035 5206 1242 5261 multis
1259 5210 1316 5261 et
1332 5204 1692 5278 quotidianis
1719 5203 2099 5261 ecclesiarum
2114 5204 2215 5259 Dei

558 5294 1054 5353 sollicitudinibus
1074 5300 1132 5351 et
1163 5295 1757 5366 utilitatibus,quibus
1781 5310 1887 5349 nos
1910 5292 2220 5365 vigilanter

558 5385 830 5441 insistere
861 5384 1376 5458 decet,praapediti,
1407 5385 1620 5440 missos
1651 5387 1883 5439 nostros
1919 5399 2020 5453 pro
2045 5383 2216 5453 perﬁ-

559 5474 767 5530 cienda
798 5474 1041 5546 synodo,
1076 5490 1257 5545 quam
1307 5489 1409 5546 pro
1458 5490 1637 5529 causa
1684 5470 1942 5527 Lotharii
1976 5469 2216 5543 gloriosi

560 5562 942 5635 regis,fratris
961 5563 1366 5629 vestri,nostra
1389 5560 1709 5633 apostolica
1728 5559 1849 5615 fieri
1874 5560 2216 5614 auctoritate

1913 392 2229 456 NICOLAI
2274 390 2507 455 PAPJE
2547 391 2596 454 Ι.

3863 386 4000 454 800

2231 528 2286 597 Α
2318 525 2705 597 decrevimus,
2731 528 2847 583 tam
2878 522 3163 595 celeriter,
3197 527 3263 582 ut
3304 522 3458 582 inter
3505 541 3612 582 nos
3660 527 4001 595 statutum,

2237 3280 2280 3347 C

2316 622 2428 686 est,
2462 618 2521 673 in
2555 616 2861 673 Franciam
2891 616 3187 673 destinare
3217 615 3555 688 nequimus.
3587 616 3657 671 Et
3694 615 4003 689 quoniam

2315 705 2720 763 ecclesiasticae
2755 705 3124 762 rectitudinis
3155 709 3211 761 et
3231 704 3504 761 utilitatis
3542 703 3686 775 zelo,
3721 722 3847 778 quo
3884 722 4006 761 nos

2316 813 2549 869 semper
2598 799 2816 852 fervere
2863 800 3109 868 oportet,
3143 794 3395 863 accensi,
3427 794 3651 867 legatos
3683 813 3873 862 nunc,
3912 795 4001 851 si-

2318 890 2417 942 cut
2447 885 2727 952 diximus,
2763 891 2994 941 nostros
3045 886 3193 941 duos
3239 884 3601 940 venerabiles
3653 885 4012 960 episcopos,

2318 975 2729 1032 Rhadoaldum
2778 974 3044 1030 videlicet
3075 977 3289 1029 sanctae
3317 974 3655 1030 Portuensis
3685 973 4007 1041 Ecclesiae,

2318 1069 2376 1121 et
2420 1066 2707 1122 Joannem
2761 1068 2975 1120 sanctae
3027 1062 3345 1119 Ficolensis
3397 1063 3570 1134 [edit.,
3620 1064 3800 1133 Rom.,
3835 1064 4008 1119 Fun-

2320 1155 2537 1221 densis]
2572 1153 2837 1210 Ecclesia:
2869 1152 3183 1218 antistites,
3218 1151 3527 1208 deliciosos
3559 1157 3818 1220 nostros,
3846 1151 4006 1208 illuc

2319 1261 2423 1315 pro
2452 1243 2717 1314 ejusdem
2751 1241 2832 1297 rei
2863 1259 3043 1314 qnam
3076 1241 3239 1297 scitis
3272 1243 3503 1315 negotio
3553 1241 3839 1298 canonice
3890 1242 4003 1296 de-

2320 1332 2575 1387 ﬁniendo
2609 1332 2949 1387 direximus.
2975 1334 3131 1398 Quos
3161 1330 3473 1387 clementia
3502 1336 3693 1386 vestra
3725 1330 4001 1402 benigne

2321 1421 2622 1494 suscipiat,
2656 1422 2857 1494 eisque
2887 1420 3117 1476 ﬁdelem
3168 1424 3344 1493 atque
3376 1420 3724 1492 prudentem
3754 1419 4000 1475 tribuat

2319 1511 2640 1578 hominem,
2676 1510 2776 1583 qui
2807 1528 2906 1566 eos
2938 1527 3125 1583 usque
3176 1510 3247 1565 ad
3298 1509 3512 1576 locum,
3549 1526 3662 1582 quo
3695 1526 3730 1564 a
3758 1508 3997 1564 talibus

2321 1600 2719 1673 suscipiantur
2746 1600 3108 1662 hominibus.
3142 1616 3390 1673 quorum
3426 1598 3708 1655 comitatu
3739 1600 3815 1654 ad
3851 1616 4004 1671 pra:-

2322 1690 2544 1746 dictum
2591 1707 2785 1763 regem
2841 1689 3185 1745 Lotharium
3235 1690 3474 1745 fratrem
3522 1692 3783 1744 vestrum
3821 1688 4007 1746 illaesi

2321 1779 2552 1836 valeant
2608 1779 2927 1851 pervenire,
2991 1795 3230 1835 securos
3287 1782 3344 1833 et
3399 1778 3649 1850 quietos,
3701 1776 4002 1849 omnique

2323 1868 2609 1926 suavitate
2661 1869 2911 1924 deducat
2968 1868 3145 1935 [edit.,
3214 1869 3369 1929 Rom.
3439 1867 3613 1924 addit.
3674 1871 4005 1940 cognoscat

2325 1963 2604 2031 praeterea
2660 1956 2970 2014 clementia
3022 1956 3261 2031 vestra].
3322 1957 3468 2021 Quia
3524 1973 3629 2030 pro
3682 1957 4001 2012 communi

2324 2046 2592 2103 Ecclesia:
2634 2063 2777 2121 pace
2828 2050 3002 2119 atque
3051 2063 3364 2116 consensu,
3392 2046 3541 2102 duos
3570 2044 3882 2119 episcopos
3922 2045 3999 2101 de

2323 2154 2501 2210 regno
2532 2136 2721 2193 Caroli
2766 2137 2940 2208 regis,
2992 2136 3185 2208 patrui
3233 2135 3430 2201 vestri,
3465 2136 3535 2191 ad
3578 2135 3770 2208 ipsam
3803 2151 3996 2208 syno-

2322 2225 2486 2294 dum,
2519 2242 2643 2298 quae
2675 2224 2921 2281 Domino
2946 2222 3266 2280 auxiliante
3297 2224 3356 2279 in
3384 2223 3554 2281 Metis
3582 2223 3818 2279 civitate
3849 2240 3993 2280 eon-

2319 2316 2620 2388 greganda
2649 2315 2924 2383 est,sedis
2954 2313 3282 2387 apostolica:
3299 2313 3484 2370 missa
3503 2313 3805 2370 vocatione
3850 2330 3992 2369 con-

2317 2403 2515 2459 venire
2543 2403 2928 2475 praecepimus
2976 2420 2989 2458 :
3043 2403 3143 2475 qui
3175 2420 3293 2458 una
3331 2419 3466 2459 cum
3514 2401 3837 2459 missorum
3871 2419 3990 2457 no-

2318 2499 2574 2549 strorum
2632 2494 2962 2565 praesentia,
3023 2496 3080 2549 et
3135 2492 3387 2548 aliorum
3445 2492 3815 2548 sacerdotum
3874 2491 3977 2546 Dei

2316 2586 2625 2651 conventu,
2679 2584 2834 2655 quod
2883 2582 3125 2637 definire
3172 2586 3421 2655 oportet,
3459 2583 3623 2653 juste
3670 2581 3983 2637 canonice-

2316 2689 2429 2744 que
2460 2672 2795 2727 decernant.
2829 2671 2974 2728 Data
3002 2689 3057 2727 1v
3088 2671 3378 2727 Kalendas
3419 2670 3784 2736 Decembres,
3817 2669 3978 2725 indi-

2315 2761 2505 2817 ctione
2535 2779 2611 2816 x1.

2577 2939 2649 2978 AD
2688 2938 2993 2978 EPISCOPOS
3033 2938 3251 2978 GALLUE
3287 2939 3354 2977 ΕΤ
3392 2936 3716 2978 GERMANLE.

2960 3012 3145 3083 (Anno
3175 3013 3326 3079 862.)

2318 3102 2381 3159 Ut
2409 3101 2478 3156 ad
2506 3100 2774 3173 synodum
2815 3104 3113 3156 Mctensem
3141 3117 3267 3173 cum
3296 3100 3485 3172 legatis
3534 3099 3813 3165 accedant,
3850 3098 3978 3154 ubi-

2383 3189 2486 3245 que
2517 3172 2703 3228 audito
2736 3172 3131 3245 Lothario,ejus
3160 3172 3386 3228 divortii
3409 3189 3635 3228 causam
3653 3179 3983 3243 cognoscant

2388 3244 2441 3301 et
2464 3246 2724 3301 canonice
2752 3244 3035 3315 deﬁniant.

2842 3334 3029 3406 [Apud
3061 3332 3272 3399 Mansi,
3306 3332 3467 3399 ibid.]

2389 3423 2667 3479 NICOLAUS
2697 3422 3027 3495 episcopus,
3062 3439 3265 3478 servus
3296 3438 3596 3478 servorum
3625 3421 3749 3492 Dei,
3781 3420 3978 3477 omni-

2317 3512 2430 3568 bus
2461 3512 2918 3584 archiepiscopis
2947 3529 3051 3585 per
3080 3511 3328 3569 Galliam
3362 3516 3419 3567 et
3438 3511 3812 3568 Germaniam
3844 3527 3981 3567 con-

2317 3600 2542 3657 stitutis
2570 3603 2695 3674 [-pro
2728 3602 2989 3674 synodo].

2389 3691 2756 3763 Ineognitum
2789 3691 2955 3747 vobis
2976 3707 3104 3747 esse
3126 3707 3240 3746 non
3272 3687 3852 3761 eredimus,qualiter
3871 3706 3977 3762 pro

2318 3780 2553 3835 duadus
2584 3778 2818 3835 feminis
2849 3779 3109 3835 Lotharii
3142 3779 3316 3853 regis,
3350 3778 3620 3835 Ecclesiae
3652 3778 3752 3834 Dei
3795 3778 3979 3834 iacies

2317 3867 2507 3925 illiciti
2537 3869 2814 3924 connubii
2864 3886 3022 3925 naavo
3068 3886 3309 3941 aspersa
3336 3869 3433 3939 sit,
3461 3868 3549 3924 vel
3580 3867 3831 3941 qualiter
3860 3884 3979 3924 una

2318 3957 2557 4031 repulsa
2584 3957 2739 4014 idem
2773 3975 2873 4013 rex
2898 3958 3140 4014 alteram
3174 3959 3286 4014 sibi
3317 3957 3768 4014 sceleratissime
3806 3973 3980 4029 copu-

2320 4048 2544 4103 laverit.
2577 4047 2835 4110 Quarum
2868 4047 3027 4119 prior
3055 4047 3427 4121 Theutberga
3456 4046 3713 4114 nomine,
3750 4063 3853 4119 pro
3884 4046 3978 4102 sui

2320 4136 2564 4209 repudio
2617 4137 2827 4192 acriter
2867 4137 3094 4202 dolens,
3147 4153 3248 4208 per
3293 4136 3573 4192 emissam
3623 4134 3975 4208 legationem

2321 4242 2499 4298 super
2528 4225 2639 4280 hoc
2670 4226 2902 4297 negotio
2933 4226 3091 4282 sedis
3122 4230 3333 4282 nostra:
3364 4224 3637 4298 expetivit
3658 4224 3973 4297 judicium.

2320 4314 2401 4369 Ex
2431 4330 2549 4386 qua
2568 4331 2630 4369 re
2662 4314 2841 4369 unius
2872 4314 3057 4386 partis
3075 4330 3314 4369 causam
3342 4314 3469 4370 sine
3491 4313 3671 4369 altera
3685 4312 3973 4383 judicare,

2321 4403 2671 4458 canonicum
2704 4403 2825 4459 fore
2856 4402 3079 4458 minine
3127 4403 3426 4459 duximus.
3461 4401 3790 4458 Statuimus
3840 4418 3975 4474 ergo

2321 4493 2747 4549 fraternitatem
2779 4498 3031 4549 vestram
3066 4493 3233 4550 Metis
3265 4492 3823 4564 collectam,pariter
3841 4508 3974 4547 eum

2321 4582 2531 4655 legatis
2561 4582 2780 4639 nostris
2811 4584 3076 4655 ejusdem
3112 4582 3363 4638 Lotharii
3415 4599 3654 4638 causam
3692 4580 3891 4637 audire
3920 4586 3976 4637 et

2242 4658 2289 4721 D
2321 4672 2599 4729 canonice
2627 4673 2925 4729 communi
2968 4673 3258 4729 sententia
3288 4672 3551 4729 definire.
3586 4672 3787 4743 Itaque
3810 4671 3976 4742 juxta

2322 4765 2613 4818 statutum
2646 4766 3076 4830 nostrum,cum
3108 4762 3258 4819 duos
3288 4761 3433 4817 alias
3465 4761 3523 4817 in
3554 4765 3750 4833 partes
3774 4760 3974 4815 fratres

2324 4855 2556 4906 nostros
2588 4851 3021 4907 destinaremus
3043 4851 3589 4924 episcopos,aeeidit
3610 4848 3682 4904 ad
3715 4854 3973 4904 nostram

2325 4938 2595 4994 notitiam
2656 4940 2977 5013 pervenire,
3025 4941 3179 5012 quod
3230 4940 3560 5005 Lotharius,
3614 4937 3873 5010 legitima
3921 4942 3975 4993 et

2324 5027 2517 5099 prima
2544 5028 2781 5101 repulsa
2814 5027 3077 5096 muliere,
3112 5030 3432 5085 secundam
3465 5027 3576 5083 sibi
3608 5026 3813 5083 ascivit
3841 5043 3973 5083 con-

2318 5116 2544 5188 jugem,
2576 5133 2765 5189 neque
2797 5116 2955 5173 sedis
2988 5121 3201 5173 nostra:
3230 5117 3476 5189 petitum
3509 5134 3574 5172 ac
3618 5115 3972 5188 promissum

2317 5205 2611 5274 judicium
2634 5212 2981 5279 exspectans
2998 5222 3188 5278 neque
3203 5207 3484 5263 canonico
3499 5204 3725 5277 judicio
3747 5203 3972 5276 uspiam

2326 5295 2734 5350 succumbens.
2768 5298 2895 5360 Qua
2924 5312 2992 5351 ex
3016 5310 3076 5349 re
3107 5296 3248 5366 quid
3282 5294 3437 5350 aliud
3482 5296 3657 5350 datur
3710 5291 3975 5367 intelligi,

2325 5382 2437 5438 nisi
2473 5383 2611 5455 quia
2642 5383 2741 5440 ubi
2774 5384 3166 5457 plurimorum
3214 5383 3503 5456 judicium
3555 5382 3846 5456 praevenit,
3894 5380 3973 5439 ibi

2325 5489 2432 5527 suo
2468 5473 2696 5543 judicio
2746 5473 3249 5547 praevaricatorem
3300 5491 3362 5530 se
3412 5472 3733 5529 indicavit?
3764 5472 3826 5527 Et
3848 5471 3973 5528 ideo

2327 5560 2731 5619 universaliter
2762 5564 2913 5619 hanc
2946 5562 3293 5619 fraternitati
3307 5567 3508 5619 vestrae
3538 5561 3865 5635 apostolicae
3881 5578 3977 5617 au-

636 5705 713 5783 (a)
745 5705 825 5762 De
855 5705 1229 5779 Theutberga
1256 5709 1313 5761 et
1345 5704 1664 5764 Wuldrada
1694 5703 1822 5760 vide
1852 5702 2044 5759 Vitam
2078 5703 2139 5759 S-
2169 5701 2384 5759 Deieoli
2417 5707 2538 5761 tom
2570 5705 2641 5762 II.
2669 5708 2949 5765 Actorum
2982 5708 3107 5764 0rd.
3142 5706 3459 5775 Benedicti,
3489 5706 3763 5779 pagJM.
3794 5704 3969 5762 Hann-
