4126 6462
191 360 305 444 801

1417 382 1817 447 EPISTOLJE
1860 387 1959 450 ET
2004 390 2387 453 DECRETA.

3493 404 3612 467 802

193 514 479 573 ctoritatis
530 511 836 586 epistolam
896 512 1340 583 destinavimus,
1381 520 1448 572 ut
1504 516 1847 577 Christianae
1879 522 1935 589 Α
1966 524 2414 594 praesidentibus
2471 526 2729 583 adunare
2780 529 3061 599 debeatis,
3096 535 3153 587 et
3200 549 3318 589 una
3361 550 3495 590 cum
3527 536 3612 593 eis

192 604 494 678 religionis
524 602 646 659 zelo
678 604 929 670 accensi,
963 602 1179 675 pariter
1207 621 1341 660 cum
1376 606 1577 662 missis
1628 609 1846 665 nostris

192 697 396 753 Metim
441 691 913 767 proﬁciscamini,
946 691 1201 765 illucque
1251 695 1586 751 Lotharium
1635 714 1847 753 convo-

193 790 396 843 cantes
427 783 764 847 audiatis,et
784 782 844 836 in
867 799 999 837 eum
1033 783 1379 839 canonicum
1403 785 1694 857 judicium
1720 803 1848 859 pro-

192 874 413 933 feratis.
447 872 608 939 Quod
642 871 690 927 si
723 870 917 926 venire
953 870 1263 940 distulerit,
1299 877 1354 928 et
1383 890 1416 928 a
1447 876 1756 946 prmsentia
1784 893 1847 932 se

193 963 461 1040 synodali
509 960 895 1035 praesentibus
944 959 1151 1032 legatis
1209 962 1423 1018 nostris
1482 964 1844 1034 subduxerit,

194 1061 252 1111 et
283 1054 353 1110 ad
386 1051 788 1125 paenitentiam
820 1065 885 1104 ac
917 1049 1379 1106 satisfactionem
1430 1052 1705 1123 repedare
1736 1054 1845 1108 mi-

195 1145 356 1200 nime
386 1139 689 1210 curaverit,
724 1138 805 1193 ita
833 1142 897 1193 ut
941 1139 1388 1210 praesentialiter
1434 1141 1504 1196 ad
1556 1143 1846 1213 synodum

195 1250 393 1291 coram
422 1230 624 1286 missis
653 1229 871 1284 nostris
898 1227 1328 1293 satisfacturus,
1361 1233 1419 1284 et
1448 1248 1481 1284 a
1512 1230 1727 1287 scelere
1760 1248 1845 1286 re-

195 1338 474 1380 cessurus
506 1322 806 1385 occurrat;
841 1316 1007 1372 illum
1041 1317 1111 1372 de
1141 1321 1346 1373 caetero
1376 1320 1847 1376 excommunica-

196 1418 327 1469 tum
377 1410 711 1475 reddemus,
745 1412 803 1462 et
846 1406 1108 1479 quandiu
1141 1406 1200 1462 in
1234 1407 1342 1463 hoc
1373 1410 1780 1480 permanserit,
1815 1427 1849 1465 a

194 1503 381 1559 totius
411 1498 678 1556 Ecclesiae
710 1496 1005 1553 consortio
1037 1496 1317 1552 faciemus
1343 1503 1650 1554 exsortem.

270 1738 341 1776 AD
379 1731 675 1774 EPISCOPOS
714 1731 773 1769 IN
814 1728 1070 1768 CONCILIO
1124 1729 1365 1768 METENSI
1414 1731 1773 1771 RESIDENTES.

839 1821 1023 1891 (Anno
1062 1820 1211 1891 862.)

200 1938 266 1993 Ut
300 1933 646 2002 Theutbergae
687 1944 907 2002 causam
955 1928 1272 2002 examinem
1312 1945 1376 1983 ac
1402 1929 1687 1999 deﬁniant,
1719 1947 1848 1986 con-
1879 1897 1926 1962 B

605 2003 833 2072 ciliique
860 2000 989 2054 Acta
1018 1998 1089 2053 ad
1109 2015 1166 2054 se
1195 2001 1436 2054 mittant.

716 2106 903 2178 [Apud
937 2106 1147 2176 Mansi,
1172 2107 1329 2173 ibid.]

270 2222 558 2276 NICOLAUS
588 2215 918 2288 episcopus,
951 2230 1154 2268 servus
1179 2230 1478 2269 servorum
1512 2215 1632 2283 Dei,
1659 2217 1846 2271 omni-

195 2313 310 2368 bus
345 2305 834 2365 reverentissimis
865 2302 1316 2375 archiepiscopis
1337 2305 1729 2361 confratrihus
1752 2325 1847 2361 no»

194 2402 358 2467 stris,
394 2403 451 2454 et
495 2393 785 2468 episcopis
834 2393 893 2447 in
944 2391 1189 2448 concilio
1248 2393 1641 2449 residentibus
1690 2396 1846 2468 quod

196 2490 369 2547 Metis
399 2486 743 2543 celebratur.

272 2582 347 2652 (a)
380 2573 731 2632 Reverentia:
754 2569 1099 2627 sacerdotali
1118 2575 1258 2626 tunc
1280 2571 1514 2628 debitus
1535 2572 1722 2630 honor
1742 2574 1848 2629 im-

195 2667 495 2741 penditur,
530 2678 664 2718 cum
696 2678 794 2716 eos
837 2659 897 2715 in
946 2659 1241 2726 omnibus,
1274 2678 1400 2732 quae
1450 2661 1522 2716 ab
1571 2660 1688 2717 illis
1737 2664 1847 2719 sub

196 2757 494 2829 aequitatis
525 2750 837 2807 libramine
868 2749 989 2821 geri
1022 2748 1253 2816 debent,
1288 2749 1572 2805 trutinam
1619 2751 1848 2807 miseri-

197 2845 408 2902 cordiae
440 2858 574 2897 cum
606 2840 772 2895 lance
803 2836 1171 2894 rectitudinis
1201 2842 1396 2893 tenere
1426 2840 1845 2912 conspicimus,

196 2941 256 2992 et
274 2935 525 2989 tenendo
549 2929 772 2986 nullius
794 2927 985 2984 favore
1003 2926 1343 2992 retenti,aut
1360 2944 1850 3002 quorumcunque

194 3023 523 3081 terroribus
555 3016 823 3092 permoti,
856 3016 942 3071 vel
976 3015 1151 3071 etiam
1186 3016 1518 3073 numerosis
1558 3019 1847 3090 pecuniis,

197 3117 302 3171 aut
358 3112 646 3167 honorum
704 3104 1196 3179 amplitudinibus
1241 3122 1272 3161 a
1317 3106 1550 3161 tramite
1600 3108 1847 3179 justitite

196 3198 611 3277 quoquomodo
642 3193 904 3251 inclinati
936 3197 1364 3267 permutantur.
1397 3195 1509 3251 Sed
1560 3199 1848 3267 quantum

1954 612 2312 684 vigilantius,
2348 616 2475 671 sine
2535 615 2866 675 dolositatis
2925 619 3177 687 macula,
3208 621 3298 677 vel
3349 623 3610 682 fomento

1954 699 2205 770 invidiae,
2235 708 2335 759 aut
2366 704 2482 760 odii
2514 706 3032 780 nutrimento,qua3
3065 715 3314 781 possunt
3343 711 3611 769 homines

1956 805 1990 844 a
2018 790 2110 845 via
2168 792 2427 848 veritatis
2486 799 2830 866 pervertere,
2863 801 2918 852 et
2950 815 2983 852 a
3014 798 3158 853 calle
3216 801 3605 870 rectitudinis,

1956 878 2101 950 proh
2133 880 2330 936 dolor!
2365 881 2676 952 declinare,
2711 902 2943 957 semper
3002 887 3188 942 Deum
3246 906 3367 960 prae
3427 890 3610 947 oculis

1924 967 2258 1037 ,habentes,
2289 987 2570 1043 personas
2619 974 2976 1047 principum,
3010 979 3066 1030 et
3094 980 3367 1044 terrores,
3403 979 3503 1051 qui
3536 980 3610 1036 ad

1954 1059 2191 1130 tempus
2223 1059 2559 1133 insurgunt,
2583 1066 2639 1116 et
2661 1062 2719 1118 in
2743 1067 3004 1136 tempore
3037 1064 3610 1133 finiuntur,contem-

1958 1150 2185 1215 nentes,
2219 1147 2357 1219 quid
2390 1149 2449 1203 in
2496 1149 2589 1206 his
2628 1153 2872 1223 justius,
2908 1153 3119 1225 quidve
3162 1157 3427 1213 veracius
3474 1174 3609 1214 cum

1956 1234 2091 1291 fatis
2122 1236 2321 1293 missis
2354 1238 2572 1294 nostris
2603 1240 2861 1297 invenire
2888 1241 3210 1311 valueritis,
3245 1244 3454 1301 horum
3481 1264 3610 1302 con-

1956 1339 2133 1379 sensu
2165 1325 2408 1381 definire
2434 1331 2491 1383 et
2522 1332 2778 1385 statuere
2821 1330 3022 1402 procul
3071 1332 3248 1388 dubio
3298 1335 3607 1402 studentis,

1956 1418 2227 1470 caventes
2258 1414 2365 1470 hoc
2398 1418 2553 1488 quod
2586 1434 2688 1490 per
2718 1418 3060 1491 prophetam
3091 1421 3306 1478 dicitur
3339 1440 3350 1478 :
3390 1428 3494 1481 Vae
3522 1425 3610 1480 his

1956 1504 2055 1572 qui
2082 1502 2271 1559 dicunt
2302 1506 2506 1560 bonum
2536 1509 2764 1575 malum,
2796 1515 2850 1564 et
2873 1509 3084 1564 malum
3114 1511 3311 1566 bonum
3340 1531 3359 1567 :
3388 1515 3487 1585 qui
3508 1530 3609 1585 po-

1955 1600 2097 1646 nunt
2125 1594 2373 1649 tenebras
2424 1596 2616 1664 lucem,
2644 1605 2695 1651 et
2723 1598 2899 1653 lucem
2947 1599 3194 1654 tenebras
3227 1618 3246 1655 :
3278 1603 3376 1673 qui
3419 1602 3611 1658 dicunt

1957 1680 2113 1735 dulce
2170 1699 2443 1749 amarum,
2474 1692 2526 1739 et
2575 1701 2834 1740 amarum
2894 1687 3050 1742 dulce
3107 1690 3235 1755 (lsa.
3266 1692 3341 1757 v).
3375 1689 3522 1745 Nam
3552 1693 3610 1745 et

1958 1770 2290 1843 evangelica
2316 1771 2470 1827 inter
2501 1778 2860 1847 caetera,quae
2884 1792 2991 1831 nos
3022 1777 3093 1831 ad
3128 1777 3271 1833 bene
3299 1779 3609 1835 vivendum

1958 1857 2217 1927 instruit,
2252 1862 2542 1918 sententia
2572 1863 2849 1918 admonet
2880 1865 3118 1921 dicens:
3152 1868 3335 1923 Nolite
3354 1868 3612 1939 judicare

1956 1949 2252 2004 secundum
2281 1952 2595 2018 faciem,scd
2614 1953 2831 2024 justum
2849 1953 3129 2025 judicium
3156 1956 3406 2027 judicate
3432 1958 3608 2026 (Joan.

1958 2037 2054 2107 ιχ).
2091 2037 2399 2093 Psalmista
2431 2057 2663 2112 quoque
2696 2041 2777 2096 ait
2810 2059 2823 2095 ε
2856 2044 2923 2098 Si
2946 2060 3068 2098 vere
3102 2046 3291 2115 utique
3329 2046 3611 2116 justitiam

1959 2126 2272 2195 loquimini,
2294 2128 2446 2199 justa
2486 2129 2750 2200 judicate,
2784 2132 2895 2200 ﬁlii
2932 2131 3216 2187 hominum
3247 2134 3417 2201 (Psal.
3456 2135 3606 2206 Lvn).

1958 2215 2140 2285 Igitur
2155 2233 2288 2270 cum
2305 2216 2489 2271 multa
2507 2218 2870 2290 sint,quibus
2887 2225 3139 2275 vestram
3162 2221 3605 2290 fraternitatem,

1957 2321 2073 2358 non
2103 2304 2407 2361 oblivionis
2439 2311 2539 2361 aut
2563 2306 2905 2378 ignorantiae
2937 2326 3115 2365 causa
3145 2311 3216 2365 de
3245 2311 3410 2367 vobis
3446 2311 3607 2382 judi-

1958 2398 2178 2461 cantes,
2213 2395 2313 2449 sed
2346 2394 2649 2451 charitatis
2681 2399 2944 2453 studium
2978 2399 3415 2470 amplectentes,
3449 2418 3608 2457 com-

1958 2500 2195 2539 monere
2247 2484 2591 2555 possimus:
2625 2486 2746 2542 haec
2795 2487 2924 2543 ideo
2974 2489 3244 2544 sufficere
3290 2489 3605 2560 credimus,

1959 2573 2098 2645 quia
2129 2574 2197 2628 ad
2235 2573 2404 2645 plura
2431 2592 2532 2630 vos
2564 2579 2621 2630 et
2651 2576 3014 2648 evangelicae,
3049 2581 3225 2650 atque
3256 2566 3606 2651 apostolicae,

1958 2662 2427 2735 propheticaeque
2458 2663 2727 2721 lectionis
2758 2665 3033 2738 dogmata
3062 2666 3121 2721 in
3153 2665 3373 2723 talibus
3395 2685 3612 2723 memo-

1959 2751 2046 2805 ria
2075 2752 2488 2807 transcendere
2505 2769 2621 2807 non
2641 2754 3259 2811 dubitamus.Tantum
3279 2761 3457 2826 est,ut
3475 2774 3609 2813 cum

1958 2840 2252 2911 aequitatis
2289 2842 2527 2913 justitia
2574 2842 2633 2897 in
2685 2843 2957 2915 presenti
3003 2844 3451 2913 examinatione,
3485 2846 3612 2901 sine

1959 2928 2155 3001 aliquo
2187 2929 2320 2985 dolo
2355 2929 2436 2985 vel
2463 2930 2690 2986 invidiae
2711 2932 3124 3002 macula,sicut
3141 2934 3360 3005 praefati
3378 2951 3606 3003 sumus,

1960 3018 2098 3090 quia
2128 3018 2243 3073 Deo
2276 3024 2557 3091 praesente
2606 3020 2903 3087 assistitis,
2937 3023 3337 3095 proximorum
3378 3040 3608 3094 causas,

1960 3124 2092 3163 cum
2117 3108 2245 3178 jam
2276 3108 2449 3164 dictis
2481 3109 2682 3165 missis
2714 3109 2954 3179 nostris,
2976 3112 3058 3167 ita
3078 3112 3240 3183 juste
3268 3115 3326 3168 et
3354 3112 3610 3185 irrepre-

1958 3195 2325 3252 hensibiliter
2357 3213 2488 3252 cum
2523 3198 2623 3253 Dei
2664 3199 2874 3255 timore
2921 3200 3163 3255 definire
3211 3200 3512 3273 satagatis,
3547 3204 3612 3258 ut

198 3268 286 3348 eis
318 3268 455 3363 erga
484 3286 776 3361 proximos
806 3284 865 3339 in
900 3283 1263 3339 discutiendo
1303 3300 1444 3338 cura
1491 3286 1849 3353 conceditur,
1882 3268 1924 3335 Ο
1962 3284 2197 3340 illorum
2230 3286 2507 3341 omnibus
2538 3292 2857 3360 vestraeque
2908 3288 3235 3344 sanctitatis
3286 3305 3609 3344 consensus

198 3385 434 3437 tantum
466 3377 560 3433 his
591 3376 718 3432 sine
747 3389 1129 3447 personarum
1162 3373 1496 3446 acceptione
1518 3374 1588 3429 ad
1613 3375 1703 3430 sui
1726 3391 1853 3430 cus-

200 3470 425 3527 todiam
457 3482 634 3540 pavor
663 3481 797 3520 cum
836 3461 957 3518 zelo
1005 3461 1374 3518 rectitudinis
1420 3463 1620 3535 procul
1671 3464 1850 3521 dubio

197 3556 465 3617 adhiberi
496 3556 762 3620 debet,ne
792 3552 1169 3607 immemores
1190 3550 1349 3606 illius
1372 3552 1703 3624 apostolicae
1726 3570 1851 3609 sen-

193 3648 393 3706 tentia:
445 3646 755 3700 videantur
811 3640 1103 3696 dicentis:
1143 3642 1517 3715 Unusquisque
1563 3644 1850 3714 propriam

191 3736 493 3793 mercedem
542 3734 770 3805 accipiet
821 3729 1120 3785 secundum
1166 3747 1331 3785 suum
1379 3731 1618 3786 laborem
1650 3731 1693 3802 (ι
1718 3732 1843 3787 Cor.

188 3831 300 3897 In).
336 3826 481 3883 Nam
539 3840 671 3878 cum
732 3819 884 3875 inter
941 3818 1263 3874 multarum
1317 3819 1845 3876 ecclesiasticarum

189 3933 414 3981 rerum,
447 3931 574 3985 quae
607 3911 678 3966 ad
705 3908 956 3966 salutem
989 3913 1046 3963 et
1075 3908 1209 3963 fidei
1243 3907 1596 3973 soliditatem
1644 3908 1844 3982 populi

188 4005 291 4063 Dei
324 4002 611 4077 pertinere
641 4000 929 4063 videntur,
964 4001 1162 4052 noster
1209 3997 1565 4069 apostolicus
1609 4000 1843 4053 animus

188 4112 401 4151 causas
459 4090 885 4153 extenderetur,
919 4088 990 4141 de
1035 4087 1426 4158 quarumdam
1489 4087 1842 4145 feminarum

189 4181 605 4245 controversia,
637 4178 1017 4249 Theutbergre
1049 4174 1270 4231 scilicet
1290 4180 1464 4248 atque
1486 4176 1837 4247 Waldradae,

190 4273 511 4329 admodum
538 4268 689 4325 sicut
717 4266 1108 4339 quorumdam
1142 4265 1535 4334 referentium,
1571 4266 1710 4338 quia
1739 4285 1840 4340 pa-

190 4361 429 4419 storalis
445 4376 552 4415 nos
570 4374 711 4413 cura
729 4357 800 4411 ad
826 4354 1185 4410 audiendum
1217 4356 1838 4421 commoverat,relatio

190 4452 450 4508 intentos
484 4447 755 4514 reddidit,
782 4449 837 4501 et
861 4461 933 4499 ne
966 4443 1163 4516 aliquo
1194 4443 1479 4500 violentiae
1513 4446 1714 4500 morbo
1739 4463 1843 4519 per

189 4540 476 4597 desidiam
522 4554 661 4611 grex
710 4534 986 4608 fatigetur
1032 4534 1394 4605 Dominicus,
1427 4535 1499 4589 ad
1548 4534 1837 4591 medelam

1960 3378 2134 3446 atque
2158 3374 2449 3447 judicium
2480 3374 2754 3447 aequitate
2786 3376 3007 3449 fulgere
3058 3377 3343 3432 videatur.
3378 3378 3524 3432 Nam
3558 3377 3607 3433 si

1958 3480 2061 3520 vos
2091 3464 2178 3519 vel
2208 3464 2340 3519 illos
2372 3464 2429 3519 in
2462 3464 2722 3536 aliquam
2772 3469 3019 3536 partem,
3054 3482 3157 3538 pro
3203 3466 3609 3538 cujuscunque

1958 3553 2215 3620 favore,a
2235 3552 2530 3609 canonicis
2560 3558 2618 3609 et
2648 3558 2984 3609 sanctorum
3016 3558 3255 3609 Patrum
3289 3554 3606 3611 institutio-

1958 3643 2315 3715 nibus,quod
2349 3660 2462 3697 non
2496 3643 3088 3715 Optamus,declinare
3109 3643 3603 3717 perspexerimus,

1956 3749 2199 3805 arguere
2224 3749 2337 3786 non
2371 3732 2731 3788 dubitamus.
2767 3733 2827 3787 Si
2858 3749 2991 3788 vero
3023 3732 3273 3788 aliarum
3304 3732 3607 3789 ecclesias-

1954 3821 2206 3877 ticarum
2239 3820 2561 3877 utilitatum
2585 3820 2644 3877 in
2667 3822 2869 3878 eodem
2886 3821 3133 3877 concilio
3154 3839 3245 3878 res
3261 3822 3601 3891 acciderint,

1954 3911 2129 3984 digno
2162 3910 2427 3966 examine
2453 3915 2875 3983 pertra3tantes
2915 3928 3013 3967 eas
3062 3928 3196 3967 cum
3251 3910 3346 3967 Dei
3395 3912 3604 3967 timore

1953 3999 2195 4057 definire
2235 4000 2502 4073 satagite.
2538 4000 2598 4055 Si
2632 4004 2826 4055 autem
2858 4000 3057 4072 aliqua
3086 4000 3143 4055 in
3168 4016 3233 4055 eo
3264 4000 3437 4056 fuerit
3467 4017 3603 4056 con-

1950 4088 2133 4144 tentio
2166 4091 2311 4157 orta,
2337 4088 2396 4142 in
2430 4106 2546 4160 qua
2577 4088 2947 4144 diffinitionis
2979 4105 3193 4161 ponere
3223 4089 3603 4161 nequiveritis

1951 4177 2199 4234 fortasse
2243 4194 2575 4245 censuram,
2603 4183 2801 4234 nostro
2851 4195 2979 4233 eam
3021 4177 3245 4249 judicio
3304 4195 3600 4233 reservare

1950 4267 2604 4323 sancimus.Statuimus
2637 4271 2924 4333 autem,ut
2945 4271 3155 4322 cuncta
3172 4284 3300 4339 qua:
3320 4266 3377 4321 in
3398 4266 3599 4321 eodem

1949 4356 2191 4413 concilio
2224 4359 2451 4429 peracta
2485 4356 2703 4411 fuerint
2734 4373 2799 4410 ac
2822 4356 3081 4425 definita,
3108 4360 3305 4411 nostro
3327 4353 3603 4427 praesula-

1946 4446 2032 4502 tui
2063 4448 2365 4518 gestorum
2397 4444 2545 4500 serie
2574 4445 2983 4500 incunctanter
3034 4444 3376 4517 significetis
3411 4461 3423 4499 :
3456 4447 3523 4498 ut
3551 4443 3601 4499 si

1949 4533 2304 4606 ea,justitia:
2356 4532 2815 4605 pulchritudine,
2848 4533 3253 4606 probabilique
3301 4532 3602 4589 sanctione

186 4627 599 4702 recuperandae
632 4625 900 4681 sanitatis
934 4624 1139 4678 ardore
1171 4622 1473 4678 charitatis
1524 4624 1838 4681 ferventius
1869 4643 1914 4708 υ
1946 4624 2185 4679 definita
2240 4622 2731 4695 perspexerimus,
2766 4622 2883 4677 Deo
2943 4622 3331 4694 omnipotenti
3383 4621 3602 4693 gratias

186 4719 473 4776 invitavit.
508 4715 788 4772 Praedicta
819 4712 1034 4786 quippe
1064 4712 1435 4783 Theutberga
1465 4709 1668 4768 multis
1696 4712 1837 4767 vici-

184 4811 302 4867 bus
332 4808 529 4865 sedem
559 4802 939 4878 apostolicam
969 4801 1313 4874 lacrymosis
1351 4800 1564 4857 litteris
1616 4801 1841 4857 studuit

185 4897 522 4973 appellare:
558 4895 617 4950 in
650 4894 868 4966 quibus
910 4891 1086 4947 affatu
1130 4889 1309 4946 flebili
1357 4907 1566 4962 puram
1614 4909 1675 4947 se
1724 4909 1839 4964 quo

186 4990 502 5047 accusatur
531 4981 1204 5055 crimine,inquit,atque
1233 4979 1545 5035 insontem.
1565 4980 1649 5035 Ad
1683 4981 1839 5053 quod

185 5078 489 5151 negotium
522 5080 578 5131 et
599 5072 810 5147 judicii
836 5068 1428 5136 discretionem,sicut
1438 5070 1563 5141 jam
1584 5075 1838 5125 vestram

186 5166 616 5224 fraternitatem
649 5180 833 5236 nuper
862 5179 966 5235 per
994 5159 1344 5234 apostolicos
1367 5159 1559 5231 apices
1582 5175 1839 5215 commo-

187 5274 328 5314 nere
360 5254 747 5319 decrevimus,
781 5250 1098 5324 apostolico
1126 5266 1228 5305 vos
1258 5248 1589 5304 hortamine
1636 5248 1840 5304 adesse

184 5345 480 5409 volumus,
542 5330 1206 5416 quatenusapontificii
1265 5338 1449 5394 nostri
1511 5338 1690 5394 latere
1744 5354 1838 5393 ve-

190 5435 491 5493 nientibus
551 5430 770 5499 missis,
803 5429 1142 5503 synodicam
1190 5427 1310 5483 illic
1369 5426 1837 5497 celebrationem,

189 5523 512 5598 apostolica
541 5520 671 5578 fulti
699 5518 1064 5586 auctoritate,
1096 5535 1230 5573 cum
1261 5516 1619 5574 fraternitate
1650 5519 1843 5573 vestra

263 5637 342 5701 (a)
371 5633 531 5688 Hanc
563 5627 870 5703 epistolam
900 5626 959 5682 in
992 5626 1167 5703 editis
1192 5625 1573 5703 conciliorum
1614 5624 1844 5703 mendis

188 5696 333 5766 hinc
358 5705 494 5762 inde
523 5696 847 5760 scatentem
868 5698 1169 5757 emendavi
1188 5700 1261 5755 ad
1278 5714 1546 5755 normam
1577 5696 1849 5756 editionis

1948 4714 2271 4769 referamus
2300 4729 2313 4767 :
2338 4711 2386 4767 si
2411 4728 2543 4767 vero
2576 4711 3065 4784 injustitiaa,quod
3087 4711 3450 4779 nolumus,et
3471 4728 3605 4767 con-

1947 4801 2263 4858 trarietatis
2295 4800 2510 4856 fuerint
2543 4805 2672 4856 acta
2702 4801 3118 4870 intentione,ea
3148 4818 3425 4857 renovare
3444 4817 3603 4856 sum-

1949 4908 2182 4964 mopere
2204 4892 2542 4962 jubeamus.
2570 4890 2780 4946 Missos
2811 4891 3048 4962 quidem
3077 4891 3261 4946 nostri
3295 4888 3597 4962 pontificii,

1949 4982 2099 5036 utin
2158 4980 2349 5053 prima
2406 4979 2651 5052 epistola
2695 4984 2899 5035 vestrae
2955 4977 3247 5035 dilectioni
3304 4977 3599 5050 significa-

1947 5070 2161 5137 vimus,
2198 5087 2299 5142 pro
2350 5068 2705 5141 quibusdam
2755 5067 3170 5125 ecclesiasticis
3223 5064 3596 5132 utilitatibus,

1950 5160 2165 5233 quibus
2198 5160 2417 5215 fuimus
2448 5157 2734 5231 occupati,
2768 5157 3062 5213 destinare
3095 5154 3484 5227 nequivimus.
3519 5157 3600 5209 En

1950 5248 2177 5305 Christo
2194 5246 2830 5320 juvante,strenuitatiz
2852 5244 3137 5318 pollentes
3159 5243 3405 5300 scientia
3425 5247 3601 5315 atque

1951 5338 2233 5406 doctrina,
2295 5335 2795 5393 reverentissimos
2854 5351 3010 5389 nunc
3070 5333 3319 5407 dirigere
3384 5331 3600 5388 missos

1950 5427 2335 5495 decrevimus,
2368 5424 2772 5481 Rhadoaldum
2823 5422 3044 5478 scilicet
3092 5427 3266 5495 atque
3315 5420 3600 5477 Joannem

1950 5514 2276 5588 episcopos,
2310 5514 2619 5571 deliciosos
2678 5516 2734 5568 et
2792 5511 3159 5568 consiliarios
3216 5514 3467 5577 nostros,
3498 5507 3600 5581 qui

1955 5622 2123 5680 Rom.
2157 5622 2538 5696 epistolarum
2591 5618 3027 5696 Pontificiarum
3075 5637 3168 5696 a_n.
3219 5618 3353 5678 1591
3395 5633 3407 5674 :
3442 5616 3597 5694 quod

1959 5697 2135 5753 etiam
2166 5692 2305 5753 etin
2337 5694 2557 5753 caeteris
2594 5692 2924 5770 praestitum
2955 5697 3063 5753 est.
3097 5692 3305 5754 MANBI.
