4126 6472
187 364 309 424 805

1408 365 1817 429 EPISTOLIE
1862 365 1959 426 ET
2004 364 2389 427 DECRETA.

3494 372 3616 432 806

190 513 297 569 per
326 495 730 568 apostolorum
780 497 1231 555 intercessiones
1262 497 1555 554 desiderat
1585 496 1854 597 magnifi-
1884 498 1939 565 Α
1970 498 2126 553 mine
2175 498 2521 555 defraudare
2577 500 2913 568 tentaveris,
2953 500 3104 557 scias
3156 507 3212 558 te
3270 503 3621 575 praesulatus

193 586 445 642 centiam
477 586 757 654 obtinere,
780 603 884 659 pro
915 586 1016 643 Dei
1044 604 1241 643 amore
1271 587 1519 661 gratiam
1551 586 1847 660 percipere

190 675 400 744 valeat,
428 679 486 731 et
517 675 588 731 de
617 676 710 732 sui
740 674 1042 732 affectione
1083 680 1293 733 nostrae
1340 676 1689 749 praesulatus
1719 694 1847 732 ora-

191 764 344 821 culis
373 764 833 821 consolationem
874 770 1159 833 resumat,
1185 770 1476 839 quatenus
1524 766 1625 838 qui
1658 783 1721 822 se
1747 784 1850 839 per

189 852 489 910 infelicem
522 853 757 926 culpam
781 872 816 909 a
837 870 1045 910 norma
1064 854 1359 926 aequitatis
1381 854 1709 912 declinasse
1731 872 1847 911 non

136 994 149 1009 ι
191 941 459 1015 ambigit,
479 941 766 997 medelam
787 942 1186 1015 apostolorum
1205 947 1507 1016 agnoscat,
1521 949 1577 998 et
1593 943 1748 1016 apud
1767 959 1851 999 se-

191 1028 416 1086 niorem
437 1034 697 1086 vestrum
714 1029 1197 1100 venialem,vobis
1208 1032 1573 1103 juvantibus,
1588 1032 1848 1105 vigorem

190 1118 471 1174 obtineat.
498 1119 744 1175 Dextera
763 1136 866 1175 vos
894 1136 1161 1193 superna:
1192 1125 1459 1194 protegat
1498 1122 1846 1194 maiestatis,

190 1212 249 1264 et
278 1210 351 1264 ab
382 1209 659 1265 omnibus
703 1226 938 1282 semper
987 1210 1437 1267 adversitatibus
1486 1211 1849 1284 maculisque

190 1292 488 1354 c'ustodire
517 1298 811 1371 dignetur.

428 1475 501 1513 AD
532 1475 879 1515 STEPHANUM
908 1476 1164 1517 COMITEM
1195 1478 1614 1518 ARVERNORUM.

835 1550 1023 1621 (Anno
1054 1550 1208 1619 862.)

186 1638 345 1712 Julget
364 1645 423 1693 ut
443 1638 696 1709 Sigonem
721 1639 1112 1695 Arvernensem
1136 1643 1447 1712 episcopum
1467 1640 1721 1698 Ecclesiae
1738 1658 1851 1697 sua

258 1708 461 1785 dejecto
483 1708 770 1785 pervasere
807 1712 1079 1785 restituat,
1113 1708 1177 1766 σι’
1198 1708 1401 1785 synodo
1451 1713 1757 1781 legatorum
1785 1713 1850 1770 de

263 1779 495 1851 objectis
515 1783 900 1852 satis/acturus
930 1799 986 1838 se
1013 1784 1192 1837 sistat.

702 1870 894 1943 [Apud
927 1871 1136 1938 Mansi,
1172 1870 1331 1945 ibid.]

263 1958 552 2015 NICOLAUS
583 1958 915 2032 episcopus,
958 1977 1161 2016 servus
1213 1978 1512 2017 servorum
1562 1962 1662 2018 Dei
1712 1963 1849 2019 Sus--

195 2065 395 2103 PHANO
424 2047 642 2104 comiti.
1610 2110 1613 2113 _

262 2139 399 2203 Quae
428 2142 486 2193 et
518 2142 738 2210 quanta
768 2142 974 2193 contra
1004 2139 1317 2195 canonica:
1344 2144 1399 2195 et
1428 2140 1851 2198 ecclesiasticas

188 2226 450 2301 regulas,
475 2227 593 2282 imo
616 2232 818 2282 contra
848 2227 1139 2283 naturalia
1161 2229 1300 2299 jura
1330 2230 1705 2301 pertinaciter
1727 2248 1854 2304 ege-

184 2316 292 2384 ris,
318 2316 474 2371 sedis
507 2315 859 2388 apostolicae,
885 2334 1013 2388 quae
1038 2317 1255 2389 ubique
1286 2335 1355 2373 ex
1384 2318 1711 2376 ministerio
1738 2321 1855 2394 sibi

180 2406 407 2462 credito
446 2404 791 2478 spiritaliter
820 2409 1029 2478 prasto
1062 2411 1168 2474 est,
1195 2407 1587 2480 cognitionem
1611 2411 1850 2469 omnino

175 2512 296 2550 non
326 2493 487 2551 latet.
517 2495 586 2550 Et
605 2493 741 2549 licet
762 2498 923 2550 tanto
948 2494 1067 2550 sint
1090 2496 1222 2551 odio
1245 2514 1278 2552 a
1307 2498 1523 2553 nostris
1546 2500 1847 2558 mentibus

176 2582 537 2656 repellenda,
555 2588 621 2638 ut
641 2583 699 2638 in
723 2588 778 2638 te
800 2601 1004 2639 eorum
1037 2585 1444 2641 auctoritatem
1478 2588 1684 2645 merito
1712 2590 1848 2645 mit.

176 2680 302 2729 tere
325 2672 383 2727 in
402 2672 563 2744 virga
578 2689 888 2744 cogamur:
909 2677 971 2727 ut
993 2681 1190 2727 tamen
1209 2673 1401 2729 adhuc
1423 2680 1480 2730 te
1504 2676 1848 2749 resipiscere

188 2780 225 2819 a
250 2761 427 2817 tantis
449 2760 622 2817 malis
641 2766 967 2833 sperantes,
986 2762 1094 2818 has
1112 2763 1295 2818 nostri
1318 2764 1680 2835 apostolatus
1702 2766 1848 2823 litte-

186 2870 286 2908 ras
313 2850 417 2906 tibi
450 2849 781 2923 dirigimus,
808 2854 872 2905 ut
896 2850 1196 2907 submissa
1228 2852 1559 2924 pertinacia:
1593 2858 1704 2910 tua:
1728 2874 1843 2912 cer-

184 2942 329 3008 vice,
354 2944 693 2996 sanctorum
740 2940 1111 2995 sacerdotum
1161 2941 1465 3013 praeceptis
1514 2960 1738 3015 pareas,
1773 2946 1845 3003 de

182 3030 497 3105 praeteritis
544 3030 971 3101 paenitudinem
1012 3046 1203 3101 geras,
1227 3034 1284 3085 et
1332 3048 1367 3085 a
1413 3030 1629 3089 futuris
1661 3038 1738 3102 te,
1772 3052 1844 3091 ne

180 3119 607 3193 perseverando
629 3118 688 3172 in
712 3118 931 3173 talibus
953 3117 1011 3172 in
1036 3118 1251 3173 diaboli
1279 3118 1518 3191 laqueos
1543 3123 1845 3194 sempiter-

184 3226 297 3265 nos
323 3208 571 3275 incidas,
594 3206 1017 3279 circumspecte
1040 3224 1106 3262 ac
1131 3207 1374 3263 solerter
1393 3210 1709 3267 custodias.
1728 3212 1843 3268 Caz-
1875 3239 1918 3305 ρ

180 3305 375 3355 terum
401 3299 562 3371 quia,
588 3298 744 3369 quod
788 3295 880 3351 his
922 3297 1176 3369 nequius
1208 3301 1414 3365 exstat,
1433 3302 1634 3356 contra
1673 3318 1846 3357 omne

184 3388 344 3461 quod
377 3382 718 3442 Christiana:
752 3385 1017 3458 religioni
1051 3387 1576 3458 convenit,dcjecto
1600 3391 1845 3446 sanctis-

186 3477 340 3532 simo
364 3476 576 3548 Sigone
596 3476 940 3530 Arvernensi
967 3476 1262 3547 episcopo,
1280 3476 1337 3530 in
1364 3476 1554 3532 locum
1577 3479 1705 3550 ejus
1722 3498 1848 3552 per-

182 3583 448 3622 vasorem
473 3565 735 3619 Adonem
759 3563 1038 3619 clericum
1060 3564 1449 3634 substituisti;
1476 3568 1847 3641 prwcipimus

181 3655 292 3711 tibi
315 3653 657 3711 auctoritate
680 3652 777 3709 Dei
803 3653 1242 3724 omnipotentis,
1266 3654 1689 3729 beatorumque
1712 3675 1847 3731 apo-

181 3744 471 3802 stolorum
496 3742 828 3816 principum
848 3741 993 3797 Petri
1014 3759 1079 3797 ac
1099 3742 1281 3814 Pauli,
1297 3749 1362 3798 ut
1384 3744 1607 3801 nullam
1635 3764 1849 3819 passus

182 3851 431 3900 moram,
458 3830 902 3888 sanctissimum
934 3831 1209 3903 Sigonem
1238 3832 1601 3905 episcopum,
1624 3836 1846 3908 dejecto

182 3920 784 3997 pervasore,ecclesia3
809 3937 929 3980 suae
951 3920 1272 3980 restitutas.
1296 3926 1352 3976 et
1376 3922 1433 3976 in
1467 3924 1627 3978 omni
1652 3943 1847 3983 sacer-

182 4014 327 4069 dotii
361 4010 642 4086 dignitate
684 4026 817 4065 eum
851 4025 1088 4063 manere
1122 4010 1332 4064 amodo
1380 4010 1666 4068 dimittas.
1698 4015 1845 4071 Nam

182 4102 324 4175 quia
343 4099 628 4156 nonnulla
652 4097 950 4169 impudica
971 4114 1037 4151 ac
1060 4097 1482 4154 scelestissima
1497 4100 1568 4156 de
1590 4105 1643 4157 te
1666 4102 1849 4163 incul-

183 4196 412 4257 cantur,
440 4187 762 4262 apostolica
798 4186 1146 4241 auctoritate
1183 4188 1507 4257 sancimus,
1538 4195 1603 4245 ut
1642 4192 1712 4248 de
1752 4193 1845 4251 his

182 4280 524 4353 plenissime
573 4276 1006 4343 satisfacturus,
1040 4274 1098 4329 in
1135 4281 1470 4333 nostrorum
1518 4278 1845 4353 legatorum

182 4366 621 4443 praesentia,qui
639 4364 967 4421 constitutae
990 4382 1023 4420 a
1044 4365 1212 4422 nobis
1232 4368 1456 4439 synodo
1479 4386 1727 4442 praeesse
1750 4372 1845 4428 de-

181 4458 425 4523 bebunt,
451 4457 510 4513 in
532 4456 657 4512 loco
689 4455 922 4527 praeﬁxo
959 4471 1260 4510 occerrure
1283 4457 1541 4527 studeas.
1565 4459 1844 4532 Quodque

182 4548 231 4603 si
266 4547 611 4621 neglexeris,
638 4548 696 4599 et
725 4543 1097 4617 praesentiam
1124 4549 1287 4600 tuam
1328 4562 1362 4599 a
1392 4547 1668 4619 synodico
1710 4567 1842 4605 exa-

256 4672 339 4745 (ιι)
366 4670 630 4745 Contulit
660 4669 810 4745 hanc
843 4667 1151 4745 epistolam
1191 4669 1527 4745 H_ard_uinus
1560 4689 1693 4728 cum
1729 4691 1840 4732 ms.

182 4739 402 4817 archivi
427 4742 808 4817 Turonensis,
834 4740 991 4795 unde
1011 4739 1200 4795 varias
1223 4739 1503 4799 lectiones
1526 4745 1865 4817 adnotavit,‘

182 4833 337 4889 quas
370 4815 425 4889 i_n
450 4819 619 4889 textu
643 4813 852 4889 habes.

260 4887 333 4959 (ὸ)
366 4886 668 4959 Satomoni
691 4885 812 4953 regi
848 4882 1410 4959 Qrittonuin:_Tertio
1434 4889 1494 4959 et
1525 4887 1754 4950 ultimo,
1780 4890 1846 4943 ut

182 4956 459 5030 estspud
513 4956 845 5030 Gratiarum
866 4956 920 5021 3,
948 4972 1047 5026 qu.
1078 4956 1296 5030 6,”!!ch
1322 4958 1543 5030 _quippe
1582 4967 1676 5014 est.
1730 4960 1842 5015 Sed

184 5025 587 5086 male—ibidem
622 5027 834 5100 Joanni
856 5025 1039 5100 papa
1069 5025 1279 5100 tribuit
1322 5025 1490 5083 hanc
1513 5030 1843 5100 epistolam,

182 5118 322 5157 cum
357 5100 433 5156 sit
463 5099 707 5156 Nicolai.
733 5098 955 5154 Profert
972 5102 1030 5153 et
1055 5098 1401 5152 Hincmarus
1435 5098 1845 5159 Lau'dunensis

182 5173 247 5228 in
280 5171 458 5244 priori
490 5170 825 5244 defensione
871 5186 980 5224 sua
1016 5169 1231 5244 locum,
1266 5185 1334 5223 ex
1363 5168 1545 5244 altera
1579 5174 1843 5243 ejusdem

184 5240 519 5316 argumenti
551 5244 622 5298 ad
644 5242 1022 5316 iSaloonnem
1045 5241 1317 5296 eumdem
1342 5240 1586 5316 epistola
1604 5240 1843 5299 Adriani

182 5311 349 5388 papae
382 5316 537 5388 nond
591 5315 746 5388 edita
779 5330 791 5367 :
825 5312 928 5368 Sed
974 5320 1024 5388 et
1067 5326 1332 5388 praesens,
1366 5311 1581 5388 inquit,
1614 5316 1846 5372 domnus

178 5385 327 5461 papa
363 5386 640 5461 Adrianus
684 5386 802 5442 haec
826 5400 895 5461 ea;
924 5385 1152 5461 epistola
1198 5400 1376 5461 nuper
1405 5385 1475 5440 ad
1501 5388 1848 5461 Salomonem

180 5456 375 5515 ducem
403 5459 821 5531 Brittannorun}
849 5456 1130 5531 destiqata
1171 5458 1262 5531 sui
1309 5471 1640 5530 suorumque
1670 5459 1848 5531 ofﬁcii

179 5546 295 5588 non
327 5532 614 5585 immemor
640 5526 925 5584 mandavit
957 5544 975 5581 :
1007 5526 1349 5583 Sacerdotes
1388 5546 1521 5585 vero
1544 5526 1735 5587 Nobis
1760 5531 1844 5585 vi-

184 5602 454 5677 cinarum
475 5601 792 5677 dimceseop
815 5613 1070 5677 superse
1087 5596 1233 5677 alios
1246 5597 1552 5677 deplorant
1568 5619 1846 5677 superpo-

184 5674 333 5735 sitos
365 5674 699 5735 sacerdotes
745 5668 1126 5743 Britannicos,
1161 5669 1210 5728 si
1241 5668 1439 5732 tamen
1489 5668 1842 5749 sacerdotes,

1872 1871 1919 1935 Β

1958 587 2141 642 nostri
2170 588 2516 643 auctoritate
2549 604 2584 642 a
2613 588 2731 644 vini
2779 592 2836 645 et
2864 591 3133 646 carnium
3177 592 3621 665 participatione

1958 674 2194 730 omnino
2248 674 2848 743 excommunicatum,
2873 679 3257 752 quoadusque
3308 681 3502 735 Romm
3558 681 3619 736 in

1959 769 2161 821 nostra
2181 765 2420 836 speciali
2446 766 2758 837 praesentia
2779 766 3108 822 districtam
3133 770 3432 840 positurus
3452 770 3622 826 ratio-

1958 869 2093 908 nem
2127 853 2392 909 assistas.
2419 854 2701 910 Pervasor
2722 871 2851 911 vero
2885 860 3099 912 sancta:
3122 858 3508 914 Arvernensis
3529 875 3620 915 ec-

1962 940 2172 1007 clesiae,
2198 942 2247 998 si
2279 946 2411 1015 post
2449 942 2601 999 hanc
2644 948 2905 1000 nostram
2937 945 3343 1002 definitionem
3382 946 3500 1003 illic
3530 964 3622 1003 re-

1958 1030 2174 1086 morari
2194 1031 2523 1098 tentaverit,
2539 1035 2595 1088 et
2612 1032 2847 1105 aliquod
2870 1032 3359 1106 impedimentum
3380 1036 3624 1092 sanctis-

1961 1117 2111 1175 simo
2135 1120 2336 1193 Sigoni
2359 1121 2633 1193 episcopo
2658 1122 2845 1177 facere
2869 1139 3221 1195 quacunque
3247 1129 3623 1197 argumenta—

1956 1208 2115 1263 tione
2137 1210 2599 1282 praesumpserit,
2627 1210 2775 1267 sciat
2804 1228 2866 1267 se
2895 1212 3019 1284 pari
3045 1214 3219 1269 modo
3249 1231 3365 1270 non
3387 1218 3619 1270 tantum

1959 1313 1993 1352 a
2016 1296 2138 1353 vini
2169 1302 2225 1353 et
2255 1300 2761 1369 carnium,verum
2794 1304 2850 1356 et
2879 1316 2913 1355 a
2940 1302 3200 1374 corporis
3226 1306 3284 1357 et
3311 1303 3619 1376 sanguinis

1959 1386 2191 1442 Domini
2226 1388 2407 1444 nostri
2450 1389 2589 1445 Jesu
2623 1388 2838 1444 Christi
2893 1391 3339 1462 participatione
3385 1393 3619 1464 penitus

1957 1490 2087 1531 esse
2119 1476 2476 1548 sejunctum,
2504 1477 2767 1548 quandiu
2800 1478 3412 1550 nostrisjussionibus
3441 1481 3620 1537 obsti-

1959 1569 2094 1620 nate
2124 1565 2184 1620 in
2216 1565 2586 1638 praesentiam
2628 1565 3011 1639 apostolicam
3059 1569 3254 1625 venire
3302 1569 3614 1626 distulerit.

1959 1654 2111 1710 Bene
2145 1654 2291 1711 vale.

2250 1833 2322 1872 AD
2363 1834 2709 1873 SALOMONEM
2748 1834 2939 1874 REGEM
2980 1834 3331 1875 BRIT‘I‘ONUM.

2607 1909 2793 1976 (Anno
2823 1906 2971 1979 862.)

1962 1996 2036 2050 De
2066 1996 2373 2070 renovando
2414 1997 2706 2070 ejectgrum
2747 1999 3121 2070 episcoporum
3171 2000 3427 2070 examine
3473 1998 3620 2070 apud

2033 2067 2500 2142 archiepiscopum
2534 2067 3029 2142 Turonensempvel
3077 2069 3221 2142 apud
3248 2069 3435 2142 sedem
3483 2067 3618 2142 dpo-

2030 2139 2280 2194 stolicam
2310 2156 2327 2191 :
2358 2146 2409 2193 et
2437 2138 2502 2194 de
2519 2140 2650 2211 jure
2680 2140 3088 2211 metropolitani
3106 2138 3260 2212 apud
3299 2138 3615 2197 Britannos.

2476 2228 2664 2300 (Apud
2698 2228 2905 2296 Mansi,
2941 2228 3103 2298 ibid.)

2031 2317 2321 2373 NICOLAUS
2349 2317 2681 2389 episcopus,
2709 2335 2910 2373 servus
2940 2335 3242 2375 servorum
3272 2318 3372 2375 Dei
3398 2322 3492 2389 (a),
3519 2318 3619 2375 SA-

1960 2424 2172 2461 LOMONI
2205 2406 2323 2478 regi
2357 2406 2705 2462 Brittonum.

2030 2496 2103 2566 (ὸ)
2126 2496 2473 2551 Benedictus
2501 2500 2652 2551 Deus
2675 2500 2733 2552 et
2754 2496 2919 2552 Pater
2942 2496 3174 2552 Domini
3197 2498 3311 2553 mei
3338 2497 3482 2569 [ms.,
3513 2514 3616 2554 no-

1959 2586 2086 2656 stri]
2107 2586 2248 2641 Jesu
2277 2585 2494 2640 Christi
2529 2585 2627 2657 qui
2663 2602 2765 2657 per
2795 2603 3023 2658 magna:
3057 2587 3465 2643 misericordis:
3496 2604 3616 2642 suis

1956 2676 2207 2748 gratiam
2241 2677 2383 2731 adeo
2406 2680 2521 2731 tua:
2554 2692 2653 2731 cor
2684 2674 3066 2731 sublimitatis
3095 2675 3388 2732 illustrare
3418 2676 3617 2749 digna-

1956 2770 2051 2820 tus
2082 2772 2193 2833 est,
2217 2770 2282 2820 ut
2316 2764 2523 2821 merito
2546 2781 2650 2837 pro
2677 2765 2976 2836 sapientia:
3007 2770 3119 2821 tua:
3153 2765 3377 2838 fulgore
3397 2765 3495 2821 ubi
3519 2765 3617 2821 ha-

1954 2854 2126 2922 bitas,
2153 2872 2267 2911 non
2293 2856 2421 2927 jam
2444 2854 2739 2921 occidens,
2766 2855 2865 2911 sed
2889 2855 3083 2911 oriens
3110 2854 3414 2911 habeatur.
3440 2855 3615 2911 Ortus

1953 2944 2110 3000 enim
2130 2948 2219 3000 est
2246 2944 2305 2999 in
2326 2944 2491 3000 vobis
2510 2942 2595 2999 sol
2618 2943 2884 3015 iustitiae,
2901 2944 3055 3015 quod
3077 2943 3203 3016 ipse
3216 2943 3481 3000 Christus
3501 2948 3613 3013 est,

1952 3038 2010 3087 et
2053 3032 2417 3089 infidelitatis
2472 3032 2727 3087 tenebrae
2786 3032 3145 3088 defecerunt.
3172 3033 3283 3089 Sed
3335 3050 3614 3106 rogamus

1952 3123 2225 3178 eumdem
2259 3121 2723 3194 omnipotentem
2751 3121 3043 3187 Deum,ut
3072 3121 3246 3177 sicuti
3278 3126 3446 3178 rectae
3480 3120 3614 3178 fidei

1952 3210 2310 3284 agnitionem
2344 3211 2436 3284 pie
2457 3210 2768 3281 concessit,
2793 3210 2874 3265 ita
2894 3227 3127 3283 quoque
3147 3211 3312 3266 bonas
3333 3211 3615 3283 operatio-

1957 3300 2049 3356 nis
2100 3300 2393 3375 henignus
2451 3300 2739 3372 largiatur
2795 3299 3085 3355 effectum.
3126 3301 3201 3356 De
3249 3304 3453 3355 caetero
3487 3299 3610 3373 [ms.

1957 3391 2080 3446 add.
2107 3389 2211 3463 ﬁli]
2246 3390 2391 3446 sciat
2439 3388 2753 3462 prudentia
2782 3393 2903 3455 tua,
2935 3406 3042 3444 nos
3089 3389 3161 3444 de
3200 3389 3400 3460 ejectis
3446 3393 3504 3445 et
3553 3389 3613 3444 in

1955 3479 2099 3536 locis
2119 3479 2352 3535 illorum
2377 3479 2508 3535 aliis
2534 3478 2868 3551 subrogatis
2892 3477 3203 3551 episcopis,
3224 3477 3534 3551 diligenter
3552 3477 3613 3534 in

1958 3568 2206 3625 archivis
2240 3574 2451 3625 sanctae
2483 3569 2779 3635 Romanis,
2814 3566 2907 3623 cui
2949 3582 3165 3639 magna
3195 3565 3614 3638 omnipotentis

1957 3659 2057 3715 Dei
2089 3658 2466 3714 miseratione
2497 3656 2882 3721 deservimus,
2908 3656 3162 3712 ecclesiae
3195 3655 3534 3727 requisisse,
3558 3659 3616 3712 et.

1957 3747 2143 3804 multo
2189 3747 2357 3803 aliter
2404 3747 2464 3802 in
2514 3746 2949 3818 exemplaribus
3000 3745 3550 3818 epistolarum,quaa
3582 3762 3617 3801 a

1957 3837 2362 3894 decessoribus
2393 3836 2560 3899 meis,
2594 3836 2775 3891 beatae
2812 3834 3081 3890 videlicet
3111 3834 3403 3890 memoriae
3427 3834 3616 3890 Leone

1957 3944 2023 3982 ac
2046 3926 2355 3981 Benedicto
2388 3923 2784 3998 pontiﬁcibus,
2806 3927 2981 3995 atque
3005 3942 3039 3979 ιι
3062 3940 3173 3991 me,
3198 3923 3535 3991 Nomenoio,
3560 3928 3618 3980 et

1955 4014 2083 4082 tibi,
2108 4031 2214 4069 nec
2245 4031 2361 4069 non
2384 4012 2821 4085 archiepiscopo
2845 4011 3133 4067 Turonico
3158 4012 3305 4067 datin
3328 4015 3487 4080 sunt,
3513 4028 3616 4084 pa-

1955 4120 2091 4175 pam
2117 4104 2367 4158 Leonem
2391 4102 2521 4177 [Ms.
2551 4104 2847 4169 Turon.,ct
2868 4101 3030 4173 regni
3059 4100 3143 4156 tui
3168 4100 3458 4173 episcopis
3477 4100 3617 4157 mis-

1956 4209 2033 4248 sae
2054 4195 2212 4259 sunt,
2238 4191 2552 4260 invenisse,
2568 4207 2744 4263 quam
2767 4194 2829 4244 tu
2854 4189 2912 4244 in
2935 4188 3146 4245 litteris
3170 4189 3290 4244 tuis
3319 4188 3612 4261 perhibes,

1956 4281 2223 4353 quamvis
2241 4297 2345 4336 nec
2368 4281 2563 4336 discas
2587 4280 2644 4335 in
2670 4279 2936 4352 apicibus
2960 4279 3100 4347 tuis,
3116 4280 3330 4334 sanctis
3353 4277 3616 4333 recorda-

1955 4370 2132 4425 tionis
2166 4386 2377 4441 papam
2401 4369 2828 4440 Leonem,etc.]
2847 4368 3165 4424 Nomenoio
3194 4366 3500 4423 consilium
3523 4366 3615 4422 vel

1956 4459 2363 4515 auctoritatem
2394 4458 2721 4531 deponendi
2754 4458 3060 4530 episcopos
3082 4456 3378 4523 tribuisse,
3400 4456 3615 4529 quippe

1956 4564 2130 4621 quem
2153 4550 2382 4603 constat
2406 4545 2727 4603 multifarie
2748 4545 3069 4619 multisque
3091 4545 3302 4614 modis,
3318 4562 3390 4601 ne
3411 4544 3521 4601 hoc
3540 4543 3615 4601 ab

1953 4676 2010 4728 et
2038 4691 2153 4729 non
2186 4672 2374 4744 magis
2405 4687 2746 4744 pervaseres
2777 4674 2835 4725 et
2865 4670 3191 4744 sacrilegos
3222 4670 3370 4744 tales
3401 4669 3612 4744 dixerit-

1956 4744 2235 4824 mus._Qui
2268 4735 2528 4824 etiarnsi
2563 4735 2830 4813 quaedam
2865 4735 3374 4824 habentvnegotia,
3393 4759 3508 4797 non
3540 4741 3613 4824 ad

1956 4814 2202 4872 concilia
2241 4812 2650 4886 episcoporum
2683 4829 2987 4869 occurrere
3016 4812 3475 4886 permittuntur,
3508 4812 3611 4868 sed

1955 4893 2157 4943 contra
2187 4883 2385 4941 sacros
2417 4883 2690 4952 canones,
2715 4889 2771 4941 et
2800 4883 3161 4957 venerabiles
3190 4883 3368 4957 leges,
3393 4885 3463 4957 ad
3490 4901 3613 4957 meze-

1954 4959 2240 5015 cularium
2282 4957 2607 5012 tribunalia
2654 4956 3093 5029 pertrahuntur,
3126 4972 3232 5010 nec
3254 4954 3614 5029 'suscipiunt

1955 5028 2285 5103 episcopale
2324 5025 2686 5103 institutum,
2708 5028 2818 5103 sed
2851 5027 3087 5103 illatum
3130 5030 3330 5103 contra
3379 5025 3611 5103 regulas

1955 5097 2237 5174 populare
2268 5101 2578 5174 incurrunt
2615 5099 2944 5174 judicium;
2979 5103 3036 5153 et
3074 5097 3432 5174 ipsismorte
3454 5097 3610 5174 prai-

1954 5167 2166 5239 ventis,
2193 5171 2420 5254 rapitur
2441 5171 2489 5253 si
2512 5167 2668 5253 quod
2693 5174 3052 5254 remanserat
3074 5167 3427 5254 subsidium.
3449 5167 3613 5252 Judi-

1956 5238 2167 5300 cantur
2198 5238 2375 5299 etiam
2398 5238 2655 5315 episcopi
2679 5258 2712 5295 a
2738 5240 3058 5315 lectoribus
3080 5238 3332 5315 et_laic_is
3362 5238 3612 5315 homini-

1956 5317 2069 5372 bus
2087 5332 2236 5387 quos
2267 5332 2382 5387 non
2406 5309 2664 5387 oportuit
2692 5312 2802 5367 nisi
2833 5310 3129 5387 canonicis
3150 5309 3401 5387 legibus,
3419 5314 3476 5365 et
3495 5327 3612 5387 me-

1955 5382 2326 5458 tropolitanis
2357 5382 2460 5458 aut
2500 5385 2670 5441 nobis
2711 5382 3118 5458 praesentibus,
3144 5382 3609 5458 saltem__exami-

1957 5453 2106 5525 nari,
2134 5458 2363 5513 dicente
2394 5457 2641 5513 Domino
2692 5453 2794 5529 per
2840 5453 3182 5529 prophetam
3218 5471 3229 5508 :
3263 5453 3439 5529 Nolite
3485 5461 3609 5529 tari-

1952 5524 2335 5603 gerechristos
2378 5545 2542 5603 meos,
2574 5524 2713 5603 etiﬁ
2740 5524 3181 5603 prophetismeis
3229 5525 3399 5603 nolite
3440 5524 3607 5603 mali:

1954 5597 2123 5673 bnari
2152 5601 2326 5670 (Psal.
2360 5599 2502 5667 CIV);
2536 5604 2593 5656 et
2622 5597 2886 5655 iterum:
2923 5599 3039 5730 gui
3073 5612 3165 5654 vos
3214 5597 3415 5671 tangit,
3448 5598 3609 5671 quasi

1955 5691 2052 5730 aui
2082 5680 2276 5730 tanoat
2302 5672 2573 5730 pupillam
2598 5671 2748 5730 oculi
2772 5672 2883 5730 mei
2912 5672 2927 5730 (
2972 5670 3092 5730 ach.
3124 5668 3207 5730 ιι).
3237 5668 3409 5730 Statu.

1955 5668 2052 5753 cui
2082 5668 2276 5747 tangat
2297 5672 2573 5750 pupillam
2598 5671 2748 5732 oculi
2772 5672 2883 5731 mei
2912 5668 3092 5747 (Zach.
3124 5668 3207 5745 ιι).
3237 5668 3409 5730 Stant.
