4126 6454
549 334 667 395 807

1927 330 2241 393 NICOLAI
2289 331 2387 390 PA
2398 331 2522 391 PIE
2567 332 2614 392 Ι.

3870 329 3999 391 808

538 467 681 523 aliis
706 485 883 541 quam
910 487 942 525 a
966 472 1123 524 certo
1154 467 1561 541 episcoporum
1592 482 1838 522 numero
1862 466 2043 533 fieret,
2070 480 2214 537 prae—
2242 464 2299 531 Α
2330 463 2579 521 libenter
2607 465 2861 521 attende.
2894 464 3210 521 Hortamur
3246 463 3403 520 enim
3442 462 3690 537 gloriam
3721 466 3919 531 tuam,
3943 466 4005 520 et

556 557 804 629 cepisse.
830 558 977 614 Nam
1002 557 1325 613 Nomenoio
1346 555 1674 612 consulenti
1708 554 1853 628 quid
1874 554 1945 610 de
1966 553 2219 626 Spiritus

550 647 738 701 sancti
758 647 914 719 grati
923 664 1019 703 am
1030 645 1506 703 venundantibus
1517 649 1807 717 oporteret
1824 643 1971 715 ﬁeri,
1987 659 2222 715 respon-

547 735 636 790 dit
659 735 801 792 nihil
830 736 1106 809 inquiens
1128 739 1339 808 praeter
1357 735 1514 807 quod
1539 733 1728 790 sancti
1755 750 2013 789 canones
2044 749 2221 804 super

546 822 642 880 bis
674 824 1044 898 praecipiunt,
1071 824 1232 897 ipsas
1266 822 1500 896 regulas
1533 822 1804 896 apicibus
1827 822 1951 877 suis
1973 822 2219 877 interse-

551 929 707 969 rens.
732 914 878 969 Nam
911 913 1181 986 qualiter,
1215 917 1275 968 et
1316 930 1350 969 a
1381 917 1547 985 quot,
1569 912 1659 967 vel
1692 930 1725 968 a
1755 912 1976 985 quibus
2027 910 2221 967 sanxit

547 1002 858 1075 episcopos
879 1002 1283 1068 condemnari,
1305 1002 1570 1058 scribens
1593 1002 1797 1057 eodem
1820 1006 2081 1074 tempore
2103 1001 2221 1055 Bri-

546 1090 798 1148 tannica;
826 1092 1083 1164 regionis
1121 1091 1419 1164 episcopis
1451 1092 1749 1147 evidenter
1794 1091 1948 1146 inter
1988 1093 2214 1158 caetera,

545 1186 613 1236 ut
642 1181 846 1236 eadem
878 1180 1008 1253 ipsa
1036 1182 1213 1236 verba
1244 1198 1558 1253 ponamus,
1580 1180 1855 1248 decrevit,
1885 1196 2049 1252 aeque
2070 1197 2213 1252 prae-

548 1269 773 1341 cipiens
797 1274 863 1326 ut
884 1270 1085 1325 omnia
1106 1270 1225 1325 sint
1246 1270 1305 1325 in
1328 1269 1592 1326 conciliis
1614 1269 2044 1342 episcOporum.
2068 1269 2214 1325 Nam

554 1357 1227 1414 nullamdamnationem
1242 1358 1649 1431 episcoporum
1662 1375 1791 1415 esse
1811 1373 2069 1429 unquam
2084 1374 2215 1413 cen-

559 1463 781 1514 semus,
806 1447 920 1502 nisi
974 1451 1077 1502 aut
1114 1451 1248 1503 ante
1278 1448 1423 1519 [ms.,
1449 1447 1561 1502 nisi
1592 1447 1653 1502 in
1683 1448 1837 1519 ante]
1882 1446 2212 1520 legitimum

557 1554 874 1594 numerum
896 1539 1329 1610 episcoporum,
1346 1537 1446 1609 qui
1467 1538 1531 1592 fit
1552 1554 1655 1610 per
1669 1538 1975 1593 duodecim
1993 1537 2214 1609 episco-

545 1644 672 1698 pos,
693 1632 796 1682 aut
841 1632 996 1682 certe
1050 1628 1293 1699 probata
1344 1627 1637 1682 sententia
1688 1644 1791 1699 per
1840 1626 2214 1700 septuaginta

542 1716 784 1772 idoneos
818 1716 1141 1788 testes,qui
1176 1716 1320 1772 tales
1352 1716 1489 1782 sint,
1523 1715 1623 1787 qui
1667 1721 1720 1771 et
1763 1733 2039 1771 accusare
2079 1734 2210 1787 pos-

544 1804 687 1872 sint,
714 1809 772 1860 et
804 1804 968 1876 prius
1000 1806 1071 1861 ad
1120 1822 1287 1860 sacra
1336 1804 1553 1861 Christi
1602 1810 1857 1878 quatuor
1896 1806 2207 1879 Evangelia

546 1900 918 1949 sacramenta
950 1898 1243 1966 praestent,
1272 1895 1426 1967 quod
1468 1894 1547 1949 nil
1590 1894 1801 1950 falsum
1834 1896 2202 1967 depromant,

541 1982 695 2037 sicut
727 1983 897 2038 nobis
928 1983 1137 2039 beatus
1169 1982 1464 2051 Silvester,
1490 1987 1547 2039 et
1592 1988 1795 2040 sancta
1825 1984 2089 2039 Romana
2119 1990 2201 2040 te-

540 2088 675 2127 nere
697 2071 927 2127 videtur
949 2071 1228 2128 Ecclesia.
1254 2075 1438 2140 Quam
1461 2078 1701 2129 secutus
1718 2074 1988 2129 decessor
2013 2091 2198 2142 meus,

538 2165 751 2215 sanctae
777 2161 1071 2216 memoria
1096 2161 1466 2229 Benedictus,
1483 2161 1622 2234 quia
1652 2167 1855 2217 contra
1877 2162 2201 2218 decessoris

537 2248 628 2304 sui
660 2250 981 2317 decretum,
1004 2267 1120 2305 non
1153 2250 1224 2304 ab
1256 2249 1567 2322 episcopis,
1590 2252 1690 2306 sed
1716 2268 1749 2305 a
1772 2250 1955 2318 laicis,
1982 2252 2201 2322 episeo-

536 2355 641 2411 pos
674 2338 731 2392 in
765 2339 1000 2411 regione
1032 2344 1131 2393 tua
1163 2345 1513 2412 cognoverat
1543 2356 1671 2395 esse
1716 2340 1991 2411 dejectos,
2015 2341 2201 2395 multa

536 2427 814 2483 mmstitia
864 2432 921 2483 et
978 2428 1383 2501 indignatione
1442 2429 1721 2501 repletus,
1750 2429 1982 2502 scripsit
2041 2432 2192 2501 quod

536 2515 700 2572 nulla
732 2518 879 2572 ratio
926 2516 1143 2573 sineret
1173 2518 1477 2590 episc0pos
1510 2536 1543 2572 a
1573 2519 1813 2573 sedibus
1863 2518 1988 2573 suis
2036 2520 2195 2591 pelli,

536 2620 685 2678 quos
716 2604 1111 2661 duodenarius
1146 2623 1432 2662 numerus
1466 2624 1580 2661 non
1627 2608 1913 2679 cjecisset.
1939 2608 2194 2671 Quorum

534 2693 784 2767 vestigia
812 2700 869 2750 et
907 2711 1014 2768 ego
1048 2711 1280 2768 quoque
1319 2701 1559 2752 secutus
1586 2696 1788 2753 eadem
1822 2698 2044 2767 censui,
2078 2698 2195 2753 imo

536 2786 593 2839 et
621 2799 851 2851 censeo,
887 2800 993 2839 nec
1024 2782 1206 2840 ullam
1256 2801 1428 2857 posse
1474 2784 1781 2858 episcopos
1813 2786 1904 2841 sui
1956 2785 2196 2844 honoris

538 2872 831 2928 sustinere
857 2873 1174 2945 jacturam,
1201 2890 1348 2946 quos
1380 2891 1495 2930 non
1521 2878 1751 2930 constat
1784 2874 1961 2932 fuisse
1991 2894 2026 2932 a
2055 2876 2195 2933 duo-

534 2960 722 3017 decim
755 2961 1065 3035 episcopis,
1100 2966 1385 3035 prazsente
1428 2962 1800 3035 primamque
1842 2965 2193 3022 sententiam

535 3049 980 3124 metropolitano
1011 3050 1283 3124 episcopo
1302 3052 1620 3118 obtinente,
1636 3068 1771 3107 cum
1793 3053 2195 3112 examinarent

534 3140 786 3195 auditos.
810 3140 917 3206 Qui
949 3140 1058 3195 etsi
1101 3141 1322 3196 crimen
1371 3141 1607 3214 aliquod
1653 3144 1904 3199 confessi
1937 3162 2065 3200 esse
2097 3145 2191 3200 di—

2329 571 2463 609 cum
2494 555 2787 626 aequivoco
2810 558 2910 610 tuo
2932 552 3374 626 sapientissimo
3396 552 3710 610 Salomone
3731 551 4004 610 dilectio-

2330 659 2464 698 nem
2486 647 2652 698 tuam
2674 644 3081 709 admonemus,
3105 642 3368 699 dicente:
3392 643 3557 709 Audi,
3584 643 3671 713 ﬁli
3696 644 3800 709 mi,
3826 641 4003 698 disci-

2323 732 2544 804 plinam
2580 734 2757 804 patris
2808 734 2912 798 tui,
2943 739 3090 788 etne
3118 732 3362 788 dimittas
3412 732 3585 801 legem
3632 732 3833 787 matris
3884 739 4004 789 tua:

2330 823 2509 893 (Prov.
2543 826 2605 890 ι).
2632 823 2704 893 (3,
2740 839 2796 894 q.
2829 823 2883 877 6.
2918 822 3045 879 ΙΙοτσ
3102 823 3302 894 quippe
3341 840 3359 877 :
3403 820 3503 877 ubi
3562 820 3685 876 haec
3743 819 4003 892 epistola

2325 910 2539 967 Joanni
2570 928 2733 984 papa:
2764 909 3090 981 tribuitur.)
3120 911 3250 966 Hec
3281 910 3501 982 quippe
3532 914 3672 966 sunt
3700 914 4004 982 precepta

2327 999 2428 1055 Dei
2461 1000 2649 1072 patris
2678 999 2784 1067 tui,
2810 1003 2867 1054 et
2897 999 3018 1055 hanc
3061 1002 3151 1056 est
3181 997 3273 1055 lex
3302 997 3572 1055 Ecclesia;
3610 1003 3822 1055 matris
3853 1003 3995 1055 tum.

2324 1089 2607 1144 Videlicet
2636 1093 2702 1145 ut
2721 1105 2927 1145 omnes
2949 1087 3255 1161 episcopos
3276 1088 3441 1161 regni
3473 1086 3560 1143 tui
3587 1087 3660 1143 ad
3682 1088 3996 1143 Turonen-

2326 1195 2452 1233 sem
2485 1178 2994 1250 archiepiscopum
3030 1177 3260 1233 mittere
3291 1195 3408 1232 non
3439 1176 3745 1243 detrectes,
3775 1177 3999 1248 ipsius-

2325 1284 2439 1339 que
2463 1266 2759 1338 judicium
2792 1266 3088 1339 postulare
3118 1284 3232 1321 non
3282 1265 3637 1339 dedigneris.
3664 1267 3796 1338 Ipse
3829 1266 3995 1321 enim

2324 1360 2414 1411 est
2462 1355 2971 1427 metropolitanus,
3005 1372 3329 1427 omnesque
3379 1354 3636 1427 episcopi
3686 1354 3855 1426 regni
3904 1353 3995 1409 tui

2323 1446 2451 1517 ejus
2484 1445 2837 1517 suﬂ‘raganei
2869 1448 3027 1512 sunt,
3054 1444 3208 1500 sicut
3251 1444 3715 1516 conscriptiones
3763 1444 3996 1516 praede-

2322 1551 2626 1591 cessorum
2660 1552 2925 1591 meorum
2950 1534 3246 1590 evidenter
3274 1534 3611 1597 ostendunt,
3636 1532 3736 1605 qui
3771 1534 3997 1605 praede-

2323 1641 2583 1679 cessores
2608 1628 2760 1691 tuos,
2778 1623 2915 1696 quia
2940 1623 3071 1679 illos
3088 1623 3160 1678 ab
3184 1623 3371 1695 ipsius
3387 1640 3526 1679 cura
3548 1623 3991 1688 subtraxerant,

2321 1714 2454 1769 forti
2478 1713 2803 1769 invectione
2834 1714 3124 1786 corripere
3158 1714 3551 1769 studuerunt:
3576 1712 3848 1784 quamvis
3881 1729 3990 1767 nec

2322 1807 2523 1859 nostra
2552 1802 2771 1875 scripta
2804 1819 2980 1875 super
2999 1802 3105 1857 hac
3128 1818 3189 1857 re
3221 1801 3404 1857 missa
3424 1802 3626 1857 deesse
3645 1800 3985 1857 videantur.

2312 1893 2575 1963 Cumque
2620 1908 2818 1946 coram
2880 1890 3230 1963 prazsignato
3277 1888 3643 1946 Tuaonensis
3701 1888 3981 1946 Ecclesiae

2312 1980 2581 2053 praesule,
2607 1985 2663 2035 et
2693 1980 2920 2052 integro
2952 1997 3197 2035 numero
3221 1979 3599 2052 collegarum,
3622 1978 3682 2034 id
3712 1984 3803 2035 est
3834 1980 3983 2034 duo-

2313 2070 2501 2125 decim
2564 2075 2973 2141 episcoporum
3032 2068 3320 2125 celebrato
3381 2072 3696 2135 conventu,
3755 2068 3986 2124 fuerint

2311 2159 2474 2231 ejecti
2500 2159 2756 2231 episcopi
2788 2158 3133 2232 regulariter
3153 2158 3492 2226 examinati,
3518 2157 3979 2231 apparueritque

2310 2249 2465 2319 quod
2499 2248 2776 2302 canonice
2799 2247 3016 2303 fuerint
3045 2247 3235 2318 ejecti,
3259 2246 3405 2318 ipsis
3433 2246 3492 2302 in
3522 2264 3630 2303 sua
3650 2248 3982 2319 dejectione

2313 2337 2711 2402 manentibus,
2753 2336 3091 2408 quicunque
3124 2338 3181 2391 in
3226 2336 3368 2392 locis
3401 2354 3603 2391 eorum
3651 2336 3979 2393 consecrati

2310 2430 2470 2493 sunt,
2505 2430 2780 2498 poterunt
2824 2428 3028 2498 utique
3077 2425 3451 2498 episcopatus
3500 2425 3718 2482 honore
3776 2426 3977 2499 potiri.

2308 2515 2469 2578 Quod
2504 2515 2551 2570 si
2584 2515 2753 2587 ejecti
2805 2514 3064 2588 episcopi
3117 2516 3379 2570 insontes
3412 2515 3627 2571 fuerint
3671 2514 3976 2573 declaratii

2305 2604 2398 2659 his
2430 2605 2645 2660 amotis
2677 2606 2779 2676 qui
2812 2603 2930 2659 illis
2975 2604 3278 2677 subrogati
3324 2610 3485 2672 sunt,
3511 2603 3797 2659 Ecclesias
3831 2622 3976 2660 suas

2305 2693 2418 2765 ipsi
2451 2693 2757 2766 recipiant.
2784 2695 2929 2751 Nam
2953 2710 3087 2750 cum
3123 2700 3523 2749 antecessores
3547 2694 3660 2749 mei
3692 2693 3814 2765 [ma
3843 2694 3972 2750 add.

2307 2783 2577 2854 Romani]
2611 2783 2896 2855 praesules
2927 2782 3271 2856 ejectionem
3299 2801 3503 2839 eorum
3536 2782 3973 2855 episcoporum,

2305 2872 2406 2946 qui
2438 2873 2510 2927 ab
2542 2872 2819 2928 Ecclesiis
2851 2872 2977 2929 suis
3008 2872 3237 2945 expulsi
3269 2876 3425 2937 sunt,
3451 2889 3568 2928 non
3600 2872 3973 2939 admiserint,

2303 2979 2409 3018 nec
2440 2961 2889 3034 approbaverint
2911 2959 3059 3036 (me,
3084 2961 3453 3017 admiserunt
3472 2978 3579 3017 nec
3608 2962 3967 3034 approbave-

2304 3052 2483 3123 runt],
2518 3069 2623 3107 nec
2654 3052 2835 3124 ipsos,
2863 3052 2963 3123 qui
2993 3052 3077 3109 eis
3108 3050 3407 3124 subrogati
3439 3055 3597 3120 sunt,
3630 3051 3964 3107 viventibus

2304 3140 2442 3206 illis,
2479 3140 2773 3213 legitimos
2803 3141 3108 3214 episcopos
3138 3140 3427 3196 dixerunt.
3451 3140 3602 3196 Sane
3632 3139 3681 3195 si
3714 3140 3859 3195 forte
3885 3141 3961 3195 ad

534 3234 766 3295 cuntur,
782 3234 973 3301 potest
1003 3230 1156 3286 credi
1180 3232 1336 3302 quod
1358 3231 1409 3284 vi
1435 3231 1521 3286 vel
1553 3232 1863 3288 formidine
1890 3235 2027 3290 fassi
2060 3238 2190 3290 tan-
2222 3210 2265 3277 C
2304 3231 2705 3286 Turonensem
2759 3229 3265 3302 archiepiscopum
3319 3230 3548 3285 mittere
3598 3229 3959 3303 dedignaris,

531 3322 744 3383 tum,et
774 3335 887 3374 non
919 3320 1168 3375 confessi
1194 3320 1410 3376 fuerint
1438 3322 1593 3393 quod
1628 3339 1740 3377 non
1775 3322 2196 3396 fecerant,quia

534 3407 808 3462 videbant
838 3406 1019 3463 laicos
1051 3412 1105 3463 et
1138 3408 1447 3464 saeculares
1473 3425 1736 3481 quosque
1755 3427 1873 3465 una
1897 3427 2031 3465 cum
2062 3428 2194 3485 rege

534 3500 738 3551 contra
770 3512 830 3552 se
862 3497 1459 3569 conspirantes,quod
1489 3514 1595 3553 nec
1626 3497 1832 3554 saltem
1865 3500 2189 3556 audierant.

534 3584 837 3657 Siquidem
869 3586 970 3657 qui
1016 3603 1113 3642 ore
1170 3590 1506 3653 tantum,et
1566 3603 1681 3642 non
1740 3590 1913 3643 corde
1973 3591 2194 3661 profert

535 3674 690 3746 quod
723 3673 882 3742 dicit,
929 3692 1042 3730 non
1084 3676 1412 3742 confitetur,
1453 3677 1551 3731 sed
1584 3676 1843 3748 loquitur
1874 3697 1890 3732 :
1924 3679 2191 3751 quamvis

534 3780 650 3819 non
683 3762 950 3818 videatur
971 3764 1136 3834 justa
1157 3765 1465 3832 confessio,
1493 3782 1619 3837 quae
1643 3784 1754 3821 non
1780 3767 2039 3840 legitimo
2062 3787 2191 3843 pro-

533 3854 776 3906 vocatur
832 3851 1119 3909 examine.
1156 3857 1231 3908 De
1282 3852 1547 3908 Gislardo
1579 3857 1772 3909 autem
1831 3861 1887 3911 et
1939 3859 2188 3914 Actardo

535 3940 939 4012 [ms.,Aitardo
974 3950 1026 3997 et
1061 3943 1142 3997 sic
1188 3942 1408 4013 ubique]
1451 3942 1740 4017 episcopis
1780 3946 2189 4012 [Nannetcnsi-

534 4029 689 4100 bus],
713 4030 783 4084 de
816 4029 1033 4102 quibus
1079 4032 1391 4104 scripsisti,
1416 4032 1602 4089 multo
1652 4033 1841 4102 aliter,
1870 4053 2044 4108 quam
2087 4042 2191 4093 tua

535 4119 823 4175 referebat
878 4120 1145 4191 epistola,
1192 4120 1252 4177 in
1312 4122 1527 4177 scrinio
1584 4127 1784 4178 nostro
1842 4125 2185 4197 reperimus.

535 4208 693 4264 Licet
722 4226 836 4265 non
870 4209 1017 4266 bene
1061 4210 1235 4266 faciat
1263 4212 1570 4278 Actardus,
1597 4212 1735 4283 quia
1764 4213 1954 4270 denuo
1986 4233 2188 4273 conse-

532 4302 657 4353 crat
682 4314 830 4371 quos
861 4298 1169 4355 Gislardus
1213 4299 1271 4355 in
1304 4317 1371 4355 eo
1403 4301 1590 4373 gradu
1637 4301 2005 4374 dignoscitur
2031 4306 2188 4361 ordi-

534 4404 707 4443 nasse
734 4404 747 4442 :
774 4393 970 4444 tamen
1008 4390 1299 4445 Actardus
1328 4390 1624 4446 invenitur
1671 4396 1804 4447 ante
1853 4391 2187 4451 Gislardum

531 4475 904 4548 episcopatus
934 4478 1191 4534 officium
1216 4480 1568 4552 suscepisse.
1597 4479 1853 4553 Denique
1885 4484 2187 4541 sanctissi-

2302 3320 2474 3375 stude
2496 3321 2643 3375 duos
2666 3319 2969 3392 episcopos
2993 3320 3062 3375 de
3094 3318 3374 3392 expulsis,
3398 3324 3456 3374 et
3486 3319 3633 3375 duos
3657 3320 3727 3375 de
3757 3320 3962 3375 subro-

2301 3410 2477 3482 gatis,
2502 3426 2620 3464 una
2649 3426 2785 3465 cum
2829 3408 3025 3481 gloriae
3066 3413 3178 3464 tuae
3232 3406 3442 3482 legato,
3473 3408 3545 3464 ad
3576 3408 3961 3481 apostolicam

2302 3500 2500 3554 sedem
2523 3498 2678 3553 beati
2710 3498 2861 3553 Petri
2888 3498 3425 3566 transmittere,ubi
3453 3498 3632 3571 digna
3659 3497 3962 3553 examina-

2300 3588 2457 3643 tione
2479 3588 2801 3660 preemissa,
2828 3588 2928 3660 qui
2959 3586 3204 3660 legitimi
3228 3586 3486 3660 episcopi
3512 3588 3632 3643 sint
3654 3593 3956 3660 appareat,

2301 3682 2358 3732 et
2388 3694 2523 3733 suas
2558 3676 2845 3731 Ecclesias
2884 3676 3283 3750 irregulariter
3325 3695 3441 3732 non
3471 3676 3762 3733 amittant.
3797 3677 3958 3733 Nihil

2299 3767 2456 3823 enim
2489 3765 2647 3821 aliud
2681 3769 2769 3821 est
2791 3766 2944 3838 quod
2976 3765 3033 3820 in
3059 3767 3328 3837 praesenti
3353 3766 3581 3839 negetio
3605 3765 3839 3840 penitus
3862 3766 3960 3822 de-

2301 3855 2452 3910 finiri
2478 3854 2681 3927 possit.
2701 3854 2847 3918 Quia
2874 3872 3007 3910 vero
3040 3872 3257 3928 magna
3285 3855 3420 3927 quis
3451 3855 3527 3910 sit
3558 3855 3958 3928 metropolita-

2300 3962 2412 4000 nus
2433 3944 2587 4015 apud
2612 3944 2921 4000 Britannos
2938 3944 3233 4000 contentio
3257 3948 3367 4015 est,
3392 3944 3529 4000 licet
3554 3944 3717 4000 nulla
3741 3962 3959 4001 memo-

2298 4034 2386 4089 ria
2407 4034 2617 4101 sit,vos
2648 4033 2707 4087 in
2737 4037 2929 4089 vestra
2958 4034 3193 4107 regione
3216 4033 3394 4089 ullam
3428 4034 3708 4090 habuisse
3739 4039 3957 4091 metro-

2299 4122 2618 4196 politanam
2652 4121 2798 4195 [ms.,
2843 4121 3239 4197 metropolim]
3284 4122 3613 4192 ecclesiam,
3647 4128 3843 4179 tamen
3903 4124 3954 4180 si

2296 4211 2461 4277 libet,
2484 4215 2795 4283 postquam
2830 4211 2983 4266 Deus
3029 4211 3181 4266 inter
3209 4229 3310 4268 vos
3355 4229 3557 4285 pacem
3588 4217 3645 4267 et
3673 4211 3956 4270 dilectum

2297 4300 2486 4357 filium
2511 4306 2777 4356 nostrum
2791 4300 3065 4357 Garolum
3086 4300 3412 4374 gloriosum
3433 4302 3768 4371 constituet,
3786 4301 3959 4358 facile

2296 4390 2407 4445 hoc
2448 4388 2715 4462 poteritis
2765 4390 3081 4446 advertere.
3117 4391 3279 4457 Quod
3329 4389 3381 4447 si
3429 4390 3572 4446 adeo
3622 4389 3765 4464 [ms.,
3799 4390 3956 4465 ideo]

2297 4478 2723 4535 contentiosius
2746 4479 3039 4552 agendum
3063 4479 3321 4548 creditis,
3342 4479 3415 4535 ad
3438 4484 3707 4535 nostrum
3729 4485 3958 4553 aposto-

536 4582 671 4621 mus
694 4566 806 4621 Leo
825 4583 976 4639 papa
996 4568 1314 4624 Nomenoio
1344 4569 1628 4637 scribens,
1654 4569 1805 4625 inter
1825 4576 2030 4627 caetera
2051 4590 2188 4645 prae.
2219 4589 2267 4655 D
2299 4568 2483 4625 latum
2512 4567 2805 4624 destinare
2834 4568 3165 4624 contendite
3192 4574 3516 4641 :quatenus
3546 4573 3745 4625 nostro
3775 4568 3956 4626 libra-

534 4652 773 4726 cipuum
805 4654 993 4711 virum
1025 4658 1341 4713 Actardum
1382 4656 1659 4729 appellat,
1682 4663 1739 4714 et
1771 4659 1925 4715 hunc
1976 4679 2187 4720 sanum

532 4760 760 4816 sapere,
789 4749 846 4800 et
875 4762 1087 4801 sanum
1133 4748 1358 4814 docere,
1391 4746 1579 4803 vivere
1611 4765 1677 4803 ac
1718 4766 2057 4821 permanere
2089 4754 2187 4810 de-

532 4832 766 4890 nuntiat
791 4852 804 4891 :
829 4834 1164 4891 Gislardum
1186 4853 1319 4891 vero
1349 4840 1629 4908 tanquam
1661 4839 1921 4910 praedicti
1951 4843 2189 4899 Actardi

532 4922 803 4979 sedulum
828 4924 1155 4980 invasorem
1181 4925 1436 4981 denotat.
1463 4926 1565 4981 His
1592 4942 1727 4998 ergo
1749 4944 1815 4983 ac
1845 4928 2188 5001 hujusmodi

531 5015 961 5081 controversiis,
1004 5031 1070 5071 ac
1115 5014 1561 5071 difﬁcultatibus
1606 5019 1988 5088 enumeratis,
2023 5025 2080 5076 et
2107 5021 2189 5077 ita

532 5103 797 5174 repertis,
832 5103 1152 5173 habitis,ac
1185 5105 1519 5177 compertis,
1540 5123 1656 5161 non
1691 5123 2009 5178 possumus
2032 5128 2066 5166 a
2098 5129 2187 5167 rc-

530 5190 671 5262 gula
699 5198 1037 5249 sanctorum
1070 5200 1329 5267 patrum,
1362 5200 1463 5250 aut
1493 5213 1528 5251 a
1558 5195 1713 5251 sedis
1745 5196 1924 5269 hujus
1956 5199 2186 5255 institu-

530 5278 793 5337 tionibus
834 5283 1093 5339 tndebite
1127 5290 1269 5351 (ma,
1306 5288 1373 5339 ut
1403 5301 1437 5339 a
1467 5283 1624 5340 sedis
1655 5290 1768 5340 tuas
1802 5286 2186 5344 institutioni-

530 5370 644 5425 bus
673 5386 907 5444 quoque
938 5373 1364 5447 indebite.etc.]
1396 5373 1708 5429 declinare.
1747 5375 1856 5430 Sed
1889 5377 1936 5431 si
1967 5377 2054 5433 vis
2085 5379 2185 5435 Dei

531 5459 949 5532 omnipotentis
980 5463 1446 5520 benedictionem
1475 5463 1792 5535 percipere,
1825 5464 1910 5519 vel
1946 5466 1994 5522 si
2024 5485 2184 5525 vera-

531 5549 678 5606 citer
698 5556 898 5610 nostra
915 5552 1191 5626 consequi
1217 5557 1505 5625 praecepta
1535 5552 1856 5622 desideras,
1873 5555 2185 5615 consilium

533 5654 732 5702 meum
755 5643 971 5719 accipe,
987 5649 1045 5703 et
1065 5642 1220 5718 quod
1245 5640 1350 5701 tibi
1379 5657 1483 5718 per
1511 5641 1665 5701 hanc
1695 5642 1971 5717 paginam
1993 5646 2184 5707 indico

2300 4658 2617 4729 mine,quaz
2649 4656 2824 4712 fuerit
2872 4658 3024 4729 apud
3059 4674 3163 4713 vos
3206 4658 3535 4729 antiquitus
3565 4658 3951 4731 archiepisco-

2298 4747 2450 4819 palis
2481 4746 2747 4814 ecclesia,
2780 4746 2910 4802 luce
2950 4745 3167 4803 clarius
3206 4747 3553 4817 innotescat,
3578 4751 3635 4803 et
3677 4748 3954 4822 deinceps

2299 4836 2459 4894 omni
2482 4834 2864 4909 ambiguitate
2892 4835 3278 4909 recisa,quem
3301 4836 3468 4910 sequi
3493 4837 3751 4911 episcopi
3773 4837 3954 4893 vestri

2298 4927 2565 4993 debeant,
2585 4924 2992 4981 incunctanter
3012 4931 3352 4999 agnoscant.
3373 4926 3572 4998 Neque
3587 4926 3744 4983 enim
3762 4925 3954 4984 Eccle-

2298 5017 2417 5073 sias
2430 5014 2661 5070 Domini
2683 5031 2785 5087 per
2798 5013 3150 5070 discordiam
3171 5032 3374 5087 regum
3389 5015 3705 5072 divisiones
3720 5015 3952 5089 aliquas

2296 5105 2415 5178 pati
2429 5104 2515 5160 vel
2538 5104 2754 5159 damna
2767 5101 2914 5177 (ma,
2931 5103 3397 5175 perdiscordiam
3416 5120 3621 5178 regum
3634 5105 3951 5163 divisiones

2296 5194 2493 5267 aliqua
2516 5193 2635 5266 pati
2658 5192 2897 5266 damna]
2924 5210 3160 5249 necesse
3182 5198 3269 5249 est
3293 5211 3305 5250 :
3332 5211 3466 5251 cum
3489 5199 3776 5267 quantum
3800 5211 3868 5251 ex
3888 5213 3950 5253 se

2295 5290 2385 5341 est
2415 5300 2637 5356 pacem,
2664 5299 2841 5354 quam
2873 5282 3211 5354 praedicant,
3240 5301 3471 5340 servare
3499 5285 3774 5341 studeant
3803 5284 3949 5341 invi-

2296 5392 2443 5442 cem,
2467 5372 2603 5427 etin
2644 5388 2868 5427 omnes.
2895 5372 2996 5427 His
3030 5372 3110 5427 ita
3142 5372 3479 5445 pralibatis,
3504 5390 3609 5446 per
3658 5390 3764 5430 nos
3783 5380 3949 5431 tuam

2295 5464 2442 5521 scire
2474 5460 2745 5517 volumus
2767 5460 3187 5531 excellentiam,
3204 5462 3343 5535 quia
3369 5462 3417 5519 si
3441 5462 3661 5520 nostris
3686 5464 3951 5541 paternis

2296 5552 2536 5611 monitis
2568 5549 2875 5617 obedieris,
2909 5556 2967 5607 et
3010 5555 3131 5608 tam
3178 5552 3251 5609 de
3299 5553 3434 5624 jure
3492 5552 3946 5627 metropolitani,

2297 5659 2471 5723 quam
2496 5642 2566 5699 de
2588 5641 2960 5701 renovatione
2990 5640 3275 5701 examinis
3305 5642 3623 5717 ejeotorum
3646 5642 3948 5721 episcOpo-
