4126 6464
184 406 303 468 813

1402 407 1808 472 EPISTOLIE
1851 408 1952 473 ET
1994 410 2355 475 DECRETA
2371 456 2386 473 .

3483 415 3601 478 su
3626 398 3629 399 ί

255 540 384 593 llaec
414 538 672 594 breuiter
701 555 804 611 pro
830 538 1000 594 Celeri
1034 544 1242 595 uestra
1291 542 1669 613 exposuimus
1704 560 1833 615 por-
1866 545 1917 611 Α
1944 545 2218 611 Ecclesim
2253 544 2851 616 Bcllovacensisjuris
2883 545 3064 601 fuisse
3095 547 3452 604 omnimodis
3473 565 3602 622 pro-

183 628 375 684 titoris
405 627 662 700 epistolae
697 627 1062 695 necessitate,
1098 629 1199 702 qui
1231 631 1479 686 festinus
1507 638 1734 687 uestros
1758 651 1839 688 re.

183 734 380 774 meare
411 717 686 790 cupiebat
714 718 787 772 ad
818 718 1003 787 ﬁnes;
1039 722 1096 774 et
1128 735 1231 791 pro
1264 720 1623 790 quibusdam
1656 720 1838 776 eccle-

181 805 438 862 siasticis
473 805 848 873 utilitatibus,
883 806 943 862 in
994 808 1210 880 quibus
1256 809 1523 881 occupati
1575 826 1833 864 eramus.

181 896 451 970 Congruo
483 912 587 967 pro
630 895 846 967 quibus
868 900 1127 968 tempore
1167 896 1444 953 idoneum
1460 897 1836 971 uestralega-

180 990 305 1041 tum
341 984 723 1041 beatitudinis
774 988 949 1056 atque
999 985 1195 1059 apices
1250 990 1449 1042 nostro
1494 986 1834 1058 prasulatui

179 1073 474 1130 destinare
504 1072 751 1147 satagite
778 1092 790 1142 ;
825 1076 883 1130 et
909 1078 1048 1129 tunc
1080 1074 1313 1147 plenius
1365 1075 1603 1148 perfecti
1646 1092 1835 1148 usque

179 1164 250 1220 de
280 1163 373 1219 his
404 1163 701 1232 omnibus,
735 1180 991 1235 superna
1040 1163 1285 1219 inuante
1334 1165 1544 1237 gratia,
1577 1165 1835 1237 promul-

176 1269 315 1327 gare
346 1253 676 1322 studemus,
713 1257 1039 1325 uestraque
1072 1254 1371 1309 sanctitati
1423 1252 1675 1326 dirigere
1706 1271 1834 1325 pro-

176 1359 475 1397 curamus.
511 1341 797 1414 Optamus
819 1342 1196 1398 sanctitatem
1218 1346 1475 1399 uestram
1508 1343 1566 1397 in
1599 1342 1832 1399 Christo

172 1448 330 1487 nunc
359 1435 418 1487 et
446 1447 682 1503 semper
710 1431 857 1487 bene
884 1431 1102 1487 ualere.

882 1547 1132 1604 XXVIII.

176 1653 402 1693 NICOLAI
453 1653 471 1691 Ῑ
514 1653 885 1693 PRIVILEGIUM
926 1653 1038 1692 PRO
1088 1654 1347 1693 ECCLESIA
1396 1651 1825 1693 BELLOVACENSI.

821 1735 1010 1805 (Anno
1042 1736 1192 1804 863.)

166 1843 433 1899 Ecclesiae
462 1842 833 1898 Bellovacensi
878 1841 1165 1912 conﬁrmat
1210 1843 1551 1896 monasteria
1585 1841 1829 1896 Oratorii

338 1922 391 1969 et
416 1915 680 1979 Flaviaci,
715 1930 749 1968 a
779 1912 970 1969 Carolo
1004 1914 1179 1969 Calvo
1207 1929 1338 1982 rege
1376 1928 1650 1968 concessu.

197 2031 299 2099 [Ex
323 2028 511 2086 Gallia
540 2028 889 2095 Christiana,
920 2032 1063 2083 tom.
1095 2028 1160 2097 X,
1191 2027 1343 2084 inter
1380 2031 1789 2098 instrumenta]

238 2146 524 2204 NICOLAUS
554 2146 884 2219 episcopus,
917 2162 1120 2202 servus
1167 2162 1468 2201 servorum
1502 2145 1622 2213 Dei,
1659 2161 1816 2200 reve-

161 2236 519 2292 rendissimo
550 2239 608 2292 et
651 2234 1023 2291 sanctissimo
1081 2235 1277 2291 Ooom.
1304 2234 1598 2306 episcopo,
1631 2238 1687 2288 et
1718 2250 1819 2305 per

158 2330 223 2381 te
252 2323 615 2382 charissima
662 2323 1056 2380 Bellovacensi
1096 2322 1385 2390 Ecclesia,
1442 2322 1695 2378 salutem
1754 2322 1812 2376 in

160 2400 552 2489 perpetuum:

242 2504 585 2575 Quicunque
617 2502 674 2557 in
729 2502 911 2575 hujus
958 2501 1210 2557 labentis
1261 2501 1456 2557 saculi
1512 2502 1728 2557 fuerint
1757 2500 1813 2555 in

164 2591 370 2664 aliquo
401 2589 621 2647 detenti
653 2591 1013 2654 discrimine,
1046 2608 1119 2646 ne
1153 2590 1312 2647 velut
1367 2590 1425 2645 in
1478 2590 1817 2645 ﬂuctuantis

167 2682 354 2737 maris
387 2680 630 2753 pelagus
660 2680 884 2736 viribus
907 2680 1236 2734 infirmitati
1270 2679 1577 2734 infeliciter
1607 2681 1827 2734 demer-

173 2775 412 2844 gantur,
447 2769 679 2825 nullum
725 2769 940 2825 melius
995 2786 1113 2824 sua
1165 2775 1413 2841 possunt
1458 2769 1827 2823 infirmitatis

173 2860 439 2915 invenire
472 2857 843 2914 salutiferum
862 2862 1094 2930 portum
1128 2876 1303 2930 quam
1330 2858 1824 2921 sedcmillius,cui

172 2948 371 3004 divino
401 2947 637 3004 oraculo
666 2947 887 3002 dictum
919 2952 1044 3002 est:
1082 2949 1156 3002 Tu
1201 2948 1507 3018 aliquando
1536 2963 1828 3001 conversus

171 3037 440 3108 conﬁrma
468 3039 674 3108 fratres
705 3043 845 3091 tuos.
891 3035 1056 3090 Unde
1104 3035 1244 3106 quia
1301 3052 1406 3090 nos
1462 3036 1636 3090 vicem
1672 3035 1831 3089 illius

170 3143 281 3199 per
311 3125 740 3182 abundantiam
770 3141 1037 3197 supernae
1066 3123 1268 3197 gratia
1330 3124 1389 3179 in
1447 3128 1569 3179 tota
1616 3124 1832 3180 Christi

169 3213 490 3271 universali
505 3214 763 3270 Ecclesia
784 3214 1358 3287 gerimus,debemus
1382 3212 1648 3269 omnium
1673 3213 1832 3267 infir-

1951 636 2141 690 batur.
2176 636 2309 699 Qua
2358 639 2556 690 tamen
2612 635 2993 705 monasteria,
3037 639 3095 692 et
3151 637 3315 709 prius
3362 637 3599 710 quidem

1951 740 2128 795 quam
2163 724 2547 779 sacularibus
2594 723 2805 779 collata
2848 723 3101 791 fuerant,
3134 730 3372 798 propter
3412 727 3599 783 civilis

1948 812 2252 868 discordia
2285 811 2633 869 seditionem
2660 830 2775 869 non
2802 830 3009 889 parum
3028 814 3261 870 fuerant
3278 815 3598 882 destructa,

1946 905 2002 957 et
2034 918 2190 956 nunc
2236 905 2477 974 propter
2523 900 2890 957 barbaricam
2936 901 3332 959 incursionem
3364 903 3600 976 penitus

1947 994 2087 1046 sunt
2115 1007 2333 1058 eversa,
2366 991 2511 1046 adeo
2545 995 2608 1045 ut
2638 1007 2756 1045 non
2799 989 2989 1046 solum
3023 992 3199 1047 rebus
3223 991 3450 1063 privata
3479 992 3600 1049 sint

1943 1072 2090 1151 prop
2097 1079 2422 1145 riis,verum
2440 1080 2853 1135 canonicorum
2867 1097 3288 1153 sacrarumque
3301 1080 3599 1154 virginum

1943 1166 2181 1234 chorus,
2213 1168 2315 1241 qui
2346 1169 2510 1241 prius
2534 1167 2651 1223 illic
2673 1168 3172 1240 habitaverant,ex
3193 1170 3447 1225 maximo
3462 1170 3598 1225 inde

1943 1257 2020 1312 sit
2042 1256 2298 1326 ablatus,
2325 1264 2383 1312 et
2412 1256 2661 1313 ecclesia
2690 1262 2927 1330 totaque
2974 1258 3219 1314 adificia
3270 1257 3447 1314 simul
3478 1259 3599 1314 sint

1943 1346 2260 1415 destructa,
2295 1363 2400 1402 nec
2433 1363 2566 1417 spes
2596 1345 2718 1401 ulla
2739 1350 2919 1403 restat
2932 1346 3319 1403 restitutionis
3339 1346 3592 1414 illorum,

1940 1435 1991 1491 si
2022 1434 2112 1491 vel
2143 1434 2402 1507 reposita
2436 1434 2671 1502 fuerint,
2704 1435 2763 1489 in
2797 1434 3165 1498 saecularium
3199 1435 3523 1508 manus,vel
3547 1434 3597 1493 si

1944 1525 2167 1596 absque
2197 1528 2430 1596 pastore
2461 1523 2856 1579 ecclesiastico
2896 1523 3178 1598 degerint,
3212 1528 3277 1581 ut
3308 1524 3595 1581 hactenus

1941 1613 2204 1669 fuerunt.
2237 1613 2401 1669 Unde
2433 1617 2534 1669 tua
2553 1613 2721 1685 petiit
2747 1613 3255 1683 venerabilitas,ut
3284 1614 3355 1670 de
3383 1613 3592 1670 iisdem

1941 1702 2057 1758 sibi
2090 1702 2462 1759 monasteriis
2493 1701 2748 1758 ecclesia
2791 1706 2906 1758 tua
2956 1701 3328 1775 privilegium
3379 1705 3590 1758 nostra

1938 1791 2304 1856 auctoritatis
2344 1792 2526 1859 ﬁeret,
2578 1796 2635 1847 et
2692 1808 2798 1848 nec
2853 1790 2973 1847 tuis
3023 1807 3129 1847 nec
3179 1807 3594 1848 successorum

1937 1885 2172 1937 tuorum
2201 1880 2567 1953 temporibus
2596 1880 2813 1936 auferri
2838 1881 2912 1936 ab
2933 1879 3182 1937 ecclesia
3202 1879 3594 1936 Bellovacensi

1930 1969 2137 2042 possit.
2169 1968 2493 2025 lnsinuavit
2507 1986 2739 2041 quoque
2757 1986 2935 2041 super
2954 1969 3157 2025 eadem
3171 1985 3233 2025 re
3254 1969 3425 2026 nobis
3445 1968 3595 2041 peti-

1926 2060 2117 2115 tiones
2147 2058 2560 2132 gloricsissimi
2594 2063 2653 2114 et
2682 2057 3015 2114 charissimi
3046 2058 3150 2112 {iiii
3187 2058 3371 2114 nostri
3402 2056 3592 2113 Caroli

1926 2148 2081 2220 regis
2093 2147 2366 2203 similiter
2376 2146 3141 2220 efﬂagitantis.Quapropter
3152 2146 3591 2204 considerantes

1921 2239 2146 2309 justam
2180 2236 2458 2309 piamque
2491 2236 2610 2291 fore
2640 2236 3308 2308 petitionem.quatenus
3330 2239 3388 2291 et
3409 2234 3588 2291 eccle-

1927 2326 2015 2381 sia
2028 2324 2358 2381 Bellovacen
2366 2323 2447 2379 sis
2459 2322 2875 2379 devastationis
2889 2323 3156 2380 subsidia
3169 2341 3283 2380 non
3298 2324 3589 2396 deessent,

1928 2418 1985 2469 et
2026 2414 2267 2486 prafata
2323 2413 2681 2469 monasteria
2738 2411 3035 2485 religionis
3093 2413 3297 2469 ordine
3355 2413 3592 2486 penitus

1927 2503 2259 2576 cxspoliata
2282 2512 2396 2559 non
2427 2506 2752 2569 manerent,
2785 2503 3149 2558 decrevimus
3168 2502 3292 2558 fieri
3315 2502 3470 2575 quod
3493 2519 3592 2575 po-

1934 2593 2293 2661 stulabatur,
2327 2597 2385 2649 et
2410 2590 2731 2663 apostolica
2778 2590 3126 2648 auctoritate
3175 2591 3495 2648 statuimus
3524 2597 3591 2647 ut

1936 2701 2051 2755 pra
2061 2684 2176 2738 fata
2193 2680 2803 2747 monasteria,scilicet
2818 2681 3145 2736 Flaviacum
3162 2685 3217 2737 et
3229 2680 3585 2749 Oratorium,

1937 2771 2295 2844 benignitate
2308 2771 2492 2825 Caroli
2508 2769 2742 2843 gloriosi
2760 2770 2913 2843 regis
2928 2770 3315 2825 Bellovacensi
3330 2770 3584 2826 ecclesia

1937 2861 2166 2926 collata,
2200 2878 2333 2915 cum
2365 2860 2642 2915 omnibus
2674 2876 2801 2930 qua
2833 2860 3137 2931 possident
3157 2858 3412 2915 ecclesia
3444 2877 3583 2931 pra-

1937 2953 2067 3006 fata
2096 2949 2392 3022 perpetuis
2423 2953 2479 3004 et
2511 2949 2724 3004 futuris
2753 2949 3120 3021 temporibus
3150 2953 3428 3022 perpetuo
3460 2966 3586 3004 ma-

1939 3057 2077 3095 nere
2108 3039 2391 3108 subjecta,
2425 3054 2530 3092 nec
2564 3038 2637 3091 ab
2678 3036 2799 3092 ulla
2829 3037 3105 3110 deinceps
3153 3037 3242 3094 vel
3292 3037 3470 3111 regali
3500 3038 3589 3094 vel

1932 3126 2201 3200 judiciali
2232 3125 2667 3199 potestate,sive
2698 3126 2767 3181 de
2790 3130 3081 3198 potestate
3110 3130 3212 3182 tua
3240 3127 3342 3198 qui
3366 3127 3591 3199 impra-

1942 3217 2265 3273 sentiarum
2299 3215 2564 3287 ejusdem
2597 3214 2854 3271 ecclesia
2877 3215 3187 3287 episcopus
3203 3231 3332 3271 esse
3357 3215 3594 3288 dignos-

172 3302 1678 3369 mantiumimbecilllitatibussubvenire,etmanum
1702 3320 1835 3357 con-
1866 3288 1909 3354 C
1943 3306 2239 3374 ceris,sive
2271 3321 2679 3360 successorum
2699 3308 2938 3360 tuorum
2968 3303 3301 3359 antistitum
3333 3303 3592 3360 ecclesia

172 3392 533 3449 ﬁrmationis
560 3397 773 3448 nostra
830 3391 1069 3448 omnino
1128 3391 1327 3447 libenti
1371 3391 1683 3464 porrigere.
1718 3392 1828 3447 Sed

173 3482 460 3556 quoniam
491 3482 777 3538 sanctitas
808 3485 912 3537 tua
941 3480 1141 3537 retulit
1172 3498 1238 3537 ac
1269 3481 1570 3554 suggessit
1599 3485 1831 3553 aposto-

172 3572 322 3629 latui
355 3576 557 3628 nostro
591 3572 747 3643 quod
779 3570 1027 3627 ecclesia
1060 3569 1482 3627 Bellovacensis
1524 3569 1832 3643 provincia

174 3662 565 3729 Rhemorum,
600 3660 921 3725 cui,divina
950 3660 1182 3716 favente
1207 3659 1834 3733 gratia,venerabilitas

172 3755 284 3807 tua
310 3767 561 3823 praesse
591 3748 1181 3822 dignoscitur,rerum
1211 3749 1588 3804 facultatibus
1620 3750 1834 3821 quibus

174 3838 479 3919 prioribus
508 3837 873 3910 temporibus
908 3838 1230 3905 fruebatur,
1266 3855 1367 3910 per
1411 3842 1704 3893 terrenam
1727 3855 1833 3910 po-

177 3934 454 3986 testatem
482 3928 709 4000 privata
728 3927 1032 3995 mansit,et
1057 3927 1357 3982 modernis
1381 3943 1613 3998 quoque
1630 3927 1836 3982 diebus

176 4034 546 4092 paganorum
571 4016 909 4073 incursione
922 4016 1143 4088 pariter
1155 4020 1211 4071 et
1222 4016 1448 4088 deprad
1459 4016 1651 4071 atione
1670 4014 1837 4071 valde

180 4111 495 4164 attenuata
525 4106 832 4178 fuerit,pro
848 4123 964 4178 qua
992 4122 1053 4161 re
1067 4104 1354 4161 sollicitus
1368 4104 1651 4177 pastorali
1674 4121 1832 4172 cura,

179 4197 264 4271 pii
284 4196 565 4270 principis
583 4195 954 4252 clementiam
970 4194 1255 4251 sanctitas
1270 4194 1835 4261 tuaadiit,auxilium

182 4291 390 4360 petens
424 4292 488 4341 ut
520 4285 628 4342 sibi
681 4302 821 4359 grex
877 4284 1233 4341 commissus
1266 4302 1459 4340 rerum
1491 4283 1690 4356 inopia
1720 4301 1834 4340 non

182 4376 496 4448 deperiret,
531 4391 707 4447 quam
738 4374 827 4430 vel
857 4375 1244 4431 violentorum
1294 4392 1507 4430 manus
1540 4373 1834 4440 intulerat,

180 4464 275 4521 vel
307 4463 538 4520 hostilis
570 4464 813 4520 vastitas
842 4463 1161 4537 irrogasset
1181 4468 1258 4532 ;et
1288 4464 1337 4519 si
1373 4481 1486 4519 non
1514 4463 1674 4519 aliud
1697 4480 1837 4519 con-

184 4552 496 4611 solationis
527 4553 859 4609 subsidium
883 4554 1077 4621 ferret,
1114 4553 1321 4609 saltem
1354 4554 1423 4609 de
1456 4553 1627 4608 rebus
1649 4552 1836 4608 eidem

1942 3395 2130 3468 ipsius
2160 3392 2278 3450 ullo
2311 3394 2483 3449 modo
2517 3393 2851 3459 auferenda,
2884 3409 2950 3448 eo
2984 3397 3181 3449 tamen
3204 3393 3405 3449 ordine
3430 3396 3493 3448 ut
3522 3393 3595 3448 de

1943 3486 2117 3541 rebus
2149 3483 2371 3540 eisdem
2403 3481 2776 3539 monasteriis
2806 3481 3035 3538 collatis
3077 3482 3196 3538 sive
3226 3481 3593 3538 conferendis

1943 3573 2196 3630 ecclesiae
2229 3571 2654 3628 Bellovacensis
2693 3569 3139 3627 necessitatibus
3188 3570 3589 3639 subveniatur,

1944 3666 2119 3737 prout
2149 3661 2416 3718 voluntas
2449 3666 2505 3717 et
2551 3659 2845 3733 judicium
2879 3659 3136 3733 episcopi
3169 3659 3269 3733 qui
3300 3659 3595 3733 prafuerit

1945 3753 2133 3811 eidem
2166 3751 2422 3808 ecclesia
2454 3750 2793 3820 decreverit,
2825 3755 2882 3806 et
2935 3749 3292 3806 monasteria
3329 3749 3458 3822 ipsa
3487 3766 3594 3806 nec

1946 3843 2007 3898 in
2034 3841 2295 3898 adiﬁciis
2324 3842 2655 3908 domorum,
2690 3857 2796 3896 nec
2843 3839 2903 3895 in
2953 3839 3378 3897 restauratione
3408 3838 3593 3896 eccle-

1946 3932 2304 3998 siarum,nec
2334 3930 2393 3984 in
2422 3929 2770 3986 necessitate
2786 3929 2903 3984 Deo
2927 3928 3045 3984 illic
3068 3928 3448 3985 servientium
3464 3928 3598 3984 sub-

1943 4020 2096 4076 sidia
2125 4019 2566 4085 defraudentur,
2602 4018 2703 4073 sed
2737 4017 2819 4072 ita
2849 4034 3046 4074 rerum
3069 4016 3375 4089 dispositio
3403 4016 3506 4073 ﬁat
3522 4017 3595 4074 ab

1943 4109 2215 4181 episcopo
2244 4106 2663 4163 Bellovacensis
2693 4106 3043 4173 ecclesia,ut
3063 4110 3120 4162 et
3142 4106 3269 4179 ipsa
3299 4109 3597 4163 monaste-

1945 4197 2033 4252 ria
2055 4198 2226 4268 juxta
2255 4196 2498 4252 modum
2518 4194 2862 4251 facultatum
2878 4194 2991 4250 sibi
3009 4193 3351 4250 collatarum
3378 4197 3600 4249 restau-

1944 4291 2170 4357 rentur,
2204 4289 2261 4341 et
2291 4289 2728 4355 conserventur,
2763 4287 2821 4339 et
2865 4282 2984 4338 illic
3037 4283 3152 4338 Deo
3213 4282 3598 4338 militantium

1946 4376 2066 4431 sive
2098 4373 2450 4429 feminarum
2483 4372 2601 4429 sive
2621 4372 2878 4428 virorum
2910 4389 3083 4428 sexus
3116 4371 3600 4441 fuerit,subsidiis

1946 4462 2295 4521 necessariis
2321 4465 2388 4518 ad
2390 4465 2692 4535 juventur,
2727 4465 3016 4533 quatenus
3039 4460 3167 4517 loca
3195 4461 3312 4518 Deo
3334 4459 3525 4516 dicata
3544 4464 3602 4517 et

1946 4571 2038 4610 res
2068 4552 2186 4608 illis
2217 4551 2480 4608 ecclesiis
2504 4550 2723 4607 collata
2744 4551 2823 4605 ibi
2842 4550 3223 4623 potissimum
3247 4550 3597 4619 deserviant,
3640 4580 3653 4587 κ

185 4641 447 4700 ecclesia
461 4642 707 4699 sublatis
722 4643 959 4716 aliquod
973 4641 1838 4713 restitutionisauxiliumpietas
1874 4662 1918 4726 υ
1951 4642 2051 4699 ubi
2083 4643 2199 4699 Deo
2234 4641 2493 4696 ﬁdelium
2517 4640 2840 4697 oblationes
2854 4656 2981 4697 esse
3006 4638 3226 4696 collata
3245 4656 3605 4714 cognoscun-

197 4731 441 4807 gloriosi
474 4731 627 4806 regis
656 4731 844 4788 Caroli
876 4749 990 4788 non
1015 4732 1344 4804 denegaret,
1371 4733 1542 4803 cujus
1572 4729 1843 4803 precibus

190 4821 553 4895 religiositas
583 4821 737 4895 regis
768 4826 948 4888 mota,
981 4838 1073 4877 res
1105 4821 1337 4893 quidem
1374 4819 1637 4876 sublatas
1666 4836 1735 4875 ex
1753 4818 1842 4875 in-

193 4916 365 4984 tegro
398 4927 513 4966 non
547 4911 852 4967 restituere
882 4928 943 4967 se
981 4927 1155 4984 posse
1199 4910 1361 4979 dixit,
1396 4926 1467 4965 ne
1500 4926 1617 4965 sua
1649 4909 1843 4981 reipu-

186 4999 360 5057 blica
387 4998 661 5055 militiam
674 5000 1019 5056 defraudare
1032 5000 1327 5056 videretur
1345 4999 1625 5054 :conferre
1646 5002 1843 5054 tamen

191 5088 470 5146 solatium
500 5092 714 5145 sancta
744 5088 1140 5146 Bellovacensi
1162 5088 1417 5145 ecclesia
1432 5088 1680 5160 benigne
1711 5104 1846 5160 spo-

188 5169 417 5252 pendit.
454 5177 844 5241 Quamobrem
876 5178 1165 5236 concessit
1194 5178 1245 5234 ei
1276 5178 1389 5233 duo
1422 5176 1844 5233 monasteriain

190 5269 395 5325 eadem
432 5267 818 5325 Bellovacensi
852 5269 1111 5326 Ecclesia
1137 5268 1475 5339 constituta,
1517 5266 1846 5323 Oratorium

188 5356 463 5414 videlicet
511 5358 666 5429 quod
726 5357 839 5414 fuit
895 5357 1037 5414 olim
1088 5358 1350 5431 puellare
1407 5356 1759 5421 cmnobium,
1795 5360 1852 5411 et

202 5447 561 5517 Flaviacum,
596 5446 656 5502 in
689 5464 805 5520 quo
852 5447 1117 5503 canonici
1166 5447 1595 5513 habitaverunt,
1624 5463 1726 5519 pro
1758 5462 1851 5501 re-

201 5536 685 5608 compensatione
716 5535 1021 5592 Fontaneti
1053 5536 1583 5608 monasterii,quod
1615 5536 1850 5608 quidem

194 5624 625 5682 monasterium
647 5625 943 5681 veracium
967 5624 1212 5681 testium
1233 5629 1290 5680 et
1317 5624 1736 5698 irrefragabilis
1758 5641 1856 5680 au-

195 5714 488 5775 ctoritatis
520 5714 958 5790 Scripturarum
1008 5713 1330 5773 assertione
1367 5714 1617 5790 praefata
1649 5712 1856 5773 matris

1952 4736 2069 4799 tur,
2104 4731 2240 4805 quia
2271 4747 2377 4786 nec
2408 4730 2572 4802 pium
2596 4747 2701 4785 nec
2725 4731 2959 4802 justum
2989 4746 3118 4786 esse
3139 4729 3604 4802 cognoscitur,ut

1954 4821 2209 4878 ecclesia
2242 4820 2491 4893 prafata
2511 4820 2592 4874 ita
2606 4818 2731 4875 suis
2750 4820 2924 4875 rebus
2937 4818 3344 4892 spolientur,et
3362 4818 3603 4875 alterius

1954 4910 2208 4968 ecclesia
2240 4908 2693 4966 necessitatibus
2721 4909 3070 4975 deserviant,
3089 4912 3154 4963 ut
3185 4924 3386 4963 earum
3401 4923 3605 4963 neces-

1954 4998 2675 5057 sitatibusnullavideatur
2690 5015 2830 5053 cura
2851 4996 3301 5070 impendi.Unde
3318 4994 3606 5053 sollicitus

1954 5090 2147 5146 videat
2178 5090 2486 5162 episcopus
2517 5087 2962 5156 Bellovacensis,
2995 5090 3061 5142 ut
3105 5086 3226 5143 sive
3271 5085 3342 5141 de
3370 5084 3605 5141 feminis

1955 5179 2074 5235 illic
2104 5179 2220 5235 Deo
2253 5178 2738 5244 deservientibus,
2774 5177 2893 5232 sive
2941 5176 3013 5231 de
3060 5177 3350 5248 cujusque
3380 5173 3604 5231 ordinis

1955 5269 2117 5336 viris,
2153 5268 2272 5324 sive
2302 5268 2373 5323 de
2405 5266 2898 5323 monasteriorum
2930 5264 3353 5322 restauratione
3381 5267 3438 5320 et
3467 5279 3608 5320 con-

1960 5358 2285 5415 servatione
2316 5374 2445 5413 eam
2476 5373 2679 5412 curam
2742 5354 3046 5427 suscipiat,
3080 5357 3372 5426 quatenus
3402 5357 3460 5409 et
3488 5353 3604 5408 Deo

1963 5449 2154 5504 dicata
2181 5448 2392 5503 domus
2422 5447 2666 5519 dignum
2699 5462 2760 5502 se
2779 5445 2993 5501 habere
3005 5447 3441 5518 procuratorem
3463 5458 3606 5515 gau-

1963 5538 2117 5603 deat,
2143 5540 2200 5593 et
2228 5537 2354 5609 ipse
2384 5535 2483 5608 qui
2517 5534 2811 5608 prafuerit
2836 5538 3026 5590 rector
3055 5549 3319 5607 superna
3348 5548 3608 5587 censura

1956 5625 2252 5699 judicium
2300 5628 2533 5698 propter
2574 5622 2993 5697 negligentiam
3050 5640 3166 5680 non
3220 5622 3500 5677 incurrat.
3543 5621 3611 5677 In

1968 5714 2340 5776 sacularium
2361 5730 2496 5774 vero
2526 5729 2739 5773 manus
2770 5718 2949 5792 atque
2967 5715 3315 5792 potestatem
3345 5711 3476 5791 ipsa
3494 5726 3615 5773 mo-
