4126 6468
234 449 356 515 8'17

240 677 603 735 necessitatis
656 678 966 748 causa,vel
1015 679 1344 736 dilectionis
1402 680 1608 754 gratia,
1661 685 1900 737 vocatus

242 769 564 836 advenerit;
618 785 688 823 ne
738 769 1184 840 importunitate
1229 769 1343 835 sui,
1376 769 1899 842 ministrorumque

241 875 483 914 suorum
509 857 1267 930 inquietudine,fratresvel
1300 860 1540 915 abbates
1568 860 1898 914 sustineant

243 948 424 1004 ullam
459 947 811 1002 molestiam.
837 947 1035 1019 Neque
1078 948 1136 1001 in
1177 948 1436 1003 ecclesiis
1467 949 1741 1020 praedicto
1773 967 1895 1004 mo-

243 1037 498 1093 nasterio
520 1036 922 1107 subjectis,vel
943 1036 1002 1091 in
1028 1038 1380 1110 presbyteris
1399 1038 1616 1093 eisdem
1637 1039 1898 1094 ecclesiis

245 1127 554 1193 ordinatis,
599 1125 858 1197 aliquam
906 1130 1090 1180 tentet
1140 1126 1328 1181 facere
1377 1128 1894 1199 perturbationem,

243 1215 330 1270 vel
383 1215 599 1279 abbati,
634 1213 722 1269 vel
778 1215 1078 1282 fratribus,
1119 1232 1328 1270 novam
1374 1216 1803 1283 constituendo,
1839 1220 1897 1272 et

244 1306 548 1376 antiquam
580 1304 1065 1359 consuetudinem
1097 1303 1393 1372 violando;
1427 1305 1524 1360 sed
1551 1306 1702 1360 sicut
1735 1323 1897 1378 regu-

241 1393 441 1449 lariter
496 1396 554 1448 et
609 1391 887 1448 canonice
945 1394 1232 1465 disposita
1263 1399 1421 1461 sunt,
1455 1398 1512 1449 et
1549 1394 1720 1466 longo
1767 1397 1893 1466 jam

237 1491 498 1556 tempore
543 1481 858 1548 manentia,
894 1483 976 1537 ita
1005 1499 1238 1554 quoque
1287 1483 1501 1538 futuris
1532 1484 1894 1556 temporibus

240 1576 517 1628 maneant
533 1571 901 1626 inconcussa.
917 1573 1031 1627 Nec
1051 1576 1331 1643 potestate
1342 1573 1689 1645 episcopalis
1709 1573 1894 1629 fastus

239 1661 802 1726 abutens,violenter
824 1665 1028 1716 contra
1049 1661 1366 1717 constituta
1386 1663 1678 1733 majorum
1701 1662 1893 1734 dispo-

240 1768 376 1806 nere
406 1750 544 1806 velit
587 1749 808 1822 aliquid
854 1751 1133 1806 adversus
1163 1750 1520 1805 voluntatem
1556 1751 1802 1819 abbatis,
1836 1756 1894 1806 et

238 1841 486 1895 fratrum
527 1840 586 1894 in
626 1839 754 1911 ipso
785 1839 1046 1895 coenobio
1087 1839 1203 1894 Deo
1244 1857 1593 1911 quocunque
1631 1844 1891 1912 tempore

1454 454 1866 518 EPISTULA!
1908 453 2011 518 ET
2052 453 2443 519 DECRETA.

241 586 565 656 dendi,nisi
591 586 737 644 forte
763 587 834 644 ab
869 587 1077 645 abbate
1109 588 1574 658 monasterii,vel
1595 589 1897 659 fratribus,
1930 589 1986 657 Α
2017 590 2348 662 restituant,
2382 594 2439 647 et
2489 591 2644 665 quod
2706 593 2776 649 de
2834 591 3133 666 republica
3191 612 3298 651 sua
3354 596 3642 655 retribuer

3547 459 3670 526 818

3645 565 3677 607 θ

2010 680 2240 748 debent,
2272 682 2327 735 id
2371 683 2610 738 reddere
2639 682 2819 738 velint
2850 685 2918 740 de
2970 684 3063 741 his
3112 702 3237 756 qua:
3270 685 3480 742 collata
3531 692 3673 744 sunt

2010 769 2145 824 Deo.
2171 773 2293 836 Qua
2322 774 2392 827 de
2425 790 2484 826 re
2508 774 2880 846 praecipimus
2928 775 3187 840 omnino,
3221 780 3287 830 ut
3317 779 3670 834 monasterio

2010 859 2314 916 beatorum
2349 862 2500 917 Petri
2533 880 2599 918 ac
2626 863 2980 935 Pauli,quod
3004 864 3256 920 Corbeia:
3280 864 3512 933 dicitur,
3539 867 3666 921 nul-

2011 948 2127 1004 lam
2159 950 2479 1021 praeficiant
2528 953 2959 1023 personam,vel
2992 971 3060 1008 ex
3108 953 3217 1009 sibi
3250 953 3662 1024 militantibus,

2007 1038 2093 1092 vel
2126 1056 2192 1093 ex
2233 1040 2455 1094 alienos
2489 1043 2845 1097 monasterio
2878 1047 3198 1115 sumptam,
3226 1061 3352 1115 qua
3401 1061 3514 1098 non
3565 1061 3668 1116 per

2007 1126 2347 1183 electionem
2380 1136 2649 1184 sumatur
2679 1131 3061 1202 probabilem,
3093 1133 3211 1186 sive
3243 1133 3312 1186 de
3342 1131 3513 1199 laico,
3548 1133 3665 1188 sive

2007 1217 2077 1271 de
2109 1217 2408 1286 canonico,
2431 1218 2547 1273 sive
2579 1219 2648 1274 de
2679 1237 3029 1292 quocunque
3062 1221 3237 1275 fuerit
3267 1222 3485 1276 ordine.
3511 1222 3661 1285 Quo-

2006 1306 2166 1360 niam
2188 1323 2322 1361 vero
2345 1307 2542 1362 multa
2570 1313 2912 1380 quaeruntur
2939 1310 3008 1364 ab
3037 1309 3392 1382 importunis
3414 1309 3662 1364 homini-

2005 1395 2117 1450 bus
2161 1395 2542 1468 malignitatis
2573 1399 2930 1465 occasiones,
2954 1403 3008 1454 et
3047 1415 3283 1454 necesse
3313 1402 3401 1453 est
3430 1416 3662 1470 semper

2006 1485 2319 1539 adversarii
2353 1485 2468 1540 tela
2497 1486 2696 1558 clypeo
2729 1487 3105 1558 protectionis
3137 1486 3436 1559 repellere,
3461 1488 3658 1542 decer-

2005 1571 2202 1629 nimus
2235 1577 2299 1628 ut
2330 1574 2531 1641 abbas,
2558 1580 2869 1646 postquam
2904 1575 3119 1630 electus
3143 1575 3315 1630 fuerit
3343 1579 3399 1630 et
3429 1576 3659 1631 ordina-

2004 1665 2121 1726 tus,
2156 1661 2319 1716 nulla
2366 1667 2651 1734 potestate
2681 1665 3027 1736 praevalente
3077 1665 3404 1736 dejiciatur,
3439 1664 3552 1720 nisi
3597 1665 3657 1719 in

2003 1751 2268 1807 criminis
2316 1770 2494 1808 causa
2553 1753 2728 1809 fuerit
2785 1753 3205 1825 deprehensus,
3231 1755 3401 1825 cujus
3451 1753 3656 1809 merito

2004 1839 2244 1894 rectoris
2276 1857 2390 1896 non
2419 1842 2626 1897 debeat
2656 1842 3070 1896 administrare
3093 1840 3373 1896 ofﬁcium.
3401 1841 3657 1896 Infamia:

237 1927 1064 1984 militantium.0rdinationes
1083 1945 1209 1999 quae
1232 1928 1571 1984 necessariae
1594 1928 1810 1984 iuerint
1831 1930 1891 1985 in
1922 1963 1971 2029 B
2000 1944 2132 1983 vero
2165 1930 2557 1996 maculis,seu
2609 1931 2873 1986 criminis
2905 1930 3156 2002 alicujus
3204 1931 3576 1986 denotatione
3608 1931 3656 1986 si

237 2018 616 2083 monasterio,
637 2017 756 2072 sive
787 2017 857 2072 de
889 2017 1214 2083 monachis,
1238 2017 1355 2073 sive
1381 2019 1450 2073 de
1482 2017 1799 2086 canonicis,
1835 2023 1892 2074 et

237 2123 386 2178 quas
417 2106 690 2178 petierint
727 2106 910 2162 abbas
954 2111 1011 2162 et
1054 2107 1282 2173 fratres,
1306 2123 1475 2178 agere
1504 2123 1619 2162 non
1642 2108 1888 2164 differat.

237 2196 446 2252 Altaris
477 2211 710 2268 quoque
748 2199 806 2250 et
853 2195 1229 2251 basilicarum
1279 2195 1734 2260 benedictiones,
1769 2197 1889 2253 sive

234 2283 722 2350 consecrationes,
743 2289 919 2357 prout
939 2285 1261 2341 necessitas
1288 2284 1688 2357 postulaverit,
1711 2285 1799 2341 vel
1831 2286 1892 2341 in

232 2375 361 2448 ipso
393 2374 767 2440 monasterio,
790 2374 877 2429 vel
909 2374 968 2428 in
1001 2374 1158 2446 agris
1208 2374 1396 2446 ipsius
1449 2375 1790 2430 monasterii
1820 2375 1888 2430 li-

233 2465 439 2520 benter
459 2465 736 2519 concedat
765 2479 776 2518 :
803 2463 1060 2518 chrisma
1081 2481 1333 2535 quoque,
1352 2463 1662 2535 oleumque
1689 2481 1889 2519 conse-

233 2558 462 2608 cratum
515 2568 614 2623 per
645 2551 910 2624 singulos
941 2569 1126 2607 annos
1158 2552 1415 2624 praebere
1466 2569 1580 2607 non
1615 2552 1842 2607 differat
1875 2569 1887 2608 ε

233 2647 292 2698 et
323 2659 426 2714 pro
472 2641 562 2695 his
619 2641 895 2696 omnibus
956 2641 1184 2695 nullum
1242 2658 1459 2698 munus
1519 2642 1785 2714 accipiat,
1819 2659 1891 2699 ne

233 2731 492 2803 Spiritus
539 2730 725 2786 sancti
774 2730 1024 2802 gratiam
1056 2731 1303 2785 vendere
1352 2730 1889 2795 conatus,Simonis

233 2820 695 2884 damnationem,
720 2819 873 2891 quod
909 2818 1080 2885 absit,
1115 2818 1422 2875 sustineat.
1457 2819 1572 2874 Hoc
1604 2820 1888 2876 constitu-

233 2913 364 2964 tum
396 2926 511 2964 non
562 2907 752 2963 solum
803 2908 1142 2980 episcopum
1190 2908 1888 2975 Ambianensem,verum

236 2998 414 3054 etiam
449 3014 654 3053 omnes
695 3014 798 3068 per
845 2996 1041 3051 Gallize
1075 2997 1516 3069 Germaniaeque
1562 2999 1890 3069 provincias

237 3087 565 3158 episcopos,
600 3086 934 3158 ubicunque
984 3086 1286 3158 praefatum
1333 3086 1754 3141 monasterium
1804 3087 1888 3142 vel

233 3175 535 3241 ecclesias,
557 3175 644 3230 vel
679 3174 970 3247 agros,vel
993 3174 1247 3230 famulos
1269 3175 1481 3230 habere
1503 3175 1886 3247 dignoscitur,

233 3265 543 3320 observare
574 3264 699 3320 sine
740 3264 1134 3331 cunctatione,
1159 3281 1260 3319 sen
1301 3264 1756 3320 contradictione
1788 3265 1886 3319 de-

2003 2016 2176 2073 fuerit
2197 2020 2513 2091 appetitus,
2529 2037 2644 2074 non
2669 2024 2875 2092 praeter
2893 2019 3234 2075 canonicam
3253 2023 3309 2075 et
3329 2019 3655 2092 regularem

2001 2107 2326 2179 deponamr
2348 2109 2862 2164 examinationem.
2888 2109 3005 2164 Hoc
3036 2125 3169 2164 vero
3197 2109 3581 2164 constitutum
3605 2107 3654 2163 si

2001 2196 2177 2251 fuerit
2198 2198 2270 2252 ab
2303 2197 2499 2269 aliquo
2525 2197 2986 2270 praevaricatum,
3013 2213 3116 2269 per
3144 2198 3484 2268 episcopum
3516 2199 3652 2251 Am-

2001 2285 2211 2340 bianen
2221 2286 2620 2358 sem,quisque
2634 2287 2729 2342 ille
2747 2287 3016 2352 fuerit,ex
3029 2291 3230 2342 nostra
3249 2284 3650 2353 conveniatur,

2001 2375 2364 2442 auctoritate,
2388 2379 2453 2430 ut
2483 2392 2617 2430 eum
2651 2375 2751 2448 qui
2784 2376 2966 2447 hujus
2997 2375 3152 2430 sedis
3183 2374 3503 2429 constituta
3523 2390 3655 2428 con-

1999 2462 2261 2531 vulserit,
2289 2465 2612 2531 conveniat,
2637 2470 2694 2520 et
2724 2464 3054 2536 iniquitatis
3081 2480 3198 2518 suae
3230 2462 3462 2535 culpam
3490 2479 3654 2517 com-

2000 2557 2254 2618 moneat,
2281 2553 2490 2625 cuique
2522 2553 2780 2626 periculo
2813 2553 3184 2624 subjiciatur,
3221 2555 3426 2607 notum
3458 2549 3651 2606 faciat.

1999 2641 2161 2706 Quod
2223 2642 2270 2696 si
2328 2642 2416 2698 vel
2477 2644 2602 2715 ipse
2659 2642 2997 2714 neglexerit,
3046 2640 3136 2697 vel
3189 2641 3533 2712 despexerit,
3565 2638 3654 2694 vel

2000 2730 2268 2786 timuerit
2314 2732 2615 2804 perficere,
2649 2729 3131 2804 metropolitanus
3170 2729 3479 2802 episcopus
3518 2745 3652 2784 con-

1997 2825 2206 2876 ventus
2237 2839 2270 2874 a
2304 2821 2579 2877 fratribus
2620 2821 2807 2893 ipsius
2839 2819 3105 2889 coenobii,
3131 2835 3440 2892 personam
3474 2818 3654 2889 hujus

1999 2909 2320 2964 sanctionis
2349 2910 2708 2966 violatricem
2741 2910 2902 2966 adire
2940 2927 3054 2965 non
3101 2909 3350 2975 differat,
3385 2911 3443 2962 et
3471 2907 3652 2979 hujus

1999 2999 2182 3053 nostri
2213 2999 2426 3054 decreti
2469 2999 2940 3054 testificationem
2969 2999 3315 3068 innotescat,
3349 3000 3530 3068 utque
3579 2996 3650 3051 ab

1997 3102 2064 3141 eo
2094 3087 2247 3158 quod
2282 3105 2452 3159 prave
2483 3087 2667 3161 gessit
2695 3088 2958 3143 recedere
3001 3104 3118 3141 non
3153 3091 3513 3153 moretur,ex
3544 3100 3654 3140 sua

1998 3179 2314 3247 nostraque
2346 3177 2691 3231 auctoritate
2721 3178 3097 3230 contestetur.
3122 3176 3194 3229 At
3236 3173 3284 3229 si
3315 3173 3412 3228 ille
3444 3177 3651 3228 contu-

1997 3264 2241 3319 maciter
2260 3264 2319 3319 in
2344 3265 2433 3319 sui
2460 3265 2593 3319 facti
2630 3263 3055 3336 perpetratione
3091 3278 3431 3335 permanere
3453 3263 3648 3316 decre-

232 3354 636 3423 cernimus,ut
657 3353 855 3408 nullus
878 3353 1439 3426 potestatisjure,de
1466 3353 1640 3408 rebus
1663 3353 1886 3424 prznfati
1918 3330 1960 3397 (ἶ
1997 3352 2162 3420 verit,
2188 3358 2244 3408 et
2273 3371 2387 3409 non
2411 3354 2566 3424 quod
2597 3330 2797 3424 inique
2828 3353 3011 3424 gessit
3032 3330 3320 3423 corrigere
3353 3350 3645 3418 maluerit,

230 3443 595 3509 monasterii,
613 3443 738 3498 sine
754 3442 1051 3498 voluntate
1068 3441 1295 3498 abbatis
1314 3443 1678 3514 fratrumque
1703 3443 1891 3514 ipsius

228 3532 477 3588 ccenobii
511 3532 818 3600 abutatur;
853 3532 953 3587 sed
986 3535 1264 3586 maneant
1293 3531 1492 3584 omnia
1521 3548 1648 3602 quae
1681 3531 1892 3586 collata

228 3627 391 3688 sunt,
417 3621 771 3692 fuerintque,
798 3621 857 3675 in
888 3621 1130 3676 rectoris
1177 3620 1366 3692 ipsius
1397 3621 1737 3675 monasterii
1788 3638 1889 3694 po-

223 3715 458 3774 testate,
483 3715 539 3764 et
569 3710 824 3782 regulari
871 3709 1274 3781 dispositione,
1306 3726 1497 3781 neque
1548 3709 1624 3764 sit
1675 3709 1890 3782 aliquis

224 3801 316 3856 vel
349 3801 677 3873 regum,vel
705 3799 884 3855 ullius
907 3801 1233 3872 potestatis,
1250 3817 1353 3855 seu
1377 3800 1682 3872 dignitatis
1706 3800 1891 3856 fultus

227 3891 438 3963 gradu,
474 3889 574 3961 qui
614 3890 685 3944 de
737 3889 1079 3944 monasterii
1138 3889 1360 3961 praefati
1409 3890 1606 3954 rebus,
1629 3889 1717 3944 vel
1767 3889 1892 3945 vio-

229 3977 436 4044 lenter,
470 3978 559 4034 vel
590 3981 856 4050 potenter
908 3977 1146 4032 invadat
1197 3976 1441 4048 aliquid,
1485 3977 1572 4032 vel
1632 3977 1886 4049 diripiat.

228 4067 516 4123 Abbatem
547 4082 683 4121 vero
716 4066 921 4121 fratres
952 4065 1140 4137 ipsius
1186 4065 1521 4120 monasterii
1557 4066 1627 4120 de
1659 4083 1720 4121 se
1747 4065 1890 4137 ipsis

231 4155 483 4229 eligendi
517 4171 748 4226 semper
775 4155 1030 4210 habeant
1060 4158 1426 4226 potestatem,
1454 4158 1510 4209 et
1530 4172 1657 4210 eam
1691 4173 1889 4226 perso-

233 4260 372 4300 nam
406 4244 787 4317 eligant,qua2
822 4243 1092 4298 monachi
1120 4244 1483 4314 propositum
1513 4248 1570 4299 et
1600 4245 1803 4299 habitu
1835 4248 1891 4300 et

233 4333 500 4389 moribus
541 4335 900 4405 profiteatur,
927 4349 1043 4387 non
1093 4332 1462 4403 canonicum,
1497 4338 1599 4388 aut
1650 4333 1884 4401 laieum,

231 4439 423 4495 neque
441 4421 681 4478 alterius
704 4422 1042 4476 monasterii
1068 4421 1450 4476 monachum:
1470 4423 1748 4494 quoniam
1771 4441 1890 4478 mo-

233 4511 476 4568 nachico
503 4511 693 4567 ordini
726 4512 1016 4582 praeﬁcere
1036 4510 1124 4565 vel
1158 4510 1494 4578 laicum,vel
1518 4511 1886 4579 canonicum,

231 4617 348 4658 non
383 4606 472 4657 est
504 4617 732 4657 servare
764 4599 987 4655 ordinis
1018 4600 1461 4671 professionem,
1489 4601 1588 4656 sed
1615 4606 1885 4667 evertere,

1999 3441 2292 3497 licentiam
2326 3443 2580 3497 habeant
2624 3443 2831 3496 fratres
2863 3439 3203 3496 monasterii
3251 3438 3509 3511 praedicti
3543 3438 3658 3493 Ro-

2001 3548 2236 3586 manam
2260 3531 2762 3603 apostolicamque
2784 3531 2980 3585 sedem
3007 3529 3189 3600 adire,
3213 3533 3270 3583 et
3291 3527 3658 3583 necessitatis

2001 3637 2119 3676 suae
2143 3638 2351 3676 causas
2374 3625 2506 3675 ante
2525 3637 2759 3692 papam,
2777 3620 2877 3691 qui
2899 3625 3039 3674 tunc
3065 3617 3259 3684 fuerit,
3276 3616 3438 3671 urbis
3461 3616 3656 3670 Romae

2000 3711 2310 3782 deponere,
2333 3714 2389 3764 et
2416 3709 2721 3781 praesentis
2742 3707 3017 3780 praecepti
3041 3705 3518 3762 constitutionem
3541 3721 3660 3760 mas

2000 3800 2277 3856 nitestare
2303 3817 2314 3854 :
2343 3800 2543 3871 sicque
2567 3800 2867 3854 Romanus
2899 3795 3179 3870 pontifex,
3205 3794 3440 3867 cognita
3460 3809 3660 3863 causa,

1995 3891 2167 3960 justas
2215 3888 2608 3944 damnationis
2641 3886 2932 3943 sententia
2987 3903 3153 3942 reum
3203 3884 3487 3939 mulctare
3543 3899 3659 3937 non

2000 3977 2402 4033 cunctetur.Si
2437 3977 2571 4049 quis
2604 3993 2736 4031 vero
2772 3976 3143 4031 sacerdotum
3176 3973 3265 4028 vel
3291 3971 3655 4038 clericorum,

1999 4066 2153 4122 hanc
2202 4065 2642 4122 constitutionis
2703 4067 2912 4118 nostra:
2973 4061 3248 4133 paginam
3309 4074 3654 4130 agnoscens,

1999 4160 2202 4211 contra
2231 4172 2358 4210 eam
2407 4155 2604 4209 venire
2641 4151 2969 4218 tentaverit,
2995 4149 3217 4205 ordinis
3250 4148 3338 4203 sui
3374 4145 3656 4217 dignitate

2000 4249 2218 4312 careat;
2251 4245 2440 4299 laicus
2475 4242 3054 4312 vero,cujuscunque
3085 4239 3163 4292 sit
3205 4233 3533 4309 potestatis,
3566 4233 3654 4289 vel

2000 4334 2323 4407 dignitatis,
2350 4333 2397 4388 si
2431 4333 2610 4403 hujus
2641 4329 2925 4401 privilegii
2963 4329 3193 4382 decreta
3225 4326 3284 4380 in
3317 4323 3513 4395 aliquo
3533 4323 3654 4378 vio-

1996 4422 2222 4492 laverit,
2244 4439 2406 4476 reum
2432 4438 2493 4475 se
2515 4420 2706 4475 divino
2722 4417 2946 4488 judicio
2970 4417 3213 4472 existere
3236 4415 3304 4470 de
3326 4415 3656 4485 perpetrata

1999 4511 2308 4583 iniquitate
2341 4513 2674 4581 cognoscat,
2698 4512 2754 4562 et
2796 4506 2910 4562 nisi
2940 4505 3027 4560 vel
3058 4522 3126 4560 ea
3157 4521 3283 4576 quae
3315 4502 3386 4557 ab
3418 4517 3484 4556 eo
3516 4505 3656 4555 sunt

1999 4601 2154 4656 mala
2211 4599 2306 4654 abl
2330 4605 2408 4654 'ta
2468 4597 2809 4663 restituerit,
2850 4595 2939 4651 vel
2988 4595 3166 4666 digna
3200 4590 3349 4665 [ediL
3383 4593 3534 4646 Rom.
3567 4587 3655 4644 vel

233 4691 389 4763 quod
414 4690 825 4761 unusquisque
846 4687 1194 4760 praepositus
1217 4690 1385 4759 cujus
1407 4693 1495 4744 est
1511 4689 1890 4760 ordinis,ejus
1921 4703 1966 4767 D
1997 4689 2280 4762 legitima]
2307 4687 2647 4761 pmnitentia
2694 4685 2897 4740 illicite
2948 4688 3078 4739 acta
3124 4681 3439 4746 deﬂeverit,
3468 4678 3568 4734 Dei
3601 4681 3658 4733 et

231 4797 467 4853 quoque
498 4780 607 4834 erit
636 4782 692 4834 et
722 4780 1074 4850 propagator
1105 4793 1118 4831 :
1156 4793 1262 4832 nec
1306 4778 1450 4832 bene
1482 4779 1751 4850 disponet
1783 4779 1885 4834 ali-

233 4870 470 4941 quando
493 4869 899 4940 cujuscunque
921 4865 1144 4922 militiaz
1165 4865 1364 4933 vitam,
1382 4870 1556 4938 cujus
1581 4885 1694 4923 non
1722 4868 1894 4922 fuerit

234 4959 360 5030 ipse
392 4959 490 5030 qui
526 4958 787 5030 disponit
825 4955 1149 5013 aemulator.
1175 4955 1286 5010 Sed
1320 4972 1508 5026 neque
1553 4973 1670 5026 rex,
1705 4974 1893 5029 neque

237 5051 496 5120 potestas
529 5045 748 5118 aliqua,
783 5045 964 5100 ullam
1006 5044 1357 5100 monasterio
1390 5044 1722 5100 Corbeiensi
1757 5064 1895 5118 prae-

239 5140 419 5209 ponat
447 5151 974 5208 personam,quam
1007 5151 1122 5189 non
1156 5134 1363 5189 fratres
1395 5134 1583 5206 ipsius
1614 5133 1895 5207 elegerint

240 5225 601 5281 monasterii.
624 5225 848 5280 Debent
868 5224 1025 5280 enim
1049 5223 1255 5279 mundi
1288 5222 1582 5294 principes
1614 5223 1894 5280 honorem

240 5320 515 5387 praestare
546 5315 682 5380 Deo,
709 5329 881 5386 quem
916 5314 1028 5369 sibi
1058 5313 1260 5369 volunt
1291 5312 1550 5384 praestari
1582 5329 1615 5366 a
1648 5314 1776 5381 Deo,
1808 5313 1892 5367 vi-

240 5403 450 5459 delicet
481 5408 547 5458 ut
577 5402 1077 5475 quemadmodum
1102 5401 1346 5474 cupiunt
1376 5418 1409 5456 a
1438 5402 1553 5456 Deo
1585 5402 1697 5456 sibi
1730 5403 1898 5457 colla-

238 5497 368 5549 tum
394 5493 554 5566 regni
582 5493 863 5547 honorem
895 5491 1246 5558 conservari,
1273 5492 1356 5546 sic
1387 5491 1654 5545 Ecclesiae
1684 5491 1894 5547 Christi

243 5599 412 5640 suam
453 5599 570 5637 non
619 5581 1011 5654 dedignentur
1043 5596 1270 5636 servare
1322 5580 1531 5653 legem.
1565 5582 1689 5635 Non
1738 5583 1894 5637 enim

241 5673 425 5739 decet,
451 5687 638 5743 neque
663 5672 894 5742 justum
925 5669 1106 5725 videri
1141 5670 1372 5741 poterit,
1401 5674 1466 5724 ut
1497 5670 1606 5725 sibi
1640 5671 1896 5727 militan-

240 5763 422 5832 tibus,
441 5762 512 5817 de
535 5760 801 5818 Ecclesiae
823 5759 1036 5816 Christi
1067 5759 1543 5830 possessionibus
1571 5764 1897 5818 mercedem

1999 4782 2301 4836 beatorum
2335 4776 2735 4850 apostolorum
2779 4774 2931 4830 Petri
2983 4791 3048 4829 ac
3095 4770 3257 4828 Pauli
3308 4769 3656 4825 auctoritate

2001 4875 2175 4941 atque
2203 4872 2405 4923 nostra
2435 4865 2724 4921 sententia
2753 4863 3144 4920 anathematis
3164 4859 3396 4916 vinculo
3418 4857 3658 4912 innoda-

2000 4963 2118 5026 tus,
2158 4975 2191 5012 a
2221 4955 2620 5012 sacratissimo
2671 4965 2911 5026 cerpore
2969 4970 3034 5008 ac
3083 4948 3370 5021 sanguine
3429 4944 3656 5001 Domini

2003 5047 2187 5103 nostri
2219 5047 2359 5102 Jesu
2384 5043 2600 5100 (lhristi
2631 5043 2854 5098 alienus
2895 5041 3121 5103 existat,
3145 5044 3319 5109 atque
3351 5036 3409 5089 in
3442 5039 3655 5089 aeterno

2003 5136 2267 5193 examine
2298 5134 2574 5190 districtaa
2608 5131 2816 5187 ultioni
2848 5132 3168 5200 subjaceat.
3190 5124 3426 5182 Cunctis
3459 5127 3656 5179 autem

2003 5227 2191 5282 eidem
2224 5221 2539 5279 venerabili
2574 5220 2924 5276 monasterio
2958 5220 3122 5289 justa
3161 5214 3547 5280 servantibus,
3582 5211 3660 5266 sit

2006 5333 2117 5387 pax
2162 5313 2393 5370 Domini
2444 5311 2628 5367 nostri
2677 5310 2816 5364 Jesu
2848 5306 3082 5373 Christi,
3126 5308 3416 5377 quatenus
3464 5305 3520 5357 et
3565 5299 3659 5354 hic

2004 5406 2263 5460 fructum
2286 5404 2452 5458 bonae
2477 5398 2720 5456 actionis
2752 5397 3124 5469 recipiant,et
3146 5394 3300 5466 apud
3323 5391 3662 5447 districtum

1997 5495 2262 5566 jutlicem
2289 5491 2528 5564 praemia
2551 5493 2771 5543 mternm
2796 5485 3011 5558 quietis
3031 5484 3348 5539 inveniant.
3369 5480 3667 5550 Scriptum

2008 5601 2111 5657 per
2143 5599 2386 5638 manum
2422 5579 2630 5635 Leonis
2674 5577 2884 5632 notarii
2926 5574 3257 5647 regionarii,
3292 5576 3350 5627 et
3381 5566 3669 5626 scriniarii

2010 5677 2224 5730 sancta:
2267 5673 2539 5726 Romana:
2589 5667 2876 5735 Ecclesiae,
2904 5665 2961 5720 in
3012 5679 3211 5720 mense
3257 5659 3461 5733 Aprili,
3516 5657 3669 5712 indi—

2013 5765 2203 5819 ctione
2251 5779 2326 5816 κι.
2361 5765 2505 5816 Data
2560 5776 2618 5814 1v
2675 5756 2967 5812 Kalendas
3024 5754 3231 5823 Maias,
3263 5768 3366 5824 per
3422 5763 3664 5805 manum
