4126 6470
234 443 357 510 817

240 671 604 729 necessitatis
656 689 854 741 causa,
879 672 967 728 vel
1016 673 1344 729 dilectionis
1403 674 1609 747 gratia,
1662 679 1901 730 vocatus

241 763 565 829 advenerit;
619 779 688 817 ne
737 763 1184 833 importunitate
1229 763 1344 829 sui,
1377 763 1900 835 ministrorumque

241 869 484 908 suorum
510 851 935 924 inquietudine,
953 853 1160 907 fratres
1174 853 1267 911 ,vel
1300 854 1540 908 abbates
1569 854 1899 908 sustineant

243 942 423 998 ullam
460 941 812 996 molestiam.
838 941 1036 1013 Neque
1079 941 1136 995 in
1178 942 1438 997 ecclesiis
1468 942 1742 1014 praedicto
1775 960 1896 998 mo-

243 1031 498 1087 nasterio
521 1030 923 1101 subjectis,vel
945 1030 1002 1084 in
1028 1032 1381 1103 presbyteris
1399 1031 1618 1086 eisdem
1637 1031 1899 1088 ecclesiis

246 1121 554 1187 ordinatis,
600 1119 858 1191 aliquam
906 1124 1092 1174 tentet
1142 1120 1329 1174 facere
1378 1121 1895 1192 perturbationem,

244 1209 331 1265 vel
384 1209 600 1272 abbati,
635 1207 724 1264 vel
779 1208 1078 1275 fratribus,
1120 1225 1329 1264 novam
1375 1209 1805 1276 constituendo,
1840 1214 1898 1265 et

245 1300 549 1371 antiquam
581 1298 1066 1352 consuetudinem
1099 1297 1395 1364 violando;
1429 1299 1527 1353 sed
1552 1299 1703 1353 sicut
1736 1316 1898 1370 regu-

242 1387 442 1444 lariter
497 1390 554 1442 et
611 1385 888 1441 canonice
945 1387 1233 1458 disposita
1264 1392 1422 1454 sunt,
1457 1391 1512 1442 et
1551 1387 1721 1460 longo
1768 1390 1894 1460 jam

239 1485 499 1549 tempore
543 1475 859 1541 manentia,
895 1476 976 1530 ita
1006 1493 1238 1548 quoque
1290 1477 1502 1532 futuris
1533 1478 1895 1549 temporibus

241 1570 518 1622 maneant
534 1565 902 1620 inconcussa.
918 1566 1032 1620 Nec
1051 1569 1331 1637 potestate
1344 1566 1691 1638 episc0palis
1710 1567 1894 1623 fastus

240 1654 804 1720 abutens,violenter
825 1659 1029 1709 contra
1050 1655 1367 1710 constituta
1389 1657 1679 1726 majorum
1703 1655 1894 1728 dispo-

241 1762 378 1800 nere
407 1744 545 1800 velit
589 1743 808 1816 aliquid
855 1745 1134 1800 adversus
1165 1744 1522 1799 voluntatem
1557 1745 1803 1813 abbatis,
1837 1750 1894 1800 et

239 1835 487 1890 fratrum
528 1833 586 1888 in
628 1833 754 1905 ipso
787 1833 1048 1888 cmnobio
1089 1833 1204 1888 Deo
1245 1850 1595 1904 quocunque
1633 1837 1893 1905 tempore

238 1921 1065 1977 militantium.0rdinationes
1084 1939 1210 1993 quae
1233 1921 1572 1976 necessariae
1597 1922 1811 1978 fuerint
1833 1923 1892 1978 in

238 2012 618 2077 monasterio,
638 2011 757 2066 sive
788 2011 857 2066 de
890 2011 1215 2076 monachis,
1239 2011 1356 2066 sive
1383 2012 1451 2066 de
1484 2011 1801 2079 canonicis,
1837 2017 1894 2068 et

237 2117 387 2173 quas
419 2100 690 2171 petierint
728 2101 911 2156 abbas
955 2105 1012 2156 et
1054 2101 1282 2175 fratres,
1307 2117 1476 2172 agere
1505 2117 1620 2155 non
1644 2103 1889 2157 differat.

238 2190 448 2246 Altaris
479 2206 711 2262 quoque
750 2193 808 2244 et
853 2189 1230 2244 basilicarum
1281 2189 1736 2252 benedictiones.
1771 2190 1890 2246 sive

235 2278 724 2343 consecrationes,
745 2283 920 2350 prout
942 2279 1263 2334 necessitas
1289 2278 1690 2350 postulaverit,
1712 2279 1800 2334 vel
1833 2279 1892 2334 in

233 2370 362 2442 ipso
395 2369 768 2435 monasterio,
791 2368 878 2423 vel
912 2369 969 2422 in
1003 2368 1159 2440 agris
1210 2368 1398 2439 ipsius
1451 2369 1791 2424 monasterii
1821 2368 1890 2423 li-

234 2459 440 2514 benter
461 2459 738 2513 concedat
766 2473 778 2512 :
805 2457 1061 2512 chrisma
1083 2473 1334 2529 quoque,
1353 2456 1663 2529 oleumque
1690 2474 1891 2513 conse-

233 2552 462 2603 cratum
516 2563 616 2617 per
646 2545 911 2617 singulos
943 2563 1128 2600 annos
1161 2546 1417 2618 prazhere
1468 2562 1582 2600 non
1617 2547 1843 2601 differat
1877 2563 1888 2602 :

234 2641 294 2692 et
324 2652 427 2708 pro
473 2635 564 2689 his
621 2635 897 2690 omnibus
957 2634 1184 2689 nullum
1243 2651 1460 2692 munus
1520 2636 1786 2707 accipiat,
1821 2653 1893 2692 ne

235 2725 492 2797 Spiritus
540 2724 726 2780 sancti
777 2724 1025 2796 gratiam
1058 2724 1304 2779 vendere
1353 2724 1891 2789 conatus,Simonis

235 2814 697 2879 damnationem,
721 2814 875 2885 quod
910 2812 1081 2879 absit,
1117 2813 1422 2868 sustineat.
1458 2813 1573 2867 Hoc
1606 2813 1890 2869 constitu-

234 2909 364 2958 tum
398 2920 512 2958 non
564 2902 753 2957 solum
804 2901 1144 2974 episcopum
1190 2901 1890 2969 Ambianensem,verum

237 2992 416 3048 etiam
450 3008 655 3046 omnes
696 3008 800 3063 per
847 2990 1042 3046 Galliae
1077 2991 1517 3062 Germaniaeque
1563 2992 1892 3062 provincias

238 3081 566 3153 episcopos,
601 3080 936 3152 ubicunque
986 3080 1288 3152 praefatum
1335 3080 1755 3134 monasterium
1805 3080 1889 3135 vel

235 3169 536 3235 ecclesias,
559 3169 645 3225 vel
680 3185 870 3241 agros,
885 3168 972 3224 vel
996 3168 1249 3224 famulos
1271 3169 1483 3224 habere
1503 3169 1888 3240 dignoscitur,

235 3259 544 3314 observare
576 3259 701 3314 sine
742 3258 1136 3324 cunctatione,
1161 3275 1261 3313 sen
1302 3257 1757 3313 contradictione
1790 3259 1888 3313 de-

1454 447 1867 512 EPISTOLAE
1909 446 2012 511 ET
2053 447 2444 512 DECRETA.

241 580 566 650 dendi,nisi
592 580 737 638 forte
764 581 836 638 ab
869 580 1078 638 abbate
1110 582 1574 652 monasterii,vel
1596 582 1897 652 fratribus,
1931 582 1987 651 Α
2018 583 2349 656 restituant,
2383 588 2439 641 et
2489 584 2645 658 quod
2706 585 2777 642 de
2835 585 3134 660 republica
3193 604 3300 645 sua
3355 589 3642 648 retribuer

3548 451 3671 519 818

3645 557 3678 600 θ

2011 674 2241 741 debent,
2273 675 2328 729 id
2371 675 2610 731 reddere
2641 675 2820 732 velint
2851 678 2919 733 de
2973 677 3064 734 his
3114 695 3238 750 quae
3271 678 3481 736 collata
3532 685 3674 737 sunt

2010 763 2146 818 Deo.
2171 767 2293 830 Qua
2323 767 2392 820 de
2425 783 2485 820 re
2508 767 2882 840 prmeipimus
2929 767 3188 833 omnino,
3223 772 3287 823 ut
3319 772 3670 827 monasterio

2011 852 2315 909 beatorum
2350 855 2500 910 Petri
2534 873 2600 911 ac
2628 856 2981 928 Pauli,quod
3005 857 3258 913 Corbeiaa
3281 858 3513 926 dicitur,
3540 859 3667 914 nul-

2011 941 2127 997 lam
2161 943 2480 1015 praeficiant
2528 946 2961 1016 personam,vel
2994 964 3061 1001 ex
3109 947 3217 1002 sibi
3251 946 3664 1017 militantibus,

2007 1031 2097 1086 vel
2127 1049 2193 1087 ex
2235 1032 2456 1088 alienos
2490 1036 2845 1091 monasterio
2879 1040 3200 1108 sumptam,
3227 1054 3354 1107 qua:
3402 1054 3515 1091 non
3566 1054 3668 1108 per

2008 1119 2347 1176 electionem
2381 1128 2650 1178 sumatur
2679 1124 3062 1196 probabilem,
3094 1126 3212 1180 sive
3244 1126 3313 1179 de
3344 1124 3514 1191 laico,
3548 1125 3666 1181 sive

2008 1210 2078 1264 de
2110 1210 2408 1278 canonico,
2432 1211 2548 1266 sive
2581 1213 2649 1267 de
2679 1231 3030 1285 quocunque
3063 1214 3238 1268 fuerit
3268 1214 3486 1269 ordine.
3511 1215 3662 1278 Quo-

2007 1299 2166 1354 niam
2190 1317 2323 1354 vero
2346 1301 2543 1355 multa:
2571 1306 2912 1372 quzeruntur
2939 1303 3010 1357 ab
3038 1303 3392 1375 importunis
3415 1302 3663 1358 homini-

2006 1388 2118 1444 bus
2161 1388 2543 1461 malignitatis
2574 1391 2930 1459 occasiones,
2955 1397 3010 1446 et
3048 1409 3284 1447 necesse
3314 1395 3402 1447 est
3431 1409 3663 1464 semper

2007 1478 2319 1532 adversarii
2355 1478 2469 1533 tela
2499 1479 2697 1552 clypeo
2730 1480 3105 1552 protectionis
3138 1479 3437 1552 repellere,
3462 1481 3659 1535 decer-

2006 1565 2204 1622 nimus
2236 1571 2301 1621 ut
2331 1567 2532 1634 abbas,
2560 1572 2870 1639 postquam
2905 1569 3120 1623 electus
3143 1568 3316 1624 fuerit
3345 1572 3400 1623 et
3430 1569 3660 1624 ordina-

2006 1658 2122 1720 tus,
2157 1655 2320 1710 nulla
2369 1661 2653 1728 potestate
2683 1658 3028 1729 prmvalente
3079 1658 3405 1728 dejiciatur,
3441 1657 3553 1712 nisi
3598 1658 3658 1712 in

2005 1744 2270 1800 criminis
2318 1763 2496 1802 causa
2554 1746 2730 1802 fuerit
2787 1747 3206 1818 deprehensus,
3233 1749 3402 1818 cujus
3454 1746 3658 1802 merito

2006 1832 2246 1888 rectoris
2278 1851 2392 1889 non
2421 1835 2627 1890 debeat
2657 1835 3071 1890 administrare
3094 1835 3374 1890 officium.
3402 1834 3657 1889 Infamia:

2002 1937 2134 1976 vero
2166 1923 2558 1989 maculis,seu
2609 1924 2874 1979 criminis
2907 1923 3157 1996 alicujus
3205 1924 3576 1978 denotatione
3609 1925 3657 1979 si

2004 2009 2178 2066 fuerit
2199 2014 2514 2084 appetitus,
2531 2031 2644 2068 non
2671 2017 2876 2085 praeter
2895 2013 3235 2068 canonicam
3254 2017 3310 2067 et
3330 2013 3655 2085 regularem

2003 2100 2328 2172 deponatur
2349 2102 2862 2158 examinationem.
2890 2102 3006 2157 Hoc
3037 2119 3171 2157 vero
3198 2102 3582 2157 constitutum
3605 2100 3656 2156 si

2003 2189 2178 2244 fuerit
2199 2191 2272 2245 ab
2305 2191 2501 2263 aliquo
2527 2191 2987 2263 praevaricatum,
3015 2207 3118 2263 per
3145 2191 3485 2262 episcopum
3517 2192 3654 2244 Am-

2003 2278 2622 2352 bianensem,quisque
2636 2280 2730 2335 ille
2748 2280 3017 2347 fuerit,ex
3031 2284 3230 2334 nostra
3251 2278 3651 2346 conveniatur,

2003 2369 2365 2436 auctoritate,
2390 2373 2455 2422 ut
2484 2385 2618 2424 eum
2652 2368 2752 2441 qui
2787 2369 2966 2440 hujus
2998 2369 3153 2423 sedis
3185 2367 3504 2422 constituta
3525 2384 3656 2421 con-

2001 2456 2262 2524 vulserit,
2290 2459 2614 2524 conveniat,
2639 2463 2695 2513 et
2727 2457 3055 2528 iniquitatis
3083 2473 3200 2511 suae
3231 2456 3462 2528 culpam
3491 2472 3655 2510 com-

2002 2551 2256 2611 moneat,
2281 2546 2492 2619 cuique
2524 2545 2782 2619 periculo
2814 2545 3186 2617 subjiciatur,
3223 2549 3427 2600 notum
3460 2543 3653 2598 faciat.

2001 2635 2163 2700 Quod
2224 2636 2272 2690 si
2329 2635 2418 2691 vel
2479 2637 2603 2708 ipse
2661 2635 2999 2707 neglexerit,
3048 2633 3137 2690 vel
3191 2633 3534 2705 despexerit,
3566 2631 3655 2686 vel

2001 2723 2269 2779 timuerit
2315 2726 2616 2797 perficere,
2650 2723 3133 2797 metropolitanus
3172 2723 3480 2795 episcopus
3520 2738 3654 2776 con-

1999 2818 2208 2869 ventus
2239 2831 2272 2868 a
2306 2815 2580 2870 fratribus
2621 2814 2808 2886 ipsius
2841 2812 3106 2881 coenobii,
3133 2828 3442 2885 personam
3477 2811 3655 2882 hujus

2001 2902 2321 2958 sanctionis
2351 2903 2709 2958 violatricem
2743 2903 2903 2959 adire
2940 2919 3056 2957 non
3103 2901 3352 2968 differat,
3387 2904 3444 2955 et
3473 2900 3654 2971 hujus

2001 2992 2183 3046 nostri
2215 2993 2427 3048 decreti
2470 2992 2942 3048 testificationem
2971 2991 3318 3060 innotescat,
3351 2993 3532 3061 utque
3581 2988 3652 3044 ab

1998 3096 2065 3134 eo
2096 3081 2249 3152 quod
2283 3097 2454 3152 prave
2485 3081 2668 3154 gessit
2697 3081 2960 3136 recedere
3003 3097 3119 3134 non
3155 3083 3514 3146 moretur,ex
3546 3093 3656 3133 sua

2001 3173 2316 3240 nostraque
2347 3170 2693 3224 auctoritate
2723 3172 3099 3223 contestetur.
3123 3169 3195 3222 At
3238 3166 3286 3222 si
3317 3165 3414 3221 ille
3446 3170 3653 3220 contu-

1999 3258 2242 3312 maciter
2262 3257 2320 3312 in
2345 3258 2434 3312 sui
2462 3258 2595 3312 facti
2633 3257 3056 3330 perpetratione
3092 3272 3433 3328 permanere
3455 3255 3650 3309 decre-

233 3349 638 3416 cernimus,ut
658 3347 856 3402 nullus
879 3347 1440 3420 potestatisjure,de
1469 3347 1642 3402 rebus
1665 3347 1886 3418 praefati
1919 3325 1962 3390 C
2000 3346 2164 3413 verit,
2191 3351 2246 3402 et
2275 3364 2389 3402 non
2413 3347 2567 3418 quod
2600 3325 2799 3418 inique
2829 3346 3013 3418 gessit
3034 3325 3321 3416 corrigere
3355 3342 3647 3412 maluerit,

232 3436 597 3502 monasterii,
614 3437 740 3491 sine
756 3436 1052 3491 voluntate
1069 3436 1296 3491 abbatis
1317 3437 1680 3508 fratrumque
1705 3436 1893 3508 ipsius

230 3526 476 3582 ccenobii
513 3526 820 3593 abutatur;
855 3526 954 3580 sed
988 3530 1265 3580 maneant
1295 3524 1494 3578 omnia
1523 3542 1650 3596 quae
1683 3525 1893 3580 collata

230 3621 393 3681 sunt,
419 3615 773 3686 fuerintque,
800 3615 858 3669 in
891 3615 1131 3669 rectoris
1180 3613 1368 3686 ipsius
1399 3615 1738 3669 monasterii
1790 3632 1891 3687 po-

226 3709 460 3768 testate,
485 3709 541 3759 et
572 3703 826 3776 regulari
872 3703 1276 3776 dispositione,
1307 3719 1499 3775 neque
1550 3703 1625 3758 sit
1676 3703 1892 3776 aliquis

225 3795 318 3850 vel
352 3794 680 3867 regum,vel
708 3793 886 3848 ullius
910 3795 1235 3866 potestatis,
1252 3811 1355 3849 seu
1379 3793 1684 3865 dignitatis
1708 3793 1892 3850 fultus

229 3885 440 3957 gradu,
476 3883 576 3955 qui
616 3883 687 3938 de
738 3883 1081 3938 monasterii
1141 3882 1362 3954 praefati
1412 3883 1608 3948 rebus,
1631 3882 1718 3938 vel
1769 3883 1894 3938 vio-

231 3971 439 4039 lenter,
471 3971 560 4028 vel
592 3975 858 4044 potenter
910 3971 1147 4026 invadat
1199 3971 1443 4042 aliquid,
1488 3970 1574 4026 vel
1634 3971 1888 4043 diripiat.

230 4061 518 4116 Abbatem
550 4077 685 4114 vero
719 4059 923 4115 fratres
954 4059 1142 4131 ipsius
1188 4059 1524 4114 monasterii
1559 4060 1628 4114 de
1661 4076 1722 4114 se
1749 4059 1892 4131 ipsis

233 4149 485 4222 eligendi
519 4165 750 4220 semper
777 4149 1032 4203 habeant
1062 4152 1428 4219 potestatem,
1457 4153 1511 4202 et
1533 4166 1660 4203 eam
1693 4167 1891 4220 perso-

234 4255 374 4294 nam
408 4238 789 4310 eligant,quaa
824 4237 1093 4292 monachi
1123 4237 1485 4308 propositum
1515 4242 1571 4292 et
1601 4238 1804 4292 habitu
1837 4242 1893 4293 et

235 4327 502 4383 moribus
543 4329 903 4398 profiteatur,
931 4343 1045 4381 non
1095 4325 1464 4396 canonicum,
1499 4332 1600 4382 aut
1652 4326 1886 4395 laicum,

233 4433 426 4488 neque
443 4415 684 4472 alterius
707 4415 1043 4470 monasterii
1071 4415 1452 4470 monachum:
1472 4416 1750 4487 quoniam
1773 4434 1892 4471 mo-

235 4506 479 4562 nachico
505 4505 694 4560 ordini
728 4506 1018 4576 praeﬁcere
1039 4504 1126 4560 vel
1160 4504 1495 4572 laicum,vel
1520 4505 1887 4572 canonicum,

234 4612 350 4651 non
385 4600 474 4651 est
506 4611 735 4650 servare
766 4593 990 4649 ordinis
1022 4594 1464 4665 professionem,
1492 4595 1590 4649 sed
1617 4599 1887 4661 evertere,

2000 3435 2294 3491 licentiam
2328 3436 2582 3491 habeant
2627 3437 2833 3490 fratres
2865 3433 3204 3489 monasterii
3253 3432 3511 3504 przedicti
3545 3431 3660 3486 Ro-

2003 3541 2238 3580 manam
2263 3525 2764 3596 apostolicamque
2786 3524 2982 3578 sedem
3009 3523 3191 3593 adire,
3216 3527 3272 3576 et
3294 3520 3661 3577 necessitatis

2003 3631 2120 3670 suae
2145 3631 2353 3670 causas
2376 3619 2508 3669 ante
2527 3631 2762 3686 papam,
2779 3614 2879 3685 qui
2901 3618 3041 3668 tunc
3067 3611 3261 3678 fuerit,
3278 3609 3440 3664 urbis
3463 3609 3659 3664 Romae

2002 3705 2312 3776 deponere,
2335 3707 2391 3758 et
2418 3703 2723 3774 praesentis
2745 3700 3020 3774 praecepti
3044 3698 3520 3756 constitutionem
3543 3715 3662 3752 ma-

2003 3794 2279 3849 nifestare
2305 3811 2316 3848 :
2345 3793 2546 3864 sicque
2569 3793 2870 3847 Romanus
2901 3789 3181 3863 pontifex,
3207 3788 3443 3861 cognita
3463 3802 3662 3856 causa,

1996 3884 2169 3955 justas
2217 3881 2611 3937 damnationis
2643 3880 2935 3936 sententia
2991 3897 3155 3935 reum
3206 3877 3490 3933 mulctare
3546 3892 3661 3931 non

2001 3970 2404 4027 cunctetur.Si
2439 3971 2574 4042 quis
2607 3985 2739 4024 vero
2774 3969 3146 4024 sacerdotum
3179 3966 3267 4021 vel
3293 3965 3658 4032 clericorum,

2002 4060 2154 4115 hanc
2204 4058 2644 4115 constitutionis
2705 4061 2914 4111 nostra}
2976 4054 3251 4126 paginam
3312 4067 3656 4123 agnoscens,

2001 4153 2204 4204 contra
2233 4165 2360 4204 eam
2409 4148 2605 4202 venire
2643 4145 2972 4211 tentaverit,
2998 4143 3220 4199 ordinis
3253 4141 3340 4196 sui
3377 4139 3659 4211 dignitate

2001 4243 2219 4306 careat;
2253 4238 2442 4292 laicus
2477 4236 3056 4305 vero,cujuscunque
3088 4233 3165 4285 sit
3208 4227 3536 4302 potestatis,
3568 4225 3656 4282 vel

2001 4328 2325 4400 dignitatis,
2352 4326 2399 4381 si
2433 4326 2613 4396 hujus
2644 4322 2927 4395 privilegii
2965 4323 3195 4376 decreta
3229 4319 3286 4373 in
3319 4317 3516 4388 aliquo
3535 4315 3656 4370 vio-

1999 4415 2224 4485 laverit,
2246 4433 2408 4470 reum
2434 4432 2494 4468 se
2517 4414 2708 4468 divino
2725 4411 2948 4482 judicio
2973 4411 3216 4465 existere
3239 4408 3307 4463 de
3329 4408 3659 4479 perpetrata

2000 4505 2310 4577 iniquitate
2343 4506 2677 4575 cognoscat,
2701 4506 2757 4556 et
2799 4500 2913 4573 nisi
2943 4499 3030 4554 vel
3061 4516 3128 4553 ea
3160 4514 3286 4570 quae
3318 4495 3389 4550 ab
3421 4511 3486 4550 eo
3518 4497 3659 4549 sunt

2001 4595 2157 4650 mala
2213 4593 2307 4648 abl
2333 4597 2411 4648 'ta
2471 4591 2812 4657 restituerit,
2854 4588 2941 4644 vel
2991 4589 3169 4659 digna
3203 4584 3352 4658 [edit.
3386 4586 3537 4639 Rom.
3569 4581 3656 4637 vel

235 4685 392 4756 quod
417 4684 827 4755 unusquisque
849 4681 1196 4754 praepositus
1219 4684 1387 4753 cujus
1410 4686 1497 4736 est
1514 4683 1892 4754 ordinis,ejus
1922 4697 1968 4761 D
1999 4683 2283 4756 legitima]
2310 4680 2649 4754 poenitentia
2696 4679 2900 4734 illicite
2951 4683 3081 4733 acta
3127 4674 3442 4739 defleverit,
3471 4672 3571 4728 Dei
3603 4675 3660 4726 et

233 4790 468 4846 quoque
500 4773 609 4828 erit
638 4777 694 4828 et
725 4775 1077 4844 propagator
1107 4787 1120 4823 :
1159 4787 1264 4826 nec
1309 4772 1452 4826 bene
1484 4772 1753 4843 disponet
1784 4772 1887 4828 ali-

235 4864 472 4935 quando
495 4863 901 4933 cujuscunque
923 4859 1146 4915 militiae
1168 4860 1367 4927 vitam,
1384 4863 1558 4931 cujus
1583 4878 1697 4916 non
1725 4863 1895 4916 fuerit

236 4953 364 5024 ipse
395 4953 494 5024 qui
529 4951 789 5023 disponit
827 4949 1150 5006 aemulator.
1177 4949 1289 5004 Sed
1322 4965 1511 5020 neque
1555 4967 1672 5020 rex,
1707 4968 1894 5023 neque

239 5045 499 5114 potestas
531 5039 751 5112 aliqua,
785 5039 966 5094 ullam
1008 5037 1360 5094 monasterio
1393 5038 1725 5093 Corbeiensi
1759 5057 1896 5111 prae-

242 5135 422 5204 ponat
449 5145 976 5202 personam,quam
1009 5145 1124 5183 non
1158 5129 1366 5182 fratres
1399 5127 1585 5199 ipsius
1616 5127 1897 5200 elegerint

242 5219 604 5275 monasterii.
626 5219 850 5274 Debent
870 5219 1027 5275 enim
1053 5217 1256 5272 mundi
1293 5216 1584 5288 principes
1616 5217 1896 5273 honorem

242 5314 518 5380 praastare
549 5309 684 5375 Deo,
711 5324 883 5380 quem
919 5307 1029 5363 sibi
1060 5307 1263 5362 volunt
1293 5306 1553 5378 praestari
1585 5323 1617 5360 a
1651 5307 1779 5375 Deo,
1811 5307 1895 5361 vi-

242 5397 452 5453 delicet
485 5402 550 5452 ut
580 5397 1080 5469 quemadmodum
1105 5395 1348 5467 cupiunt
1379 5412 1411 5450 a
1440 5395 1555 5450 Deo
1587 5395 1698 5450 sibi
1732 5397 1901 5451 colla-

242 5491 370 5542 tum
396 5487 557 5559 regni
585 5487 865 5541 honorem
898 5486 1249 5552 conservari,
1275 5485 1357 5538 sic
1390 5483 1657 5538 Ecclesiae
1686 5485 1896 5540 Christi

245 5593 414 5633 suam
455 5593 572 5630 non
622 5575 1014 5647 dedignentur
1046 5591 1272 5629 servare
1325 5575 1534 5646 legem.
1568 5575 1692 5629 Non
1741 5577 1896 5630 enim

243 5667 427 5733 decet,
454 5682 641 5738 neque
666 5665 897 5735 justum
929 5663 1109 5718 videri
1144 5664 1375 5734 poterit,
1404 5668 1468 5718 ut
1499 5663 1608 5719 sibi
1643 5664 1898 5720 militan-

243 5757 424 5825 tibus,
444 5756 514 5811 de
537 5754 804 5812 Ecclesiae
826 5753 1038 5810 Christi
1071 5752 1546 5824 possessionibus
1573 5757 1899 5811 mercedem

2002 4775 2302 4830 beatorum
2337 4770 2737 4844 apostolorum
2783 4768 2933 4824 Petri
2986 4785 3052 4823 ac
3099 4764 3260 4821 Pauli
3311 4761 3660 4819 auctoritate

2003 4868 2178 4935 atque
2207 4866 2408 4916 nostra
2438 4859 2726 4915 sententia
2756 4857 3147 4913 anathematis
3167 4852 3399 4909 vinculo
3420 4851 3660 4906 innoda-

2003 4957 2120 5020 tus,
2160 4969 2194 5006 a
2224 4949 2624 5006 sacratissimo
2674 4959 2914 5020 carpore
2972 4964 3037 5002 ac
3086 4941 3373 5015 sanguine
3432 4937 3659 4994 Domini

2006 5040 2189 5096 nostri
2222 5041 2362 5096 Jesu
2387 5037 2602 5094 Christi
2633 5037 2857 5092 alienus
2897 5035 3124 5096 existat,
3148 5038 3322 5102 atque
3353 5029 3412 5082 in
3445 5031 3658 5082 aeterno

2006 5130 2269 5187 examine
2300 5127 2576 5184 districtae
2611 5125 2817 5180 ultioni
2851 5125 3171 5194 subjaceat.
3193 5117 3429 5175 Cunctis
3461 5121 3658 5172 autem

2006 5221 2193 5276 eidem
2226 5215 2542 5273 venerabili
2576 5213 2926 5269 monasterio
2961 5213 3125 5282 justa
3164 5207 3550 5273 servantibus,
3585 5204 3662 5259 sit

2009 5327 2119 5381 pax
2165 5307 2395 5363 Domini
2447 5305 2631 5360 nostri
2680 5303 2819 5358 Jesu
2851 5300 3085 5367 Christi,
3129 5302 3419 5370 quatenus
3467 5299 3523 5350 et
3567 5292 3663 5347 hic

2007 5400 2266 5454 fructum
2291 5397 2454 5451 bonae
2479 5392 2724 5449 actionis
2755 5391 3056 5464 recipiant,
3073 5392 3128 5444 et
3149 5387 3302 5459 apud
3325 5384 3664 5440 districtum

1999 5489 2264 5560 jurliccm
2292 5485 2531 5558 praemia
2553 5487 2775 5537 mternze
2800 5480 3015 5553 quietis
3034 5477 3350 5533 inveniant.
3371 5474 3669 5560 Scriptum

2011 5558 2114 5651 per
2145 5593 2387 5631 manum
2424 5573 2634 5629 Leonis
2678 5571 2888 5627 notarii
2930 5567 3260 5642 regionarii,
3295 5569 3352 5620 et
3385 5558 3672 5651 scriniarii

2013 5649 2226 5723 sanctre
2270 5667 2542 5720 Romanae
2592 5661 2880 5729 Ecclesiae,
2909 5660 2966 5714 in
3016 5673 3215 5714 mense
3260 5652 3464 5726 Aprili,
3519 5649 3673 5705 indi-

2016 5759 2206 5813 ctione
2253 5772 2329 5810 χι.
2365 5757 2507 5809 Data
2563 5768 2621 5806 1v
2677 5749 2972 5805 Kalendas
3028 5747 3234 5818 Maias,
3267 5761 3370 5817 per
3425 5755 3668 5798 manum
