  <div class='ocr_page' id='page_1' title='image "/cluster/home/n/w/nwhite01/storage/ocr_20150623/119/umn.319510024774125/441.png"; bbox 0 0 4126 6474; ppageno 0'>
   <div class='ocr_carea' id='block_1_1' title="bbox 438 363 558 430">
    <p class='ocr_par' dir='ltr' id='par_1_1' title="bbox 438 363 558 430">
     <span class='ocr_line' id='line_1_1' title="bbox 438 363 558 430; baseline 0 -1"><span class='ocrx_word' id='word_1_1' title='bbox 438 363 558 430; x_wconf 76' lang='lat'>819</span> 
     </span>
    </p>
   </div>
   <div class='ocr_carea' id='block_1_2' title="bbox 1816 368 2497 435">
    <p class='ocr_par' dir='ltr' id='par_1_2' title="bbox 1816 368 2497 435">
     <span class='ocr_line' id='line_1_2' title="bbox 1816 368 2497 435; baseline 0.003 -4"><span class='ocrx_word' id='word_1_2' title='bbox 1816 368 2132 434; x_wconf 85' lang='lat' dir='ltr'>NICOLAI</span> <span class='ocrx_word' id='word_1_3' title='bbox 2177 371 2409 435; x_wconf 79' lang='grc' dir='ltr'><strong>ΡΑΡιΕ</strong></span> <span class='ocrx_word' id='word_1_4' title='bbox 2448 372 2497 435; x_wconf 93' lang='grc' dir='ltr'>Ι.</span> 
     </span>
    </p>
   </div>
   <div class='ocr_carea' id='block_1_3' title="bbox 3757 371 3902 435">
    <p class='ocr_par' dir='ltr' id='par_1_3' title="bbox 3757 371 3902 435">
     <span class='ocr_line' id='line_1_3' title="bbox 3757 371 3902 435; baseline 0.007 -1"><span class='ocrx_word' id='word_1_5' title='bbox 3757 371 3902 435; x_wconf 80' lang='lat'>820</span> 
     </span>
    </p>
   </div>
   <div class='ocr_carea' id='block_1_4' title="bbox 442 498 3878 581">
    <p class='ocr_par' dir='ltr' id='par_1_4' title="bbox 442 498 3878 581">
     <span class='ocr_line' id='line_1_4' title="bbox 442 498 3878 581; baseline 0.002 -23"><span class='ocrx_word' id='word_1_6' title='bbox 442 499 660 558; x_wconf 87' lang='lat' dir='ltr'>Tiberii</span> <span class='ocrx_word' id='word_1_7' title='bbox 693 498 1013 573; x_wconf 91' lang='lat' dir='ltr'>primicerii</span> <span class='ocrx_word' id='word_1_8' title='bbox 1056 504 1270 558; x_wconf 80' lang='lat' dir='ltr'>sanctae</span> <span class='ocrx_word' id='word_1_9' title='bbox 1319 502 1473 559; x_wconf 86' lang='lat' dir='ltr'>sedis</span> <span class='ocrx_word' id='word_1_10' title='bbox 1522 502 1877 576; x_wconf 70' lang='lat' dir='ltr'>apostolicae,</span> <span class='ocrx_word' id='word_1_11' title='bbox 1909 504 2100 578; x_wconf 88' lang='lat' dir='ltr'>impe-</span> <span class='ocrx_word' id='word_1_12' title='bbox 2132 508 2185 575; x_wconf 79' lang='grc' dir='ltr'><strong>Α</strong></span> <span class='ocrx_word' id='word_1_13' title='bbox 2216 507 2401 563; x_wconf 80' lang='lat' dir='ltr'>nostri</span> <span class='ocrx_word' id='word_1_14' title='bbox 2432 506 2648 581; x_wconf 83' lang='lat' dir='ltr'>pagina</span> <span class='ocrx_word' id='word_1_15' title='bbox 2681 507 2961 581; x_wconf 90' lang='lat' dir='ltr'>continet,</span> <span class='ocrx_word' id='word_1_16' title='bbox 2978 510 3101 564; x_wconf 89' lang='lat' dir='ltr'>tam</span> <span class='ocrx_word' id='word_1_17' title='bbox 3131 506 3298 564; x_wconf 85' lang='lat' dir='ltr'>vobis</span> <span class='ocrx_word' id='word_1_18' title='bbox 3321 522 3500 580; x_wconf 89' lang='lat' dir='ltr'>quam</span> <span class='ocrx_word' id='word_1_19' title='bbox 3530 507 3763 564; x_wconf 88' lang='lat' dir='ltr'>cunctis</span> <span class='ocrx_word' id='word_1_20' title='bbox 3784 524 3878 581; x_wconf 85' lang='lat' dir='ltr'>qu</span> 
     </span>
    </p>
   </div>
   <div class='ocr_carea' id='block_1_5' title="bbox 449 589 2109 664">
    <p class='ocr_par' dir='ltr' id='par_1_5' title="bbox 449 589 2109 664">
     <span class='ocr_line' id='line_1_5' title="bbox 449 589 2109 664; baseline 0.003 -18"><span class='ocrx_word' id='word_1_21' title='bbox 449 594 617 647; x_wconf 89' lang='lat' dir='ltr'>rante</span> <span class='ocrx_word' id='word_1_22' title='bbox 656 589 894 647; x_wconf 90' lang='lat' dir='ltr'>domino</span> <span class='ocrx_word' id='word_1_23' title='bbox 954 590 1223 663; x_wconf 87' lang='lat' dir='ltr'>piissimo</span> <span class='ocrx_word' id='word_1_24' title='bbox 1252 594 1513 664; x_wconf 88' lang='lat' dir='ltr'>Augusto</span> <span class='ocrx_word' id='word_1_25' title='bbox 1567 594 1858 649; x_wconf 87' lang='lat' dir='ltr'>Ludovico</span> <span class='ocrx_word' id='word_1_26' title='bbox 1910 612 1944 650; x_wconf 89' lang='lat' dir='ltr'>a</span> <span class='ocrx_word' id='word_1_27' title='bbox 1991 595 2109 651; x_wconf 90' lang='lat' dir='ltr'>Deo</span> 
     </span>
    </p>
   </div>
   <div class='ocr_carea' id='block_1_6' title="bbox 450 681 2113 755">
    <p class='ocr_par' dir='ltr' id='par_1_6' title="bbox 450 681 2113 755">
     <span class='ocr_line' id='line_1_6' title="bbox 450 681 2113 755; baseline 0.003 -19"><span class='ocrx_word' id='word_1_28' title='bbox 450 683 748 748; x_wconf 85' lang='lat' dir='ltr'>coronato,</span> <span class='ocrx_word' id='word_1_29' title='bbox 793 696 1030 753; x_wconf 90' lang='lat' dir='ltr'>magno,</span> <span class='ocrx_word' id='word_1_30' title='bbox 1082 681 1323 753; x_wconf 89' lang='lat' dir='ltr'>paciﬁco</span> <span class='ocrx_word' id='word_1_31' title='bbox 1370 681 1745 755; x_wconf 80' lang='lat' dir='ltr'>imperatore,</span> <span class='ocrx_word' id='word_1_32' title='bbox 1776 700 1871 739; x_wconf 88' lang='lat' dir='ltr'>an.</span> <span class='ocrx_word' id='word_1_33' title='bbox 1904 702 2022 750; x_wconf 70' lang='lat' dir='ltr'>xxv,</span> <span class='ocrx_word' id='word_1_34' title='bbox 2056 688 2113 741; x_wconf 90' lang='lat' dir='ltr'>et</span> 
     </span>
    </p>
   </div>
   <div class='ocr_carea' id='block_1_7' title="bbox 451 769 2113 846">
    <p class='ocr_par' dir='ltr' id='par_1_7' title="bbox 451 769 2113 846">
     <span class='ocr_line' id='line_1_7' title="bbox 451 769 2113 846; baseline 0.004 -23"><span class='ocrx_word' id='word_1_35' title='bbox 451 773 589 841; x_wconf 90' lang='lat' dir='ltr'>post</span> <span class='ocrx_word' id='word_1_36' title='bbox 619 769 748 840; x_wconf 88' lang='lat' dir='ltr'>ejus</span> <span class='ocrx_word' id='word_1_37' title='bbox 769 785 991 824; x_wconf 89' lang='lat' dir='ltr'>annum</span> <span class='ocrx_word' id='word_1_38' title='bbox 1012 787 1104 826; x_wconf 80' lang='lat' dir='ltr'>xw</span> <span class='ocrx_word' id='word_1_39' title='bbox 1128 772 1299 841; x_wconf 77' lang='lat' dir='ltr'>(forte,</span> <span class='ocrx_word' id='word_1_40' title='bbox 1334 773 1390 826; x_wconf 88' lang='lat' dir='ltr'>et</span> <span class='ocrx_word' id='word_1_41' title='bbox 1419 774 1552 843; x_wconf 91' lang='lat' dir='ltr'>post</span> <span class='ocrx_word' id='word_1_42' title='bbox 1585 772 1956 829; x_wconf 85' lang='lat' dir='ltr'>consulatum</span> <span class='ocrx_word' id='word_1_43' title='bbox 1984 775 2113 846; x_wconf 87' lang='lat' dir='ltr'>ejus</span> 
     </span>
    </p>
   </div>
   <div class='ocr_carea' id='block_1_8' title="bbox 454 850 2018 931">
    <p class='ocr_par' dir='ltr' id='par_1_8' title="bbox 454 850 2018 931">
     <span class='ocr_line' id='line_1_8' title="bbox 454 850 2018 931; baseline 0.002 -16"><span class='ocrx_word' id='word_1_44' title='bbox 454 875 610 915; x_wconf 89' lang='lat' dir='ltr'>anno</span> <span class='ocrx_word' id='word_1_45' title='bbox 639 875 756 925; x_wconf 75' lang='lat' dir='ltr'>xxv,</span> <span class='ocrx_word' id='word_1_46' title='bbox 784 859 1017 931; x_wconf 57' lang='lat' dir='ltr'>Hann],</span> <span class='ocrx_word' id='word_1_47' title='bbox 1040 858 1361 916; x_wconf 85' lang='lat' dir='ltr'>indictione</span> <span class='ocrx_word' id='word_1_48' title='bbox 1392 878 1469 916; x_wconf 83' lang='lat' dir='ltr'>x1.</span> <span class='ocrx_word' id='word_1_49' title='bbox 2011 850 2018 856; x_wconf 64' lang='grc'><em>’</em></span> 
     </span>
    </p>
   </div>
   <div class='ocr_carea' id='block_1_9' title="bbox 1200 966 1361 1022">
    <p class='ocr_par' dir='ltr' id='par_1_9' title="bbox 1200 966 1361 1022">
     <span class='ocr_line' id='line_1_9' title="bbox 1200 966 1361 1022; baseline 0.006 -1"><span class='ocrx_word' id='word_1_50' title='bbox 1200 966 1361 1022; x_wconf 89' lang='grc' dir='ltr'>ΧΧΧ.</span> 
     </span>
    </p>
   </div>
   <div class='ocr_carea' id='block_1_10' title="bbox 460 1080 2114 1126">
    <p class='ocr_par' dir='ltr' id='par_1_10' title="bbox 460 1080 2114 1126">
     <span class='ocr_line' id='line_1_10' title="bbox 460 1080 2114 1126; baseline 0.004 -6"><span class='ocrx_word' id='word_1_51' title='bbox 460 1080 686 1120; x_wconf 79' lang='lat' dir='ltr'>NICOLAI</span> <span class='ocrx_word' id='word_1_52' title='bbox 716 1080 1089 1119; x_wconf 78' lang='lat' dir='ltr'>PRIVILEGIUM</span> <span class='ocrx_word' id='word_1_53' title='bbox 1110 1081 1221 1120; x_wconf 85' lang='lat' dir='ltr'>PRO</span> <span class='ocrx_word' id='word_1_54' title='bbox 1243 1082 1697 1124; x_wconf 74' lang='lat' dir='ltr'>SANDIONYSIANO</span> <span class='ocrx_word' id='word_1_55' title='bbox 1728 1085 2114 1126; x_wconf 79' lang='lat' dir='ltr'>MONASTERIO.</span> 
     </span>
    </p>
   </div>
   <div class='ocr_carea' id='block_1_11' title="bbox 1105 1154 1479 1226">
    <p class='ocr_par' dir='ltr' id='par_1_11' title="bbox 1105 1154 1479 1226">
     <span class='ocr_line' id='line_1_11' title="bbox 1105 1154 1479 1226; baseline 0.011 -18"><span class='ocrx_word' id='word_1_56' title='bbox 1105 1154 1290 1225; x_wconf 90' lang='lat' dir='ltr'>(Anno</span> <span class='ocrx_word' id='word_1_57' title='bbox 1325 1158 1479 1226; x_wconf 85' lang='lat'>863.)</span> 
     </span>
    </p>
   </div>
   <div class='ocr_carea' id='block_1_12' title="bbox 465 1241 2123 1318">
    <p class='ocr_par' dir='ltr' id='par_1_12' title="bbox 465 1241 2123 1318">
     <span class='ocr_line' id='line_1_12' title="bbox 465 1241 2123 1318; baseline 0.004 -21"><span class='ocrx_word' id='word_1_58' title='bbox 465 1242 651 1315; x_wconf 87' lang='lat' dir='ltr'>[Apud</span> <span class='ocrx_word' id='word_1_59' title='bbox 682 1241 889 1310; x_wconf 91' lang='lat' dir='ltr'>Felib.,</span> <span class='ocrx_word' id='word_1_60' title='bbox 923 1245 1062 1299; x_wconf 79' lang='lat' dir='ltr'>Hist.</span> <span class='ocrx_word' id='word_1_61' title='bbox 1094 1243 1160 1300; x_wconf 78' lang='lat' dir='ltr'>de</span> <span class='ocrx_word' id='word_1_62' title='bbox 1189 1246 1439 1318; x_wconf 80' lang='lat' dir='ltr'>l’abbaye</span> <span class='ocrx_word' id='word_1_63' title='bbox 1467 1247 1531 1303; x_wconf 82' lang='lat' dir='ltr'>de</span> <span class='ocrx_word' id='word_1_64' title='bbox 1566 1249 1938 1305; x_wconf 78' lang='lat' dir='ltr'>Saint-Denis</span> <span class='ocrx_word' id='word_1_65' title='bbox 1969 1248 2123 1304; x_wconf 90' lang='lat' dir='ltr'>inter</span> 
     </span>
    </p>
   </div>
   <div class='ocr_carea' id='block_1_13' title="bbox 1175 1317 1412 1389">
    <p class='ocr_par' dir='ltr' id='par_1_13' title="bbox 1175 1317 1412 1389">
     <span class='ocr_line' id='line_1_13' title="bbox 1175 1317 1412 1389; baseline 0 -16"><span class='ocrx_word' id='word_1_66' title='bbox 1175 1317 1412 1389; x_wconf 78' lang='lat' dir='ltr'>probat.]</span> 
     </span>
    </p>
   </div>
   <div class='ocr_carea' id='block_1_14' title="bbox 534 1403 2124 1477">
    <p class='ocr_par' dir='ltr' id='par_1_14' title="bbox 534 1403 2124 1477">
     <span class='ocr_line' id='line_1_14' title="bbox 534 1403 2124 1477; baseline 0.004 -19"><span class='ocrx_word' id='word_1_67' title='bbox 534 1403 823 1460; x_wconf 86' lang='lat' dir='ltr'>NICOLAUS</span> <span class='ocrx_word' id='word_1_68' title='bbox 844 1403 1176 1477; x_wconf 90' lang='lat' dir='ltr'>episcopus,</span> <span class='ocrx_word' id='word_1_69' title='bbox 1204 1422 1407 1463; x_wconf 91' lang='lat' dir='ltr'>servus</span> <span class='ocrx_word' id='word_1_70' title='bbox 1429 1424 1730 1465; x_wconf 88' lang='lat' dir='ltr'>servorum</span> <span class='ocrx_word' id='word_1_71' title='bbox 1752 1409 1876 1477; x_wconf 90' lang='lat' dir='ltr'>Dei,</span> <span class='ocrx_word' id='word_1_72' title='bbox 1896 1408 2124 1465; x_wconf 80' lang='lat' dir='ltr'>dilectis</span> 
     </span>
    </p>
   </div>
   <div class='ocr_carea' id='block_1_15' title="bbox 467 1491 2125 1555">
    <p class='ocr_par' dir='ltr' id='par_1_15' title="bbox 467 1491 2125 1555">
     <span class='ocr_line' id='line_1_15' title="bbox 467 1491 2125 1555; baseline 0.004 -8"><span class='ocrx_word' id='word_1_73' title='bbox 467 1491 750 1548; x_wconf 82' lang='lat' dir='ltr'>fratribus</span> <span class='ocrx_word' id='word_1_74' title='bbox 789 1509 856 1549; x_wconf 88' lang='lat' dir='ltr'>ac</span> <span class='ocrx_word' id='word_1_75' title='bbox 899 1492 1037 1548; x_wconf 91' lang='lat' dir='ltr'>ﬁliis</span> <span class='ocrx_word' id='word_1_76' title='bbox 1068 1495 1285 1551; x_wconf 87' lang='lat' dir='ltr'>nostris</span> <span class='ocrx_word' id='word_1_77' title='bbox 1318 1496 1377 1551; x_wconf 90' lang='lat' dir='ltr'>in</span> <span class='ocrx_word' id='word_1_78' title='bbox 1407 1497 1725 1554; x_wconf 84' lang='lat' dir='ltr'>venerabili</span> <span class='ocrx_word' id='word_1_79' title='bbox 1768 1498 2125 1555; x_wconf 90' lang='lat' dir='ltr'>monasterio</span> 
     </span>
    </p>
   </div>
   <div class='ocr_carea' id='block_1_16' title="bbox 466 1581 2122 1661">
    <p class='ocr_par' dir='ltr' id='par_1_16' title="bbox 466 1581 2122 1661">
     <span class='ocr_line' id='line_1_16' title="bbox 466 1581 2122 1661; baseline 0.002 -24"><span class='ocrx_word' id='word_1_80' title='bbox 466 1581 657 1637; x_wconf 87' lang='lat' dir='ltr'>sancti</span> <span class='ocrx_word' id='word_1_81' title='bbox 690 1581 908 1638; x_wconf 85' lang='lat' dir='ltr'>Christi</span> <span class='ocrx_word' id='word_1_82' title='bbox 942 1582 1215 1656; x_wconf 81' lang='lat' dir='ltr'>martyris</span> <span class='ocrx_word' id='word_1_83' title='bbox 1246 1583 1505 1658; x_wconf 81' lang='lat' dir='ltr'>Dionysii</span> <span class='ocrx_word' id='word_1_84' title='bbox 1553 1588 1664 1642; x_wconf 91' lang='lat' dir='ltr'>sub</span> <span class='ocrx_word' id='word_1_85' title='bbox 1705 1586 1909 1661; x_wconf 89' lang='lat' dir='ltr'>regula</span> <span class='ocrx_word' id='word_1_86' title='bbox 1938 1587 2122 1643; x_wconf 88' lang='lat' dir='ltr'>sancti</span> 
     </span>
    </p>
   </div>
   <div class='ocr_carea' id='block_1_17' title="bbox 469 1669 2130 1750">
    <p class='ocr_par' dir='ltr' id='par_1_17' title="bbox 469 1669 2130 1750">
     <span class='ocr_line' id='line_1_17' title="bbox 469 1669 2130 1750; baseline 0.003 -24"><span class='ocrx_word' id='word_1_87' title='bbox 469 1669 765 1727; x_wconf 87' lang='lat' dir='ltr'>Benedicti</span> <span class='ocrx_word' id='word_1_88' title='bbox 798 1669 1073 1743; x_wconf 90' lang='lat' dir='ltr'>religiosa</span> <span class='ocrx_word' id='word_1_89' title='bbox 1113 1674 1551 1739; x_wconf 84' lang='lat' dir='ltr'>conversatione</span> <span class='ocrx_word' id='word_1_90' title='bbox 1580 1676 1947 1750; x_wconf 86' lang='lat' dir='ltr'>degentibus,</span> <span class='ocrx_word' id='word_1_91' title='bbox 1973 1692 2130 1731; x_wconf 92' lang='lat' dir='ltr'>nunc</span> 
     </span>
    </p>
   </div>
   <div class='ocr_carea' id='block_1_18' title="bbox 470 1760 1192 1833">
    <p class='ocr_par' dir='ltr' id='par_1_18' title="bbox 470 1760 1192 1833">
     <span class='ocr_line' id='line_1_18' title="bbox 470 1760 1192 1833; baseline 0.001 -17"><span class='ocrx_word' id='word_1_92' title='bbox 470 1764 529 1816; x_wconf 89' lang='lat' dir='ltr'>et</span> <span class='ocrx_word' id='word_1_93' title='bbox 556 1760 774 1818; x_wconf 84' lang='lat' dir='ltr'>futuris</span> <span class='ocrx_word' id='word_1_94' title='bbox 803 1761 1192 1833; x_wconf 86' lang='lat' dir='ltr'>temporibus.</span> 
     </span>
    </p>
   </div>
   <div class='ocr_carea' id='block_1_19' title="bbox 546 1851 2133 1930">
    <p class='ocr_par' dir='ltr' id='par_1_19' title="bbox 546 1851 2133 1930">
     <span class='ocr_line' id='line_1_19' title="bbox 546 1851 2133 1930; baseline 0.008 -25"><span class='ocrx_word' id='word_1_95' title='bbox 546 1851 789 1916; x_wconf 89' lang='lat' dir='ltr'>Quando</span> <span class='ocrx_word' id='word_1_96' title='bbox 820 1851 888 1907; x_wconf 89' lang='lat' dir='ltr'>ad</span> <span class='ocrx_word' id='word_1_97' title='bbox 930 1867 1001 1906; x_wconf 91' lang='lat' dir='ltr'>ea</span> <span class='ocrx_word' id='word_1_98' title='bbox 1047 1868 1175 1923; x_wconf 69' lang='lat' dir='ltr'>qua:</span> <span class='ocrx_word' id='word_1_99' title='bbox 1208 1853 1631 1911; x_wconf 89' lang='lat' dir='ltr'>catholicorum</span> <span class='ocrx_word' id='word_1_100' title='bbox 1691 1873 1897 1930; x_wconf 89' lang='lat' dir='ltr'>regum</span> <span class='ocrx_word' id='word_1_101' title='bbox 1956 1861 2133 1917; x_wconf 88' lang='lat' dir='ltr'>corda</span> 
     </span>
    </p>
   </div>
   <div class='ocr_carea' id='block_1_20' title="bbox 474 1938 2133 2016">
    <p class='ocr_par' dir='ltr' id='par_1_20' title="bbox 474 1938 2133 2016">
     <span class='ocr_line' id='line_1_20' title="bbox 474 1938 2133 2016; baseline 0.007 -21"><span class='ocrx_word' id='word_1_102' title='bbox 474 1938 916 2013; x_wconf 86' lang='lat' dir='ltr'>pontiﬁcalibus</span> <span class='ocrx_word' id='word_1_103' title='bbox 948 1946 1089 1997; x_wconf 89' lang='lat' dir='ltr'>sunt</span> <span class='ocrx_word' id='word_1_104' title='bbox 1113 1942 1353 2000; x_wconf 88' lang='lat' dir='ltr'>monitis</span> <span class='ocrx_word' id='word_1_105' title='bbox 1383 1947 1769 2016; x_wconf 90' lang='lat' dir='ltr'>provocanda,</span> <span class='ocrx_word' id='word_1_106' title='bbox 1794 1947 1875 2004; x_wconf 90' lang='lat' dir='ltr'>ita</span> <span class='ocrx_word' id='word_1_107' title='bbox 1906 1950 2133 2006; x_wconf 88' lang='lat' dir='ltr'>ardenti</span> 
     </span>
    </p>
   </div>
   <div class='ocr_carea' id='block_1_21' title="bbox 475 2027 2136 2108">
    <p class='ocr_par' dir='ltr' id='par_1_21' title="bbox 475 2027 2136 2108">
     <span class='ocr_line' id='line_1_21' title="bbox 475 2027 2136 2108; baseline 0.007 -25"><span class='ocrx_word' id='word_1_108' title='bbox 475 2027 766 2085; x_wconf 91' lang='lat' dir='ltr'>desiderio</span> <span class='ocrx_word' id='word_1_109' title='bbox 788 2028 985 2085; x_wconf 88' lang='lat' dir='ltr'>divina</span> <span class='ocrx_word' id='word_1_110' title='bbox 1003 2031 1378 2102; x_wconf 89' lang='lat' dir='ltr'>proveniente</span> <span class='ocrx_word' id='word_1_111' title='bbox 1410 2033 1598 2107; x_wconf 90' lang='lat' dir='ltr'>gratia</span> <span class='ocrx_word' id='word_1_112' title='bbox 1618 2037 2035 2108; x_wconf 89' lang='lat' dir='ltr'>succeduntur,</span> <span class='ocrx_word' id='word_1_113' title='bbox 2069 2043 2136 2095; x_wconf 92' lang='lat' dir='ltr'>ut</span> 
     </span>
    </p>
   </div>
   <div class='ocr_carea' id='block_1_22' title="bbox 479 2116 2135 2192">
    <p class='ocr_par' dir='ltr' id='par_1_22' title="bbox 479 2116 2135 2192">
     <span class='ocr_line' id='line_1_22' title="bbox 479 2116 2135 2192; baseline 0.008 -20"><span class='ocrx_word' id='word_1_114' title='bbox 479 2117 554 2174; x_wconf 92' lang='lat' dir='ltr'>ab</span> <span class='ocrx_word' id='word_1_115' title='bbox 584 2117 669 2174; x_wconf 89' lang='lat' dir='ltr'>eis</span> <span class='ocrx_word' id='word_1_116' title='bbox 709 2116 862 2174; x_wconf 88' lang='lat' dir='ltr'>ultro</span> <span class='ocrx_word' id='word_1_117' title='bbox 914 2125 1254 2192; x_wconf 91' lang='lat' dir='ltr'>poscantur,</span> <span class='ocrx_word' id='word_1_118' title='bbox 1285 2125 1449 2178; x_wconf 89' lang='lat' dir='ltr'>tanto</span> <span class='ocrx_word' id='word_1_119' title='bbox 1479 2122 1655 2180; x_wconf 89' lang='lat' dir='ltr'>alacri</span> <span class='ocrx_word' id='word_1_120' title='bbox 1706 2130 1765 2181; x_wconf 88' lang='lat' dir='ltr'>et</span> <span class='ocrx_word' id='word_1_121' title='bbox 1812 2126 1940 2184; x_wconf 69' lang='lat' dir='ltr'>laeto</span> <span class='ocrx_word' id='word_1_122' title='bbox 1994 2132 2135 2185; x_wconf 90' lang='lat' dir='ltr'>sunt</span> 
     </span>
    </p>
   </div>
   <div class='ocr_carea' id='block_1_23' title="bbox 480 2206 2131 2290">
    <p class='ocr_par' dir='ltr' id='par_1_23' title="bbox 480 2206 2131 2290">
     <span class='ocr_line' id='line_1_23' title="bbox 480 2206 2131 2290; baseline 0.007 -27"><span class='ocrx_word' id='word_1_123' title='bbox 480 2206 678 2263; x_wconf 89' lang='lat' dir='ltr'>animo</span> <span class='ocrx_word' id='word_1_124' title='bbox 707 2209 1334 2282; x_wconf 88' lang='lat' dir='ltr'>concedenda,quanto</span> <span class='ocrx_word' id='word_1_125' title='bbox 1363 2216 1421 2268; x_wconf 90' lang='lat' dir='ltr'>et</span> <span class='ocrx_word' id='word_1_126' title='bbox 1451 2230 1520 2269; x_wconf 90' lang='lat' dir='ltr'>ea</span> <span class='ocrx_word' id='word_1_127' title='bbox 1549 2213 1679 2286; x_wconf 88' lang='lat' dir='ltr'>ipsa</span> <span class='ocrx_word' id='word_1_128' title='bbox 1708 2232 1835 2288; x_wconf 58' lang='lat' dir='ltr'>quae.</span> <span class='ocrx_word' id='word_1_129' title='bbox 1866 2217 2131 2290; x_wconf 87' lang='lat' dir='ltr'>cupiunt,</span> 
     </span>
    </p>
   </div>
   <div class='ocr_carea' id='block_1_24' title="bbox 481 2295 2137 2380">
    <p class='ocr_par' dir='ltr' id='par_1_24' title="bbox 481 2295 2137 2380">
     <span class='ocr_line' id='line_1_24' title="bbox 481 2295 2137 2380; baseline 0.007 -28"><span class='ocrx_word' id='word_1_130' title='bbox 481 2295 533 2352; x_wconf 87' lang='lat' dir='ltr'>si</span> <span class='ocrx_word' id='word_1_131' title='bbox 584 2295 806 2353; x_wconf 86' lang='lat' dir='ltr'>nollent</span> <span class='ocrx_word' id='word_1_132' title='bbox 861 2298 1071 2365; x_wconf 85' lang='lat' dir='ltr'>facere,</span> <span class='ocrx_word' id='word_1_133' title='bbox 1105 2300 1224 2372; x_wconf 90' lang='lat' dir='ltr'>peti</span> <span class='ocrx_word' id='word_1_134' title='bbox 1283 2301 1626 2359; x_wconf 90' lang='lat' dir='ltr'>debuerant.</span> <span class='ocrx_word' id='word_1_135' title='bbox 1662 2304 1929 2374; x_wconf 89' lang='lat' dir='ltr'>Proinde,</span> <span class='ocrx_word' id='word_1_136' title='bbox 1965 2308 2137 2380; x_wconf 85' lang='lat' dir='ltr'>juxta</span> 
     </span>
    </p>
   </div>
   <div class='ocr_carea' id='block_1_25' title="bbox 481 2384 2136 2469">
    <p class='ocr_par' dir='ltr' id='par_1_25' title="bbox 481 2384 2136 2469">
     <span class='ocr_line' id='line_1_25' title="bbox 481 2384 2136 2469; baseline 0.008 -29"><span class='ocrx_word' id='word_1_137' title='bbox 481 2384 702 2458; x_wconf 88' lang='lat' dir='ltr'>scripta</span> <span class='ocrx_word' id='word_1_138' title='bbox 727 2385 997 2458; x_wconf 77' lang='lat' dir='ltr'>petitoris</span> <span class='ocrx_word' id='word_1_139' title='bbox 1039 2387 1143 2443; x_wconf 89' lang='lat' dir='ltr'>ﬁlii</span> <span class='ocrx_word' id='word_1_140' title='bbox 1176 2389 1363 2445; x_wconf 88' lang='lat' dir='ltr'>nostri</span> <span class='ocrx_word' id='word_1_141' title='bbox 1408 2392 1932 2463; x_wconf 73' lang='lat' dir='ltr'>praecellentissimi</span> <span class='ocrx_word' id='word_1_142' title='bbox 1981 2397 2136 2469; x_wconf 89' lang='lat' dir='ltr'>regis</span> 
     </span>
    </p>
   </div>
   <div class='ocr_carea' id='block_1_26' title="bbox 482 2474 2137 2554">
    <p class='ocr_par' dir='ltr' id='par_1_26' title="bbox 482 2474 2137 2554">
     <span class='ocr_line' id='line_1_26' title="bbox 482 2474 2137 2554; baseline 0.008 -24"><span class='ocrx_word' id='word_1_143' title='bbox 482 2474 698 2542; x_wconf 87' lang='lat' dir='ltr'>Karoli,</span> <span class='ocrx_word' id='word_1_144' title='bbox 713 2475 812 2548; x_wconf 89' lang='lat' dir='ltr'>huj</span> <span class='ocrx_word' id='word_1_145' title='bbox 824 2477 1056 2533; x_wconf 89' lang='lat' dir='ltr'>usmodi</span> <span class='ocrx_word' id='word_1_146' title='bbox 1070 2477 1435 2552; x_wconf 85' lang='lat' dir='ltr'>privilegium</span> <span class='ocrx_word' id='word_1_147' title='bbox 1453 2483 1758 2554; x_wconf 66' lang='lat' dir='ltr'>praesentis</span> <span class='ocrx_word' id='word_1_148' title='bbox 1770 2485 2137 2543; x_wconf 89' lang='lat' dir='ltr'>auctoritatis</span> 
     </span>
    </p>
   </div>
   <div class='ocr_carea' id='block_1_27' title="bbox 482 2565 2138 2648">
    <p class='ocr_par' dir='ltr' id='par_1_27' title="bbox 482 2565 2138 2648">
     <span class='ocr_line' id='line_1_27' title="bbox 482 2565 2138 2648; baseline 0.008 -29"><span class='ocrx_word' id='word_1_149' title='bbox 482 2567 695 2620; x_wconf 74' lang='lat' dir='ltr'>nostrae</span> <span class='ocrx_word' id='word_1_150' title='bbox 715 2565 945 2622; x_wconf 91' lang='lat' dir='ltr'>decreto</span> <span class='ocrx_word' id='word_1_151' title='bbox 976 2565 1165 2622; x_wconf 88' lang='lat' dir='ltr'>eidem</span> <span class='ocrx_word' id='word_1_152' title='bbox 1198 2571 1554 2627; x_wconf 89' lang='lat' dir='ltr'>monasterio</span> <span class='ocrx_word' id='word_1_153' title='bbox 1572 2572 1781 2629; x_wconf 88' lang='lat' dir='ltr'>vestris</span> <span class='ocrx_word' id='word_1_154' title='bbox 1803 2574 2138 2648; x_wconf 86' lang='lat' dir='ltr'>futurisque</span> 
     </span>
    </p>
   </div>
   <div class='ocr_carea' id='block_1_28' title="bbox 482 2653 2136 2735">
    <p class='ocr_par' dir='ltr' id='par_1_28' title="bbox 482 2653 2136 2735">
     <span class='ocr_line' id='line_1_28' title="bbox 482 2653 2136 2735; baseline 0.008 -27"><span class='ocrx_word' id='word_1_155' title='bbox 482 2653 853 2725; x_wconf 85' lang='lat' dir='ltr'>temporibus</span> <span class='ocrx_word' id='word_1_156' title='bbox 893 2653 1292 2728; x_wconf 88' lang='lat' dir='ltr'>indulgemus,</span> <span class='ocrx_word' id='word_1_157' title='bbox 1317 2660 1696 2716; x_wconf 90' lang='lat' dir='ltr'>concedimus</span> <span class='ocrx_word' id='word_1_158' title='bbox 1726 2665 1904 2735; x_wconf 88' lang='lat' dir='ltr'>atque</span> <span class='ocrx_word' id='word_1_159' title='bbox 1933 2664 2136 2721; x_wconf 89' lang='lat' dir='ltr'>ﬁrma-</span> 
     </span>
    </p>
   </div>
   <div class='ocr_carea' id='block_1_29' title="bbox 483 2741 2138 2816">
    <p class='ocr_par' dir='ltr' id='par_1_29' title="bbox 483 2741 2138 2816">
     <span class='ocr_line' id='line_1_29' title="bbox 483 2741 2138 2816; baseline 0.008 -20"><span class='ocrx_word' id='word_1_160' title='bbox 483 2757 640 2811; x_wconf 89' lang='lat' dir='ltr'>mus,</span> <span class='ocrx_word' id='word_1_161' title='bbox 656 2744 722 2797; x_wconf 92' lang='lat' dir='ltr'>ut</span> <span class='ocrx_word' id='word_1_162' title='bbox 741 2741 895 2799; x_wconf 88' lang='lat' dir='ltr'>sicut</span> <span class='ocrx_word' id='word_1_163' title='bbox 914 2742 1039 2815; x_wconf 89' lang='lat' dir='ltr'>ipse</span> <span class='ocrx_word' id='word_1_164' title='bbox 1059 2744 1524 2816; x_wconf 89' lang='lat' dir='ltr'>gloriosissimus</span> <span class='ocrx_word' id='word_1_165' title='bbox 1545 2748 1702 2807; x_wconf 86' lang='lat' dir='ltr'>ﬁlius</span> <span class='ocrx_word' id='word_1_166' title='bbox 1725 2756 1925 2809; x_wconf 91' lang='lat' dir='ltr'>noster</span> <span class='ocrx_word' id='word_1_167' title='bbox 1944 2752 2138 2809; x_wconf 92' lang='lat' dir='ltr'>divino</span> 
     </span>
    </p>
   </div>
   <div class='ocr_carea' id='block_1_30' title="bbox 483 2832 2139 2916">
    <p class='ocr_par' dir='ltr' id='par_1_30' title="bbox 483 2832 2139 2916">
     <span class='ocr_line' id='line_1_30' title="bbox 483 2832 2139 2916; baseline 0.008 -29"><span class='ocrx_word' id='word_1_168' title='bbox 483 2832 698 2888; x_wconf 90' lang='lat' dir='ltr'>ductus</span> <span class='ocrx_word' id='word_1_169' title='bbox 720 2849 937 2901; x_wconf 89' lang='lat' dir='ltr'>amore,</span> <span class='ocrx_word' id='word_1_170' title='bbox 952 2833 1022 2889; x_wconf 93' lang='lat' dir='ltr'>de</span> <span class='ocrx_word' id='word_1_171' title='bbox 1038 2833 1190 2890; x_wconf 90' lang='lat' dir='ltr'>villis</span> <span class='ocrx_word' id='word_1_172' title='bbox 1212 2853 1278 2892; x_wconf 90' lang='lat' dir='ltr'>ac</span> <span class='ocrx_word' id='word_1_173' title='bbox 1303 2836 1807 2910; x_wconf 87' lang='lat' dir='ltr'>facultatibus,seu</span> <span class='ocrx_word' id='word_1_174' title='bbox 1828 2843 2139 2916; x_wconf 90' lang='lat' dir='ltr'>stipendiis</span> 
     </span>
    </p>
   </div>
   <div class='ocr_carea' id='block_1_31' title="bbox 481 2920 2142 2993">
    <p class='ocr_par' dir='ltr' id='par_1_31' title="bbox 481 2920 2142 2993">
     <span class='ocr_line' id='line_1_31' title="bbox 481 2920 2142 2993; baseline 0.008 -16"><span class='ocrx_word' id='word_1_175' title='bbox 481 2920 817 2993; x_wconf 84' lang='lat' dir='ltr'>specialiter</span> <span class='ocrx_word' id='word_1_176' title='bbox 866 2923 1314 2992; x_wconf 88' lang='lat' dir='ltr'>monachorum,</span> <span class='ocrx_word' id='word_1_177' title='bbox 1356 2930 1414 2982; x_wconf 93' lang='lat' dir='ltr'>et</span> <span class='ocrx_word' id='word_1_178' title='bbox 1461 2928 1717 2986; x_wconf 76' lang='lat' dir='ltr'>ecclesiae</span> <span class='ocrx_word' id='word_1_179' title='bbox 1775 2938 2142 2990; x_wconf 87' lang='lat' dir='ltr'>ornamento-</span> 
     </span>
    </p>
   </div>
   <div class='ocr_carea' id='block_1_32' title="bbox 483 3009 2138 3090">
    <p class='ocr_par' dir='ltr' id='par_1_32' title="bbox 483 3009 2138 3090">
     <span class='ocr_line' id='line_1_32' title="bbox 483 3009 2138 3090; baseline 0.01 -26"><span class='ocrx_word' id='word_1_180' title='bbox 483 3026 637 3079; x_wconf 90' lang='lat' dir='ltr'>rum,</span> <span class='ocrx_word' id='word_1_181' title='bbox 669 3009 758 3066; x_wconf 89' lang='lat' dir='ltr'>vel</span> <span class='ocrx_word' id='word_1_182' title='bbox 805 3009 1279 3081; x_wconf 89' lang='lat' dir='ltr'>luminariorum,</span> <span class='ocrx_word' id='word_1_183' title='bbox 1321 3033 1388 3072; x_wconf 89' lang='lat' dir='ltr'>ac</span> <span class='ocrx_word' id='word_1_184' title='bbox 1438 3018 1997 3090; x_wconf 88' lang='lat' dir='ltr'>matriculariorum,</span> <span class='ocrx_word' id='word_1_185' title='bbox 2035 3040 2138 3080; x_wconf 91' lang='lat' dir='ltr'>seu</span> 
     </span>
    </p>
   </div>
   <div class='ocr_carea' id='block_1_33' title="bbox 485 3097 2141 3178">
    <p class='ocr_par' dir='ltr' id='par_1_33' title="bbox 485 3097 2141 3178">
     <span class='ocr_line' id='line_1_33' title="bbox 485 3097 2141 3178; baseline 0.01 -25"><span class='ocrx_word' id='word_1_186' title='bbox 485 3097 810 3172; x_wconf 81' lang='lat' dir='ltr'>hospitum,</span> <span class='ocrx_word' id='word_1_187' title='bbox 835 3104 1007 3174; x_wconf 87' lang='lat' dir='ltr'>atque</span> <span class='ocrx_word' id='word_1_188' title='bbox 1029 3119 1355 3176; x_wconf 89' lang='lat' dir='ltr'>pauperum</span> <span class='ocrx_word' id='word_1_189' title='bbox 1379 3105 1586 3163; x_wconf 91' lang='lat' dir='ltr'>usibus</span> <span class='ocrx_word' id='word_1_190' title='bbox 1609 3114 1854 3178; x_wconf 89' lang='lat' dir='ltr'>servata,</span> <span class='ocrx_word' id='word_1_191' title='bbox 1877 3111 1965 3167; x_wconf 92' lang='lat' dir='ltr'>vel</span> <span class='ocrx_word' id='word_1_192' title='bbox 1992 3129 2141 3169; x_wconf 89' lang='lat' dir='ltr'>eme-</span> 
     </span>
    </p>
   </div>
   <div class='ocr_carea' id='block_1_34' title="bbox 485 3186 2139 3273">
    <p class='ocr_par' dir='ltr' id='par_1_34' title="bbox 485 3186 2139 3273">
     <span class='ocr_line' id='line_1_34' title="bbox 485 3186 2139 3273; baseline 0.008 -30"><span class='ocrx_word' id='word_1_193' title='bbox 485 3186 714 3257; x_wconf 88' lang='lat' dir='ltr'>liorata,</span> <span class='ocrx_word' id='word_1_194' title='bbox 748 3205 852 3245; x_wconf 90' lang='lat' dir='ltr'>seu</span> <span class='ocrx_word' id='word_1_195' title='bbox 900 3194 1093 3261; x_wconf 91' lang='lat' dir='ltr'>aucta,</span> <span class='ocrx_word' id='word_1_196' title='bbox 1127 3193 1495 3252; x_wconf 88' lang='lat' dir='ltr'>ordinatione</span> <span class='ocrx_word' id='word_1_197' title='bbox 1542 3213 1672 3269; x_wconf 78' lang='lat' dir='ltr'>quae</span> <span class='ocrx_word' id='word_1_198' title='bbox 1719 3203 1982 3272; x_wconf 89' lang='lat' dir='ltr'>tempore</span> <span class='ocrx_word' id='word_1_199' title='bbox 2032 3202 2139 3273; x_wconf 64' lang='lat' dir='ltr'>piae</span> 
     </span>
    </p>
   </div>
   <div class='ocr_carea' id='block_1_35' title="bbox 2221 596 3907 670">
    <p class='ocr_par' dir='ltr' id='par_1_35' title="bbox 2221 596 3907 670">
     <span class='ocr_line' id='line_1_35' title="bbox 2221 596 3907 670; baseline 0 -18"><span class='ocrx_word' id='word_1_200' title='bbox 2221 596 2280 652; x_wconf 92' lang='lat' dir='ltr'>in</span> <span class='ocrx_word' id='word_1_201' title='bbox 2313 613 2378 652; x_wconf 91' lang='lat' dir='ltr'>eo</span> <span class='ocrx_word' id='word_1_202' title='bbox 2411 613 2528 670; x_wconf 89' lang='lat' dir='ltr'>quo</span> <span class='ocrx_word' id='word_1_203' title='bbox 2558 597 2699 653; x_wconf 89' lang='lat' dir='ltr'>estis</span> <span class='ocrx_word' id='word_1_204' title='bbox 2731 598 2938 653; x_wconf 89' lang='lat' dir='ltr'>ordine</span> <span class='ocrx_word' id='word_1_205' title='bbox 2968 597 3212 669; x_wconf 91' lang='lat' dir='ltr'>locoque</span> <span class='ocrx_word' id='word_1_206' title='bbox 3244 596 3657 665; x_wconf 88' lang='lat' dir='ltr'>successerint,</span> <span class='ocrx_word' id='word_1_207' title='bbox 3679 596 3773 653; x_wconf 89' lang='lat' dir='ltr'>vel</span> <span class='ocrx_word' id='word_1_208' title='bbox 3804 596 3907 653; x_wconf 83' lang='lat' dir='ltr'>eis</span> 
     </span>
    </p>
   </div>
   <div class='ocr_carea' id='block_1_36' title="bbox 2222 686 3901 761">
    <p class='ocr_par' dir='ltr' id='par_1_36' title="bbox 2222 686 3901 761">
     <span class='ocr_line' id='line_1_36' title="bbox 2222 686 3901 761; baseline 0 -20"><span class='ocrx_word' id='word_1_209' title='bbox 2222 702 2474 758; x_wconf 90' lang='lat' dir='ltr'>quorum</span> <span class='ocrx_word' id='word_1_210' title='bbox 2505 686 2788 743; x_wconf 87' lang='lat' dir='ltr'>interesse</span> <span class='ocrx_word' id='word_1_211' title='bbox 2820 687 3136 761; x_wconf 86' lang='lat' dir='ltr'>potuerint,</span> <span class='ocrx_word' id='word_1_212' title='bbox 3170 686 3231 742; x_wconf 92' lang='lat' dir='ltr'>in</span> <span class='ocrx_word' id='word_1_213' title='bbox 3262 690 3613 759; x_wconf 90' lang='lat' dir='ltr'>perpetuum</span> <span class='ocrx_word' id='word_1_214' title='bbox 3645 702 3901 743; x_wconf 83' lang='lat' dir='ltr'>conser-</span> 
     </span>
    </p>
   </div>
   <div class='ocr_carea' id='block_1_37' title="bbox 2220 775 3908 848">
    <p class='ocr_par' dir='ltr' id='par_1_37' title="bbox 2220 775 3908 848">
     <span class='ocr_line' id='line_1_37' title="bbox 2220 775 3908 848; baseline 0.001 -18"><span class='ocrx_word' id='word_1_215' title='bbox 2220 776 2412 830; x_wconf 86' lang='lat' dir='ltr'>vanda</span> <span class='ocrx_word' id='word_1_216' title='bbox 2459 776 2850 845; x_wconf 90' lang='lat' dir='ltr'>decernimus,</span> <span class='ocrx_word' id='word_1_217' title='bbox 2886 776 3047 832; x_wconf 90' lang='lat' dir='ltr'>salva</span> <span class='ocrx_word' id='word_1_218' title='bbox 3093 777 3153 831; x_wconf 89' lang='lat' dir='ltr'>in</span> <span class='ocrx_word' id='word_1_219' title='bbox 3205 775 3483 831; x_wconf 91' lang='lat' dir='ltr'>omnibus</span> <span class='ocrx_word' id='word_1_220' title='bbox 3530 792 3657 848; x_wconf 72' lang='lat' dir='ltr'>quae</span> <span class='ocrx_word' id='word_1_221' title='bbox 3705 775 3908 847; x_wconf 85' lang='lat' dir='ltr'>hujus</span> 
     </span>
    </p>
   </div>
   <div class='ocr_carea' id='block_1_38' title="bbox 2225 864 3908 939">
    <p class='ocr_par' dir='ltr' id='par_1_38' title="bbox 2225 864 3908 939">
     <span class='ocr_line' id='line_1_38' title="bbox 2225 864 3908 939; baseline 0 -18"><span class='ocrx_word' id='word_1_222' title='bbox 2225 864 2444 921; x_wconf 86' lang='lat' dir='ltr'>decreti</span> <span class='ocrx_word' id='word_1_223' title='bbox 2491 865 2705 939; x_wconf 90' lang='lat' dir='ltr'>pagina</span> <span class='ocrx_word' id='word_1_224' title='bbox 2744 865 3120 922; x_wconf 87' lang='lat' dir='ltr'>continentur</span> <span class='ocrx_word' id='word_1_225' title='bbox 3150 865 3516 933; x_wconf 87' lang='lat' dir='ltr'>auctoritate,</span> <span class='ocrx_word' id='word_1_226' title='bbox 3552 868 3609 921; x_wconf 91' lang='lat' dir='ltr'>et</span> <span class='ocrx_word' id='word_1_227' title='bbox 3668 865 3908 921; x_wconf 87' lang='lat' dir='ltr'>honore</span> 
     </span>
    </p>
   </div>
   <div class='ocr_carea' id='block_1_39' title="bbox 2226 953 3914 1027">
    <p class='ocr_par' dir='ltr' id='par_1_39' title="bbox 2226 953 3914 1027">
     <span class='ocr_line' id='line_1_39' title="bbox 2226 953 3914 1027; baseline 0 -18"><span class='ocrx_word' id='word_1_228' title='bbox 2226 958 2439 1010; x_wconf 75' lang='lat' dir='ltr'>sanctze</span> <span class='ocrx_word' id='word_1_229' title='bbox 2471 955 2744 1011; x_wconf 69' lang='lat' dir='ltr'>Romanae</span> <span class='ocrx_word' id='word_1_230' title='bbox 2783 954 3075 1023; x_wconf 69' lang='lat' dir='ltr'>Ecclesiae,</span> <span class='ocrx_word' id='word_1_231' title='bbox 3099 959 3158 1010; x_wconf 92' lang='lat' dir='ltr'>et</span> <span class='ocrx_word' id='word_1_232' title='bbox 3188 954 3347 1011; x_wconf 91' lang='lat' dir='ltr'>sedis</span> <span class='ocrx_word' id='word_1_233' title='bbox 3394 953 3726 1027; x_wconf 66' lang='lat' dir='ltr'>apostolicae</span> <span class='ocrx_word' id='word_1_234' title='bbox 3779 954 3914 1027; x_wconf 84' lang='lat' dir='ltr'>pri-</span> 
     </span>
    </p>
   </div>
   <div class='ocr_carea' id='block_1_40' title="bbox 2224 1043 3914 1118">
    <p class='ocr_par' dir='ltr' id='par_1_40' title="bbox 2224 1043 3914 1118">
     <span class='ocr_line' id='line_1_40' title="bbox 2224 1043 3914 1118; baseline 0 -19"><span class='ocrx_word' id='word_1_235' title='bbox 2224 1043 2451 1118; x_wconf 87' lang='lat' dir='ltr'>vilegio.</span> <span class='ocrx_word' id='word_1_236' title='bbox 2481 1044 2540 1100; x_wconf 91' lang='lat' dir='ltr'>Si</span> <span class='ocrx_word' id='word_1_237' title='bbox 2563 1045 2697 1117; x_wconf 91' lang='lat' dir='ltr'>quis</span> <span class='ocrx_word' id='word_1_238' title='bbox 2719 1049 2917 1101; x_wconf 86' lang='lat' dir='ltr'>autem</span> <span class='ocrx_word' id='word_1_239' title='bbox 2942 1043 3255 1100; x_wconf 90' lang='lat' dir='ltr'>temerario</span> <span class='ocrx_word' id='word_1_240' title='bbox 3281 1061 3430 1101; x_wconf 92' lang='lat' dir='ltr'>ausu</span> <span class='ocrx_word' id='word_1_241' title='bbox 3454 1061 3671 1117; x_wconf 84' lang='lat' dir='ltr'>magna</span> <span class='ocrx_word' id='word_1_242' title='bbox 3689 1060 3914 1117; x_wconf 84' lang='lat' dir='ltr'>parva-</span> 
     </span>
    </p>
   </div>
   <div class='ocr_carea' id='block_1_41' title="bbox 2226 1133 3911 1206">
    <p class='ocr_par' dir='ltr' id='par_1_41' title="bbox 2226 1133 3911 1206">
     <span class='ocr_line' id='line_1_41' title="bbox 2226 1133 3911 1206; baseline 0 -17"><span class='ocrx_word' id='word_1_243' title='bbox 2226 1151 2295 1189; x_wconf 92' lang='lat' dir='ltr'>ve</span> <span class='ocrx_word' id='word_1_244' title='bbox 2326 1151 2575 1206; x_wconf 89' lang='lat' dir='ltr'>persona</span> <span class='ocrx_word' id='word_1_245' title='bbox 2598 1138 2801 1191; x_wconf 89' lang='lat' dir='ltr'>contra</span> <span class='ocrx_word' id='word_1_246' title='bbox 2830 1134 2938 1191; x_wconf 92' lang='lat' dir='ltr'>hoc</span> <span class='ocrx_word' id='word_1_247' title='bbox 2969 1138 3242 1190; x_wconf 90' lang='lat' dir='ltr'>nostrum</span> <span class='ocrx_word' id='word_1_248' title='bbox 3275 1133 3666 1206; x_wconf 89' lang='lat' dir='ltr'>apostolicum</span> <span class='ocrx_word' id='word_1_249' title='bbox 3688 1134 3911 1189; x_wconf 87' lang='lat' dir='ltr'>decre-</span> 
     </span>
    </p>
   </div>
   <div class='ocr_carea' id='block_1_42' title="bbox 2228 1223 3911 1297">
    <p class='ocr_par' dir='ltr' id='par_1_42' title="bbox 2228 1223 3911 1297">
     <span class='ocr_line' id='line_1_42' title="bbox 2228 1223 3911 1297; baseline 0 -19"><span class='ocrx_word' id='word_1_250' title='bbox 2228 1226 2358 1279; x_wconf 91' lang='lat' dir='ltr'>tum</span> <span class='ocrx_word' id='word_1_251' title='bbox 2388 1240 2557 1295; x_wconf 88' lang='lat' dir='ltr'>agere</span> <span class='ocrx_word' id='word_1_252' title='bbox 2587 1223 3052 1297; x_wconf 69' lang='lat' dir='ltr'>praesumpserit,</span> <span class='ocrx_word' id='word_1_253' title='bbox 3077 1223 3226 1280; x_wconf 87' lang='lat' dir='ltr'>sciat</span> <span class='ocrx_word' id='word_1_254' title='bbox 3256 1239 3319 1279; x_wconf 81' lang='lat' dir='ltr'>se</span> <span class='ocrx_word' id='word_1_255' title='bbox 3349 1223 3742 1279; x_wconf 85' lang='lat' dir='ltr'>anathematis</span> <span class='ocrx_word' id='word_1_256' title='bbox 3769 1223 3911 1278; x_wconf 84' lang='lat' dir='ltr'>vin-</span> 
     </span>
    </p>
   </div>
   <div class='ocr_carea' id='block_1_43' title="bbox 2231 1312 4005 1387">
    <p class='ocr_par' dir='ltr' id='par_1_43' title="bbox 2231 1312 4005 1387">
     <span class='ocr_line' id='line_1_43' title="bbox 2231 1312 4005 1387; baseline -0.001 -18"><span class='ocrx_word' id='word_1_257' title='bbox 2231 1312 2364 1369; x_wconf 88' lang='lat' dir='ltr'>culo</span> <span class='ocrx_word' id='word_1_258' title='bbox 2405 1329 2533 1369; x_wconf 88' lang='lat' dir='ltr'>esse</span> <span class='ocrx_word' id='word_1_259' title='bbox 2579 1313 2948 1381; x_wconf 89' lang='lat' dir='ltr'>innodatum,</span> <span class='ocrx_word' id='word_1_260' title='bbox 2980 1317 3040 1370; x_wconf 87' lang='lat' dir='ltr'>et</span> <span class='ocrx_word' id='word_1_261' title='bbox 3068 1330 3103 1369; x_wconf 91' lang='lat' dir='ltr'>a</span> <span class='ocrx_word' id='word_1_262' title='bbox 3132 1330 3309 1387; x_wconf 91' lang='lat' dir='ltr'>regno</span> <span class='ocrx_word' id='word_1_263' title='bbox 3369 1313 3472 1369; x_wconf 89' lang='lat' dir='ltr'>Dei</span> <span class='ocrx_word' id='word_1_264' title='bbox 3529 1312 3814 1381; x_wconf 90' lang='lat' dir='ltr'>alienum,</span> <span class='ocrx_word' id='word_1_265' title='bbox 3845 1318 3916 1369; x_wconf 87' lang='lat' dir='ltr'>et</span> <span class='ocrx_word' id='word_1_266' title='bbox 3998 1352 4005 1359; x_wconf 69' lang='lat'>.</span> 
     </span>
    </p>
   </div>
   <div class='ocr_carea' id='block_1_44' title="bbox 2234 1402 3913 1475">
    <p class='ocr_par' dir='ltr' id='par_1_44' title="bbox 2234 1402 3913 1475">
     <span class='ocr_line' id='line_1_44' title="bbox 2234 1402 3913 1475; baseline 0.001 -18"><span class='ocrx_word' id='word_1_267' title='bbox 2234 1420 2366 1458; x_wconf 91' lang='lat' dir='ltr'>cum</span> <span class='ocrx_word' id='word_1_268' title='bbox 2391 1402 2667 1459; x_wconf 88' lang='lat' dir='ltr'>omnibus</span> <span class='ocrx_word' id='word_1_269' title='bbox 2700 1402 2897 1475; x_wconf 88' lang='lat' dir='ltr'>impiis</span> <span class='ocrx_word' id='word_1_270' title='bbox 2928 1403 3127 1458; x_wconf 71' lang='lat' dir='ltr'>aeterni</span> <span class='ocrx_word' id='word_1_271' title='bbox 3157 1402 3412 1459; x_wconf 90' lang='lat' dir='ltr'>incendii</span> <span class='ocrx_word' id='word_1_272' title='bbox 3441 1402 3730 1475; x_wconf 90' lang='lat' dir='ltr'>supplicio</span> <span class='ocrx_word' id='word_1_273' title='bbox 3763 1419 3913 1459; x_wconf 87' lang='lat' dir='ltr'>con-</span> 
     </span>
    </p>
   </div>
   <div class='ocr_carea' id='block_1_45' title="bbox 2234 1491 3909 1564">
    <p class='ocr_par' dir='ltr' id='par_1_45' title="bbox 2234 1491 3909 1564">
     <span class='ocr_line' id='line_1_45' title="bbox 2234 1491 3909 1564; baseline 0.001 -18"><span class='ocrx_word' id='word_1_274' title='bbox 2234 1492 2578 1547; x_wconf 90' lang='lat' dir='ltr'>demnatum</span> <span class='ocrx_word' id='word_1_275' title='bbox 2607 1507 2620 1546; x_wconf 89' lang='lat'>:</span> <span class='ocrx_word' id='word_1_276' title='bbox 2648 1495 2707 1546; x_wconf 90' lang='lat' dir='ltr'>at</span> <span class='ocrx_word' id='word_1_277' title='bbox 2733 1509 2867 1547; x_wconf 90' lang='lat' dir='ltr'>vero</span> <span class='ocrx_word' id='word_1_278' title='bbox 2900 1491 3001 1564; x_wconf 88' lang='lat' dir='ltr'>qui</span> <span class='ocrx_word' id='word_1_279' title='bbox 3047 1492 3385 1548; x_wconf 86' lang='lat' dir='ltr'>observator</span> <span class='ocrx_word' id='word_1_280' title='bbox 3413 1492 3700 1548; x_wconf 87' lang='lat' dir='ltr'>exstiterit</span> <span class='ocrx_word' id='word_1_281' title='bbox 3747 1509 3909 1564; x_wconf 72' lang='lat' dir='ltr'>prae-</span> 
     </span>
    </p>
   </div>
   <div class='ocr_carea' id='block_1_46' title="bbox 2237 1579 3917 1654">
    <p class='ocr_par' dir='ltr' id='par_1_46' title="bbox 2237 1579 3917 1654">
     <span class='ocr_line' id='line_1_46' title="bbox 2237 1579 3917 1654; baseline 0 -17"><span class='ocrx_word' id='word_1_282' title='bbox 2237 1580 2388 1654; x_wconf 89' lang='lat' dir='ltr'>cepti</span> <span class='ocrx_word' id='word_1_283' title='bbox 2411 1580 2611 1652; x_wconf 90' lang='lat' dir='ltr'>hujus,</span> <span class='ocrx_word' id='word_1_284' title='bbox 2627 1579 2876 1653; x_wconf 88' lang='lat' dir='ltr'>gratiam</span> <span class='ocrx_word' id='word_1_285' title='bbox 2897 1585 3073 1653; x_wconf 87' lang='lat' dir='ltr'>atque</span> <span class='ocrx_word' id='word_1_286' title='bbox 3096 1580 3917 1654; x_wconf 84' lang='lat' dir='ltr'>misericordiam,vitamque</span> 
     </span>
    </p>
   </div>
   <div class='ocr_carea' id='block_1_47' title="bbox 2238 1669 3915 1727">
    <p class='ocr_par' dir='ltr' id='par_1_47' title="bbox 2238 1669 3915 1727">
     <span class='ocr_line' id='line_1_47' title="bbox 2238 1669 3915 1727; baseline 0 -1"><span class='ocrx_word' id='word_1_287' title='bbox 2238 1676 2516 1726; x_wconf 69' lang='lat' dir='ltr'>aeternam</span> <span class='ocrx_word' id='word_1_288' title='bbox 2557 1688 2591 1726; x_wconf 91' lang='lat' dir='ltr'>a</span> <span class='ocrx_word' id='word_1_289' title='bbox 2635 1669 3188 1727; x_wconf 90' lang='lat' dir='ltr'>misericordissimo</span> <span class='ocrx_word' id='word_1_290' title='bbox 3237 1670 3484 1726; x_wconf 90' lang='lat' dir='ltr'>Domino</span> <span class='ocrx_word' id='word_1_291' title='bbox 3528 1671 3643 1727; x_wconf 90' lang='lat' dir='ltr'>Deo</span> <span class='ocrx_word' id='word_1_292' title='bbox 3696 1675 3915 1727; x_wconf 88' lang='lat' dir='ltr'>nostro</span> 
     </span>
    </p>
   </div>
   <div class='ocr_carea' id='block_1_48' title="bbox 2241 1758 2863 1830">
    <p class='ocr_par' dir='ltr' id='par_1_48' title="bbox 2241 1758 2863 1830">
     <span class='ocr_line' id='line_1_48' title="bbox 2241 1758 2863 1830; baseline -0.002 -16"><span class='ocrx_word' id='word_1_293' title='bbox 2241 1758 2521 1830; x_wconf 92' lang='lat' dir='ltr'>consequi</span> <span class='ocrx_word' id='word_1_294' title='bbox 2550 1763 2863 1815; x_wconf 90' lang='lat' dir='ltr'>mereatur.</span> 
     </span>
    </p>
   </div>
   <div class='ocr_carea' id='block_1_49' title="bbox 2312 1847 3913 1921">
    <p class='ocr_par' dir='ltr' id='par_1_49' title="bbox 2312 1847 3913 1921">
     <span class='ocr_line' id='line_1_49' title="bbox 2312 1847 3913 1921; baseline -0.001 -17"><span class='ocrx_word' id='word_1_295' title='bbox 2312 1849 2608 1920; x_wconf 87' lang='lat' dir='ltr'>Scriptum</span> <span class='ocrx_word' id='word_1_296' title='bbox 2632 1865 2735 1920; x_wconf 91' lang='lat' dir='ltr'>per</span> <span class='ocrx_word' id='word_1_297' title='bbox 2754 1865 2997 1904; x_wconf 90' lang='lat' dir='ltr'>manum</span> <span class='ocrx_word' id='word_1_298' title='bbox 3016 1847 3327 1921; x_wconf 90' lang='lat' dir='ltr'>Sophronii</span> <span class='ocrx_word' id='word_1_299' title='bbox 3352 1847 3562 1904; x_wconf 84' lang='lat' dir='ltr'>notarii</span> <span class='ocrx_word' id='word_1_300' title='bbox 3586 1847 3913 1921; x_wconf 90' lang='lat' dir='ltr'>regionarii</span> 
     </span>
    </p>
   </div>
   <div class='ocr_carea' id='block_1_50' title="bbox 2240 1935 3917 2006">
    <p class='ocr_par' dir='ltr' id='par_1_50' title="bbox 2240 1935 3917 2006">
     <span class='ocr_line' id='line_1_50' title="bbox 2240 1935 3917 2006; baseline 0.001 -13"><span class='ocrx_word' id='word_1_301' title='bbox 2240 1942 2299 1993; x_wconf 89' lang='lat' dir='ltr'>et</span> <span class='ocrx_word' id='word_1_302' title='bbox 2327 1937 2617 1994; x_wconf 89' lang='lat' dir='ltr'>scriniarii</span> <span class='ocrx_word' id='word_1_303' title='bbox 2675 1942 2887 1994; x_wconf 71' lang='lat' dir='ltr'>sanctae</span> <span class='ocrx_word' id='word_1_304' title='bbox 2944 1938 3218 1993; x_wconf 71' lang='lat' dir='ltr'>Romanas</span> <span class='ocrx_word' id='word_1_305' title='bbox 3274 1935 3564 2006; x_wconf 68' lang='lat' dir='ltr'>Ecclesiae,</span> <span class='ocrx_word' id='word_1_306' title='bbox 3598 1936 3658 1992; x_wconf 91' lang='lat' dir='ltr'>in</span> <span class='ocrx_word' id='word_1_307' title='bbox 3701 1954 3917 1994; x_wconf 87' lang='lat' dir='ltr'>mense</span> 
     </span>
    </p>
   </div>
   <div class='ocr_carea' id='block_1_51' title="bbox 2240 2025 3914 2099">
    <p class='ocr_par' dir='ltr' id='par_1_51' title="bbox 2240 2025 3914 2099">
     <span class='ocr_line' id='line_1_51' title="bbox 2240 2025 3914 2099; baseline 0.001 -17"><span class='ocrx_word' id='word_1_308' title='bbox 2240 2027 2445 2099; x_wconf 89' lang='lat' dir='ltr'>Aprili,</span> <span class='ocrx_word' id='word_1_309' title='bbox 2482 2026 2797 2083; x_wconf 89' lang='lat' dir='ltr'>indictione</span> <span class='ocrx_word' id='word_1_310' title='bbox 2842 2026 3174 2083; x_wconf 90' lang='lat' dir='ltr'>undecima.</span> <span class='ocrx_word' id='word_1_311' title='bbox 3210 2030 3238 2093; x_wconf 62' lang='grc' dir='ltr'>τι</span> <span class='ocrx_word' id='word_1_312' title='bbox 3276 2027 3428 2083; x_wconf 89' lang='lat' dir='ltr'>Bene</span> <span class='ocrx_word' id='word_1_313' title='bbox 3459 2025 3662 2081; x_wconf 85' lang='lat' dir='ltr'>valete.</span> <span class='ocrx_word' id='word_1_314' title='bbox 3687 2026 3914 2083; x_wconf 88' lang='lat' dir='ltr'>Datum</span> 
     </span>
    </p>
   </div>
   <div class='ocr_carea' id='block_1_52' title="bbox 2243 2114 3913 2189">
    <p class='ocr_par' dir='ltr' id='par_1_52' title="bbox 2243 2114 3913 2189">
     <span class='ocr_line' id='line_1_52' title="bbox 2243 2114 3913 2189; baseline -0.001 -18"><span class='ocrx_word' id='word_1_315' title='bbox 2243 2119 2452 2189; x_wconf 89' lang='lat' dir='ltr'>quarto</span> <span class='ocrx_word' id='word_1_316' title='bbox 2486 2115 2604 2171; x_wconf 86' lang='lat' dir='ltr'>Kal.</span> <span class='ocrx_word' id='word_1_317' title='bbox 2638 2116 2820 2172; x_wconf 87' lang='lat' dir='ltr'>Maias</span> <span class='ocrx_word' id='word_1_318' title='bbox 2869 2133 2973 2188; x_wconf 91' lang='lat' dir='ltr'>per</span> <span class='ocrx_word' id='word_1_319' title='bbox 3030 2132 3274 2171; x_wconf 91' lang='lat' dir='ltr'>manum</span> <span class='ocrx_word' id='word_1_320' title='bbox 3306 2114 3524 2171; x_wconf 90' lang='lat' dir='ltr'>Tiberii</span> <span class='ocrx_word' id='word_1_321' title='bbox 3585 2114 3913 2188; x_wconf 90' lang='lat' dir='ltr'>primicerii</span> 
     </span>
    </p>
   </div>
   <div class='ocr_carea' id='block_1_53' title="bbox 2244 2203 3914 2278">
    <p class='ocr_par' dir='ltr' id='par_1_53' title="bbox 2244 2203 3914 2278">
     <span class='ocr_line' id='line_1_53' title="bbox 2244 2203 3914 2278; baseline 0.001 -18"><span class='ocrx_word' id='word_1_322' title='bbox 2244 2209 2457 2260; x_wconf 64' lang='lat' dir='ltr'>sanctas</span> <span class='ocrx_word' id='word_1_323' title='bbox 2490 2204 2646 2260; x_wconf 89' lang='lat' dir='ltr'>sedis</span> <span class='ocrx_word' id='word_1_324' title='bbox 2671 2204 3021 2278; x_wconf 71' lang='lat' dir='ltr'>apostolicae,</span> <span class='ocrx_word' id='word_1_325' title='bbox 3046 2205 3375 2278; x_wconf 89' lang='lat' dir='ltr'>imperante</span> <span class='ocrx_word' id='word_1_326' title='bbox 3396 2205 3611 2261; x_wconf 91' lang='lat' dir='ltr'>domno</span> <span class='ocrx_word' id='word_1_327' title='bbox 3634 2203 3914 2277; x_wconf 88' lang='lat' dir='ltr'>piissimo</span> 
     </span>
    </p>
   </div>
   <div class='ocr_carea' id='block_1_54' title="bbox 2242 2293 3914 2367">
    <p class='ocr_par' dir='ltr' id='par_1_54' title="bbox 2242 2293 3914 2367">
     <span class='ocr_line' id='line_1_54' title="bbox 2242 2293 3914 2367; baseline 0.001 -18"><span class='ocrx_word' id='word_1_328' title='bbox 2242 2296 2506 2367; x_wconf 92' lang='lat' dir='ltr'>Augusto</span> <span class='ocrx_word' id='word_1_329' title='bbox 2539 2294 2850 2362; x_wconf 83' lang='lat' dir='ltr'>Ludovico,</span> <span class='ocrx_word' id='word_1_330' title='bbox 2869 2311 2904 2350; x_wconf 90' lang='lat' dir='ltr'>a</span> <span class='ocrx_word' id='word_1_331' title='bbox 2934 2294 3050 2351; x_wconf 91' lang='lat' dir='ltr'>Deo</span> <span class='ocrx_word' id='word_1_332' title='bbox 3076 2298 3370 2363; x_wconf 87' lang='lat' dir='ltr'>coronato,</span> <span class='ocrx_word' id='word_1_333' title='bbox 3395 2310 3630 2367; x_wconf 88' lang='lat' dir='ltr'>magno,</span> <span class='ocrx_word' id='word_1_334' title='bbox 3657 2293 3914 2367; x_wconf 86' lang='lat' dir='ltr'>paciﬁco</span> 
     </span>
    </p>
   </div>
   <div class='ocr_carea' id='block_1_55' title="bbox 2244 2370 3914 2457">
    <p class='ocr_par' dir='ltr' id='par_1_55' title="bbox 2244 2370 3914 2457">
     <span class='ocr_line' id='line_1_55' title="bbox 2244 2370 3914 2457; baseline 0 -19"><span class='ocrx_word' id='word_1_335' title='bbox 2244 2384 2614 2456; x_wconf 90' lang='lat' dir='ltr'>imperatore,</span> <span class='ocrx_word' id='word_1_336' title='bbox 2640 2370 2793 2440; x_wconf 83' lang='lat' dir='ltr'>anno</span> <span class='ocrx_word' id='word_1_337' title='bbox 2832 2388 3040 2456; x_wconf 89' lang='lat' dir='ltr'>quarto</span> <span class='ocrx_word' id='word_1_338' title='bbox 3073 2384 3300 2440; x_wconf 89' lang='lat' dir='ltr'>decimo</span> <span class='ocrx_word' id='word_1_339' title='bbox 3349 2383 3515 2457; x_wconf 87' lang='lat' dir='ltr'>regni</span> <span class='ocrx_word' id='word_1_340' title='bbox 3568 2384 3718 2456; x_wconf 92' lang='lat' dir='ltr'>ejus,</span> <span class='ocrx_word' id='word_1_341' title='bbox 3749 2382 3914 2439; x_wconf 89' lang='lat' dir='ltr'>indi-</span> 
     </span>
    </p>
   </div>
   <div class='ocr_carea' id='block_1_56' title="bbox 2245 2472 2805 2529">
    <p class='ocr_par' dir='ltr' id='par_1_56' title="bbox 2245 2472 2805 2529">
     <span class='ocr_line' id='line_1_56' title="bbox 2245 2472 2805 2529; baseline -0.002 0"><span class='ocrx_word' id='word_1_342' title='bbox 2245 2473 2438 2529; x_wconf 89' lang='lat' dir='ltr'>ctione</span> <span class='ocrx_word' id='word_1_343' title='bbox 2471 2472 2805 2528; x_wconf 89' lang='lat' dir='ltr'>undecima.</span> 
     </span>
    </p>
   </div>
   <div class='ocr_carea' id='block_1_57' title="bbox 2468 2667 3678 2708">
    <p class='ocr_par' dir='ltr' id='par_1_57' title="bbox 2468 2667 3678 2708">
     <span class='ocr_line' id='line_1_57' title="bbox 2468 2667 3678 2708; baseline 0 -2"><span class='ocrx_word' id='word_1_344' title='bbox 2468 2668 2735 2707; x_wconf 81' lang='lat' dir='ltr'>EPISTOLA</span> <span class='ocrx_word' id='word_1_345' title='bbox 2765 2668 2988 2707; x_wconf 80' lang='lat' dir='ltr'>NlCOLAI</span> <span class='ocrx_word' id='word_1_346' title='bbox 3017 2669 3091 2707; x_wconf 80' lang='lat' dir='ltr'>AD</span> <span class='ocrx_word' id='word_1_347' title='bbox 3125 2667 3398 2708; x_wconf 84' lang='lat' dir='ltr'>CAROLUM</span> <span class='ocrx_word' id='word_1_348' title='bbox 3426 2668 3678 2707; x_wconf 81' lang='lat' dir='ltr'>CALVUM.</span> 
     </span>
    </p>
   </div>
   <div class='ocr_carea' id='block_1_58' title="bbox 2891 2740 3263 2813">
    <p class='ocr_par' dir='ltr' id='par_1_58' title="bbox 2891 2740 3263 2813">
     <span class='ocr_line' id='line_1_58' title="bbox 2891 2740 3263 2813; baseline 0 -17"><span class='ocrx_word' id='word_1_349' title='bbox 2891 2742 3078 2813; x_wconf 92' lang='lat' dir='ltr'>(Anno</span> <span class='ocrx_word' id='word_1_350' title='bbox 3114 2740 3263 2813; x_wconf 84' lang='lat'>863.)</span> 
     </span>
    </p>
   </div>
   <div class='ocr_carea' id='block_1_59' title="bbox 2319 2829 3836 2903">
    <p class='ocr_par' dir='ltr' id='par_1_59' title="bbox 2319 2829 3836 2903">
     <span class='ocr_line' id='line_1_59' title="bbox 2319 2829 3836 2903; baseline 0.001 -19"><span class='ocrx_word' id='word_1_351' title='bbox 2319 2831 2515 2903; x_wconf 92' lang='lat' dir='ltr'>[Apud</span> <span class='ocrx_word' id='word_1_352' title='bbox 2556 2829 2810 2896; x_wconf 92' lang='lat' dir='ltr'>Dublet.,</span> <span class='ocrx_word' id='word_1_353' title='bbox 2842 2832 2980 2887; x_wconf 80' lang='lat' dir='ltr'>Hist.</span> <span class='ocrx_word' id='word_1_354' title='bbox 3013 2831 3078 2886; x_wconf 72' lang='lat' dir='ltr'>de</span> <span class='ocrx_word' id='word_1_355' title='bbox 3116 2831 3484 2896; x_wconf 75' lang='lat' dir='ltr'>Saint-Dem&#39;s,</span> <span class='ocrx_word' id='word_1_356' title='bbox 3516 2847 3650 2903; x_wconf 86' lang='lat' dir='ltr'>pag.</span> <span class='ocrx_word' id='word_1_357' title='bbox 3685 2832 3836 2898; x_wconf 75' lang='lat'>456.]</span> 
     </span>
    </p>
   </div>
   <div class='ocr_carea' id='block_1_60' title="bbox 2318 2919 3913 2992">
    <p class='ocr_par' dir='ltr' id='par_1_60' title="bbox 2318 2919 3913 2992">
     <span class='ocr_line' id='line_1_60' title="bbox 2318 2919 3913 2992; baseline 0.001 -17"><span class='ocrx_word' id='word_1_358' title='bbox 2318 2920 2605 2975; x_wconf 82' lang='lat' dir='ltr'>NICOLAUS</span> <span class='ocrx_word' id='word_1_359' title='bbox 2636 2919 2966 2992; x_wconf 87' lang='lat' dir='ltr'>episcopus,</span> <span class='ocrx_word' id='word_1_360' title='bbox 2993 2937 3195 2976; x_wconf 90' lang='lat' dir='ltr'>servus</span> <span class='ocrx_word' id='word_1_361' title='bbox 3225 2936 3525 2976; x_wconf 90' lang='lat' dir='ltr'>servorum</span> <span class='ocrx_word' id='word_1_362' title='bbox 3560 2920 3687 2989; x_wconf 89' lang='lat' dir='ltr'>Dei,</span> <span class='ocrx_word' id='word_1_363' title='bbox 3718 2920 3913 2976; x_wconf 78' lang='lat' dir='ltr'>excel-</span> 
     </span>
    </p>
   </div>
   <div class='ocr_carea' id='block_1_61' title="bbox 2248 3008 3295 3082">
    <p class='ocr_par' dir='ltr' id='par_1_61' title="bbox 2248 3008 3295 3082">
     <span class='ocr_line' id='line_1_61' title="bbox 2248 3008 3295 3082; baseline 0.001 -19"><span class='ocrx_word' id='word_1_364' title='bbox 2248 3008 2577 3065; x_wconf 90' lang='lat' dir='ltr'>lentissimo</span> <span class='ocrx_word' id='word_1_365' title='bbox 2608 3008 2836 3065; x_wconf 63' lang='grc' dir='ltr'>αωοιο</span> <span class='ocrx_word' id='word_1_366' title='bbox 2864 3008 2987 3082; x_wconf 90' lang='lat' dir='ltr'>regi</span> <span class='ocrx_word' id='word_1_367' title='bbox 3018 3009 3295 3065; x_wconf 66' lang='lat' dir='ltr'>Franciaa.</span> 
     </span>
    </p>
   </div>
   <div class='ocr_carea' id='block_1_62' title="bbox 2320 3099 3915 3173">
    <p class='ocr_par' dir='ltr' id='par_1_62' title="bbox 2320 3099 3915 3173">
     <span class='ocr_line' id='line_1_62' title="bbox 2320 3099 3915 3173; baseline 0.001 -19"><span class='ocrx_word' id='word_1_368' title='bbox 2320 3099 2598 3171; x_wconf 77' lang='lat' dir='ltr'>Supernae</span> <span class='ocrx_word' id='word_1_369' title='bbox 2630 3099 3028 3155; x_wconf 86' lang='lat' dir='ltr'>miserationis</span> <span class='ocrx_word' id='word_1_370' title='bbox 3057 3103 3326 3172; x_wconf 89' lang='lat' dir='ltr'>respectu</span> <span class='ocrx_word' id='word_1_371' title='bbox 3358 3099 3427 3155; x_wconf 90' lang='lat' dir='ltr'>ad</span> <span class='ocrx_word' id='word_1_372' title='bbox 3463 3099 3572 3156; x_wconf 89' lang='lat' dir='ltr'>hoc</span> <span class='ocrx_word' id='word_1_373' title='bbox 3604 3099 3915 3173; x_wconf 87' lang='lat' dir='ltr'>regiminis</span> 
     </span>
    </p>
   </div>
   <div class='ocr_carea' id='block_1_63' title="bbox 2250 3188 3913 3262">
    <p class='ocr_par' dir='ltr' id='par_1_63' title="bbox 2250 3188 3913 3262">
     <span class='ocr_line' id='line_1_63' title="bbox 2250 3188 3913 3262; baseline 0.001 -19"><span class='ocrx_word' id='word_1_374' title='bbox 2250 3205 2451 3244; x_wconf 91' lang='lat' dir='ltr'>curam</span> <span class='ocrx_word' id='word_1_375' title='bbox 2484 3188 2866 3261; x_wconf 85' lang='lat' dir='ltr'>suscipimus,</span> <span class='ocrx_word' id='word_1_376' title='bbox 2899 3194 2965 3244; x_wconf 92' lang='lat' dir='ltr'>ut</span> <span class='ocrx_word' id='word_1_377' title='bbox 3010 3189 3103 3261; x_wconf 89' lang='lat' dir='ltr'>pie</span> <span class='ocrx_word' id='word_1_378' title='bbox 3134 3189 3499 3262; x_wconf 88' lang='lat' dir='ltr'>precantium</span> <span class='ocrx_word' id='word_1_379' title='bbox 3529 3190 3679 3245; x_wconf 87' lang='lat' dir='ltr'>votis</span> <span class='ocrx_word' id='word_1_380' title='bbox 3712 3190 3913 3245; x_wconf 81' lang='lat' dir='ltr'>favea-</span> 
     </span>
    </p>
   </div>
   <div class='ocr_carea' id='block_1_64' title="bbox 487 3261 3907 3363">
    <p class='ocr_par' dir='ltr' id='par_1_64' title="bbox 487 3261 3907 3363">
     <span class='ocr_line' id='line_1_64' title="bbox 487 3261 3907 3363; baseline 0.002 -36"><span class='ocrx_word' id='word_1_381' title='bbox 487 3277 781 3334; x_wconf 66' lang='lat' dir='ltr'>memorim</span> <span class='ocrx_word' id='word_1_382' title='bbox 811 3279 1094 3351; x_wconf 73' lang='lat' dir='ltr'>genitoris</span> <span class='ocrx_word' id='word_1_383' title='bbox 1132 3281 1223 3337; x_wconf 76' lang='lat' dir='ltr'>sui</span> <span class='ocrx_word' id='word_1_384' title='bbox 1265 3283 1537 3340; x_wconf 71' lang='lat' dir='ltr'>Ludovici</span> <span class='ocrx_word' id='word_1_385' title='bbox 1558 3261 1917 3359; x_wconf 26' lang='lat' dir='ltr'>augmina</span> <span class='ocrx_word' id='word_1_386' title='bbox 1946 3261 2139 3363; x_wconf 40' lang='lat' dir='ltr'>pago-</span> <span class='ocrx_word' id='word_1_387' title='bbox 2170 3261 2212 3327; x_wconf 86' lang='lat' dir='ltr'>C</span> <span class='ocrx_word' id='word_1_388' title='bbox 2252 3294 2406 3346; x_wconf 91' lang='lat' dir='ltr'>mus,</span> <span class='ocrx_word' id='word_1_389' title='bbox 2441 3282 2498 3334; x_wconf 91' lang='lat' dir='ltr'>et</span> <span class='ocrx_word' id='word_1_390' title='bbox 2526 3278 2597 3333; x_wconf 93' lang='lat' dir='ltr'>ad</span> <span class='ocrx_word' id='word_1_391' title='bbox 2631 3277 3041 3334; x_wconf 87' lang='lat' dir='ltr'>stabiliendam</span> <span class='ocrx_word' id='word_1_392' title='bbox 3083 3261 3422 3334; x_wconf 87' lang='lat' dir='ltr'>sanctorum</span> <span class='ocrx_word' id='word_1_393' title='bbox 3454 3278 3813 3346; x_wconf 88' lang='lat' dir='ltr'>ﬁrmitatem,</span> <span class='ocrx_word' id='word_1_394' title='bbox 3847 3279 3907 3334; x_wconf 91' lang='lat' dir='ltr'>in</span> 
     </span>
    </p>
   </div>
   <div class='ocr_carea' id='block_1_65' title="bbox 480 3366 2134 3448">
    <p class='ocr_par' dir='ltr' id='par_1_65' title="bbox 480 3366 2134 3448">
     <span class='ocr_line' id='line_1_65' title="bbox 480 3366 2134 3448; baseline 0.009 -28"><span class='ocrx_word' id='word_1_395' title='bbox 480 3366 629 3422; x_wconf 88' lang='lat' dir='ltr'>berti</span> <span class='ocrx_word' id='word_1_396' title='bbox 654 3368 953 3439; x_wconf 90' lang='lat' dir='ltr'>quondam</span> <span class='ocrx_word' id='word_1_397' title='bbox 985 3370 1157 3443; x_wconf 89' lang='lat' dir='ltr'>regis,</span> <span class='ocrx_word' id='word_1_398' title='bbox 1182 3375 1358 3443; x_wconf 89' lang='lat' dir='ltr'>atque</span> <span class='ocrx_word' id='word_1_399' title='bbox 1389 3373 1637 3430; x_wconf 89' lang='lat' dir='ltr'>aliorum</span> <span class='ocrx_word' id='word_1_400' title='bbox 1661 3392 1884 3448; x_wconf 90' lang='lat' dir='ltr'>regum,</span> <span class='ocrx_word' id='word_1_401' title='bbox 1911 3396 2134 3435; x_wconf 90' lang='lat' dir='ltr'>necnon</span> 
     </span>
    </p>
   </div>
   <div class='ocr_carea' id='block_1_66' title="bbox 479 3454 2140 3540">
    <p class='ocr_par' dir='ltr' id='par_1_66' title="bbox 479 3454 2140 3540">
     <span class='ocr_line' id='line_1_66' title="bbox 479 3454 2140 3540; baseline 0.009 -30"><span class='ocrx_word' id='word_1_402' title='bbox 479 3460 539 3510; x_wconf 91' lang='lat' dir='ltr'>et</span> <span class='ocrx_word' id='word_1_403' title='bbox 568 3454 768 3527; x_wconf 88' lang='lat' dir='ltr'>Pepini</span> <span class='ocrx_word' id='word_1_404' title='bbox 799 3456 999 3530; x_wconf 83' lang='lat' dir='ltr'>inclyti</span> <span class='ocrx_word' id='word_1_405' title='bbox 1022 3458 1175 3532; x_wconf 88' lang='lat' dir='ltr'>regis</span> <span class='ocrx_word' id='word_1_406' title='bbox 1198 3462 1349 3516; x_wconf 88' lang='lat' dir='ltr'>atavi</span> <span class='ocrx_word' id='word_1_407' title='bbox 1374 3462 1656 3534; x_wconf 89' lang='lat' dir='ltr'>ipsius,ct</span> <span class='ocrx_word' id='word_1_408' title='bbox 1678 3465 1869 3521; x_wconf 88' lang='lat' dir='ltr'>Karoli</span> <span class='ocrx_word' id='word_1_409' title='bbox 1891 3466 2140 3540; x_wconf 85' lang='lat' dir='ltr'>impera-</span> 
     </span>
    </p>
   </div>
   <div class='ocr_carea' id='block_1_67' title="bbox 475 3543 2139 3623">
    <p class='ocr_par' dir='ltr' id='par_1_67' title="bbox 475 3543 2139 3623">
     <span class='ocr_line' id='line_1_67' title="bbox 475 3543 2139 3623; baseline 0.009 -24"><span class='ocrx_word' id='word_1_410' title='bbox 475 3543 621 3600; x_wconf 90' lang='lat' dir='ltr'>toris</span> <span class='ocrx_word' id='word_1_411' title='bbox 650 3545 795 3600; x_wconf 71' lang='lat' dir='ltr'>divze</span> <span class='ocrx_word' id='word_1_412' title='bbox 828 3547 1125 3603; x_wconf 70' lang='lat' dir='ltr'>memoriae</span> <span class='ocrx_word' id='word_1_413' title='bbox 1156 3549 1242 3604; x_wconf 90' lang='lat' dir='ltr'>avi</span> <span class='ocrx_word' id='word_1_414' title='bbox 1289 3550 1497 3623; x_wconf 85' lang='lat' dir='ltr'>ipsius,</span> <span class='ocrx_word' id='word_1_415' title='bbox 1523 3552 1729 3610; x_wconf 82' lang='lat' dir='ltr'>exinde</span> <span class='ocrx_word' id='word_1_416' title='bbox 1759 3555 1947 3612; x_wconf 82' lang='lat' dir='ltr'>fuerat</span> <span class='ocrx_word' id='word_1_417' title='bbox 1987 3558 2139 3614; x_wconf 83' lang='lat' dir='ltr'>facta</span> 
     </span>
    </p>
   </div>
   <div class='ocr_carea' id='block_1_68' title="bbox 475 3633 2134 3715">
    <p class='ocr_par' dir='ltr' id='par_1_68' title="bbox 475 3633 2134 3715">
     <span class='ocr_line' id='line_1_68' title="bbox 475 3633 2134 3715; baseline 0.009 -28"><span class='ocrx_word' id='word_1_418' title='bbox 475 3633 802 3703; x_wconf 88' lang='lat' dir='ltr'>constituit,</span> <span class='ocrx_word' id='word_1_419' title='bbox 837 3638 895 3690; x_wconf 87' lang='lat' dir='ltr'>et</span> <span class='ocrx_word' id='word_1_420' title='bbox 924 3641 1212 3709; x_wconf 79' lang='lat' dir='ltr'>praecepto</span> <span class='ocrx_word' id='word_1_421' title='bbox 1263 3656 1382 3694; x_wconf 80' lang='lat' dir='ltr'>suae</span> <span class='ocrx_word' id='word_1_422' title='bbox 1440 3642 1804 3699; x_wconf 85' lang='lat' dir='ltr'>auctoritatis</span> <span class='ocrx_word' id='word_1_423' title='bbox 1863 3646 2134 3715; x_wconf 88' lang='lat' dir='ltr'>ﬁrmavit,</span> 
     </span>
    </p>
   </div>
   <div class='ocr_carea' id='block_1_69' title="bbox 478 3721 2139 3796">
    <p class='ocr_par' dir='ltr' id='par_1_69' title="bbox 478 3721 2139 3796">
     <span class='ocr_line' id='line_1_69' title="bbox 478 3721 2139 3796; baseline 0.01 -21"><span class='ocrx_word' id='word_1_424' title='bbox 478 3721 967 3796; x_wconf 89' lang='lat' dir='ltr'>privilegiumque</span> <span class='ocrx_word' id='word_1_425' title='bbox 994 3726 1428 3785; x_wconf 85' lang='lat' dir='ltr'>venerabilibus</span> <span class='ocrx_word' id='word_1_426' title='bbox 1456 3730 1737 3787; x_wconf 84' lang='lat' dir='ltr'>fratribus</span> <span class='ocrx_word' id='word_1_427' title='bbox 1768 3750 1835 3789; x_wconf 90' lang='lat' dir='ltr'>ac</span> <span class='ocrx_word' id='word_1_428' title='bbox 1866 3734 2003 3791; x_wconf 83' lang='lat' dir='ltr'>ﬁliis</span> <span class='ocrx_word' id='word_1_429' title='bbox 2032 3753 2139 3792; x_wconf 92' lang='lat' dir='ltr'>no-</span> 
     </span>
    </p>
   </div>
   <div class='ocr_carea' id='block_1_70' title="bbox 480 3810 2135 3889">
    <p class='ocr_par' dir='ltr' id='par_1_70' title="bbox 480 3810 2135 3889">
     <span class='ocr_line' id='line_1_70' title="bbox 480 3810 2135 3889; baseline 0.007 -22"><span class='ocrx_word' id='word_1_430' title='bbox 480 3810 620 3867; x_wconf 88' lang='lat' dir='ltr'>stris</span> <span class='ocrx_word' id='word_1_431' title='bbox 650 3810 941 3885; x_wconf 89' lang='lat' dir='ltr'>episcopis</span> <span class='ocrx_word' id='word_1_432' title='bbox 972 3813 1206 3871; x_wconf 90' lang='lat' dir='ltr'>illarum</span> <span class='ocrx_word' id='word_1_433' title='bbox 1240 3817 1544 3889; x_wconf 88' lang='lat' dir='ltr'>regionum</span> <span class='ocrx_word' id='word_1_434' title='bbox 1569 3820 1691 3876; x_wconf 90' lang='lat' dir='ltr'>ﬁeri</span> <span class='ocrx_word' id='word_1_435' title='bbox 1715 3825 1772 3876; x_wconf 90' lang='lat' dir='ltr'>et</span> <span class='ocrx_word' id='word_1_436' title='bbox 1802 3823 2135 3880; x_wconf 88' lang='lat' dir='ltr'>conﬁrmari</span> 
     </span>
    </p>
   </div>
   <div class='ocr_carea' id='block_1_71' title="bbox 484 3898 2140 3985">
    <p class='ocr_par' dir='ltr' id='par_1_71' title="bbox 484 3898 2140 3985">
     <span class='ocr_line' id='line_1_71' title="bbox 484 3898 2140 3985; baseline 0.01 -32"><span class='ocrx_word' id='word_1_437' title='bbox 484 3898 640 3969; x_wconf 86' lang='lat' dir='ltr'>fecit,</span> <span class='ocrx_word' id='word_1_438' title='bbox 663 3899 744 3955; x_wconf 88' lang='lat' dir='ltr'>ita</span> <span class='ocrx_word' id='word_1_439' title='bbox 774 3901 928 3957; x_wconf 89' lang='lat' dir='ltr'>sicut</span> <span class='ocrx_word' id='word_1_440' title='bbox 956 3901 1017 3958; x_wconf 90' lang='lat' dir='ltr'>in</span> <span class='ocrx_word' id='word_1_441' title='bbox 1049 3905 1251 3960; x_wconf 91' lang='lat' dir='ltr'>eodem</span> <span class='ocrx_word' id='word_1_442' title='bbox 1284 3906 1603 3981; x_wconf 88' lang='lat' dir='ltr'>privilegio,</span> <span class='ocrx_word' id='word_1_443' title='bbox 1627 3914 1803 3982; x_wconf 92' lang='lat' dir='ltr'>atque</span> <span class='ocrx_word' id='word_1_444' title='bbox 1834 3914 2140 3985; x_wconf 73' lang='lat' dir='ltr'>praeceptis</span> 
     </span>
    </p>
   </div>
   <div class='ocr_carea' id='block_1_72' title="bbox 482 3987 2141 4072">
    <p class='ocr_par' dir='ltr' id='par_1_72' title="bbox 482 3987 2141 4072">
     <span class='ocr_line' id='line_1_72' title="bbox 482 3987 2141 4072; baseline 0.01 -30"><span class='ocrx_word' id='word_1_445' title='bbox 482 3987 659 4061; x_wconf 87' lang='lat' dir='ltr'>regiis</span> <span class='ocrx_word' id='word_1_446' title='bbox 691 3987 796 4044; x_wconf 82' lang='lat' dir='ltr'>filii</span> <span class='ocrx_word' id='word_1_447' title='bbox 825 3991 1009 4047; x_wconf 89' lang='lat' dir='ltr'>nostri</span> <span class='ocrx_word' id='word_1_448' title='bbox 1043 3993 1230 4049; x_wconf 89' lang='lat' dir='ltr'>Karoli</span> <span class='ocrx_word' id='word_1_449' title='bbox 1262 3996 1466 4053; x_wconf 80' lang='lat' dir='ltr'>exinde</span> <span class='ocrx_word' id='word_1_450' title='bbox 1487 3997 1623 4053; x_wconf 85' lang='lat' dir='ltr'>fatis</span> <span class='ocrx_word' id='word_1_451' title='bbox 1645 3998 1993 4069; x_wconf 88' lang='lat' dir='ltr'>continetur,</span> <span class='ocrx_word' id='word_1_452' title='bbox 2016 4018 2141 4072; x_wconf 89' lang='lat' dir='ltr'>per-</span> 
     </span>
    </p>
   </div>
   <div class='ocr_carea' id='block_1_73' title="bbox 483 4078 2137 4155">
    <p class='ocr_par' dir='ltr' id='par_1_73' title="bbox 483 4078 2137 4155">
     <span class='ocr_line' id='line_1_73' title="bbox 483 4078 2137 4155; baseline 0.009 -23"><span class='ocrx_word' id='word_1_453' title='bbox 483 4081 657 4149; x_wconf 90' lang='lat' dir='ltr'>petuo</span> <span class='ocrx_word' id='word_1_454' title='bbox 688 4078 1032 4137; x_wconf 88' lang='lat' dir='ltr'>inconvulsa</span> <span class='ocrx_word' id='word_1_455' title='bbox 1070 4090 1470 4155; x_wconf 87' lang='lat' dir='ltr'>permaneant.</span> <span class='ocrx_word' id='word_1_456' title='bbox 1487 4086 1917 4144; x_wconf 87' lang='lat' dir='ltr'>Constituimus</span> <span class='ocrx_word' id='word_1_457' title='bbox 1961 4091 2137 4147; x_wconf 86' lang='lat' dir='ltr'>etiam</span> 
     </span>
    </p>
   </div>
   <div class='ocr_carea' id='block_1_74' title="bbox 482 4169 2138 4247">
    <p class='ocr_par' dir='ltr' id='par_1_74' title="bbox 482 4169 2138 4247">
     <span class='ocr_line' id='line_1_74' title="bbox 482 4169 2138 4247; baseline 0.007 -25"><span class='ocrx_word' id='word_1_458' title='bbox 482 4169 826 4226; x_wconf 88' lang='lat' dir='ltr'>auctoritate</span> <span class='ocrx_word' id='word_1_459' title='bbox 849 4170 1002 4226; x_wconf 86' lang='lat' dir='ltr'>beati</span> <span class='ocrx_word' id='word_1_460' title='bbox 1025 4173 1197 4241; x_wconf 90' lang='lat' dir='ltr'>Petri,</span> <span class='ocrx_word' id='word_1_461' title='bbox 1225 4178 1288 4230; x_wconf 88' lang='lat' dir='ltr'>ut</span> <span class='ocrx_word' id='word_1_462' title='bbox 1309 4174 1506 4230; x_wconf 90' lang='lat' dir='ltr'>nullus</span> <span class='ocrx_word' id='word_1_463' title='bbox 1533 4193 1761 4247; x_wconf 90' lang='lat' dir='ltr'>regum,</span> <span class='ocrx_word' id='word_1_464' title='bbox 1788 4193 1957 4234; x_wconf 90' lang='lat' dir='ltr'>nemo</span> <span class='ocrx_word' id='word_1_465' title='bbox 1990 4179 2138 4234; x_wconf 89' lang='lat' dir='ltr'>anti-</span> 
     </span>
    </p>
   </div>
   <div class='ocr_carea' id='block_1_75' title="bbox 480 4256 2138 4339">
    <p class='ocr_par' dir='ltr' id='par_1_75' title="bbox 480 4256 2138 4339">
     <span class='ocr_line' id='line_1_75' title="bbox 480 4256 2138 4339; baseline 0.007 -27"><span class='ocrx_word' id='word_1_466' title='bbox 480 4256 804 4325; x_wconf 84' lang='lat' dir='ltr'>stitum,vel</span> <span class='ocrx_word' id='word_1_467' title='bbox 828 4260 1132 4331; x_wconf 88' lang='lat' dir='ltr'>abbatum,</span> <span class='ocrx_word' id='word_1_468' title='bbox 1149 4280 1251 4319; x_wconf 91' lang='lat' dir='ltr'>seu</span> <span class='ocrx_word' id='word_1_469' title='bbox 1278 4264 1525 4337; x_wconf 87' lang='lat' dir='ltr'>quilibet</span> <span class='ocrx_word' id='word_1_470' title='bbox 1556 4281 1907 4337; x_wconf 88' lang='lat' dir='ltr'>quacunque</span> <span class='ocrx_word' id='word_1_471' title='bbox 1930 4269 2138 4339; x_wconf 66' lang='lat' dir='ltr'>praedi-</span> 
     </span>
    </p>
   </div>
   <div class='ocr_carea' id='block_1_76' title="bbox 481 4344 2138 4427">
    <p class='ocr_par' dir='ltr' id='par_1_76' title="bbox 481 4344 2138 4427">
     <span class='ocr_line' id='line_1_76' title="bbox 481 4344 2138 4427; baseline 0.01 -31"><span class='ocrx_word' id='word_1_472' title='bbox 481 4345 579 4398; x_wconf 92' lang='lat' dir='ltr'>tus</span> <span class='ocrx_word' id='word_1_473' title='bbox 608 4344 912 4417; x_wconf 83' lang='lat' dir='ltr'>dignitate,</span> <span class='ocrx_word' id='word_1_474' title='bbox 943 4348 1013 4404; x_wconf 92' lang='lat' dir='ltr'>de</span> <span class='ocrx_word' id='word_1_475' title='bbox 1044 4348 1137 4406; x_wconf 90' lang='lat' dir='ltr'>his</span> <span class='ocrx_word' id='word_1_476' title='bbox 1169 4369 1294 4423; x_wconf 63' lang='lat' dir='ltr'>qua;</span> <span class='ocrx_word' id='word_1_477' title='bbox 1326 4352 1385 4407; x_wconf 92' lang='lat' dir='ltr'>in</span> <span class='ocrx_word' id='word_1_478' title='bbox 1417 4353 1655 4424; x_wconf 72' lang='lat' dir='ltr'>praefato</span> <span class='ocrx_word' id='word_1_479' title='bbox 1687 4354 2008 4427; x_wconf 90' lang='lat' dir='ltr'>privilegio,</span> <span class='ocrx_word' id='word_1_480' title='bbox 2036 4375 2138 4413; x_wconf 90' lang='lat' dir='ltr'>seu</span> 
     </span>
    </p>
   </div>
   <div class='ocr_carea' id='block_1_77' title="bbox 480 4431 2137 4519">
    <p class='ocr_par' dir='ltr' id='par_1_77' title="bbox 480 4431 2137 4519">
     <span class='ocr_line' id='line_1_77' title="bbox 480 4431 2137 4519; baseline 0.01 -33"><span class='ocrx_word' id='word_1_481' title='bbox 480 4431 541 4486; x_wconf 91' lang='lat' dir='ltr'>in</span> <span class='ocrx_word' id='word_1_482' title='bbox 573 4435 877 4507; x_wconf 72' lang='lat' dir='ltr'>praeceptis</span> <span class='ocrx_word' id='word_1_483' title='bbox 923 4436 1112 4510; x_wconf 91' lang='lat' dir='ltr'>ipsius</span> <span class='ocrx_word' id='word_1_484' title='bbox 1144 4441 1248 4495; x_wconf 88' lang='lat' dir='ltr'>ﬁlii</span> <span class='ocrx_word' id='word_1_485' title='bbox 1289 4440 1473 4497; x_wconf 92' lang='lat' dir='ltr'>nostri</span> <span class='ocrx_word' id='word_1_486' title='bbox 1505 4441 1720 4512; x_wconf 88' lang='lat' dir='ltr'>Karoli,</span> <span class='ocrx_word' id='word_1_487' title='bbox 1755 4461 1823 4500; x_wconf 84' lang='lat' dir='ltr'>ex</span> <span class='ocrx_word' id='word_1_488' title='bbox 1861 4444 1955 4502; x_wconf 91' lang='lat' dir='ltr'>his</span> <span class='ocrx_word' id='word_1_489' title='bbox 2012 4464 2137 4519; x_wconf 81' lang='lat' dir='ltr'>quae</span> 
     </span>
    </p>
   </div>
   <div class='ocr_carea' id='block_1_78' title="bbox 480 4522 2136 4605">
    <p class='ocr_par' dir='ltr' id='par_1_78' title="bbox 480 4522 2136 4605">
     <span class='ocr_line' id='line_1_78' title="bbox 480 4522 2136 4605; baseline 0.011 -31"><span class='ocrx_word' id='word_1_490' title='bbox 480 4522 879 4593; x_wconf 66' lang='lat' dir='ltr'>praemisimus</span> <span class='ocrx_word' id='word_1_491' title='bbox 911 4526 1078 4584; x_wconf 81' lang='lat' dir='ltr'>factis</span> <span class='ocrx_word' id='word_1_492' title='bbox 1121 4530 1473 4597; x_wconf 89' lang='lat' dir='ltr'>continetur,</span> <span class='ocrx_word' id='word_1_493' title='bbox 1496 4530 1585 4587; x_wconf 88' lang='lat' dir='ltr'>vel</span> <span class='ocrx_word' id='word_1_494' title='bbox 1626 4531 1685 4587; x_wconf 90' lang='lat' dir='ltr'>in</span> <span class='ocrx_word' id='word_1_495' title='bbox 1726 4533 1921 4590; x_wconf 69' lang='lat' dir='ltr'>futuro</span> <span class='ocrx_word' id='word_1_496' title='bbox 1953 4536 2025 4591; x_wconf 91' lang='lat' dir='ltr'>ab</span> <span class='ocrx_word' id='word_1_497' title='bbox 2049 4553 2136 4605; x_wconf 92' lang='lat' dir='ltr'>eo,</span> 
     </span>
    </p>
   </div>
   <div class='ocr_carea' id='block_1_79' title="bbox 2248 3366 3908 3440">
    <p class='ocr_par' dir='ltr' id='par_1_79' title="bbox 2248 3366 3908 3440">
     <span class='ocr_line' id='line_1_79' title="bbox 2248 3366 3908 3440; baseline 0.002 -19"><span class='ocrx_word' id='word_1_498' title='bbox 2248 3366 2467 3439; x_wconf 89' lang='lat' dir='ltr'>quibus</span> <span class='ocrx_word' id='word_1_499' title='bbox 2493 3367 2625 3423; x_wconf 89' lang='lat' dir='ltr'>laus</span> <span class='ocrx_word' id='word_1_500' title='bbox 2648 3367 2846 3423; x_wconf 88' lang='lat' dir='ltr'>divina</span> <span class='ocrx_word' id='word_1_501' title='bbox 2874 3368 2968 3423; x_wconf 92' lang='lat' dir='ltr'>die</span> <span class='ocrx_word' id='word_1_502' title='bbox 2999 3371 3293 3439; x_wconf 91' lang='lat' dir='ltr'>noctuque</span> <span class='ocrx_word' id='word_1_503' title='bbox 3319 3385 3421 3440; x_wconf 91' lang='lat' dir='ltr'>per</span> <span class='ocrx_word' id='word_1_504' title='bbox 3442 3369 3772 3424; x_wconf 87' lang='lat' dir='ltr'>universam</span> <span class='ocrx_word' id='word_1_505' title='bbox 3806 3369 3908 3425; x_wconf 86' lang='lat' dir='ltr'>Dei</span> 
     </span>
    </p>
   </div>
   <div class='ocr_carea' id='block_1_80' title="bbox 2247 3455 3912 3530">
    <p class='ocr_par' dir='ltr' id='par_1_80' title="bbox 2247 3455 3912 3530">
     <span class='ocr_line' id='line_1_80' title="bbox 2247 3455 3912 3530; baseline 0.001 -19"><span class='ocrx_word' id='word_1_506' title='bbox 2247 3455 2565 3511; x_wconf 83' lang='lat' dir='ltr'>Ecclesiam</span> <span class='ocrx_word' id='word_1_507' title='bbox 2600 3473 2702 3528; x_wconf 88' lang='lat' dir='ltr'>per</span> <span class='ocrx_word' id='word_1_508' title='bbox 2731 3457 2931 3512; x_wconf 89' lang='lat' dir='ltr'>orbem</span> <span class='ocrx_word' id='word_1_509' title='bbox 2957 3455 3066 3512; x_wconf 85' lang='lat' dir='ltr'>diﬁ&#39;</span> <span class='ocrx_word' id='word_1_510' title='bbox 3069 3474 3233 3513; x_wconf 86' lang='lat' dir='ltr'>usam</span> <span class='ocrx_word' id='word_1_511' title='bbox 3270 3458 3380 3513; x_wconf 85' lang='lat' dir='ltr'>Deo</span> <span class='ocrx_word' id='word_1_512' title='bbox 3413 3456 3783 3530; x_wconf 86' lang='lat' dir='ltr'>persolvitur,</span> <span class='ocrx_word' id='word_1_513' title='bbox 3807 3475 3912 3513; x_wconf 88' lang='lat' dir='ltr'>au-</span> 
     </span>
    </p>
   </div>
   <div class='ocr_carea' id='block_1_81' title="bbox 2248 3546 3906 3619">
    <p class='ocr_par' dir='ltr' id='par_1_81' title="bbox 2248 3546 3906 3619">
     <span class='ocr_line' id='line_1_81' title="bbox 2248 3546 3906 3619; baseline 0.002 -19"><span class='ocrx_word' id='word_1_514' title='bbox 2248 3563 2370 3600; x_wconf 89' lang='lat' dir='ltr'>rem</span> <span class='ocrx_word' id='word_1_515' title='bbox 2403 3546 3050 3602; x_wconf 90' lang='lat' dir='ltr'>accommodemus.Pro</span> <span class='ocrx_word' id='word_1_516' title='bbox 3072 3546 3178 3602; x_wconf 89' lang='lat' dir='ltr'>hoc</span> <span class='ocrx_word' id='word_1_517' title='bbox 3195 3546 3351 3602; x_wconf 89' lang='lat' dir='ltr'>enim</span> <span class='ocrx_word' id='word_1_518' title='bbox 3372 3548 3677 3619; x_wconf 67' lang='lat' dir='ltr'>praemium</span> <span class='ocrx_word' id='word_1_519' title='bbox 3708 3546 3906 3619; x_wconf 86' lang='lat' dir='ltr'>piissi-</span> 
     </span>
    </p>
   </div>
   <div class='ocr_carea' id='block_1_82' title="bbox 2248 3634 3911 3709">
    <p class='ocr_par' dir='ltr' id='par_1_82' title="bbox 2248 3634 3911 3709">
     <span class='ocr_line' id='line_1_82' title="bbox 2248 3634 3911 3709; baseline 0.001 -20"><span class='ocrx_word' id='word_1_520' title='bbox 2248 3651 2412 3689; x_wconf 91' lang='lat' dir='ltr'>mum</span> <span class='ocrx_word' id='word_1_521' title='bbox 2444 3636 2599 3706; x_wconf 89' lang='lat' dir='ltr'>apud</span> <span class='ocrx_word' id='word_1_522' title='bbox 2633 3634 3067 3691; x_wconf 86' lang='lat' dir='ltr'>misericordem</span> <span class='ocrx_word' id='word_1_523' title='bbox 3090 3636 3408 3691; x_wconf 89' lang='lat' dir='ltr'>Dominum</span> <span class='ocrx_word' id='word_1_524' title='bbox 3441 3637 3697 3709; x_wconf 89' lang='lat' dir='ltr'>recipere</span> <span class='ocrx_word' id='word_1_525' title='bbox 3726 3636 3911 3693; x_wconf 88' lang='lat' dir='ltr'>credi-</span> 
     </span>
    </p>
   </div>
   <div class='ocr_carea' id='block_1_83' title="bbox 2249 3724 3905 3798">
    <p class='ocr_par' dir='ltr' id='par_1_83' title="bbox 2249 3724 3905 3798">
     <span class='ocr_line' id='line_1_83' title="bbox 2249 3724 3905 3798; baseline 0.002 -20"><span class='ocrx_word' id='word_1_526' title='bbox 2249 3724 2469 3779; x_wconf 90' lang='lat' dir='ltr'>mus.si</span> <span class='ocrx_word' id='word_1_527' title='bbox 2499 3724 2855 3780; x_wconf 87' lang='lat' dir='ltr'>venerabilia</span> <span class='ocrx_word' id='word_1_528' title='bbox 2899 3724 3027 3780; x_wconf 90' lang='lat' dir='ltr'>loca</span> <span class='ocrx_word' id='word_1_529' title='bbox 3068 3729 3395 3798; x_wconf 90' lang='lat' dir='ltr'>opportune</span> <span class='ocrx_word' id='word_1_530' title='bbox 3426 3725 3715 3793; x_wconf 87' lang='lat' dir='ltr'>ordinata,</span> <span class='ocrx_word' id='word_1_531' title='bbox 3744 3729 3801 3783; x_wconf 91' lang='lat' dir='ltr'>et</span> <span class='ocrx_word' id='word_1_532' title='bbox 3830 3727 3905 3782; x_wconf 88' lang='lat' dir='ltr'>ad</span> 
     </span>
    </p>
   </div>
   <div class='ocr_carea' id='block_1_84' title="bbox 2248 3813 3911 3888">
    <p class='ocr_par' dir='ltr' id='par_1_84' title="bbox 2248 3813 3911 3888">
     <span class='ocr_line' id='line_1_84' title="bbox 2248 3813 3911 3888; baseline 0.001 -19"><span class='ocrx_word' id='word_1_533' title='bbox 2248 3813 2550 3870; x_wconf 87' lang='lat' dir='ltr'>meliorem</span> <span class='ocrx_word' id='word_1_534' title='bbox 2571 3818 2789 3870; x_wconf 85' lang='lat' dir='ltr'>statum</span> <span class='ocrx_word' id='word_1_535' title='bbox 2809 3814 3339 3887; x_wconf 89' lang='lat' dir='ltr'>perducta,nostris</span> <span class='ocrx_word' id='word_1_536' title='bbox 3358 3815 3578 3870; x_wconf 81' lang='lat' dir='ltr'>fuerint</span> <span class='ocrx_word' id='word_1_537' title='bbox 3594 3814 3911 3888; x_wconf 87' lang='lat' dir='ltr'>privilegiis</span> 
     </span>
    </p>
   </div>
   <div class='ocr_carea' id='block_1_85' title="bbox 2248 3902 3902 3976">
    <p class='ocr_par' dir='ltr' id='par_1_85' title="bbox 2248 3902 3902 3976">
     <span class='ocr_line' id='line_1_85' title="bbox 2248 3902 3902 3976; baseline 0.001 -19"><span class='ocrx_word' id='word_1_538' title='bbox 2248 3904 2537 3959; x_wconf 88' lang='lat' dir='ltr'>roborata.</span> <span class='ocrx_word' id='word_1_539' title='bbox 2562 3903 2763 3976; x_wconf 88' lang='lat' dir='ltr'>Igitur,</span> <span class='ocrx_word' id='word_1_540' title='bbox 2787 3903 2927 3975; x_wconf 87' lang='lat' dir='ltr'>quia</span> <span class='ocrx_word' id='word_1_541' title='bbox 2957 3902 3166 3960; x_wconf 89' lang='lat' dir='ltr'>litteris</span> <span class='ocrx_word' id='word_1_542' title='bbox 3211 3908 3324 3959; x_wconf 77' lang='lat' dir='ltr'>tuae</span> <span class='ocrx_word' id='word_1_543' title='bbox 3373 3903 3765 3973; x_wconf 83' lang='lat' dir='ltr'>celsitudinis,</span> <span class='ocrx_word' id='word_1_544' title='bbox 3818 3903 3902 3960; x_wconf 86' lang='lat' dir='ltr'>ﬁli</span> 
     </span>
    </p>
   </div>
   <div class='ocr_carea' id='block_1_86' title="bbox 2248 3992 3913 4059">
    <p class='ocr_par' dir='ltr' id='par_1_86' title="bbox 2248 3992 3913 4059">
     <span class='ocr_line' id='line_1_86' title="bbox 2248 3992 3913 4059; baseline 0.001 -11"><span class='ocrx_word' id='word_1_545' title='bbox 2248 3992 2614 4059; x_wconf 76' lang='lat' dir='ltr'>charissima,</span> <span class='ocrx_word' id='word_1_546' title='bbox 2650 3993 2821 4048; x_wconf 84' lang='lat' dir='ltr'>nobis</span> <span class='ocrx_word' id='word_1_547' title='bbox 2875 3993 3181 4049; x_wconf 89' lang='lat' dir='ltr'>innotuisti</span> <span class='ocrx_word' id='word_1_548' title='bbox 3214 3994 3285 4049; x_wconf 92' lang='lat' dir='ltr'>de</span> <span class='ocrx_word' id='word_1_549' title='bbox 3317 3993 3675 4050; x_wconf 89' lang='lat' dir='ltr'>monasterio</span> <span class='ocrx_word' id='word_1_550' title='bbox 3718 3995 3913 4050; x_wconf 87' lang='lat' dir='ltr'>sancti</span> 
     </span>
    </p>
   </div>
   <div class='ocr_carea' id='block_1_87' title="bbox 2248 4081 3918 4156">
    <p class='ocr_par' dir='ltr' id='par_1_87' title="bbox 2248 4081 3918 4156">
     <span class='ocr_line' id='line_1_87' title="bbox 2248 4081 3918 4156; baseline 0.002 -20"><span class='ocrx_word' id='word_1_551' title='bbox 2248 4081 2460 4138; x_wconf 90' lang='lat' dir='ltr'>Christi</span> <span class='ocrx_word' id='word_1_552' title='bbox 2493 4081 2768 4155; x_wconf 85' lang='lat' dir='ltr'>martyris</span> <span class='ocrx_word' id='word_1_553' title='bbox 2799 4081 3073 4155; x_wconf 88' lang='lat' dir='ltr'>Dionysii,</span> <span class='ocrx_word' id='word_1_554' title='bbox 3099 4082 3359 4155; x_wconf 89' lang='lat' dir='ltr'>speciali,</span> <span class='ocrx_word' id='word_1_555' title='bbox 3384 4088 3449 4138; x_wconf 89' lang='lat' dir='ltr'>ut</span> <span class='ocrx_word' id='word_1_556' title='bbox 3480 4082 3791 4156; x_wconf 87' lang='lat' dir='ltr'>scripsisti,</span> <span class='ocrx_word' id='word_1_557' title='bbox 3814 4100 3918 4156; x_wconf 76' lang='lat' dir='ltr'>pa-</span> 
     </span>
    </p>
   </div>
   <div class='ocr_carea' id='block_1_88' title="bbox 2247 4171 3912 4245">
    <p class='ocr_par' dir='ltr' id='par_1_88' title="bbox 2247 4171 3912 4245">
     <span class='ocr_line' id='line_1_88' title="bbox 2247 4171 3912 4245; baseline 0.002 -19"><span class='ocrx_word' id='word_1_558' title='bbox 2247 4171 2401 4226; x_wconf 90' lang='lat' dir='ltr'>troni</span> <span class='ocrx_word' id='word_1_559' title='bbox 2432 4171 2538 4238; x_wconf 91' lang='lat' dir='ltr'>tui,</span> <span class='ocrx_word' id='word_1_560' title='bbox 2556 4173 2852 4244; x_wconf 89' lang='lat' dir='ltr'>quondam</span> <span class='ocrx_word' id='word_1_561' title='bbox 2877 4189 2910 4227; x_wconf 88' lang='lat' dir='ltr'>a</span> <span class='ocrx_word' id='word_1_562' title='bbox 2936 4172 3225 4228; x_wconf 87' lang='lat' dir='ltr'>Ludovico</span> <span class='ocrx_word' id='word_1_563' title='bbox 3263 4172 3381 4228; x_wconf 92' lang='lat' dir='ltr'>ﬁlio</span> <span class='ocrx_word' id='word_1_564' title='bbox 3413 4172 3727 4245; x_wconf 85' lang='lat' dir='ltr'>Dagoberti</span> <span class='ocrx_word' id='word_1_565' title='bbox 3755 4173 3912 4245; x_wconf 86' lang='lat' dir='ltr'>regis</span> 
     </span>
    </p>
   </div>
   <div class='ocr_carea' id='block_1_89' title="bbox 2248 4260 3912 4335">
    <p class='ocr_par' dir='ltr' id='par_1_89' title="bbox 2248 4260 3912 4335">
     <span class='ocr_line' id='line_1_89' title="bbox 2248 4260 3912 4335; baseline 0.002 -21"><span class='ocrx_word' id='word_1_566' title='bbox 2248 4260 2609 4327; x_wconf 74' lang='lat' dir='ltr'>Francizn,de</span> <span class='ocrx_word' id='word_1_567' title='bbox 2634 4265 2919 4333; x_wconf 88' lang='lat' dir='ltr'>potestate</span> <span class='ocrx_word' id='word_1_568' title='bbox 2951 4261 3108 4317; x_wconf 84' lang='lat' dir='ltr'>sedis</span> <span class='ocrx_word' id='word_1_569' title='bbox 3134 4261 3435 4318; x_wconf 66' lang='lat' dir='ltr'>Parisiacae</span> <span class='ocrx_word' id='word_1_570' title='bbox 3469 4260 3754 4335; x_wconf 89' lang='lat' dir='ltr'>episcopi,</span> <span class='ocrx_word' id='word_1_571' title='bbox 3778 4278 3912 4318; x_wconf 90' lang='lat' dir='ltr'>cum</span> 
     </span>
    </p>
   </div>
   <div class='ocr_carea' id='block_1_90' title="bbox 2249 4349 3912 4423">
    <p class='ocr_par' dir='ltr' id='par_1_90' title="bbox 2249 4349 3912 4423">
     <span class='ocr_line' id='line_1_90' title="bbox 2249 4349 3912 4423; baseline 0.001 -18"><span class='ocrx_word' id='word_1_572' title='bbox 2249 4349 2491 4405; x_wconf 91' lang='lat' dir='ltr'>consilio</span> <span class='ocrx_word' id='word_1_573' title='bbox 2528 4350 2874 4422; x_wconf 89' lang='lat' dir='ltr'>pontiﬁcum</span> <span class='ocrx_word' id='word_1_574' title='bbox 2936 4351 3203 4422; x_wconf 90' lang='lat' dir='ltr'>ejusdem</span> <span class='ocrx_word' id='word_1_575' title='bbox 3264 4350 3463 4423; x_wconf 68' lang='lat' dir='ltr'>patria:</span> <span class='ocrx_word' id='word_1_576' title='bbox 3522 4352 3679 4423; x_wconf 91' lang='lat' dir='ltr'>quod</span> <span class='ocrx_word' id='word_1_577' title='bbox 3740 4351 3912 4407; x_wconf 86' lang='lat' dir='ltr'>fuerit</span> 
     </span>
    </p>
   </div>
   <div class='ocr_carea' id='block_1_91' title="bbox 2249 4439 3912 4515">
    <p class='ocr_par' dir='ltr' id='par_1_91' title="bbox 2249 4439 3912 4515">
     <span class='ocr_line' id='line_1_91' title="bbox 2249 4439 3912 4515; baseline 0.002 -21"><span class='ocrx_word' id='word_1_578' title='bbox 2249 4444 2535 4511; x_wconf 91' lang='lat' dir='ltr'>ereptum,</span> <span class='ocrx_word' id='word_1_579' title='bbox 2565 4444 2622 4494; x_wconf 91' lang='lat' dir='ltr'>et</span> <span class='ocrx_word' id='word_1_580' title='bbox 2652 4439 2868 4496; x_wconf 90' lang='lat' dir='ltr'>abhinc</span> <span class='ocrx_word' id='word_1_581' title='bbox 2891 4441 3001 4496; x_wconf 92' lang='lat' dir='ltr'>sub</span> <span class='ocrx_word' id='word_1_582' title='bbox 3035 4439 3321 4513; x_wconf 87' lang='lat' dir='ltr'>regimine</span> <span class='ocrx_word' id='word_1_583' title='bbox 3352 4456 3578 4515; x_wconf 88' lang='lat' dir='ltr'>regum,</span> <span class='ocrx_word' id='word_1_584' title='bbox 3603 4440 3690 4496; x_wconf 86' lang='lat' dir='ltr'>vel</span> <span class='ocrx_word' id='word_1_585' title='bbox 3715 4439 3912 4497; x_wconf 88' lang='lat' dir='ltr'>claris-</span> 
     </span>
    </p>
   </div>
   <div class='ocr_carea' id='block_1_92' title="bbox 2252 4528 3912 4603">
    <p class='ocr_par' dir='ltr' id='par_1_92' title="bbox 2252 4528 3912 4603">
     <span class='ocr_line' id='line_1_92' title="bbox 2252 4528 3912 4603; baseline 0.002 -20"><span class='ocrx_word' id='word_1_586' title='bbox 2252 4528 2540 4584; x_wconf 91' lang='lat' dir='ltr'>simorum</span> <span class='ocrx_word' id='word_1_587' title='bbox 2575 4529 2857 4585; x_wconf 76' lang='lat' dir='ltr'>abbatum</span> <span class='ocrx_word' id='word_1_588' title='bbox 2891 4546 3123 4603; x_wconf 89' lang='lat' dir='ltr'>semper</span> <span class='ocrx_word' id='word_1_589' title='bbox 3153 4529 3529 4602; x_wconf 91' lang='lat' dir='ltr'>dispositum,</span> <span class='ocrx_word' id='word_1_590' title='bbox 3558 4548 3593 4585; x_wconf 89' lang='lat' dir='ltr'>a</span> <span class='ocrx_word' id='word_1_591' title='bbox 3622 4531 3792 4587; x_wconf 89' lang='lat' dir='ltr'>nobis</span> <span class='ocrx_word' id='word_1_592' title='bbox 3819 4547 3912 4602; x_wconf 89' lang='lat' dir='ltr'>po-</span> 
     </span>
    </p>
   </div>
   <div class='ocr_carea' id='block_1_93' title="bbox 478 4608 3911 4703">
    <p class='ocr_par' dir='ltr' id='par_1_93' title="bbox 478 4608 3911 4703">
     <span class='ocr_line' id='line_1_93' title="bbox 478 4608 3911 4703; baseline 0.003 -39"><span class='ocrx_word' id='word_1_593' title='bbox 478 4608 566 4703; x_wconf 63' lang='lat' dir='ltr'>vel</span> <span class='ocrx_word' id='word_1_594' title='bbox 591 4626 625 4665; x_wconf 90' lang='lat' dir='ltr'>a</span> <span class='ocrx_word' id='word_1_595' title='bbox 646 4610 1007 4703; x_wconf 83' lang='lat' dir='ltr'>quibuslibet</span> <span class='ocrx_word' id='word_1_596' title='bbox 1027 4617 1159 4673; x_wconf 74' lang='lat' dir='ltr'>aliis</span> <span class='ocrx_word' id='word_1_597' title='bbox 1191 4618 1262 4673; x_wconf 86' lang='lat' dir='ltr'>de</span> <span class='ocrx_word' id='word_1_598' title='bbox 1294 4619 1526 4691; x_wconf 73' lang='lat' dir='ltr'>proprio</span> <span class='ocrx_word' id='word_1_599' title='bbox 1553 4620 1771 4677; x_wconf 69' lang='lat' dir='ltr'>fuerint.</span> <span class='ocrx_word' id='word_1_600' title='bbox 1791 4623 1884 4679; x_wconf 75' lang='lat' dir='ltr'>his</span> <span class='ocrx_word' id='word_1_601' title='bbox 1917 4626 2137 4697; x_wconf 64' lang='lat' dir='ltr'>specii),</span> <span class='ocrx_word' id='word_1_602' title='bbox 2174 4640 2220 4703; x_wconf 66' lang='grc' dir='ltr'>ι)</span> <span class='ocrx_word' id='word_1_603' title='bbox 2253 4617 2485 4674; x_wconf 89' lang='lat' dir='ltr'>stulasti</span> <span class='ocrx_word' id='word_1_604' title='bbox 2518 4622 2583 4673; x_wconf 91' lang='lat' dir='ltr'>ut</span> <span class='ocrx_word' id='word_1_605' title='bbox 2615 4618 2983 4692; x_wconf 89' lang='lat' dir='ltr'>privilegium</span> <span class='ocrx_word' id='word_1_606' title='bbox 3014 4620 3425 4692; x_wconf 89' lang='lat' dir='ltr'>episcoporum</span> <span class='ocrx_word' id='word_1_607' title='bbox 3458 4620 3531 4675; x_wconf 88' lang='lat' dir='ltr'>de</span> <span class='ocrx_word' id='word_1_608' title='bbox 3561 4620 3767 4676; x_wconf 91' lang='lat' dir='ltr'>eodem</span> <span class='ocrx_word' id='word_1_609' title='bbox 3796 4636 3911 4676; x_wconf 91' lang='lat' dir='ltr'>mo-</span> 
     </span>
    </p>
   </div>
   <div class='ocr_carea' id='block_1_94' title="bbox 480 4696 2140 4779">
    <p class='ocr_par' dir='ltr' id='par_1_94' title="bbox 480 4696 2140 4779">
     <span class='ocr_line' id='line_1_94' title="bbox 480 4696 2140 4779; baseline 0.011 -27"><span class='ocrx_word' id='word_1_610' title='bbox 480 4696 639 4756; x_wconf 88' lang='lat' dir='ltr'>libus</span> <span class='ocrx_word' id='word_1_611' title='bbox 659 4701 866 4759; x_wconf 89' lang='lat' dir='ltr'>usibus</span> <span class='ocrx_word' id='word_1_612' title='bbox 879 4704 1015 4775; x_wconf 90' lang='lat' dir='ltr'>jure</span> <span class='ocrx_word' id='word_1_613' title='bbox 1048 4706 1261 4761; x_wconf 90' lang='lat' dir='ltr'>collata</span> <span class='ocrx_word' id='word_1_614' title='bbox 1290 4708 1401 4763; x_wconf 91' lang='lat' dir='ltr'>sub</span> <span class='ocrx_word' id='word_1_615' title='bbox 1423 4709 1736 4779; x_wconf 89' lang='lat' dir='ltr'>cujuslibet</span> <span class='ocrx_word' id='word_1_616' title='bbox 1759 4696 2140 4770; x_wconf 75' lang='lat' dir='ltr'>causaeocca-</span> 
     </span>
    </p>
   </div>
   <div class='ocr_carea' id='block_1_95' title="bbox 480 4786 2141 4870">
    <p class='ocr_par' dir='ltr' id='par_1_95' title="bbox 480 4786 2141 4870">
     <span class='ocr_line' id='line_1_95' title="bbox 480 4786 2141 4870; baseline 0.01 -27"><span class='ocrx_word' id='word_1_617' title='bbox 480 4786 801 4856; x_wconf 88' lang='lat' dir='ltr'>sione,sive</span> <span class='ocrx_word' id='word_1_618' title='bbox 824 4794 1377 4867; x_wconf 90' lang='lat' dir='ltr'>specie,quidquam</span> <span class='ocrx_word' id='word_1_619' title='bbox 1404 4797 1668 4855; x_wconf 90' lang='lat' dir='ltr'>minuere</span> <span class='ocrx_word' id='word_1_620' title='bbox 1690 4800 1777 4855; x_wconf 90' lang='lat' dir='ltr'>vel</span> <span class='ocrx_word' id='word_1_621' title='bbox 1801 4802 2048 4870; x_wconf 83' lang='lat' dir='ltr'>auferre,</span> <span class='ocrx_word' id='word_1_622' title='bbox 2084 4808 2141 4859; x_wconf 91' lang='lat' dir='ltr'>et</span> 
     </span>
    </p>
   </div>
   <div class='ocr_carea' id='block_1_96' title="bbox 480 4875 2139 4962">
    <p class='ocr_par' dir='ltr' id='par_1_96' title="bbox 480 4875 2139 4962">
     <span class='ocr_line' id='line_1_96' title="bbox 480 4875 2139 4962; baseline 0.01 -30"><span class='ocrx_word' id='word_1_623' title='bbox 480 4875 601 4933; x_wconf 89' lang='lat' dir='ltr'>sive</span> <span class='ocrx_word' id='word_1_624' title='bbox 623 4878 747 4935; x_wconf 91' lang='lat' dir='ltr'>suis</span> <span class='ocrx_word' id='word_1_625' title='bbox 768 4881 975 4937; x_wconf 88' lang='lat' dir='ltr'>usibus</span> <span class='ocrx_word' id='word_1_626' title='bbox 999 4882 1405 4955; x_wconf 89' lang='lat' dir='ltr'>applicare,vel</span> <span class='ocrx_word' id='word_1_627' title='bbox 1422 4886 1555 4942; x_wconf 91' lang='lat' dir='ltr'>aliis</span> <span class='ocrx_word' id='word_1_628' title='bbox 1574 4887 1761 4960; x_wconf 90' lang='lat' dir='ltr'>(quasi</span> <span class='ocrx_word' id='word_1_629' title='bbox 1788 4889 1898 4961; x_wconf 83' lang='lat' dir='ltr'>piis</span> <span class='ocrx_word' id='word_1_630' title='bbox 1922 4893 2139 4962; x_wconf 88' lang='lat' dir='ltr'>causis)</span> 
     </span>
    </p>
   </div>
   <div class='ocr_carea' id='block_1_97' title="bbox 480 4971 2133 5051">
    <p class='ocr_par' dir='ltr' id='par_1_97' title="bbox 480 4971 2133 5051">
     <span class='ocr_line' id='line_1_97' title="bbox 480 4971 2133 5051; baseline 0.01 -29"><span class='ocrx_word' id='word_1_631' title='bbox 480 4982 586 5038; x_wconf 90' lang='lat' dir='ltr'>pro</span> <span class='ocrx_word' id='word_1_632' title='bbox 617 4984 735 5024; x_wconf 72' lang='lat' dir='ltr'>sua:</span> <span class='ocrx_word' id='word_1_633' title='bbox 765 4971 1018 5027; x_wconf 65' lang='lat' dir='ltr'>avaritia:</span> <span class='ocrx_word' id='word_1_634' title='bbox 1049 4974 1422 5031; x_wconf 87' lang='lat' dir='ltr'>excusatione</span> <span class='ocrx_word' id='word_1_635' title='bbox 1453 4984 1773 5048; x_wconf 68' lang='lat' dir='ltr'>praesumat</span> <span class='ocrx_word' id='word_1_636' title='bbox 1799 4982 2133 5051; x_wconf 88' lang='lat' dir='ltr'>concedere,</span> 
     </span>
    </p>
   </div>
   <div class='ocr_carea' id='block_1_98' title="bbox 481 5055 2139 5139">
    <p class='ocr_par' dir='ltr' id='par_1_98' title="bbox 481 5055 2139 5139">
     <span class='ocr_line' id='line_1_98' title="bbox 481 5055 2139 5139; baseline 0.01 -29"><span class='ocrx_word' id='word_1_637' title='bbox 481 5055 582 5111; x_wconf 87' lang='lat' dir='ltr'>sed</span> <span class='ocrx_word' id='word_1_638' title='bbox 616 5063 828 5115; x_wconf 87' lang='lat' dir='ltr'>cuncta</span> <span class='ocrx_word' id='word_1_639' title='bbox 846 5076 973 5131; x_wconf 69' lang='lat' dir='ltr'>quae</span> <span class='ocrx_word' id='word_1_640' title='bbox 1006 5061 1258 5132; x_wconf 61' lang='lat' dir='ltr'>praefatis</span> <span class='ocrx_word' id='word_1_641' title='bbox 1280 5063 1488 5120; x_wconf 91' lang='lat' dir='ltr'>usibus</span> <span class='ocrx_word' id='word_1_642' title='bbox 1510 5067 1953 5139; x_wconf 90' lang='lat' dir='ltr'>monachorum,</span> <span class='ocrx_word' id='word_1_643' title='bbox 1977 5075 2028 5126; x_wconf 91' lang='lat' dir='ltr'>et</span> <span class='ocrx_word' id='word_1_644' title='bbox 2052 5088 2139 5127; x_wconf 86' lang='lat' dir='ltr'>ec-</span> 
     </span>
    </p>
   </div>
   <div class='ocr_carea' id='block_1_99' title="bbox 482 5142 2133 5225">
    <p class='ocr_par' dir='ltr' id='par_1_99' title="bbox 482 5142 2133 5225">
     <span class='ocr_line' id='line_1_99' title="bbox 482 5142 2133 5225; baseline 0.01 -26"><span class='ocrx_word' id='word_1_645' title='bbox 482 5142 669 5200; x_wconf 72' lang='lat' dir='ltr'>clesize</span> <span class='ocrx_word' id='word_1_646' title='bbox 700 5152 1203 5218; x_wconf 85' lang='lat' dir='ltr'>ornamentorum,</span> <span class='ocrx_word' id='word_1_647' title='bbox 1227 5151 1313 5207; x_wconf 82' lang='lat' dir='ltr'>vel</span> <span class='ocrx_word' id='word_1_648' title='bbox 1347 5151 1816 5225; x_wconf 86' lang='lat' dir='ltr'>luminariorum,</span> <span class='ocrx_word' id='word_1_649' title='bbox 1858 5159 2133 5215; x_wconf 88' lang='lat' dir='ltr'>matricu-</span> 
     </span>
    </p>
   </div>
   <div class='ocr_carea' id='block_1_100' title="bbox 482 5232 2133 5315">
    <p class='ocr_par' dir='ltr' id='par_1_100' title="bbox 482 5232 2133 5315">
     <span class='ocr_line' id='line_1_100' title="bbox 482 5232 2133 5315; baseline 0.01 -27"><span class='ocrx_word' id='word_1_650' title='bbox 482 5232 786 5301; x_wconf 87' lang='lat' dir='ltr'>lariorum,</span> <span class='ocrx_word' id='word_1_651' title='bbox 810 5235 1132 5310; x_wconf 86' lang='lat' dir='ltr'>hospitum,</span> <span class='ocrx_word' id='word_1_652' title='bbox 1162 5243 1220 5295; x_wconf 91' lang='lat' dir='ltr'>et</span> <span class='ocrx_word' id='word_1_653' title='bbox 1256 5258 1580 5314; x_wconf 88' lang='lat' dir='ltr'>pauperum</span> <span class='ocrx_word' id='word_1_654' title='bbox 1622 5245 1818 5302; x_wconf 84' lang='lat' dir='ltr'>oblata</span> <span class='ocrx_word' id='word_1_655' title='bbox 1854 5252 2013 5315; x_wconf 91' lang='lat' dir='ltr'>sunt,</span> <span class='ocrx_word' id='word_1_656' title='bbox 2045 5248 2133 5303; x_wconf 87' lang='lat' dir='ltr'>vel</span> 
     </span>
    </p>
   </div>
   <div class='ocr_carea' id='block_1_101' title="bbox 483 5324 2134 5406">
    <p class='ocr_par' dir='ltr' id='par_1_101' title="bbox 483 5324 2134 5406">
     <span class='ocr_line' id='line_1_101' title="bbox 483 5324 2134 5406; baseline 0.01 -30"><span class='ocrx_word' id='word_1_657' title='bbox 483 5324 673 5378; x_wconf 83' lang='lat' dir='ltr'>oﬁ&#39;erri</span> <span class='ocrx_word' id='word_1_658' title='bbox 707 5325 1079 5399; x_wconf 88' lang='lat' dir='ltr'>contigerint,</span> <span class='ocrx_word' id='word_1_659' title='bbox 1105 5330 1345 5401; x_wconf 89' lang='lat' dir='ltr'>perenni</span> <span class='ocrx_word' id='word_1_660' title='bbox 1392 5336 1655 5406; x_wconf 89' lang='lat' dir='ltr'>tempore</span> <span class='ocrx_word' id='word_1_661' title='bbox 1702 5334 1925 5391; x_wconf 81' lang='lat' dir='ltr'>illibata</span> <span class='ocrx_word' id='word_1_662' title='bbox 1953 5341 2010 5392; x_wconf 92' lang='lat' dir='ltr'>et</span> <span class='ocrx_word' id='word_1_663' title='bbox 2037 5336 2134 5391; x_wconf 84' lang='lat' dir='ltr'>in-</span> 
     </span>
    </p>
   </div>
   <div class='ocr_carea' id='block_1_102' title="bbox 482 5411 2132 5494">
    <p class='ocr_par' dir='ltr' id='par_1_102' title="bbox 482 5411 2132 5494">
     <span class='ocr_line' id='line_1_102' title="bbox 482 5411 2132 5494; baseline 0.01 -28"><span class='ocrx_word' id='word_1_664' title='bbox 482 5411 781 5480; x_wconf 85' lang='lat' dir='ltr'>convulsa,</span> <span class='ocrx_word' id='word_1_665' title='bbox 807 5430 873 5469; x_wconf 91' lang='lat' dir='ltr'>ac</span> <span class='ocrx_word' id='word_1_666' title='bbox 894 5414 1020 5471; x_wconf 90' lang='lat' dir='ltr'>sine</span> <span class='ocrx_word' id='word_1_667' title='bbox 1041 5416 1237 5490; x_wconf 91' lang='lat' dir='ltr'>aliqua</span> <span class='ocrx_word' id='word_1_668' title='bbox 1267 5420 1676 5494; x_wconf 88' lang='lat' dir='ltr'>inquietudine</span> <span class='ocrx_word' id='word_1_669' title='bbox 1698 5440 1901 5479; x_wconf 88' lang='lat' dir='ltr'>eorum</span> <span class='ocrx_word' id='word_1_670' title='bbox 1926 5425 2132 5482; x_wconf 86' lang='lat' dir='ltr'>usibus</span> 
     </span>
    </p>
   </div>
   <div class='ocr_carea' id='block_1_103' title="bbox 480 5508 2134 5584">
    <p class='ocr_par' dir='ltr' id='par_1_103' title="bbox 480 5508 2134 5584">
     <span class='ocr_line' id='line_1_103' title="bbox 480 5508 2134 5584; baseline 0.01 -30"><span class='ocrx_word' id='word_1_671' title='bbox 480 5517 584 5572; x_wconf 91' lang='lat' dir='ltr'>pro</span> <span class='ocrx_word' id='word_1_672' title='bbox 599 5518 849 5572; x_wconf 91' lang='lat' dir='ltr'>quorum</span> <span class='ocrx_word' id='word_1_673' title='bbox 864 5508 1169 5563; x_wconf 87' lang='lat' dir='ltr'>sustentati</span> <span class='ocrx_word' id='word_1_674' title='bbox 1178 5526 1285 5566; x_wconf 92' lang='lat' dir='ltr'>one</span> <span class='ocrx_word' id='word_1_675' title='bbox 1300 5511 1760 5584; x_wconf 86' lang='lat' dir='ltr'>gubernationeq</span> <span class='ocrx_word' id='word_1_676' title='bbox 1772 5531 1840 5568; x_wconf 89' lang='lat' dir='ltr'>ue</span> <span class='ocrx_word' id='word_1_677' title='bbox 1857 5531 2134 5571; x_wconf 87' lang='lat' dir='ltr'>concessa</span> 
     </span>
    </p>
   </div>
   <div class='ocr_carea' id='block_1_104' title="bbox 478 5589 2130 5673">
    <p class='ocr_par' dir='ltr' id='par_1_104' title="bbox 478 5589 2130 5673">
     <span class='ocr_line' id='line_1_104' title="bbox 478 5589 2130 5673; baseline 0.011 -31"><span class='ocrx_word' id='word_1_678' title='bbox 478 5592 639 5657; x_wconf 91' lang='lat' dir='ltr'>sunt,</span> <span class='ocrx_word' id='word_1_679' title='bbox 674 5589 864 5648; x_wconf 89' lang='lat' dir='ltr'>modis</span> <span class='ocrx_word' id='word_1_680' title='bbox 894 5597 1169 5654; x_wconf 90' lang='lat' dir='ltr'>omnibus</span> <span class='ocrx_word' id='word_1_681' title='bbox 1209 5600 1515 5671; x_wconf 76' lang='lat' dir='ltr'>profutura</span> <span class='ocrx_word' id='word_1_682' title='bbox 1562 5608 1964 5673; x_wconf 88' lang='lat' dir='ltr'>permaneant.</span> <span class='ocrx_word' id='word_1_683' title='bbox 2000 5608 2130 5660; x_wconf 78' lang='lat' dir='ltr'>Haec</span> 
     </span>
    </p>
   </div>
   <div class='ocr_carea' id='block_1_105' title="bbox 477 5676 2129 5766">
    <p class='ocr_par' dir='ltr' id='par_1_105' title="bbox 477 5676 2129 5766">
     <span class='ocr_line' id='line_1_105' title="bbox 477 5676 2129 5766; baseline 0.012 -36"><span class='ocrx_word' id='word_1_684' title='bbox 477 5676 657 5749; x_wconf 88' lang='lat' dir='ltr'>igitur</span> <span class='ocrx_word' id='word_1_685' title='bbox 683 5681 881 5739; x_wconf 87' lang='lat' dir='ltr'>omnia</span> <span class='ocrx_word' id='word_1_686' title='bbox 911 5700 1039 5758; x_wconf 61' lang='lat' dir='ltr'>qum</span> <span class='ocrx_word' id='word_1_687' title='bbox 1087 5688 1429 5759; x_wconf 87' lang='lat' dir='ltr'>hujusmodi</span> <span class='ocrx_word' id='word_1_688' title='bbox 1482 5690 1752 5763; x_wconf 67' lang='lat' dir='ltr'>praecepti</span> <span class='ocrx_word' id='word_1_689' title='bbox 1799 5692 2129 5766; x_wconf 87' lang='lat' dir='ltr'>decretique</span> 
     </span>
    </p>
   </div>
   <div class='ocr_carea' id='block_1_106' title="bbox 2250 4708 3907 4783">
    <p class='ocr_par' dir='ltr' id='par_1_106' title="bbox 2250 4708 3907 4783">
     <span class='ocr_line' id='line_1_106' title="bbox 2250 4708 3907 4783; baseline 0.002 -21"><span class='ocrx_word' id='word_1_690' title='bbox 2250 4708 2505 4763; x_wconf 90' lang='lat' dir='ltr'>nasterio</span> <span class='ocrx_word' id='word_1_691' title='bbox 2534 4708 2754 4762; x_wconf 82' lang='lat' dir='ltr'>factum</span> <span class='ocrx_word' id='word_1_692' title='bbox 2802 4712 3002 4765; x_wconf 89' lang='lat' dir='ltr'>nostro</span> <span class='ocrx_word' id='word_1_693' title='bbox 3043 4708 3364 4783; x_wconf 88' lang='lat' dir='ltr'>privilegio,</span> <span class='ocrx_word' id='word_1_694' title='bbox 3389 4709 3507 4764; x_wconf 91' lang='lat' dir='ltr'>imo</span> <span class='ocrx_word' id='word_1_695' title='bbox 3555 4708 3745 4782; x_wconf 90' lang='lat' dir='ltr'>magis</span> <span class='ocrx_word' id='word_1_696' title='bbox 3774 4725 3907 4781; x_wconf 89' lang='lat' dir='ltr'>apo-</span> 
     </span>
    </p>
   </div>
   <div class='ocr_carea' id='block_1_107' title="bbox 2250 4796 3904 4871">
    <p class='ocr_par' dir='ltr' id='par_1_107' title="bbox 2250 4796 3904 4871">
     <span class='ocr_line' id='line_1_107' title="bbox 2250 4796 3904 4871; baseline 0.001 -19"><span class='ocrx_word' id='word_1_697' title='bbox 2250 4796 2533 4853; x_wconf 88' lang='lat' dir='ltr'>stolorum</span> <span class='ocrx_word' id='word_1_698' title='bbox 2567 4797 2870 4870; x_wconf 89' lang='lat' dir='ltr'>principis,</span> <span class='ocrx_word' id='word_1_699' title='bbox 2905 4798 3315 4855; x_wconf 91' lang='lat' dir='ltr'>roboraremus</span> <span class='ocrx_word' id='word_1_700' title='bbox 3355 4798 3720 4867; x_wconf 90' lang='lat' dir='ltr'>auctoritate,</span> <span class='ocrx_word' id='word_1_701' title='bbox 3754 4799 3904 4871; x_wconf 92' lang='lat' dir='ltr'>quod</span> 
     </span>
    </p>
   </div>
   <div class='ocr_carea' id='block_1_108' title="bbox 2249 4885 3907 4959">
    <p class='ocr_par' dir='ltr' id='par_1_108' title="bbox 2249 4885 3907 4959">
     <span class='ocr_line' id='line_1_108' title="bbox 2249 4885 3907 4959; baseline 0.002 -18"><span class='ocrx_word' id='word_1_702' title='bbox 2249 4885 2629 4942; x_wconf 89' lang='lat' dir='ltr'>licentissime</span> <span class='ocrx_word' id='word_1_703' title='bbox 2650 4887 2975 4942; x_wconf 90' lang='lat' dir='ltr'>secundum</span> <span class='ocrx_word' id='word_1_704' title='bbox 3000 4892 3163 4944; x_wconf 87' lang='lat' dir='ltr'>tuam</span> <span class='ocrx_word' id='word_1_705' title='bbox 3188 4886 3655 4944; x_wconf 84' lang='lat' dir='ltr'>benevolentiam</span> <span class='ocrx_word' id='word_1_706' title='bbox 3687 4887 3907 4959; x_wconf 87' lang='lat' dir='ltr'>petitio-</span> 
     </span>
    </p>
   </div>
   <div class='ocr_carea' id='block_1_109' title="bbox 2249 4974 3905 5050">
    <p class='ocr_par' dir='ltr' id='par_1_109' title="bbox 2249 4974 3905 5050">
     <span class='ocr_line' id='line_1_109' title="bbox 2249 4974 3905 5050; baseline 0.002 -20"><span class='ocrx_word' id='word_1_707' title='bbox 2249 4992 2383 5030; x_wconf 91' lang='lat' dir='ltr'>nem</span> <span class='ocrx_word' id='word_1_708' title='bbox 2438 4974 2716 5032; x_wconf 84' lang='lat' dir='ltr'>i‘ulcimus</span> <span class='ocrx_word' id='word_1_709' title='bbox 2754 4992 2766 5029; x_wconf 92' lang='lat'><strong>:</strong></span> <span class='ocrx_word' id='word_1_710' title='bbox 2801 4976 3145 5033; x_wconf 89' lang='lat' dir='ltr'>auctoritate</span> <span class='ocrx_word' id='word_1_711' title='bbox 3194 4977 3489 5050; x_wconf 88' lang='lat' dir='ltr'>siquidem</span> <span class='ocrx_word' id='word_1_712' title='bbox 3546 4977 3701 5033; x_wconf 90' lang='lat' dir='ltr'>beati</span> <span class='ocrx_word' id='word_1_713' title='bbox 3761 4976 3905 5033; x_wconf 89' lang='lat' dir='ltr'>Petri</span> 
     </span>
    </p>
   </div>
   <div class='ocr_carea' id='block_1_110' title="bbox 2248 5064 3903 5140">
    <p class='ocr_par' dir='ltr' id='par_1_110' title="bbox 2248 5064 3903 5140">
     <span class='ocr_line' id='line_1_110' title="bbox 2248 5064 3903 5140; baseline 0.002 -21"><span class='ocrx_word' id='word_1_714' title='bbox 2248 5064 2647 5136; x_wconf 90' lang='lat' dir='ltr'>apostolorum</span> <span class='ocrx_word' id='word_1_715' title='bbox 2676 5065 2962 5138; x_wconf 91' lang='lat' dir='ltr'>principis</span> <span class='ocrx_word' id='word_1_716' title='bbox 2987 5066 3086 5139; x_wconf 90' lang='lat' dir='ltr'>qui</span> <span class='ocrx_word' id='word_1_717' title='bbox 3110 5070 3459 5138; x_wconf 89' lang='lat' dir='ltr'>potestatem</span> <span class='ocrx_word' id='word_1_718' title='bbox 3488 5065 3711 5140; x_wconf 87' lang='lat' dir='ltr'>ligandi</span> <span class='ocrx_word' id='word_1_719' title='bbox 3735 5070 3903 5139; x_wconf 88' lang='lat' dir='ltr'>atque</span> 
     </span>
    </p>
   </div>
   <div class='ocr_carea' id='block_1_111' title="bbox 2247 5155 3900 5229">
    <p class='ocr_par' dir='ltr' id='par_1_111' title="bbox 2247 5155 3900 5229">
     <span class='ocr_line' id='line_1_111' title="bbox 2247 5155 3900 5229; baseline 0.001 -18"><span class='ocrx_word' id='word_1_720' title='bbox 2247 5155 2507 5211; x_wconf 80' lang='lat' dir='ltr'>solvendi</span> <span class='ocrx_word' id='word_1_721' title='bbox 2554 5172 2587 5210; x_wconf 89' lang='lat' dir='ltr'>a</span> <span class='ocrx_word' id='word_1_722' title='bbox 2631 5155 2880 5212; x_wconf 90' lang='lat' dir='ltr'>Domino</span> <span class='ocrx_word' id='word_1_723' title='bbox 2929 5157 3153 5228; x_wconf 90' lang='lat' dir='ltr'>accepit</span> <span class='ocrx_word' id='word_1_724' title='bbox 3188 5156 3392 5229; x_wconf 83' lang='lat' dir='ltr'>(Matth.</span> <span class='ocrx_word' id='word_1_725' title='bbox 3426 5160 3566 5225; x_wconf 70' lang='lat' dir='ltr'>xvx),</span> <span class='ocrx_word' id='word_1_726' title='bbox 3617 5157 3900 5229; x_wconf 88' lang='lat' dir='ltr'>cujusque</span> 
     </span>
    </p>
   </div>
   <div class='ocr_carea' id='block_1_112' title="bbox 2245 5242 3900 5317">
    <p class='ocr_par' dir='ltr' id='par_1_112' title="bbox 2245 5242 3900 5317">
     <span class='ocr_line' id='line_1_112' title="bbox 2245 5242 3900 5317; baseline 0.003 -20"><span class='ocrx_word' id='word_1_727' title='bbox 2245 5259 2350 5297; x_wconf 91' lang='lat' dir='ltr'>nos</span> <span class='ocrx_word' id='word_1_728' title='bbox 2382 5242 2578 5298; x_wconf 90' lang='lat' dir='ltr'>vicarii</span> <span class='ocrx_word' id='word_1_729' title='bbox 2610 5242 2938 5313; x_wconf 85' lang='lat' dir='ltr'>existimus,</span> <span class='ocrx_word' id='word_1_730' title='bbox 2968 5244 3306 5301; x_wconf 89' lang='lat' dir='ltr'>stabilimus</span> <span class='ocrx_word' id='word_1_731' title='bbox 3356 5248 3421 5300; x_wconf 91' lang='lat' dir='ltr'>ut</span> <span class='ocrx_word' id='word_1_732' title='bbox 3480 5245 3605 5317; x_wconf 88' lang='lat' dir='ltr'>ipse</span> <span class='ocrx_word' id='word_1_733' title='bbox 3665 5249 3900 5302; x_wconf 85' lang='lat' dir='ltr'>sanctus</span> 
     </span>
    </p>
   </div>
   <div class='ocr_carea' id='block_1_113' title="bbox 2241 5329 3898 5407">
    <p class='ocr_par' dir='ltr' id='par_1_113' title="bbox 2241 5329 3898 5407">
     <span class='ocr_line' id='line_1_113' title="bbox 2241 5329 3898 5407; baseline 0.002 -22"><span class='ocrx_word' id='word_1_734' title='bbox 2241 5329 2404 5387; x_wconf 89' lang='lat' dir='ltr'>locus</span> <span class='ocrx_word' id='word_1_735' title='bbox 2434 5331 2585 5388; x_wconf 89' lang='lat' dir='ltr'>sicut</span> <span class='ocrx_word' id='word_1_736' title='bbox 2617 5348 2820 5404; x_wconf 87' lang='lat' dir='ltr'>regum</span> <span class='ocrx_word' id='word_1_737' title='bbox 2856 5334 3178 5405; x_wconf 59' lang='lat' dir='ltr'>praeceptis,</span> <span class='ocrx_word' id='word_1_738' title='bbox 3207 5338 3265 5390; x_wconf 91' lang='lat' dir='ltr'>et</span> <span class='ocrx_word' id='word_1_739' title='bbox 3287 5333 3606 5407; x_wconf 88' lang='lat' dir='ltr'>privilegiis</span> <span class='ocrx_word' id='word_1_740' title='bbox 3629 5332 3898 5407; x_wconf 87' lang='lat' dir='ltr'>apostoli-</span> 
     </span>
    </p>
   </div>
   <div class='ocr_carea' id='block_1_114' title="bbox 2241 5420 3895 5496">
    <p class='ocr_par' dir='ltr' id='par_1_114' title="bbox 2241 5420 3895 5496">
     <span class='ocr_line' id='line_1_114' title="bbox 2241 5420 3895 5496; baseline 0.002 -21"><span class='ocrx_word' id='word_1_741' title='bbox 2241 5420 2323 5477; x_wconf 89' lang='lat' dir='ltr'>cis</span> <span class='ocrx_word' id='word_1_742' title='bbox 2345 5426 2434 5477; x_wconf 89' lang='lat' dir='ltr'>est</span> <span class='ocrx_word' id='word_1_743' title='bbox 2472 5421 2674 5490; x_wconf 80' lang='lat' dir='ltr'>fultus,</span> <span class='ocrx_word' id='word_1_744' title='bbox 2708 5439 2811 5494; x_wconf 90' lang='lat' dir='ltr'>per</span> <span class='ocrx_word' id='word_1_745' title='bbox 2858 5423 3057 5479; x_wconf 89' lang='lat' dir='ltr'>omnia</span> <span class='ocrx_word' id='word_1_746' title='bbox 3090 5427 3375 5496; x_wconf 86' lang='lat' dir='ltr'>tempora,</span> <span class='ocrx_word' id='word_1_747' title='bbox 3401 5423 3528 5480; x_wconf 90' lang='lat' dir='ltr'>sine</span> <span class='ocrx_word' id='word_1_748' title='bbox 3558 5423 3895 5496; x_wconf 86' lang='lat' dir='ltr'>repetilione</span> 
     </span>
    </p>
   </div>
   <div class='ocr_carea' id='block_1_115' title="bbox 2240 5510 3894 5585">
    <p class='ocr_par' dir='ltr' id='par_1_115' title="bbox 2240 5510 3894 5585">
     <span class='ocr_line' id='line_1_115' title="bbox 2240 5510 3894 5585; baseline 0.002 -19"><span class='ocrx_word' id='word_1_749' title='bbox 2240 5512 2644 5582; x_wconf 83' lang='lat' dir='ltr'>cujuscunque</span> <span class='ocrx_word' id='word_1_750' title='bbox 2675 5510 2932 5584; x_wconf 89' lang='lat' dir='ltr'>episcopi</span> <span class='ocrx_word' id='word_1_751' title='bbox 2974 5512 3275 5570; x_wconf 72' lang='lat' dir='ltr'>Parisiacae</span> <span class='ocrx_word' id='word_1_752' title='bbox 3307 5514 3488 5580; x_wconf 91' lang='lat' dir='ltr'>sedis,</span> <span class='ocrx_word' id='word_1_753' title='bbox 3514 5518 3615 5569; x_wconf 88' lang='lat' dir='ltr'>aut</span> <span class='ocrx_word' id='word_1_754' title='bbox 3644 5512 3894 5585; x_wconf 87' lang='lat' dir='ltr'>alicujus</span> 
     </span>
    </p>
   </div>
   <div class='ocr_carea' id='block_1_116' title="bbox 2230 5599 3895 5675">
    <p class='ocr_par' dir='ltr' id='par_1_116' title="bbox 2230 5599 3895 5675">
     <span class='ocr_line' id='line_1_116' title="bbox 2230 5599 3895 5675; baseline 0.002 -20"><span class='ocrx_word' id='word_1_755' title='bbox 2230 5599 2555 5672; x_wconf 83' lang='lat' dir='ltr'>judiciariae</span> <span class='ocrx_word' id='word_1_756' title='bbox 2604 5602 2933 5672; x_wconf 86' lang='lat' dir='ltr'>potestatis,</span> <span class='ocrx_word' id='word_1_757' title='bbox 2957 5601 3044 5658; x_wconf 88' lang='lat' dir='ltr'>vel</span> <span class='ocrx_word' id='word_1_758' title='bbox 3085 5604 3495 5675; x_wconf 89' lang='lat' dir='ltr'>cujuscunque</span> <span class='ocrx_word' id='word_1_759' title='bbox 3525 5601 3895 5675; x_wconf 73' lang='lat' dir='ltr'>praepotentis</span> 
     </span>
    </p>
   </div>
   <div class='ocr_carea' id='block_1_117' title="bbox 2240 5688 3896 5769">
    <p class='ocr_par' dir='ltr' id='par_1_117' title="bbox 2240 5688 3896 5769">
     <span class='ocr_line' id='line_1_117' title="bbox 2240 5688 3896 5769; baseline 0.003 -26"><span class='ocrx_word' id='word_1_760' title='bbox 2240 5688 2516 5757; x_wconf 88' lang='lat' dir='ltr'>hominis,</span> <span class='ocrx_word' id='word_1_761' title='bbox 2545 5706 2776 5761; x_wconf 87' lang='lat' dir='ltr'>semper</span> <span class='ocrx_word' id='word_1_762' title='bbox 2809 5690 2962 5747; x_wconf 88' lang='lat' dir='ltr'>sicut</span> <span class='ocrx_word' id='word_1_763' title='bbox 2992 5696 3274 5769; x_wconf 78' lang='lat' dir='ltr'>praeoptat</span> <span class='ocrx_word' id='word_1_764' title='bbox 3303 5696 3359 5749; x_wconf 90' lang='lat' dir='ltr'>et</span> <span class='ocrx_word' id='word_1_765' title='bbox 3404 5691 3623 5764; x_wconf 85' lang='lat' dir='ltr'>expetit</span> <span class='ocrx_word' id='word_1_766' title='bbox 3653 5692 3896 5748; x_wconf 86' lang='lat' dir='ltr'>benevo-</span> 
     </span>
    </p>
   </div>
  </div>
