4126 6460
189 407 321 473 829

1423 403 1831 469 EPISTOLJE
1871 401 1977 467 ET
2018 402 2411 468 DEGRETA.

3507 404 3629 473 880

182 542 500 618 religionis
530 559 712 601 causa
767 540 1040 617 conjugia
1081 542 1290 599 debere
1338 540 1580 599 dissolvi
1628 541 1854 607 dicunt,
1885 537 1942 606 Α
1971 555 2394 614 nunquamque
2417 539 2574 598 sedis
2596 538 2932 615 apostolica
2952 539 3309 599 mentionem
3332 540 3629 611 fecisset,a

192 632 505 690 sciendum
537 636 627 688 est
656 632 814 704 quia,
853 632 961 687 etsi
996 632 1103 687 hoc
1134 632 1394 688 humana
1425 630 1714 687 concessit
1744 630 1854 698 lex,

183 726 395 778 tamen
418 720 617 776 divina
638 720 961 794 prohibeat.
989 721 1130 777 Ecce
1155 721 1654 794 quemadmodum
1678 721 1858 792 impe-

189 810 329 866 riali
347 810 575 883 judicio
596 827 710 867 non
740 814 990 883 possunt
1010 810 1404 879 ecclesiastica
1416 813 1555 882 jura
1576 809 1813 865 dissolvi
1839 826 1852 865 :

187 916 327 956 ecce
354 900 606 973 qualiter
630 901 785 972 quod
815 899 905 956 lex
934 900 1196 956 humana
1217 901 1525 967 concessit,
1551 900 1642 956 lex
1662 900 1858 955 divina

184 988 657 1062 prohibeat.Non
671 989 827 1061 quod
843 989 1266 1062 imperotorum
1284 988 1687 1062 leges,quibus
1704 1005 1857 1061 saepe

186 1077 455 1135 Eeclesia
477 1078 631 1135 circa
652 1078 955 1135 haereticos
978 1078 1180 1146 utitur,
1198 1096 1353 1151 saepe
1376 1080 1531 1134 circa
1552 1084 1852 1152 tyrannos,

188 1172 376 1240 atque
395 1167 551 1223 circa
572 1184 780 1240 pravos
810 1185 1075 1240 quosque
1106 1169 1456 1233 defenditur,
1472 1168 1739 1224 dicamus
1763 1186 1859 1241 pe-

188 1257 360 1312 nitus
382 1257 710 1313 renuendas
734 1274 746 1311 :
770 1258 870 1312 sed
894 1258 1049 1329 quod
1074 1274 1171 1313 eas
1193 1257 1558 1331 evangelicis,
1583 1258 1857 1330 apostoli-

187 1346 302 1418 cis,
328 1350 504 1419 atque
547 1345 844 1401 canonicis
891 1346 1392 1419 decretis,quibus
1438 1348 1856 1419 postponendaa

189 1440 355 1504 sunt,
381 1434 613 1491 nullum
636 1452 807 1508 posse
828 1435 1041 1491 inferre
1065 1436 1471 1508 praejudicium
1494 1452 1851 1492 asseramus.

188 1524 541 1596 Quanquam
574 1522 929 1596 scripseritis
959 1522 1380 1596 appellationes
1401 1525 1529 1595 ejus
1554 1524 1855 1579 frustrato-

191 1612 335 1680 rias,
360 1612 765 1669 excusationes
794 1629 860 1668 ac
892 1612 1201 1668 dilationes
1234 1613 1416 1668 fuisse
1448 1617 1677 1667 tantum
1710 1628 1852 1683 quc—

190 1707 413 1770 rentes,
429 1702 585 1774 quod
609 1702 826 1774 quibus
849 1702 1214 1774 argumentis
1237 1701 1504 1768 firmetis,
1528 1701 1851 1774 praesertim

188 1808 329 1847 cum
348 1791 743 1847 annuentibus
766 1790 877 1847 sibi
901 1791 1225 1846 canonibns
1248 1792 1627 1863 apostolicam
1653 1792 1850 1847 sedem

186 1880 520 1977 appellasse
571 1880 911 1977 solemniter
957 1880 1243 1977 videatur,
1285 1898 1402 1936 non
1455 1881 1620 1977 facile
1671 1886 1845 1954 patet.
1878 1910 1929 1977 Β

188 1970 417 2043 Quippe
442 1986 577 2025 cum
601 1986 772 2025 nemo
795 1969 959 2037 sciat,
982 1970 1310 2026 secundum
1332 1970 1594 2026 veritatis
1616 1974 1852 2026 attesta-

187 2060 584 2131 tionem,quae
612 2062 753 2114 sunt
798 2059 857 2114 in
888 2059 1146 2125 homine,
1172 2058 1283 2115 nisi
1306 2059 1550 2131 spiritus
1591 2060 1719 2131 ejus
1748 2060 1848 2132 qui

186 2150 252 2205 in
285 2148 412 2221 ipso
437 2152 545 2203 est.
572 2150 622 2217 (I
648 2148 769 2204 Cor.
795 2148 1038 2220 u).Quis
1060 2153 1255 2204 autem
1289 2148 1511 2205 nesciat
1529 2149 1850 2205 constituta

188 2237 561 2294 Sardicensis
592 2235 870 2293 concilii?
919 2253 1049 2309 quae
1080 2236 1427 2309 praecipiunt
1457 2242 1588 2309 post
1626 2237 1849 2310 aliquot

189 2325 451 2398 capitulo
481 2330 690 2398 quarto
715 2343 729 2381 :
759 2326 818 2382 Si
852 2324 984 2399 quis
1010 2327 1321 2399 episcopus
1343 2327 1644 2398 judicatus
1676 2327 1849 2383 fuerit

191 2416 256 2470 in
288 2416 486 2489 aliqua
516 2432 714 2483 causa,
740 2419 796 2471 et
817 2416 1107 2488 putaverit
1138 2432 1201 2471 se
1232 2417 1445 2472 bonam
1478 2433 1715 2472 causam
1749 2417 1848 2473 ha-

190 2506 355 2575 bere,
375 2509 440 2560 ut
470 2505 683 2562 iterum
715 2504 1028 2561 concilium
1057 2505 1391 2579 [judicium]
1435 2510 1761 2574 renovetur,
1796 2507 1845 2562 si

186 2594 357 2651 vobis
386 2593 594 2667 placet,
615 2593 803 2651 sancti
836 2594 984 2649 Petri
1009 2594 1256 2668 apostoli
1287 2594 1630 2652 memoriam
1663 2596 1846 2653 hono-

190 2700 395 2740 remus
417 2687 480 2739 ut
502 2682 795 2740 scribatur
812 2684 886 2739 ab
914 2683 1004 2739 his
1027 2684 1126 2756 qui
1151 2701 1390 2741 causam
1412 2686 1842 2753 examinarunt,

186 2772 346 2830 Julio
365 2774 626 2829 Romano
644 2772 1001 2845 episcopo,et
1014 2774 1062 2828 si
1078 2774 1429 2845 judicaverit
1444 2776 1844 2831 renovandum

187 2880 320 2918 esse
344 2862 658 2935 judicium,
692 2866 1022 2929 renovetur,
1045 2869 1103 2918 et
1131 2864 1230 2919 det
1250 2864 1485 2936 judices
1518 2882 1531 2918 :
1566 2863 1616 2919 si
1647 2870 1843 2921 autem

186 2951 519 3025 probaverit
540 2951 715 3007 talem
737 2968 976 3009 causam
997 2969 1125 3009 esse
1142 2957 1210 3008 ut
1226 2971 1342 3009 non
1364 2953 1685 3022 refricetur,
1706 2972 1845 3027 prae-

187 3040 393 3098 sertim
441 3058 571 3113 quae
618 3046 751 3097 acta
806 3045 945 3097 sunt
1002 3042 1051 3098 si
1112 3043 1447 3110 decreverit,
1498 3044 1844 3100 confirmata

186 3134 382 3185 erunt.
408 3130 551 3186 Item
600 3129 787 3203 capite
838 3135 1059 3198 octavo,
1079 3131 1251 3189 Osius
1298 3132 1609 3205 episcopus
1657 3133 1838 3190 dixit:

189 3217 414 3274 Placuit
443 3223 743 3288 autem,ut
771 3220 818 3275 si
874 3220 1007 3293 quis
1063 3221 1471 3294 episcoporum
1531 3228 1843 3280 accusatus

1966 630 2151 698 vobis,
2168 630 2269 703 qui
2294 646 2533 687 causam
2558 631 2685 702 ejus
2707 631 3109 698 examinastis,
3134 633 3417 689 memoria
3438 634 3624 689 sancti

1967 720 2122 774 Petri
2155 720 2427 775 honorari
2451 721 2750 787 debuerat,
2769 725 2943 792 atque
2966 721 3015 777 ei
3042 720 3362 793 praescribi,
3382 726 3448 777 ut
3468 722 3518 778 si
3532 723 3627 794 ju-

1967 809 2188 865 dicaret
2218 811 2617 866 renovandum
2652 827 2781 866 esse
2804 811 3124 882 judicium,
3151 815 3544 878 renovaretur,
3568 815 3627 867 et

1967 899 2131 953 daret
2152 898 2405 970 judices.
2433 899 2624 955 Verba
2653 904 2805 955 certe
2836 898 3016 974 [forte,
3047 898 3137 955 vel
3184 904 3356 955 certe.
3391 901 3621 970 HARD.],

1967 987 2122 1043 sicut
2141 988 2415 1060 superius
2436 988 3045 1058 commemoravimus,
3062 1006 3131 1045 ex
3146 990 3414 1060 ejusdem
3435 991 3599 1046 conci

1965 1076 2026 1131 lii
2059 1077 2381 1143 sanctione,
2403 1079 2557 1150 quod
2592 1078 2641 1134 si
2671 1079 2915 1151 probata
2934 1079 3288 1147 viderentur,
3314 1084 3617 1136 statueret.

1966 1168 2077 1223 Sed
2109 1168 2250 1239 quid
2291 1168 2509 1223 mirum
2540 1168 2635 1234 sit,
2660 1167 2769 1223 hoc
2799 1168 2859 1222 in
2892 1170 3168 1240 despectu
3220 1169 3620 1240 apostolorum

1965 1256 2247 1328 principis
2260 1273 2359 1312 vos
2390 1256 2832 1328 contempsisse,
2848 1274 2983 1313 cum
3006 1257 3078 1312 ad
3110 1257 3390 1328 injuriam
3421 1275 3621 1315 sacro-

1966 1363 2095 1400 rum
2119 1351 2504 1412 canonum,et
2523 1346 2942 1402 venerabilium
2967 1347 3366 1404 Romanorum
3394 1346 3622 1420 pontiﬁ-

1964 1451 2098 1489 cum
2131 1436 2518 1504 decretorum,
2542 1439 2908 1507 perpetrasse
2941 1436 3134 1491 adhuc
3163 1436 3329 1508 pejus
3356 1436 3620 1493 invenia-

1964 1525 2148 1580 mini?
2169 1524 2409 1592 scilicet,
2438 1529 2505 1579 ut
2534 1528 2667 1597 post
2698 1524 3146 1598 appellationem
3176 1529 3234 1581 et
3263 1524 3620 1582 reclamatio-

1963 1631 2097 1670 nem
2128 1613 2398 1680 Rothadi,
2423 1614 2482 1669 in
2505 1614 2784 1669 cathedra
2813 1613 3002 1686 ipsius
3030 1614 3281 1670 alterum
3312 1631 3618 1671 consecra-

1963 1704 2105 1760 retis
2137 1702 2285 1777 [edit
2320 1705 2471 1760 Rom.
2506 1703 3042 1774 consecraveritis]:
3078 1721 3214 1759 cum
3258 1704 3317 1758 id
3366 1704 3619 1760 manife—

1962 1793 2224 1849 stissime
2256 1810 2290 1849 a
2321 1793 2505 1849 sacris
2555 1791 2775 1865 regulis
2808 1796 3036 1849 constet
3065 1809 3193 1849 esse
3241 1791 3521 1859 alienum,
3555 1797 3621 1850 ut

1964 1882 2089 1939 loco
2112 1883 2363 1955 depositi
2390 1882 2629 1939 omnino
2661 1900 2777 1937 non
2800 1882 3126 1947 ordinetur,
3150 1881 3265 1937 nisi
3287 1898 3466 1938 causa
3493 1882 3619 1938 fue-

1962 1971 2036 2027 rit
2061 1973 2118 2027 in
2141 1972 2367 2043 judicio
2398 1971 2654 2045 episcOpi
2687 1970 2934 2027 Romani
2966 1970 3371 2027 determinata.
3393 1971 3504 2028 Sed
3530 1971 3618 2027 di-

1960 2060 2111 2130 citis,
2134 2065 2269 2133 post
2297 2060 2747 2133 appellationem
2774 2060 3111 2135 apostolicae
3134 2059 3290 2116 sedis
3320 2059 3488 2115 illum
3518 2076 3617 2117 vo-

1958 2168 2085 2206 cem
2118 2154 2475 2217 mutasse,et
2502 2151 2909 2223 episcoporum
2956 2148 3269 2205 concilium
3302 2149 3613 2222 expetisse.

1958 2240 2181 2304 Quibus
2214 2257 2348 2295 cum
2388 2256 2529 2311 pace
2565 2243 2757 2295 vestra
2795 2239 3067 2305 fatemur,
3097 2237 3367 2310 quamvis
3407 2238 3614 2295 vestris

1958 2327 2384 2385 assertionibus
2404 2329 2579 2383 fidem
2598 2327 3070 2394 adhibeamus,et
3090 2327 3173 2382 ita
3194 2325 3399 2382 fecisse
3419 2324 3611 2383 illum.

1957 2417 2236 2490 quoniam
2261 2434 2373 2473 non
2398 2421 2488 2473 est
2509 2418 2663 2489 quod
2688 2416 2873 2489 possit
2889 2434 3005 2472 non
3023 2416 3178 2471 credi
3198 2415 3610 2484 sanctimonia,

1954 2508 2234 2564 veraciter
2266 2511 2605 2563 teneamus:
2628 2510 2826 2585 tamen
2852 2522 2968 2578 qua
2996 2505 3106 2561 hoc
3137 2504 3457 2561 intentione
3480 2521 3612 2578 ege-

1956 2596 2032 2651 rit
2055 2597 2147 2670 (a),
2173 2595 2261 2652 vel
2292 2597 2444 2669 quod
2479 2596 2527 2650 si
2559 2595 2954 2668 interrogetur
2983 2612 3017 2651 a
3047 2591 3236 2662 nobis,
3262 2595 3613 2666 respondere

1955 2686 2193 2758 penitus
2214 2702 2326 2741 non
2354 2685 2800 2758 ignoramus,ut
2829 2683 2982 2739 sicut
3011 2682 3071 2738 in
3103 2681 3254 2751 aliis,
3289 2686 3347 2738 et
3376 2683 3612 2740 incerta

1956 2776 2037 2831 rei
2051 2775 2296 2830 dubium
2312 2792 2499 2847 usque
2514 2775 2772 2846 [forte,ob
2786 2774 3022 2829 incerta;
3039 2772 3121 2829 rei
3139 2771 3385 2827 dubium
3400 2789 3609 2845 usque,

1953 2865 2159 2937 HARD.]
2173 2866 2243 2920 ad
2261 2864 2567 2936 utriusque
2586 2864 2769 2936 partis
2786 2862 3277 2919 examinationem
3295 2861 3493 2931 procul
3507 2862 3611 2917 du-

1953 2955 2049 3011 bio
2081 2959 2387 3011 remeetur.
2414 2955 2695 3010 Praeterea
2739 2952 3162 3009 fraternitatem
3192 2956 3446 3007 vestram
3492 2969 3609 3007 non

1952 3045 2248 3100 credimus
2277 3044 2565 3117 ignorare,
2600 3047 2736 3098 ante
2777 3043 2848 3098 ad
2890 3042 3128 3097 fratrem
3158 3045 3424 3097 nostrum
3456 3040 3609 3096 Rhe-

1953 3149 2184 3188 morum
2216 3133 2555 3205 episcopum
2586 3131 2946 3204 apostolatus
2987 3130 3171 3186 nostri
3209 3146 3316 3185 nos
3356 3129 3610 3185 misisse

1953 3222 2167 3294 apices,
2182 3226 2246 3278 ut
2267 3227 2369 3278 aut
2390 3221 2728 3293 saepefatum
2755 3219 3088 3276 Rothadum
3109 3216 3500 3274 venerabilem
3522 3218 3610 3274 in-

188 3308 387 3376 fuerit,
414 3312 471 3364 et
493 3282 907 3379 judicaverint-
930 3282 1281 3383 congregati.
1303 3311 1560 3384 episcopi
1592 3313 1841 3383 regionis
1870 3282 1915 3353 α
1954 3282 2043 3367 fra
2060 3282 2302 3383 triginta
2324 3310 2450 3366 dies
2472 3282 2604 3383 post
2625 3309 2952 3364 litterarum
2976 3312 3310 3364 nostrarum
3334 3305 3445 3361 sibi
3470 3306 3607 3361 mis-

189 3396 465 3469 ipsius,et
486 3398 555 3453 de
570 3399 756 3471 gradu
775 3416 882 3454 suo
905 3416 1038 3454 eum
1061 3400 1451 3469 dejecerint,si
1471 3401 1846 3473 appellaverit

189 3486 293 3557 qui
327 3486 587 3557 dejectus
616 3491 795 3553 est,et
815 3488 1142 3561 confugerit
1172 3490 1243 3544 ad
1274 3488 1612 3562 episcopum
1638 3493 1844 3547 Roma-

193 3592 284 3630 nae
308 3575 596 3641 Ecclesiae,
612 3580 667 3632 et
686 3577 935 3632 voluerit
958 3595 1018 3632 se
1041 3579 1314 3647 audiri,si
1339 3580 1571 3649 justum
1596 3585 1843 3653 putave-

183 3665 284 3730 rit,
312 3667 378 3719 ut
410 3670 718 3721 renovetur
748 3683 1011 3734 examen,
1041 3666 1292 3723 scribere
1337 3668 1428 3723 his
1459 3668 1722 3726 ecclesiis
1753 3671 1839 3726 di-

183 3757 417 3827 gnetur,
448 3770 575 3825 quae
604 3755 663 3809 in
698 3754 947 3809 finitima
976 3760 1033 3811 et
1063 3755 1325 3828 proxima
1356 3757 1651 3829 provincia
1680 3764 1837 3829 sunt,

180 3850 251 3898 ut.
281 3841 395 3915 ipsi
427 3842 738 3916 diligenter
767 3844 1005 3899 omnino
1038 3844 1358 3916 requirant,
1384 3850 1439 3901 et
1462 3848 1635 3917 juxta
1662 3849 1837 3904 fidem

180 3930 487 3987 charitatis
518 3932 832 3988 difﬁniant.
858 3933 1020 3997 Quod
1052 3933 1102 3988 si
1134 3934 1185 3989 is
1233 3935 1333 4005 qui
1384 3940 1551 4008 rogat
1597 3953 1837 3993 causam

180 4037 352 4077 suam
380 4020 594 4077 iterum
629 4022 841 4090 audiri,
864 4022 1270 4094 deprecatione
1302 4041 1411 4079 sua
1441 4026 1687 4081 moverit
1716 4028 1835 4098 epi-

175 4126 425 4182 scopum
453 4110 874 4178 Romanum,ut
894 4127 924 4166 e
944 4110 1124 4167 latere
1145 4128 1252 4167 suo
1275 4114 1680 4186 presbyterum
1708 4115 1837 4170 mit-

174 4202 283 4267 tat,
308 4198 418 4253 erit
455 4198 515 4254 in
562 4204 846 4271 potestate
891 4193 1168 4273 episcopi,
1203 4201 1345 4274 quid
1392 4201 1551 4271 velit,
1603 4206 1660 4259 et
1690 4206 1832 4277 quid

174 4286 443 4344 aestimet.
467 4290 537 4344 Et
567 4288 617 4345 si
647 4288 967 4344 decreverit
1010 4290 1330 4347 mittendos
1380 4308 1529 4356 esse,
1553 4292 1652 4364 qui
1684 4310 1834 4365 prae-

174 4381 372 4433 sentes
393 4394 529 4433 cum
548 4377 841 4450 episcopis
867 4377 1157 4450 judicent,
1178 4379 1460 4436 habentes
1483 4383 1611 4453 ejus
1640 4386 1834 4439 aucto-

173 4466 409 4522 ritatem
433 4484 468 4522 a
487 4483 602 4539 quo
635 4466 910 4523 destinati
939 4468 1225 4535 sunt,erit
1254 4468 1313 4523 in
1346 4486 1453 4525 suo
1484 4470 1745 4527 arbitrio.
1772 4471 1831 4528 Si

171 4572 308 4611 vero
332 4556 642 4631 crediderit
661 4556 963 4629 episcopos
988 4558 1273 4626 sufficere,
1290 4561 1355 4613 ut
1375 4559 1605 4631 negotio
1636 4560 1832 4615 termi-

1953 3418 2080 3457 sam
2104 3400 2410 3471 epistolam
2432 3399 2678 3472 pristino
2708 3396 2918 3471 gradui
2953 3395 3302 3467 restitueret,
3326 3399 3428 3450 aut
3467 3412 3602 3450 eum

1952 3506 2087 3544 cum
2118 3490 2324 3544 idoneo
2357 3507 2463 3545 suo
2494 3489 2706 3561 legato,
2735 3487 2784 3542 si
2816 3487 2943 3558 ipse
2970 3485 3168 3541 venire
3219 3501 3333 3540 non
3383 3487 3599 3555 posset,

1952 3596 2069 3634 una
2085 3595 2218 3633 cum
2238 3578 2673 3634 accusatoribus
2688 3576 2948 3648 ejusdem
2962 3574 3147 3643 viri,si
3165 3578 3361 3629 tamen
3380 3576 3603 3641 essent,

1952 3672 2128 3739 atque
2160 3685 2295 3723 cum
2353 3667 2713 3741 presbytero,
2737 3665 2838 3737 qui
2878 3681 3056 3720 causa
3102 3661 3444 3735 dejectionis
3473 3662 3603 3734 ejus

1950 3757 2078 3824 fuit,
2100 3757 2374 3813 misisset.
2396 3757 2558 3823 Quod
2582 3756 2629 3812 si
2658 3759 2932 3811 neutrum
2955 3770 3125 3826 agere
3144 3751 3442 3819 voluisset,
3472 3754 3605 3823 post

1948 3846 2189 3919 triginta
2210 3847 2334 3903 dies
2364 3846 2650 3919 praeﬁxos,
2671 3860 2775 3899 nec
2805 3844 2951 3916 ipse,
2970 3859 3075 3899 nec
3101 3841 3348 3915 quilibet
3376 3839 3603 3913 episco-

1948 3952 2179 4008 porum,
2200 3935 2300 4008 qui
2330 3935 2391 3990 in
2422 3934 2782 4007 depositione
2812 3931 3037 4006 praefati
3066 3930 3321 4003 episcopi
3355 3946 3600 3986 consen-

1946 4029 2163 4087 serant,
2183 4024 2479 4080 licentiam
2503 4023 2820 4079 missarum
2843 4019 3130 4078 solemnia
3151 4018 3480 4076 celebrandi
3505 4036 3602 4091 pe-

1945 4113 2104 4168 nitus
2135 4113 2501 4180 habuissent,
2522 4128 2832 4185 quousque
2865 4127 2995 4183 qua:
3024 4108 3341 4166 salubriter
3368 4108 3600 4163 decreta

1943 4203 2112 4258 nobis
2135 4207 2351 4267 essent,
2366 4202 2705 4257 obedienter
2724 4218 2788 4256 ac
2809 4199 3057 4272 pleniter
3078 4198 3150 4253 ad
3171 4198 3441 4253 effectum
3469 4213 3601 4252 con-

1943 4290 2358 4347 summationis
2379 4291 2783 4362 perducerent.
2805 4288 2916 4344 Sed
2937 4287 3009 4343 ad
3027 4287 3245 4358 scripta
3261 4288 3453 4341 vestra
3474 4289 3600 4340 ten-

1942 4380 2313 4450 dentes,quas
2342 4394 2499 4433 nunc
2540 4394 2642 4449 per
2673 4377 2913 4432 fratrem
2946 4378 3002 4430 et
3047 4374 3458 4447 coepiscopum
3492 4390 3596 4429 no-

1941 4472 2130 4523 strum
2163 4468 2422 4523 Odonem
2465 4467 2536 4521 ad
2570 4466 2768 4522 sedem
2810 4462 3194 4536 apostolicam
3233 4461 3591 4531 destinastis,

1940 4557 2272 4613 invenimus
2294 4557 2417 4627 jam
2448 4555 2669 4611 dictum
2692 4553 3133 4610 sanctissimum
3153 4551 3345 4607 virum
3368 4551 3595 4623 judicio

171 4662 318 4700 num
350 4643 678 4718 imponant,
701 4644 875 4701 faciet
912 4648 1069 4718 quod
1115 4646 1555 4719 sapientissimo
1586 4648 1831 4711 consilio
1861 4651 1907 4718 D
1939 4664 2005 4703 ac
2036 4664 2325 4702 consensu
2367 4649 2581 4711 vestro,
2611 4648 2668 4700 et
2706 4644 3048 4716 episcopatu
3097 4641 3412 4714 privatum,
3446 4646 3505 4697 et
3534 4641 3593 4697 in

159 4734 535 4807 judicaverit.
564 4734 676 4790 Sed
716 4734 869 4789 sicut
914 4734 974 4789 in
1023 4735 1469 4807 suggestionum
1499 4742 1825 4795 vestrarum

167 4823 503 4880 invenimus
534 4822 787 4896 scriptis,
814 4840 930 4878 non
955 4822 1232 4879 habuisse
1264 4824 1598 4882 Rothadum
1629 4828 1824 4900 appel-

165 4911 406 4967 lationis
436 4929 633 4968 vocem
692 4912 986 4968 affirmare
1043 4912 1357 4981 conamini,
1393 4930 1458 4969 eo
1490 4916 1645 4987 quod
1707 4934 1822 4973 non

166 5000 443 5057 habuerit
482 5001 696 5057 bonam
727 5019 966 5059 causam
1000 5018 1012 5056 :
1046 5018 1181 5057 cum
1222 5006 1450 5058 constet
1478 5005 1822 5077 saepefatum

169 5090 505 5147 Rothadum
538 5091 928 5164 usquehodie
966 5092 1181 5147 bonam
1225 5107 1288 5147 se
1336 5092 1550 5148 habere
1580 5110 1820 5151 causam

167 5182 394 5251 putare,
418 5184 475 5235 et
500 5182 897 5237 venerandum
934 5180 1271 5247 concilium,
1304 5198 1420 5236 non
1464 5181 1655 5237 solum
1686 5200 1820 5240 eum

167 5267 270 5339 qui
304 5285 543 5325 causam
573 5270 770 5339 habet,
800 5271 902 5326 sed
934 5274 991 5325 et
1022 5269 1190 5325 illum
1222 5269 1319 5342 pui
1356 5287 1417 5325 se
1448 5270 1660 5326 bonam
1691 5289 1823 5328 cau-

167 5373 295 5413 sam
318 5357 533 5415 habere
549 5358 755 5415 saltem
778 5359 1086 5432 putaverit,
1103 5360 1301 5416 sedem
1318 5360 1699 5433 apostolicam
1723 5379 1819 5435 ap-

165 5446 384 5519 pellare
406 5449 755 5521 permiserit,
770 5454 827 5505 et
848 5449 1026 5520 hujus
1047 5452 1120 5506 ab
1143 5468 1212 5506 ea
1241 5452 1637 5507 renovandum
1655 5452 1815 5524 judi-

164 5536 323 5593 cium
354 5537 688 5594 decreverit.
707 5539 957 5594 Maxime
988 5556 1121 5596 cum
1145 5541 1317 5612 juxta
1337 5541 1813 5599 constitutionem

162 5632 381 5683 sancta:
399 5627 580 5699 hujus
596 5627 1003 5700 synodi,etiam
1013 5629 1061 5684 si
1084 5646 1389 5701 nunquam
1412 5629 1809 5704 reclamasset,

234 5719 312 5784 (α)
345 5717 532 5773 Locus
563 5718 867 5775 obscurus.

1937 4735 2289 4792 monasterio
2322 4735 2605 4790 hactenus
2636 4750 2764 4789 esse
2810 4736 3107 4788 retrusum
3136 4748 3149 4786 :
3176 4731 3417 4803 insuper
3445 4733 3503 4786 et
3532 4730 3593 4786 in

1934 4825 2213 4881 cathedra
2234 4824 2421 4898 ipsius
2440 4823 2685 4880 alterum
2704 4822 3046 4895 episcopum
3060 4819 3588 4885 ordinatum.Quod

1935 4930 2113 4987 quam
2131 4914 2208 4970 sit
2225 4912 2971 4985 exsecrandum,quamque
2994 4928 3027 4966 a
3048 4908 3219 4966 nobis
3241 4907 3405 4964 nulla
3426 4907 3590 4979 peni-

1932 5008 2029 5060 tus
2051 5003 2333 5076 patientia
2354 5002 2717 5059 tolerandum
2733 5044 2746 5065 ,
2764 5000 2878 5056 dici
2902 5017 3016 5055 non
3049 4996 3340 5070 praevalet,
3357 4996 3589 5051 etiamsi

1933 5092 2127 5149 cuncti
2149 5092 2409 5164 corporis
2426 5096 2588 5146 artus
2604 5093 2905 5145 vertantur
2922 5089 2979 5143 in
2996 5086 3249 5160 linguas.
3264 5085 3427 5141 Certe
3444 5084 3586 5141 dum

1932 5182 2362 5256 suggestioncs,
2378 5179 2709 5244 relationes,
2730 5175 3442 5249 preces,consultavestrm
3458 5190 3588 5228 san-

1930 5272 2150 5329 ctitatis
2172 5270 2406 5343 scriptis
2429 5274 2603 5342 atque
2623 5266 2814 5323 verbis
2835 5264 3053 5321 nostris
3070 5263 3319 5319 fuissent
3339 5262 3585 5319 auribus

1927 5363 2239 5428 inculcata,
2255 5378 2389 5416 mox
2410 5363 2602 5415 mente
2622 5356 3021 5428 concepimus,
3038 5360 3095 5411 et
3116 5372 3261 5427 pene
3283 5358 3493 5409 cuncta
3518 5357 3586 5408 ut

1927 5468 2322 5510 annueremus
2362 5453 2536 5521 atque
2573 5446 3016 5521 indulgeremus
3048 5444 3473 5516 disposuimus.
3506 5444 3583 5497 At

1925 5543 2025 5598 ubi
2044 5540 2320 5613 injuriam
2345 5537 2529 5594 sancti
2550 5535 2883 5604 Petri,sedis
2901 5533 3233 5607 apostolicae
3254 5530 3583 5605 privilegio-

1922 5649 2057 5689 rum
2073 5628 2538 5695 immunitiones,
2555 5642 2856 5683 sacrorum
2879 5640 3170 5682 canonum
3193 5620 3581 5679 conculcatio-
