4126 6450
522 390 650 464 ‘83!

1918 399 2236 466 NICOLAI
2279 396 2513 464 PAPE
2552 397 2604 463 Ῑ.

534 551 670 593 nem
700 535 1136 610 perspeximus;
1177 536 1323 596 nihil
1356 537 1655 613 potuimus
1682 537 1846 596 vobis
1878 537 2189 612 propinare
2222 520 2268 605 Α
2303 540 2360 593 et
2374 535 2501 593 sine
2517 534 2860 609 poenitentia
2876 531 3485 593 condemnatur.Nam
3499 535 3730 593 fructus
3743 534 3997 594 divinus

536 625 1001 700 dulcedinis,qui
1022 628 1127 685 toti
1146 629 1430 685 nimirum
1456 629 1662 702 repleti
1687 646 1896 686 sumus
1920 628 2198 683 amaritu-

536 714 1004 790 dine.Siquidem
1028 736 1057 774 e
1078 720 1368 774 contrario
1391 737 1493 792 pro
1520 719 1663 775 tanti
1686 722 2057 791 contemptus
2078 735 2199 773 mo-

533 804 587 861 le
607 804 787 880 digna
805 824 906 864 vos
929 808 1430 865 animadversione
1448 810 1732 866 canonica
1757 809 2061 865 severitate
2086 824 2200 863 me-

535 895 647 952 rito
671 898 1036 969 puniremus,
1063 898 1174 953 nisi
1198 899 1519 971 apostolica
1542 900 1866 955 moderatio
1890 897 2197 971 paululum

535 1000 645 1041 nos
664 987 731 1041 ad
756 987 1324 1060 magnanimitatem,
1340 994 1397 1044 et
1417 993 1610 1045 vestra
1630 988 1861 1044 dilectio
1890 1004 2199 1061 provocas-

535 1079 646 1130 set.
664 1076 822 1141 Quod
843 1083 1037 1132 autem
1065 1077 1322 1150 qualiter
1339 1078 1399 1133 in
1424 1095 1524 1133 vos
1543 1082 1941 1150 competenter
1956 1082 2011 1133 et
2036 1093 2202 1150 regu-

538 1162 737 1219 lariter
758 1180 1182 1233 exerceremus,
1206 1166 1318 1239 ipsi
1351 1185 1455 1224 nos
1488 1167 1699 1224 litteris
1721 1167 1930 1223 vestris
1953 1167 2197 1233 aifatim,

536 1257 589 1308 et
640 1254 1121 1311 manifestissime
1174 1257 1482 1323 docuistis,
1517 1274 1667 1330 quae,
1694 1258 1743 1313 si
1793 1257 2200 1329 opportunitas

536 1340 930 1416 fuerit,colligi
953 1351 1009 1400 et
1025 1346 1253 1401 ostendi
1273 1346 1503 1403 facilius
1523 1345 1948 1421 possunt.Sane
1963 1345 2200 1401 interim

536 1431 858 1505 apostolica
885 1438 1062 1507 atque
1102 1437 1384 1492 canonica
1442 1435 1789 1492 auctoritate
1827 1435 1992 1491 vobis
2050 1436 2203 1490 dun-

535 1523 697 1577 taxat
725 1522 1157 1597 episcopis,qui
1190 1525 1249 1580 in
1284 1527 1648 1598 depositione
1680 1531 1738 1581 et
1765 1525 1968 1582 exsilio
2000 1541 2203 1597 supra-

539 1609 679 1666 dicti
711 1611 966 1668 Rothadi
996 1614 1084 1670 vel
1108 1615 1406 1685 judicium
1436 1615 1812 1680 dedistis,vel
1846 1630 2202 1671 consensum

540 1700 898 1773 praebuistis,
922 1704 1298 1777 praecipimus
1320 1709 1385 1760 ut
1409 1721 1543 1761 eum
1566 1722 1700 1761 mox
1729 1705 1801 1760 ab
1823 1703 2026 1760 exsilio
2049 1720 2206 1759 revo-

544 1789 707 1844 cetis.
728 1790 797 1846 Et
818 1793 960 1863 quia
984 1794 1311 1849 secundum
1342 1794 1632 1851 indultam
1657 1794 1767 1850 sibi
1791 1812 1825 1849 a
1848 1794 2085 1867 scriptis
2108 1810 2202 1849 re-

2299 625 2535 699 justitia
2565 642 2767 682 recens
2820 625 2950 693 erit,
2981 626 3190 681 fratres
3240 625 3599 693 charissimi,
3652 627 3997 700 praesertim

2308 732 2442 772 cum
2469 714 2616 771 nihil
2641 716 2812 771 nobis
2831 714 3088 788 amplius
3105 715 3182 771 sit
3199 732 3333 771 cum
3354 715 3617 772 Rothado
3642 733 3822 789 quam
3845 735 3993 773 cum

2308 805 2585 862 omnibus
2605 804 2975 861 Christianis.
2992 804 3211 861 Verum
3234 804 3539 879 privilegia
3569 806 3727 862 sedis
3761 811 3995 862 nostra:

2308 911 2497 967 usque
2528 895 2601 950 ad
2634 900 2904 962 mortem,
2940 894 3137 950 divina
3170 899 3466 951 annuente
3497 895 3705 967 gratia,
3730 896 3998 970 vestigia

2308 988 2542 1058 patrum
2577 988 2915 1039 nostrorum
2963 990 3280 1056 sequentes
3332 984 3740 1041 defendemus.
3775 987 3897 1042 Sed
3936 991 3997 1042 et

2307 1091 2411 1129 vos
2444 1072 2545 1129 illa
2588 1077 2881 1145 quatenus
2926 1073 3171 1139 illibata,
3206 1079 3411 1147 utpote
3467 1074 3649 1131 totius
3707 1074 3995 1131 Ecclesia

2309 1163 2544 1220 Domini
2595 1163 2873 1229 remedia,
2911 1163 3338 1232 custodiantur,
3384 1167 3507 1220 toto
3559 1165 3893 1233 conamine,
3933 1171 3998 1222 et

2310 1253 2588 1309 omnibus
2608 1252 2758 1307 votis
2782 1252 3011 1326 operari
3034 1270 3100 1309 ac
3127 1254 3372 1310 suadere
3395 1254 3994 1322 debeatis.Quoniam

2310 1340 2614 1415 privilegia
2644 1342 2800 1398 sedis
2836 1341 3169 1415 apostolicae
3201 1343 3463 1415 tegmina
3493 1348 3652 1411 sunt,
3681 1348 3748 1399 ut
3776 1343 3864 1400 ita
3894 1343 3994 1401 di-

2311 1448 2536 1500 camus,
2588 1431 2772 1487 totius
2827 1431 3100 1488 Ecclesias
3164 1432 3483 1499 catholicae,
3533 1433 3861 1507 privilegia,
3893 1432 3995 1489 in-

2311 1537 2512 1593 quam,
2535 1519 2717 1593 hujus
2746 1519 3018 1577 Ecclesiae
3052 1521 3385 1577 munimina
3414 1525 3556 1577 sunt
3585 1521 3741 1578 circa
3769 1539 3991 1579 omnes

2312 1610 2568 1682 impetus
2591 1609 2968 1683 pravitatum.
2992 1609 3139 1666 Nam
3164 1611 3318 1684 quod
3352 1611 3618 1667 Rothado
3643 1610 3817 1667 hodie
3847 1629 3991 1669 con-

2309 1699 2638 1772 tigit,unde
2670 1699 2833 1756 scitis
2864 1700 3018 1772 quod
3044 1716 3175 1756 cras
3206 1699 3449 1757 cuilibet
3478 1717 3593 1757 non
3625 1701 3857 1757 eveniat
3884 1719 3988 1758 ve-

2313 1790 2541 1845 strum?
2562 1788 2658 1845 Sic
2679 1789 2997 1863 Apostolus
3027 1791 3308 1846 admonet
3337 1790 3539 1846 dicens
3564 1808 3577 1846 :
3604 1790 3712 1860 Qui
3735 1799 3899 1863 putat
3928 1806 3989 1847 se

545 1877 699 1951 gulis
730 1877 1047 1948 licentiam,
1082 1882 1367 1939 hactenus
1398 1883 1692 1957 appellare
1712 1884 1910 1940 sedem
1932 1882 2206 1955 apostoli-
2228 1908 2282 1982 Β
2310 1887 2475 1945 stare,
2508 1879 2690 1979 videat
2722 1895 2793 1936 ne
2833 1879 2992 1935 cadat
3020 1882 3069 1982 ςι
3102 1880 3222 1981 Cor.
3253 1880 3333 1952 x).
3366 1879 3530 1944 Quod
3562 1880 3609 1936 si
3641 1879 3986 1982 contigetjt,

547 1980 675 2023 cam
690 1968 923 2038 dicitur,
940 1970 1184 2027 Romam
1204 1973 1369 2028 illum
1390 1974 1460 2029 ad
1479 1990 1650 2030 suam
1666 1989 1905 2029 causam
1924 1973 1983 2028 in
2003 1976 2205 2029 nostra

546 2057 866 2129 apostolica
884 2062 1196 2132 praesentia
1211 2062 1603 2135 peragendam
1617 2079 1683 2118 ac
1696 2061 2203 2119 determinandam

544 2145 860 2216 destinare,
884 2149 1001 2205 imo
1024 2149 1274 2224 dirigere
1294 2150 1455 2223 nullo
1488 2152 1662 2207 modo
1686 2151 2076 2224 postponatis.
2101 2150 2203 2207 Di-

543 2249 727 2309 gnum
761 2237 977 2310 quippe
1006 2244 1096 2295 est
1126 2244 1210 2309 ut,
1234 2240 1333 2313 qui
1365 2244 1556 2298 vestro
1597 2239 1863 2297 omnium
1886 2239 2112 2312 judicio
2141 2239 2203 2296 in

543 2323 813 2381 exsilium
849 2327 1166 2400 deputatus
1197 2334 1305 2398 est,
1333 2335 1522 2386 vestro
1556 2329 1632 2386 sit
1658 2345 1689 2386 e
1720 2330 2012 2385 contrario
2042 2345 2203 2385 com-

546 2413 713 2469 muni
735 2415 930 2472 studio
951 2417 1103 2473 beati
1128 2418 1279 2475 Petri
1309 2420 1625 2487 memoriae,
1642 2424 1699 2475 et
1720 2419 1843 2475 sedi
1868 2420 1997 2491 ejus
2026 2418 2206 2475 hono-

546 2502 706 2559 rifice
764 2510 1172 2577 prasentatus.
1196 2509 1278 2563 Ex
1322 2508 1486 2565 vobis
1518 2525 1653 2565 vero
1713 2509 2108 2581 praecipimus,
2141 2512 2206 2564 ut

547 2591 685 2662 duo,
717 2594 806 2649 vel
835 2598 973 2663 tres,
1007 2600 1109 2652 aut
1149 2600 1303 2653 certe
1337 2598 1386 2653 si
1430 2598 1571 2654 libet
1627 2597 1826 2670 plures
1873 2597 2202 2667 mittantur,

550 2682 651 2755 qui
674 2682 755 2738 ita
775 2684 1004 2741 cunctis
1022 2690 1282 2742 vestrum
1304 2686 1569 2743 omnium
1601 2687 1973 2759 praesentiam
2001 2687 2205 2760 praefe-

544 2775 700 2839 rant,
719 2777 783 2827 ut
803 2774 1092 2849 quidquid
1110 2776 1403 2850 agendum
1422 2781 1531 2845 est,
1546 2776 1633 2833 vel
1651 2777 2066 2850 experiendum
2088 2776 2207 2832 fue-

550 2860 648 2933 rit,
675 2862 948 2921 refricata
977 2879 1103 2938 quae
1154 2870 1282 2922 acta
1312 2870 1452 2922 sunt
1508 2870 1700 2923 vestra
1756 2866 2023 2923 omnium
2079 2865 2206 2923 vice

548 2967 793 3024 prorsus
824 2953 1213 3012 sciscitentur.
1230 2956 1392 3022 Quod
1415 2957 1464 3012 si
1482 2972 1584 3012 vos
1605 2972 1908 3012 occurrere
1938 2956 2207 3028 nequive-

550 3039 702 3111 ritis,
724 3040 974 3099 vicarios
992 3048 1215 3101 vestros
1238 3045 1454 3101 mittite
1479 3062 1491 3101 :
1517 3050 1574 3101 et
1603 3045 1686 3101 ita
1705 3062 1822 3100 una
1842 3061 1979 3100 cum
2003 3045 2205 3117 praefa-

552 3127 667 3185 fato
689 3129 964 3205 religioso
994 3132 1170 3190 fratre
1198 3138 1390 3190 vestro
1415 3133 1680 3191 Rothado
1709 3133 1929 3206 pariter
1946 3133 2202 3206 veniant,

548 3218 607 3273 in
641 3221 938 3293 omnibus,
954 3222 1106 3279 sicut
1136 3224 1406 3297 superius
1427 3224 1703 3292 diximus,
1720 3223 1791 3279 ad
1813 3227 2023 3279 cuncta
2042 3240 2203 3279 exse-

549 3310 803 3381 quenda,
828 3310 915 3367 vel
947 3316 1101 3368 certe
1142 3314 1490 3385 experienda
1521 3331 1648 3387 quae
1681 3313 1961 3370 ventilata
2007 3330 2204 3369 coram

549 3398 719 3455 nobis
740 3400 1280 3472 exstiterint,vicem
1298 3407 1553 3459 vestram
1576 3407 1632 3460 et
1654 3419 1966 3475 personam
1989 3401 2207 3458 haben-

545 3487 831 3553 tes.Quod
854 3489 903 3546 si
927 3493 1250 3564 postposito
1282 3498 1480 3550 nostro
1501 3492 1917 3565 judicio,quod
1950 3492 2206 3549 auctori-

544 3580 666 3633 tate
696 3578 1017 3650 apostolica
1054 3581 1560 3655 promulgavimus
1599 3586 1775 3654 atque
1815 3581 2203 3653 decrevimus,

548 3682 851 3723 occurrere
863 3670 1260 3737 contemnitis,
1276 3670 1375 3726 Dei
1389 3671 1813 3744 omnipotentis
1826 3674 1883 3726 et
1899 3671 2204 3727 beatorum

548 3753 701 3811 Petri
732 3760 787 3811 et
819 3756 980 3813 Pauli
1002 3757 1400 3829 apostolorum
1423 3760 2045 3832 principum,quorum
2078 3759 2205 3833 glo-

547 3843 703 3900 rioso
724 3861 907 3919 agone
929 3852 1133 3903 sancta
1160 3847 1283 3904 haec
1308 3846 1572 3905 Romana
1594 3848 1871 3916 Ecclesia,
1890 3849 1984 3905 cui
2008 3849 2206 3905 divina

547 3931 929 4006 dispositione
958 3953 1308 4010 praesumus,
1330 3944 1419 3995 est
1447 3938 1695 3995 Domino
1728 3943 2087 4006 consecrata,
2110 3943 2204 3994 at-

548 4039 662 4097 que
683 4029 1018 4082 sanctorum
1043 4042 1357 4095 canonum,
1374 4045 1627 4101 quorum
1648 4045 1750 4085 vos
1771 4032 2215 4101 contemptores.

546 4114 782 4186 scriptis
802 4115 1054 4189 propriis
1075 4117 1405 4185 ostenditis,
1429 4134 1655 4175 necnon
1677 4121 1733 4173 et
1754 4122 1966 4174 nostra;
1990 4118 2205 4173 medio-

545 4203 769 4259 critatis
783 4205 1129 4265 auctoritate
1142 4208 1505 4265 amissarum
1519 4207 1822 4265 solemniis
1836 4206 2201 4263 celebrandis

543 4296 727 4348 estote
748 4310 1332 4370 prorsus,quousque
1354 4298 1572 4354 nostris
1593 4296 2048 4353 diffinitionibus
2069 4296 2201 4353 obeo

543 4379 737 4449 diatis,
771 4387 1027 4441 extorres
1061 4403 1074 4442 :
1108 4386 1192 4443 ita
1221 4404 1382 4455 sane,
1412 4392 1478 4443 ut
1509 4387 1559 4443 si
1607 4391 1742 4459 post
1769 4385 1987 4441 lcctum
2021 4385 2201 4458 huius

545 4471 771 4544 paginae
792 4476 1074 4544 tenorem,
1093 4475 1249 4532 infra
1269 4477 1514 4550 triginta
1534 4476 1761 4532 dierum
1784 4475 2199 4548 spatiumque:

545 4559 616 4615 de
648 4560 911 4619 Rothado
940 4564 1063 4621 viro
1090 4565 1408 4621 venerabili
1448 4566 1755 4623 sanximus
1799 4566 2026 4638 agenda
2056 4565 2198 4632 fore,

2232 3279 2279 3358 ti

2314 1973 2380 2025 ut
2398 1969 2590 2025 verbis
2612 1973 2852 2025 utamur
2874 1969 3250 2042 propheticis,
3269 1970 3341 2026 ad
3368 1970 3557 2041 cujus,
3582 1985 3743 2043 rogo,
3766 1968 3987 2026 confu-

2313 2058 2484 2132 gietis
2514 2057 2842 2115 auxilium?
2874 2059 3004 2115 Haec
3035 2059 3277 2132 quidem
3310 2060 3381 2115 de
3416 2058 3682 2115 Rothado
3713 2059 3860 2116 satis
3891 2060 3986 2115 di-

2310 2147 2466 2203 xisse
2496 2146 2771 2203 sufﬁciat.
2796 2146 3081 2204 Caeterum
3106 2149 3176 2204 de
3207 2147 3514 2215 Balduino,
3538 2149 3611 2204 de
3640 2164 3756 2221 quo
3789 2147 3987 2204 multa

2307 2238 2433 2311 jam
2466 2237 2777 2310 scripsitis,
2801 2237 2950 2293 sciat
2996 2236 3301 2295 beatitudo
3325 2241 3541 2305 vestra,
3565 2255 3681 2295 non
3730 2255 3840 2295 nos
3888 2255 3984 2295 re-

2313 2326 2482 2401 gulas
2514 2330 2691 2399 atque
2739 2330 2944 2382 sancta
2974 2328 3207 2383 decreta
3233 2327 3379 2384 velle
3419 2343 3792 2400 corrumpere
3826 2344 3841 2383 :
3875 2328 3983 2385 sed

2314 2416 2456 2489 quia
2485 2417 2557 2471 ad
2589 2414 2800 2472 limina
2829 2416 3230 2489 apostolorum
3261 2416 3500 2473 veniens
3527 2433 3561 2473 a
3589 2415 3760 2474 nobis
3790 2434 3854 2474 se
3886 2434 3987 2490 pe-

2313 2504 2408 2561 tiit
2429 2505 2673 2576 ajuvari,
2694 2521 3033 2578 quanquam
3057 2522 3389 2574 nossemus,
3407 2507 3561 2578 quod
3588 2505 3747 2562 ﬁlius
3778 2513 3987 2564 noster

2314 2594 2555 2651 Carolus
2578 2593 2873 2669 gloriosus
2894 2611 2993 2651 rex
3019 2594 3286 2670 Iegaliter
3315 2600 3514 2669 posset
3533 2595 3607 2663 ei,
3627 2596 3677 2651 si
3696 2594 3892 2664 vellet,
3922 2601 3985 2653 et

2313 2683 2497 2740 filiam
2528 2701 2699 2741 suam
2740 2685 2800 2740 in
2842 2701 3079 2742 uxorem
3124 2686 3440 2753 dimittere,
3464 2690 3521 2742 et
3559 2684 3982 2743 misericordia

2314 2789 2433 2829 suae
2465 2773 2716 2846 gratiam
2747 2773 3039 2847 impartiri
3063 2793 3076 2831 :
3098 2779 3299 2831 tamen
3331 2791 3447 2831 non
3471 2776 3645 2848 jussa
3675 2773 3979 2847 misimus,

2315 2864 2414 2920 sed
2437 2879 2637 2936 preces
2662 2863 3009 2920 obtulimus.
3033 2865 3195 2931 Quod
3226 2868 3423 2921 textus
3453 2862 3837 2937 epistolarum
3870 2881 3981 2920 no-

2315 2956 2757 3025 strarum,quas
2796 2953 2868 3009 ad
2902 2954 3029 3025 jam
3071 2954 3258 3009 fatum
3290 2952 3853 3010 excellentissimum
3885 2969 3979 3009 re-

2313 3045 2540 3116 gem,et
2564 3041 2746 3098 filiam
2780 3047 3042 3099 nostram
3073 3042 3359 3117 reginam,
3383 3044 3455 3100 ad
3487 3042 3546 3098 id
3586 3041 3978 3099 obtinendum

2314 3131 2655 3201 direximus,
2670 3132 2838 3189 vobis
2858 3130 3000 3189 satis
3024 3131 3235 3205 poterit
3258 3131 3535 3190 indicare.
3556 3132 3701 3189 Nam
3727 3148 3831 3205 pro
3853 3136 3981 3189 tam

2314 3226 2785 3294 praesumptuosa
2813 3222 3144 3279 temeritate
3174 3221 3364 3295 ipsius
3399 3223 3527 3291 viri,
3552 3222 3807 3278 maxime
3838 3238 3980 3278 cum

2318 3310 2760 3368 consideremus
2781 3310 3151 3368 dilectissimi
3175 3310 3279 3367 filii
3297 3312 3481 3369 nostri
3494 3310 3680 3368 Caroli
3700 3310 3981 3368 sublimis

2316 3399 2471 3473 regis
2520 3401 2944 3457 contrinionem
2992 3401 3207 3469 cordis,
3240 3406 3297 3457 et
3344 3402 3595 3474 pectoris
3644 3400 3979 3457 naturalem

2316 3490 2685 3559 ati‘ectum,et
2714 3507 2821 3547 nos
2868 3490 3038 3548 valde
3089 3489 3408 3561 doluimus,
3428 3495 3485 3546 et
3512 3491 3563 3547 ei
3592 3494 3715 3547 tota
3761 3491 3982 3547 mentis

2315 3578 2618 3636 affectione
2639 3597 2827 3653 usque
2857 3574 3036 3636 hodie
3061 3578 3472 3653 compatimur.
3490 3580 3601 3637 Sed
3630 3584 3823 3636 vestra
3857 3578 3977 3635 fra-

2314 3668 2561 3724 ternitas
2593 3668 2923 3741 prevideat,
2951 3668 3106 3725 sicut
3137 3668 3219 3725 ait
3246 3668 3563 3742 Apostolus
3597 3685 3610 3724 :
3642 3668 3982 3725 Redimentes

2314 3765 2539 3829 tempus,
2573 3759 2835 3830 quoniam
2863 3756 2979 3813 dies
3023 3758 3165 3814 mali
3206 3767 3338 3815 sunt
3366 3759 3581 3832 (Ephee.
3610 3760 3709 3828 v):
3743 3760 3803 3813 et
3823 3758 3977 3830 jam,

2312 3846 2469 3903 sicut
2498 3846 2612 3919 ipsi
2666 3847 2726 3902 in
2769 3851 2964 3903 vestra
3020 3848 3237 3921 pagina
3294 3846 3615 3917 testamini,
3647 3845 3981 3919 periculosa

2309 3951 2578 4009 tempora
2605 3935 2847 3992 instant.
2882 3936 2963 3993 Ne
2996 3953 3134 4010 ergo
3165 3938 3339 4010 pejus
3360 3937 3559 3994 adbud
3581 3936 3807 4009 aliquid
3829 3937 3976 3993 oria-

2309 4029 2426 4093 tur,
2459 4024 2911 4083 intervenientes
2952 4027 3107 4099 apud
3157 4028 3433 4083 eumdem
3476 4025 3973 4101 gloriosissimum

2312 4130 2530 4187 regem,
2556 4115 2747 4172 filium
2779 4119 3050 4172 nostrum
3083 4116 3523 4186 charissimum,
3547 4132 3662 4189 quo
3693 4120 3752 4172 et
3782 4115 3972 4189 ipsius

2311 4205 2504 4260 cordis
2549 4222 2853 4261 maerorem
2912 4204 3167 4279 pellatis,
3200 4210 3258 4262 et
3287 4206 3477 4262 eidem
3538 4204 3820 4262 Balduino
3856 4223 3971 4262 non

2309 4306 2739 4368 usquequaque
2768 4294 3106 4351 inﬂexibilis
3131 4299 3489 4368 perseveret;
3522 4296 3810 4368 praecipue
3833 4312 3974 4367 quo-

2310 4384 2470 4439 niam
2502 4383 2899 4455 apostolorum
2931 4383 3149 4440 auxilia
3179 4385 3524 4459 deprecatus
3551 4387 3661 4449 est,
3688 4386 3745 4441 et
3774 4383 3974 4441 divina

2311 4472 2583 4545 praesidia
2599 4471 3085 4547 requisivit.Nulli
3103 4474 3319 4530 etenim
3338 4490 3543 4547 regum
3560 4490 3734 4548 grave
3749 4488 3878 4530 esse
3891 4473 3974 4529 vi-

2311 4562 2433 4619 deri
2455 4563 2628 4620 debet
2648 4578 2927 4620 conservo
2943 4579 3049 4619 suo
3067 4561 3333 4620 debitum
3346 4568 3579 4620 centum
3596 4562 3971 4619 denariorum

545 4648 790 4707 minime
846 4653 1194 4710 studueritis
1251 4655 1549 4727 perficere.
1600 4655 1862 4711 Scientes
1919 4654 2196 4726 profecto,
2230 4664 2278 4737 Π
2309 4650 3972 4727 dimittere,quifortassesuoasummoregum,etDomino

544 4739 823 4810 quoniam
855 4743 903 4798 si
935 4747 1069 4814 post
1096 4741 1220 4798 haec
1260 4741 1321 4798 in
1369 4747 1710 4799 sanctarum
1759 4743 2096 4816 regularum
2143 4748 2202 4799 et

544 4826 726 4900 (forte,
745 4836 1035 4900 nostrum,
1058 4830 1269 4906 Hann]
1292 4836 1630 4887 nostrarum
1652 4836 2051 4905 contemptum
2076 4833 2200 4889 fue-

543 4917 673 4974 ritis
702 4919 930 4977 diutius
958 4920 1303 4987 conversati,
1323 4920 1519 4994 ipsum
1544 4920 1782 4993 quidem
1805 4922 2138 4979 Rothadum
2168 4939 2202 4978 a

544 5005 735 5074 nobis,
756 5006 1086 5080 apostolicae
1111 5006 1269 5065 sedis
1292 5025 1472 5069 more.
1493 5024 1526 5063 a
1551 5008 1946 5067 damnationis
1966 5009 2200 5068 vinculo

544 5095 1053 5167 fore‘solvendum,
1069 5102 1246 5171 atque
1263 5104 1577 5155 convocato
1594 5100 2002 5173 episcoporum
2026 5105 2172 5156 coetu
2184 5144 2198 5168 ,

543 5183 766 5242 foveam
786 5202 963 5259 quam
999 5187 1050 5243 ei
1089 5188 1364 5259 parastis,
1379 5189 1542 5246 vobis
1559 5189 1762 5262 procul
1781 5189 1961 5245 dubio
1982 5206 2201 5262 praepa-

543 5273 810 5330 randam.
839 5274 957 5331 Vos
990 5282 1206 5346 autem,
1231 5278 1622 5346 dilectissimi,
1657 5278 1839 5335 nolite
1868 5283 2071 5335 nostra
2099 5280 2201 5336 de-

544 5369 703 5421 creta
730 5365 975 5422 moleste
1004 5366 1151 5425 ferre
1181 5384 1195 5424 :
1234 5367 1373 5442 quia
1404 5368 1558 5425 sicut
1586 5369 1795 5425 beatus
1828 5369 2201 5426 Innocentius

543 5455 959 5513 Macedonibus
981 5457 1206 5527 scribit,
1223 5475 1396 5534 grave
1426 5477 1542 5515 non
1576 5457 1833 5530 oportuit
1852 5458 2034 5515 videri
2058 5460 2201 5533 piis-

543 5544 710 5601 simis
735 5547 1029 5603 mentibus
1045 5549 1274 5617 vestris,
1290 5550 1700 5621 cujuscunque
1725 5550 2025 5605 retractari
2042 5551 2203 5623 judi-

542 5635 699 5691 cium
725 5652 737 5691 :
764 5635 900 5709 quia
916 5638 1129 5695 veritas
1151 5638 1442 5712 exagitata
1470 5637 1685 5709 saepius
1708 5637 1896 5711 magis
1920 5637 2197 5712 splende-

572 5725 651 5781 cit
669 5723 724 5781 in
747 5724 894 5796 luce,
911 5733 967 5784 et
983 5728 1270 5802 pernicies
1291 5731 1561 5785 revocata
1577 5727 1635 5783 in
1652 5727 1946 5798 judicium
1963 5730 2199 5802 gravius

2311 4742 2689 4799 dominorum
2737 4741 2940 4798 decem
2992 4741 3181 4798 millia
3211 4742 3568 4799 talentorum
3611 4741 3722 4798 sibi
3755 4740 3971 4797 dimitti

2310 4832 2625 4888 desiderat.
2642 4833 2817 4888 Porro
2839 4830 2981 4905 quid
3004 4833 3077 4888 de
3100 4832 3358 4889 Lotharii
3382 4832 3666 4889 uxoribus
3686 4831 3975 4888 censueri-

2311 4934 2465 4988 mus,
2486 4922 2723 4994 quando
2754 4926 2811 4978 et
2841 4921 2913 4977 de
2941 4920 3051 4977 hoc
3097 4926 3297 4979 nostro
3329 4920 3651 4996 scripsistis
3691 4919 3970 4994 praesula-

2309 5009 2419 5079 tui,
2452 5010 2510 5065 in
2544 5009 2927 5083 epistolarum
2965 5014 3322 5079 nostrarum,
3357 5026 3507 5083 quas
3548 5027 3652 5084 per
3680 5011 3886 5066 fratres
3913 5015 3969 5066 et

2310 5100 2685 5173 coepiscopos
2704 5104 2936 5156 nostros
2960 5100 3368 5157 Rhadoaldum
3387 5104 3445 5157 et
3456 5104 3738 5156 Joannem
3763 5098 3821 5154 in
3840 5099 3963 5157 Gal.

2308 5188 2448 5246 liam
2473 5189 2767 5256 misimus,
2793 5190 3060 5262 poteritis
3083 5189 3517 5263 exemplaribus
3538 5188 3812 5261 reperire.
3833 5188 3967 5255 Quae

2308 5279 2579 5337 videlicet
2606 5278 2962 5352 exemplaria
2991 5292 3110 5336 una
3139 5296 3275 5335 cum
3314 5278 3788 5348 commonitorio,
3812 5278 3966 5351 quod

2311 5369 2569 5443 praefatis
2598 5368 2881 5425 fratribus
2925 5370 3144 5426 nostris
3176 5386 3279 5441 pro
3309 5368 3421 5426 hac
3451 5369 3656 5427 eadem
3687 5382 3865 5425 causa
3893 5369 3965 5424 ad

2311 5458 2652 5516 Lotharium
2685 5474 2882 5532 regem
2925 5459 3126 5515 missis
3177 5459 3471 5527 dedimus,
3494 5475 3598 5532 per
3646 5458 3883 5514 fratrem
3911 5462 3968 5513 et

2311 5548 2725 5621 coepiscopum
2771 5551 3040 5605 nostrum
3090 5546 3352 5606 Odonem
3407 5551 3611 5605 vestrae
3671 5544 3968 5604 sanctitati

2310 5636 2773 5695 transmisimus.
2796 5636 2858 5693 In
2880 5638 3099 5711 quibus
3121 5642 3389 5712 patenter
3408 5638 3868 5695 animadvertere
3890 5640 3969 5692 at-

2310 5745 2426 5801 que
2456 5726 2605 5785 scire
2636 5726 2901 5800 potestis,
2920 5728 3090 5787 nobis
3123 5728 3364 5787 omnino
3397 5746 3513 5787 non
3546 5744 3694 5802 opus
3725 5742 3874 5798 esse,
3905 5731 3969 5782 ut
