4126 6486
191 425 309 482 845

1409 421 1814 482 EPISTOL/E
1857 423 1955 483 ET
1999 424 2358 486 DECRETA
2371 470 2384 485 .

3485 433 3601 498 846

190 553 486 629 pontiﬁcis
511 552 896 610 constitutum
929 550 1321 607 inviolabilem
1361 553 1657 626 perpetuis
1687 553 1839 610 obti-
1873 556 1926 622 Α
1955 533 2125 613 debet
2156 559 2244 613 sui
2279 557 2502 614 ordinis
2526 557 2743 615 honore
2765 561 3175 633 privari.0uod
3198 565 3248 620 si
3271 564 3404 636 quis
3427 564 3604 637 hujus

188 648 367 702 neant
388 643 756 716 temporibus
789 641 1147 698 ﬁrmitatem.
1182 642 1325 697 Fiat.

420 780 550 834 Item
580 777 639 832 in
671 774 897 832 decretis
927 774 1169 847 ejusdem
1199 776 1412 831 Nicolaz'
1433 792 1614 848 papa}.

257 912 638 970 Decernimus
661 909 1026 983 apostolatus
1043 909 1224 965 nostri
1240 911 1584 966 auctoritate
1596 915 1659 966 ut
1671 927 1844 967 omne

184 1000 608 1058 monasterium
632 999 784 1054 inter
803 998 1021 1055 Gallias
1046 998 1224 1054 situm
1249 1015 1443 1054 rerum
1467 1015 1704 1055 suarum
1731 999 1841 1055 ha-

184 1093 321 1147 beat
349 1091 590 1146 liberam
623 1089 683 1144 in
717 1087 993 1143 omnibus
1016 1089 1339 1143 secundum
1366 1087 1630 1144 Ecclesia:
1655 1089 1841 1160 ipsius

185 1180 586 1247 utilitatem,et
606 1194 907 1234 servorum
930 1177 1028 1232 Dei
1045 1178 1521 1250 compendiosam
1540 1178 1842 1250 dispensa-

184 1271 427 1335 tionem,
459 1272 515 1324 et
544 1268 605 1322 in
637 1265 868 1322 abbatis
899 1266 970 1321 de
997 1264 1330 1338 semetipsis
1361 1265 1659 1322 electione.
1694 1267 1839 1322 Nul-

183 1359 305 1414 lam
335 1357 457 1413 ulla
485 1356 600 1413 alia
626 1372 896 1429 persona,
931 1354 1051 1410 sive
1081 1354 1400 1424 saecularis,
1426 1356 1544 1411 sive
1573 1354 1840 1412 ecclesia-

183 1447 351 1515 stica,
377 1447 638 1502 obtineat
661 1445 720 1500 in
751 1445 913 1500 omni
945 1443 1300 1500 monasterio
1330 1445 1721 1516 possessionis
1742 1446 1840 1500 do-

181 1535 588 1603 minutionem,
623 1551 728 1590 nec
759 1533 941 1590 ullam
973 1532 1252 1602 obtineat,
1288 1533 1376 1588 vel
1420 1534 1532 1589 sibi
1583 1534 1838 1590 vindicet

179 1627 538 1699 portionem;
574 1624 676 1680 sed
709 1627 985 1679 maneant
1015 1622 1216 1678 omnia
1256 1623 1316 1677 in
1365 1623 1593 1678 abbatis
1633 1628 1690 1678 et
1721 1624 1834 1679 fra-

177 1721 339 1772 trum
386 1714 606 1771 ibidem
655 1713 770 1769 Deo
825 1711 1208 1769 militantium
1262 1712 1718 1784 dispensatione,
1771 1717 1837 1769 ut

179 1804 472 1877 quidquid
495 1803 820 1858 secundum
844 1800 1182 1856 monasterii
1210 1799 1520 1856 utilitatem
1559 1801 1837 1874 regulari-

175 1899 270 1949 ter
284 1892 371 1949 vel
400 1891 676 1948 canonice
697 1889 986 1946 voluerint
1007 1907 1200 1962 agere,
1223 1889 1404 1945 situm
1428 1890 1502 1946 sit
1525 1895 1829 1962 potestate.

177 1984 380 2055 Neque
409 1982 722 2054 episcopus
748 1979 936 2052 ipsius
965 1979 1219 2052 regionis
1263 1980 1335 2034 ad
1386 1981 1830 2049 monasterium,

178 2073 350 2146 quasi
405 2070 650 2144 propiiaa
699 2069 1005 2142 potestatis
1053 2069 1300 2124 abutens
1342 2070 1498 2141 jure,
1535 2070 1834 2126 invocatus

175 2162 253 2217 ab
303 2160 512 2216 abbate
560 2158 648 2214 vel
695 2157 976 2213 fratribus
1025 2159 1384 2226 accedat;ne
1411 2157 1501 2214 sui
1551 2159 1835 2216 adventus

171 2267 457 2324 pressura
499 2249 743 2304 fratrum
793 2247 1048 2318 quietem
1100 2247 1418 2318 perturbet,
1442 2263 1630 2319 neque
1670 2248 1834 2304 dolos

167 2345 278 2394 aut
308 2337 774 2394 machinationes
827 2334 979 2390 ullas
1026 2334 1111 2390 vel
1160 2334 1378 2402 abbati,
1412 2335 1502 2390 vel
1529 2336 1830 2404 fratribus,

168 2427 293 2484 sive
325 2444 428 2500 per
458 2444 540 2494 se,
566 2425 685 2482 sive
717 2442 819 2497 per
848 2441 986 2480 suos
1017 2423 1332 2495 aliquando
1383 2424 1569 2480 facere
1613 2441 1832 2496 prazsu-

169 2521 317 2572 mat.
338 2515 487 2583 Quin
523 2515 720 2587 potius
742 2513 1029 2585 quidquid
1055 2513 1152 2567 Dei
1177 2513 1358 2568 servis
1378 2513 1439 2568 in
1481 2515 1833 2569 monasterio

169 2605 680 2661 commorantibus
703 2604 965 2660 conferre
987 2603 1058 2656 ad
1082 2601 1306 2657 ordinis
1332 2601 1424 2657 sui
1447 2603 1832 2658 conservatio-

173 2713 309 2751 nem
346 2693 567 2750 utiliter
597 2698 654 2748 et
684 2693 967 2757 modeste,
999 2697 1056 2746 et
1088 2691 1335 2762 benigne
1367 2691 1595 2764 poterit,
1629 2692 1684 2746 id
1732 2709 1834 2764 pro

183 2785 289 2841 Dei
307 2799 505 2840 amore
525 2786 581 2838 et
602 2781 970 2853 sempiterna;
994 2781 1482 2836 remunerationis
1503 2781 1690 2852 gratia
1712 2798 1836 2854 pro-

183 2873 344 2930 ﬁciat
372 2889 478 2928 nec
506 2871 785 2926 violenter
815 2875 916 2926 aut
946 2868 1157 2924 callide
1189 2868 1327 2925 mali
1368 2871 1691 2942 quidquam
1735 2874 1837 2925 aut

180 2959 647 3036 perturbationis
694 2958 972 3014 moliatur
1018 2958 1077 3013 in
1130 2957 1281 3024 illos,
1314 2957 1467 3014 sicut
1505 2958 1837 3014 audivimus

178 3052 470 3123 quosdam
497 3051 682 3104 facere
695 3047 964 3104 voluisse.
986 3047 1195 3102 Nullus
1213 3047 1269 3102 in
1295 3050 1647 3103 monasterio
1675 3047 1840 3120 quid-

181 3158 364 3213 quam
397 3139 684 3195 evindicet
715 3137 826 3193 sibi
873 3137 1126 3209 regionis
1157 3136 1488 3209 episcopus,
1520 3155 1707 3209 neque
1737 3154 1840 3209 per

180 3249 267 3298 se,
302 3247 488 3302 neque
544 3245 647 3301 per
697 3227 998 3282 ministros
1052 3243 1425 3297 suos,neque
1477 3244 1544 3282 ex
1587 3226 1835 3293 clericis,

1955 645 2390 703 constitutionis
2411 664 2619 719 parum
2652 649 2876 706 ducens
2907 651 3398 721 decretum,omni
3419 671 3608 711 coeno-

1955 733 2048 789 bio
2079 740 2279 791 sancto
2305 736 2390 791 vel
2424 737 2620 792 abbati
2651 738 2738 793 vel
2769 739 3050 796 fratribus
3082 741 3414 798 violentiam
3453 743 3607 800 fece-

1955 823 2120 890 rit,et
2143 825 2229 880 vel
2262 825 2321 881 in
2351 826 2623 897 ipsis,vel
2654 828 2713 882 in
2747 828 2985 885 famulis
3011 832 3336 900 oorum,vel
3364 832 3422 888 in
3445 833 3606 889 omni

1953 913 2139 984 ipsius
2168 915 2508 970 monasterii
2555 917 2926 987 possessione
2973 918 3207 975 invasor
3247 921 3605 993 apparuerit,

1952 1018 2114 1077 reum
2147 1020 2209 1058 se
2242 1003 2300 1058 in
2333 1003 2529 1059 divino
2551 1005 2777 1076 judicio
2801 1023 2916 1061 non
2961 1008 3189 1064 dubitet
3237 1025 3516 1082 apparere
3552 1014 3610 1067 et

1950 1090 2158 1146 divinae
2187 1108 2446 1148 censurae
2496 1094 2859 1165 puniendum
2911 1096 3311 1153 damnatione.
3343 1099 3607 1156 Universi

1949 1179 2204 1253 episcopi
2237 1183 2696 1254 responderunt:
2719 1185 2993 1241 Libertati
3025 1186 3448 1242 monachorum
3476 1205 3607 1245 con-

1947 1270 2294 1341 gaudemus,
2338 1275 2397 1327 et
2443 1289 2569 1343 qua:
2619 1273 2689 1329 de
2729 1272 2822 1328 his
2849 1275 3056 1330 statuit
3086 1275 3384 1332 beatitudo
3411 1281 3604 1334 vestra

1948 1357 2275 1416 ﬁrmamus.

2686 1478 2852 1533 XLV.

1947 1578 2211 1620 EPISTOLA
2233 1582 2451 1621 NICOLAI
2474 1583 2545 1621 AD
2568 1583 2882 1623 UNIVERSOS
2901 1585 3205 1625 EPISCOPOS
3223 1586 3289 1625 ET
3309 1586 3598 1628 PRINCIPES

2652 1673 2882 1712 GALLI/I1.

2590 1746 2775 1817 (Anno
2814 1746 2964 1817 863.)

1943 1859 2308 1928 Prim’lcgz'um
2339 1861 2608 1917 libertatis
2635 1863 2962 2004 ῒοηαῗιθνίο
3000 1864 3179 1919 sancti
3208 1865 3446 1935 Kart'teﬁ
3473 1881 3599 1922 con-

2684 1950 2805 1988 rma.
2831 1950 2916 1989 ur.

2684 1950 2916 1989 rmatur.

2560 2046 2795 2121 [Mansi,
2831 2049 2989 2120 ibid.]

2014 2162 2314 2230 NICOLAUS,
2354 2163 2626 2218 Romanae
2676 2162 2831 2220 sedis
2888 2164 3217 2237 episcopus,
3275 2164 3595 2222 Galliarum

1943 2249 2233 2322 episcopis
2265 2252 2556 2307 universis
2585 2256 2642 2306 et
2670 2251 3034 2324 principibus
3067 2253 3214 2326 [edit
3247 2255 3422 2319 Rom.,
3447 2271 3596 2326 pon-

1943 2339 2202 2394 tiﬁcibus
2231 2340 2649 2413 sempiternam
2683 2340 2741 2395 in
2779 2342 2888 2396 Deo
2922 2341 3083 2396 Patre
3113 2347 3171 2397 et
3199 2342 3444 2398 Domino
3487 2359 3594 2398 n0-

1943 2433 2064 2483 stro
2092 2429 2230 2484 Jesu
2258 2429 2485 2485 Christo
2518 2430 2790 2485 salutem.

2019 2518 2238 2589 Regum
2273 2518 2450 2572 corda
2472 2518 2754 2573 divinitus
2777 2519 3061 2591 inspirata
3081 2521 3316 2591 quando
3347 2537 3448 2592 pro
3469 2520 3596 2576 reli-

1944 2605 2123 2677 giosis
2154 2607 2296 2661 locis
2329 2606 2784 2662 sollicitudinem
2819 2612 3045 2678 gerunt,
3069 2607 3358 2664 divinitati
3397 2610 3594 2682 gratiae

1945 2700 2084 2749 sunt
2115 2696 2370 2768 agendae,
2403 2700 2460 2750 et
2487 2694 2546 2749 in
2579 2696 2855 2751 omnibus
2904 2713 3032 2768 quas
3083 2695 3174 2768 pie
3215 2696 3598 2769 religioseque

1946 2789 2279 2861 procurant,
2311 2801 2512 2839 eorum
2547 2784 2830 2838 voluntati
2877 2801 3009 2839 cum
3060 2786 3219 2839 omni
3273 2786 3597 2843 devotionis

1946 2873 2245 2928 alacritate
2276 2878 2363 2928 est
2395 2874 2742 2944 parendum.
2764 2873 2980 2927 Orandi
3015 2874 3267 2944 denique
3292 2878 3510 2940 essent,
3534 2879 3600 2929 ut

1947 2964 2018 3018 de
2036 2967 2372 3018 sanctorum
2395 2962 2535 3017 locis
2558 2961 2790 3033 pietatis
2811 2962 3168 3032 affectum,et
3188 2962 3600 3019 sollicitudinis

1948 3069 2147 3107 curam
2181 3052 2566 3123 susciperent.
2602 3051 2768 3105 Nunc
2800 3055 2994 3105 autem
3042 3051 3196 3107 ultro
3248 3070 3309 3108 se
3357 3053 3429 3107 ad
3477 3051 3599 3108 haec

1948 3141 2278 3214 peragenda
2309 3140 2649 3212 praebentes,
2683 3144 2739 3194 et
2769 3139 2886 3194 illis
2915 3143 3003 3194 est
3045 3141 3596 3213 congratulandum,

1947 3235 2006 3285 et
2037 3247 2162 3301 qua:
2187 3229 2475 3300 jusserint
2525 3229 2648 3284 sine
2697 3228 3104 3284 retractatione
3151 3229 3593 3300 perﬁciendum.

178 3337 372 3392 neque
403 3335 472 3374 ex
501 3316 827 3384 monachis,
862 3333 1049 3388 neque
1081 3331 1148 3370 ex
1188 3315 1504 3382 canonicis,
1539 3332 1724 3387 neque
1774 3333 1841 3370 ex
1870 3298 1913 3366 C
1947 3318 2246 3375 Gloriosus
2294 3318 2490 3390 itaque
2539 3334 2638 3373 rex
2680 3317 3031 3374 Francorum
3072 3318 3333 3390 Carolus,
3366 3318 3593 3375 cmlitus

177 3408 347 3466 laicis
369 3407 674 3480 potestatis
697 3407 852 3478 jure,
875 3411 977 3460 aut
1005 3403 1321 3477 episcopali
1368 3404 1542 3471 fastu,
1575 3405 1700 3460 sine
1729 3421 1833 3460 vo—

178 3499 408 3555 luntate
426 3495 654 3553 abbatis
681 3495 868 3568 ipsius
885 3493 1079 3562 loci,et
1101 3495 1344 3549 fratrum
1370 3495 1449 3549 ibi
1471 3493 1829 3567 degentium,

180 3590 502 3661 praesumat
531 3584 752 3657 aliquid
777 3584 865 3639 vel
897 3585 968 3640 ad
987 3584 1400 3639 ordinandum.
1427 3583 1835 3639 Ordinationes

178 3691 316 3733 vero
346 3692 497 3749 quas
529 3673 758 3747 petierit
789 3674 990 3740 abbas,
1021 3671 1109 3728 vel
1141 3673 1252 3745 ipsi
1301 3674 1528 3740 fratres,
1563 3673 1834 3729 ecclesia-

181 3783 317 3821 rum
335 3760 915 3828 consecrationes,vel
943 3760 1144 3816 altaris
1165 3760 1838 3828 benedictionem,chris-

183 3854 364 3912 matis
385 3869 618 3926 quoque
648 3851 875 3923 oleique
905 3850 1629 3922 sanctiﬁcationem,prout
1649 3851 1836 3922 petie-

185 3945 262 4000 rit
293 3944 475 3998 abbas
494 3946 552 3997 et
580 3940 689 3997 loci
712 3937 871 3995 illius
893 3938 1272 4003 habitatores,
1289 3954 1404 3992 non
1423 3941 1682 3992 moretur
1701 3954 1840 4008 prae-

181 4040 361 4101 stare,
396 4031 535 4104 quia
563 4028 895 4086 communis
923 4027 1099 4083 ofﬁcii
1129 4026 1221 4082 sui
1250 4043 1489 4082 causam
1530 4025 1838 4097 episcopus

183 4139 304 4180 non
337 4139 441 4195 pro
470 4120 618 4175 lucri
649 4119 856 4192 gratia,
876 4118 977 4174 sed
1009 4133 1111 4188 pro
1143 4115 1371 4172 creditae
1404 4114 1512 4171 sibi
1541 4115 1841 4187 dispensa-

187 4212 365 4268 tionis
394 4208 719 4266 ministerio
762 4207 934 4263 debet
981 4205 1347 4277 impendere;
1382 4209 1438 4259 et
1467 4203 1838 4276 providentiae

186 4283 502 4375 pastoralis
527 4297 740 4365 existit,
775 4300 840 4351 ut
872 4294 1122 4351 decretis
1155 4293 1266 4350 sibi
1299 4294 1505 4349 ovibus
1554 4310 1622 4349 ex
1644 4308 1841 4348 amore

187 4390 385 4464 potius
415 4405 593 4461 quam
625 4389 910 4459 potestate
941 4383 1243 4441 consulere
1283 4387 1520 4455 quaerat.
1558 4382 1840 4438 Abbatem

186 4497 324 4535 vero
355 4479 426 4534 de
458 4495 519 4533 se
550 4476 802 4548 eligendi
835 4491 1064 4546 semper
1085 4475 1294 4528 fratres
1315 4473 1569 4528 habeant
1590 4475 1840 4544 potesta-

187 4576 331 4635 tem,
350 4583 537 4639 neque
557 4565 616 4621 in
638 4567 768 4637 ejus
790 4563 1070 4619 electione
1094 4561 1347 4633 episcopi
1373 4559 1684 4633 respiciant
1705 4576 1842 4615 con-

1943 3408 2208 3465 animum
2231 3407 2734 3480 inspiratus,inter
2756 3411 2962 3463 caetera
2983 3425 3101 3463 sua:
3126 3407 3447 3464 devotionis
3467 3412 3591 3464 stu-

1944 3499 2200 3569 dia,quae
2233 3498 2386 3553 circa
2411 3497 2511 3552 Dei
2537 3495 2855 3551 Ecclesiam
2887 3501 3159 3570 prompta
3207 3513 3436 3570 semper
3474 3496 3591 3552 im-

1945 3570 2489 3660 pendit‘dcvotione,
2525 3602 2725 3640 curam
2750 3601 2980 3657 quoque
3015 3585 3294 3658 dignatus
3316 3590 3403 3642 est
3423 3602 3590 3642 assu-

1945 3693 2103 3732 mere
2125 3675 2194 3730 de
2219 3673 2573 3731 monasterio
2599 3672 2785 3730 sancti
2812 3672 3044 3729 Karileﬁ
3062 3674 3594 3746 confessoris,quod

1946 3769 2036 3820 est
2065 3765 2125 3820 in
2157 3781 2305 3837 pago
2326 3763 2712 3819 Cenomanico
2734 3767 3135 3818 constructum
3156 3781 3333 3836 super
3355 3764 3597 3819 fluvium

1947 3853 2199 3922 Anisola,
2224 3853 2282 3909 in
2307 3871 2422 3926 quo
2452 3870 2486 3908 a
2517 3853 2706 3924 prima
2737 3868 2855 3907 suae
2889 3851 3240 3908 conditionis
3272 3853 3460 3921 die,ex
3484 3869 3600 3926 quo

1947 3943 2154 3998 beatus
2206 3943 2507 3997 confessor
2553 3939 2788 3997 Christi.
2819 3940 3104 3996 Karilefus
3153 3941 3211 3996 in
3260 3959 3326 3998 eo
3358 3957 3598 4014 corpore

1949 4031 2186 4103 quievit,
2219 4030 2556 4104 religiosum
2591 4030 2720 4102 [edit
2773 4031 2948 4097 Rom.,
2983 4029 3094 4084 fuit
3136 4030 3195 4085 in
3241 4047 3477 4103 corpore
3508 4047 3596 4086 re-

1945 4120 2247 4193 ligiosum,
2277 4121 2399 4185 etc.]
2432 4119 2857 4176 monachorum
2888 4118 3172 4174 habitavit
3199 4135 3460 4187 examen,
3496 4118 3601 4176 ha-

1949 4209 2193 4282 buitque
2216 4209 2503 4265 libertatis
2536 4207 2926 4281 privilegium,
2962 4211 3018 4262 et
3048 4208 3107 4263 in
3139 4225 3333 4263 rerum
3363 4224 3606 4264 suarum

1950 4298 2354 4370 dispositione,
2389 4302 2445 4353 et
2475 4297 2534 4352 in
2568 4295 2795 4353 abbatis
2821 4297 2892 4350 de
2942 4296 3272 4368 semetipsis
3303 4295 3605 4352 electione.

1948 4386 2166 4442 Verum
2188 4386 2328 4458 quia
2347 4387 2695 4458 impugnare
2718 4382 3036 4439 Ecclesiam
3061 4383 3275 4440 Christi
3301 4400 3608 4457 nunquam

1952 4475 2138 4530 hostis
2153 4475 2394 4531 humani
2417 4473 2648 4546 generis
2662 4471 3277 4537 omittit,securitatem
3298 4473 3609 4544 libertatis,

1955 4581 2131 4637 quam
2163 4581 2232 4618 ex
2254 4563 2460 4618 multis
2483 4563 2608 4634 jam
2641 4561 2813 4618 annis
2845 4563 3207 4633 possederat,
3239 4563 3348 4620 etsi
3380 4581 3496 4619 non
3520 4580 3612 4636 pe-

191 4653 1251 4726 stitutionem,autdispositionem.Et
1267 4651 1541 4723 quoniam
1558 4649 1725 4704 multi
1743 4666 1846 4722 per
1881 4671 1922 4735 Β
1957 4654 2115 4709 nitus
2146 4652 2418 4719 abscidit,
2445 4651 2744 4708 concussit
2773 4656 2991 4717 tamen,
3015 4655 3071 4706 et
3102 4651 3421 4709 convellere
3444 4669 3613 4709 cona-

191 4763 504 4821 pravorum
547 4745 852 4800 hominum
888 4741 1132 4798 insidias
1159 4741 1340 4796 servis
1372 4757 1522 4813 saape
1544 4739 1643 4795 Dei
1676 4739 1847 4794 fabri-

192 4841 407 4893 cantur
435 4834 575 4902 doli,
604 4833 973 4890 decernimus
1019 4835 1084 4886 ut
1131 4829 1436 4885 ordinatus
1487 4829 1696 4901 deponi
1732 4846 1846 4883 non

194 4925 523 5000 possit,nisi
545 4922 868 4980 criminalis
885 4939 989 4977 cau
999 4938 1062 4976 sa
1079 4937 1210 4975 eum
1230 4919 1643 4974 monstraverit
1661 4936 1844 4975 reum.

194 5016 359 5082 Quod
392 5015 441 5070 si
473 5013 647 5069 fuerit
678 5011 920 5068 infamia
953 5011 1283 5076 denotatus,
1311 5026 1380 5063 ex
1428 5007 1608 5079 regali
1657 5009 1850 5080 provi-

195 5103 395 5162 (lentia
407 5102 981 5174 archiepiscoporum
993 5099 1080 5154 vel
1095 5099 1502 5171 episcoporum
1526 5097 1852 5152 habeantur

197 5211 315 5251 non
343 5193 544 5248 minus
565 5208 743 5264 quam
768 5192 969 5246 decem
997 5191 1333 5245 conventus.
1354 5187 1478 5243 Non
1509 5190 1598 5242 est
1618 5203 1851 5258 aequum

189 5283 357 5346 enim
379 5286 444 5337 ut
464 5280 681 5338 electus
700 5285 758 5336 et
779 5279 1084 5336 ordinatus
1098 5277 1364 5336 Ecclesia:
1387 5276 1852 5350 pastor,fortuitu

199 5378 258 5429 et
283 5371 409 5428 sine
422 5369 650 5442 judicio
663 5370 886 5440 absque
901 5366 1079 5422 ullius
1095 5365 1388 5422 manifesti
1401 5365 1666 5421 criminis
1683 5365 1857 5421 deno-

199 5461 422 5518 tatione
433 5456 919 5532 pellatur.Nullus
935 5455 1089 5512 enim
1109 5456 1265 5528 apud
1278 5471 1470 5528 regem
1486 5454 1680 5510 saeculi
1700 5455 1859 5510 dam-

200 5555 400 5616 natur,
415 5548 527 5604 nisi
561 5548 620 5604 in
652 5545 940 5603 criminali
974 5561 1152 5600 causa
1172 5543 1859 5616 deprehensus,veritatis

203 5638 541 5697 testimonio
571 5634 945 5710 apparuerit:
971 5633 1055 5689 sic
1087 5633 1362 5700 abbas,et
1389 5633 1606 5690 electus
1628 5651 1661 5690 a
1683 5633 1861 5706 pluri-

203 5733 400 5801 bus,et
413 5728 719 5788 ordinatus
732 5721 1077 5786 sacerdotali
1095 5721 1495 5783 benedictione
1513 5723 1673 5783 nullo
1686 5725 1859 5784 modo

1957 4747 2052 4799 tus
2079 4746 2258 4811 est,et
2286 4741 2489 4814 paucis
2510 4741 2746 4813 quidem
2767 4745 2901 4795 ante
2925 4741 3052 4812 jam
3081 4741 3337 4810 annis,et
3358 4758 3612 4814 praesen-

1956 4833 2115 4888 tibus
2146 4831 2472 4904 quoque,id
2498 4829 2798 4901 estipsius
2816 4829 3004 4885 Caroli
3039 4830 3192 4903 regis
3223 4831 3608 4904 temporibus.

1959 4920 2106 4987 Quia
2136 4938 2267 4976 vero
2298 4919 2496 4975 divina
2525 4918 2835 4974 clementia
2868 4919 3083 4974 deserit
3113 4935 3410 4990 nunquam
3442 4919 3501 4972 in
3551 4935 3613 4974 se

1960 5010 2340 5076 conﬁdentes,
2361 5007 2645 5081 principis
2676 5008 2940 5062 animum
2965 5008 3034 5062 ad
3059 5007 3165 5062 hoc
3193 5005 3390 5072 movit,
3411 5010 3475 5060 ut
3495 5022 3614 5061 non

1961 5099 2152 5155 solum
2183 5097 2406 5154 inimici
2433 5096 2737 5169 persuasio
2770 5113 2884 5151 non
2916 5095 3278 5167 praevaleret;
3301 5096 3404 5150 sed
3437 5095 3616 5150 etiam

1963 5205 2278 5261 procurare
2295 5187 2499 5255 voluit,
2535 5191 2599 5242 ut
2629 5184 3010 5258 sequentibus
3048 5184 3412 5256 temporibus
3443 5183 3617 5239 liber-

1963 5277 2101 5333 tatis
2131 5276 2498 5349 privilegium
2531 5275 2671 5330 olim
2705 5273 3058 5329 monasterio
3089 5272 3172 5327 illi
3199 5289 3562 5341 concessum,
3587 5289 3621 5329 a

1967 5366 2128 5422 nullo
2161 5365 2434 5438 deinceps
2467 5381 2571 5420 nec
2603 5362 2778 5418 everti
2811 5366 3028 5435 posset,
3062 5379 3166 5418 nec
3200 5361 3424 5418 violari.
3457 5361 3621 5418 Unde

1968 5455 2244 5528 dignatus
2276 5458 2366 5510 est
2395 5454 2465 5509 ad
2497 5469 2604 5508 nos
2636 5452 2771 5524 pius
2798 5450 3073 5523 princeps
3098 5451 3462 5523 praefatus,et
3481 5449 3621 5505 mis-

1968 5561 2101 5601 sum
2132 5543 2384 5616 dirigere
2433 5557 2629 5609 suum,
2664 5540 2721 5594 id
2773 5543 2863 5595 est
2909 5539 3299 5596 venerabilem
3341 5539 3621 5608 Odonem,

1969 5633 2438 5691 Bellovacensem
2459 5630 2891 5704 episcopum,et
2902 5627 3124 5686 litteras
3137 5647 3255 5685 suae
3269 5627 3627 5702 dignationis

1973 5721 2515 5799 destinare,quibus
2535 5717 2870 5795 postulavit,
2885 5722 2950 5777 ut
2969 5717 3294 5778 libertatem
3317 5716 3404 5776 illi
3425 5733 3631 5797 mones
