4126 6462
479 399 598 461 847

1858 395 2176 461 NICOLAI
2218 394 2450 456 ΡΑΡΕ
2492 396 2543 456 Ι.

3796 386 3953 453 848

484 529 757 605 sterio,et-
777 530 850 593 ab
876 530 1191 607 episcopis,
1206 535 1265 588 et
1293 548 1328 589 a
1355 531 1596 605 regibus
1629 531 1988 589 Francorum
2006 505 2141 586 con-
2171 530 2226 599 Α
2257 544 2639 601 nequaquam
2672 527 2998 601 mancipari
3030 528 3224 584 denuo
3258 526 3569 601 potuisset.
3596 525 3660 582 In
3696 523 3955 597 legibus

485 623 961 689 cessam,nostra
1001 620 1379 677 firmaremus
1420 619 1787 689 auctoritate,
1820 624 1877 676 et
1922 617 2139 675 futuris

486 725 829 777 mansuram
859 710 1148 784 temporib
1157 727 1227 765 us
1247 709 1677 767 roboraremus.
1692 708 2141 765 Considerantes

485 797 686 872 itaque
734 797 893 875 piam
938 816 1068 856 esse
1099 798 1576 871 postulationem,
1610 802 1667 855 et
1715 814 2015 855 servorum
2042 796 2144 853 Dei

489 886 674 966 quieti
704 886 1282 966 pernecessariam,et
1303 905 1433 960 quae
1455 905 1490 944 a
1508 887 1847 960 pastoribus
1869 885 2145 943 Ecclesia-

490 964 624 1035 rum
653 964 1010 1050 postulanda
1038 981 1193 1034 esset
1221 981 1397 1049 atque
1428 978 1815 1050 procuranda,
1848 976 1897 1032 si
1949 976 2148 1033 minus

493 1081 623 1123 eam
641 1065 845 1141 mundi
866 1065 1165 1139 principes
1184 1070 1596 1139 procurarent;
1617 1065 1987 1122 decernimus
2010 1081 2148 1138 apo,-

494 1153 743 1212 stolatus
775 1154 961 1211 nostri
991 1155 1359 1223 auctoritate,
1393 1160 1457 1211 ut
1487 1155 1911 1213 monasterium
1960 1153 2152 1211 sancti

495 1243 726 1307 Karileﬁ
774 1244 1153 1314 confessoris,
1189 1245 1347 1301 intra
1391 1244 1610 1302 Gallias
1660 1244 1840 1300 situm
1889 1244 1949 1300 in
2003 1259 2153 1315 pago

492 1333 878 1389 Cenomanico
904 1350 1084 1407 super
1112 1333 1356 1390 fluvium
1383 1333 1641 1401 Anisola,
1676 1351 1871 1391 rerum
1911 1349 2157 1389 suarum

492 1420 710 1478 habeat
719 1420 966 1478 liberam
980 1422 1039 1477 in
1055 1421 1333 1478 omnibus
1347 1424 1671 1479 secundum
1685 1421 1953 1479 Ecclesiae
1970 1421 2159 1495 ipsius

495 1510 833 1580 utilitatem,
858 1514 916 1567 et
937 1528 1242 1569 servorum
1266 1512 1370 1568 Dei
1392 1512 1761 1585 compendia,
1778 1511 2165 1585 dispensatio-

497 1616 653 1670 nem,
681 1604 746 1656 ut
774 1600 1090 1673 episcopus
1118 1601 1519 1657 Cenomanicae
1543 1601 1729 1670 urbis,
1767 1601 1889 1657 sive
1920 1601 2162 1657 Rotber-

497 1693 597 1745 tus
627 1688 729 1761 qui
760 1706 919 1745 nunc
948 1689 1035 1745 illi
1066 1689 1191 1746 sedi
1221 1691 1587 1763 praeest,sive
1618 1707 1989 1747 successores
2012 1691 2163 1762 ejus,

500 1777 729 1834 nullam
759 1778 1066 1835 obtineant
1095 1779 1155 1835 in
1187 1794 1253 1835 eo
1278 1780 1632 1836 monasterio
1652 1779 2047 1852 possessionis
2070 1780 2166 1835 do-

501 1865 910 1939 minationem,
935 1884 1125 1941 neque
1156 1869 1465 1942 praefatum
1499 1870 1925 1925 monasterium
1949 1869 2021 1924 ad
2044 1886 2165 1925 sua;
2194 1909 2243 1976 Β

502 1956 667 2013 urbis
688 1956 970 2014 inclinare
982 1962 1267 2014 conentur
1287 1959 1845 2030 subjectionem,sed
1868 1957 2161 2032 abbasille

501 2047 602 2119 qui
633 2063 791 2102 nunc
811 2046 891 2102 ibi
915 2050 1004 2103 est
1020 2046 1416 2121 Engilharius,
1440 2053 1498 2104 et
1529 2049 1737 2104 fratres
1759 2048 2020 2120 ejusdem
2047 2064 2166 2104 mo-

501 2135 765 2203 nasterii,
796 2135 1219 2194 dominationis
1239 2138 1344 2209 jus
1392 2139 1721 2194 secundum
1771 2137 2169 2195 ecciesiastica

499 2227 740 2293 statuta,
776 2229 833 2282 et
863 2224 1255 2303 praesentibus
1286 2230 1344 2283 et
1366 2226 1582 2282 futuris
1615 2226 1920 2283 obtineant
1940 2243 2171 2299 semper

502 2314 890 2393 temporibus.
921 2314 1226 2384 Videlicet,
1262 2319 1329 2371 ut
1350 2316 1643 2389 quidquid
1675 2315 1937 2373 oblatum
1967 2316 2167 2385 est,ch

504 2402 680 2459 fuerit
737 2404 1014 2477 deinceps
1064 2404 1148 2459 illi
1201 2406 1483 2475 coenobio,
1509 2405 1601 2462 vel
1646 2405 1707 2461 in
1756 2423 1922 2474 auro,
1967 2405 2054 2461 vel
2106 2405 2167 2460 in

511 2497 774 2567 argento,
806 2493 894 2549 vel
922 2494 981 2549 in
1013 2493 1171 2567 agris
1198 2498 1258 2551 et
1287 2495 1545 2564 famulis,
1580 2494 1669 2552 vel
1718 2496 1775 2551 in
1816 2512 2168 2567 quacunque

510 2584 708 2643 rerum
734 2583 1087 2649 substantia,
1120 2600 1225 2639 nec
1256 2583 1569 2657 episcopus
1591 2585 2170 2652 Cenomanicus,sive

510 2669 854 2747 Rotbertus,
877 2672 977 2743 qui
1009 2688 1166 2728 nunc
1197 2672 1283 2728 illi
1315 2673 1448 2730 urbi
1482 2678 1712 2746 praeest,
1745 2674 1866 2732 sive
1894 2675 1993 2747 qui
2038 2679 2172 2747 post

509 2774 644 2835 eum
666 2759 1115 2816 Cenomanicam
1142 2761 1464 2818 Ecclesium
1489 2763 1885 2831 rexerint,nec
1917 2763 2037 2819 ulla
2057 2763 2173 2820 alia

507 2865 778 2922 persona,
811 2848 931 2906 sive
981 2850 1301 2918 saecularis,
1354 2852 1475 2908 sive
1525 2852 1943 2920 ecclesiastica,
1988 2852 2170 2909 ullam

506 2937 809 2996 obtineant
827 2939 915 2996 vel
937 2938 1052 2995 sibi
1073 2939 1371 2997 vindicent
1396 2941 1754 3014 portionem;
1780 2943 1878 2999 sed
1894 2947 2174 2999 maneant

507 3028 707 3084 omnia
726 3028 788 3084 in
809 3028 998 3103 ipsius
1026 3028 1343 3096 abbatis,et
1359 3031 1607 3087 fratrum
1639 3032 1859 3089 ibidem
1881 3032 1998 3090 Deo
2024 3032 2173 3089 mili-

504 3117 756 3175 tantium
769 3118 1236 3192 dispensatione:
1256 3123 1321 3177 ut
1335 3120 1621 3194 quidquid
1642 3123 1967 3178 secundum
1986 3121 2172 3195 ipsius

507 3207 850 3286 monasterii
881 3208 1195 3266 utilitatem
1231 3209 1582 3283 regulariter
1610 3215 1667 3266 et
1687 3211 1963 3268 canonice
1982 3212 2175 3268 volue-

2261 617 2420 673 enim
2452 616 2763 685 habemus,
2793 622 2859 673 ut
2892 633 3102 673 omnes
3132 615 3488 689 quaestiones
3512 614 3663 670 infra
3692 614 3962 687 triginta

2257 723 2446 762 annos
2474 705 2800 762 terminum
2829 705 3140 779 accipiant.
3174 706 3258 763 De
3285 703 3698 762 ecclesiasticis
3729 708 3952 760 autem

2258 795 2477 863 causis,
2512 798 2645 868 post
2680 795 3206 869 quadragesimum
3240 811 3461 851 annum
3494 791 3657 848 nulla
3698 792 3963 866 querela

2256 884 2478 940 moveri
2509 888 2722 957 potest,
2756 885 2808 940 si
2841 901 2959 940 non
2990 883 3148 940 intra
3178 884 3290 940 hoc
3338 883 3595 955 spatium
3645 898 3957 939 annorum

2260 973 2439 1029 fuerit
2462 978 2648 1030 mota.
2679 974 2751 1029 Et
2782 990 2913 1031 ecce
2942 973 3053 1029 hoc
3082 972 3505 1029 monasterium
3529 972 3772 1045 aprimo
3806 988 3963 1045 rege

2262 1062 2621 1119 Francorum
2681 1062 3039 1133 Christiano,
3075 1062 3135 1118 id
3193 1066 3302 1131 est,
3353 1061 3636 1117 Clodoveo
3697 1060 3963 1134 ﬁlioque

2262 1152 2394 1223 ejus
2424 1151 2820 1220 Childeberto,
2855 1169 2991 1208 cum
3023 1151 3295 1207 habuerit
3320 1150 3670 1212 libertatem,
3694 1153 3749 1206 et
3770 1150 3957 1206 dein-

2267 1257 2405 1314 ceps
2428 1242 2502 1297 ab
2525 1241 2803 1297 omnibus
2825 1241 3326 1314 regibus,semper
3348 1240 3634 1297 manserit
3656 1238 3953 1321 liberum,

2266 1334 2324 1384 et
2354 1330 2414 1385 in
2439 1347 2639 1387 rerum
2668 1348 2917 1387 suarum
2947 1329 3459 1403 dispositionibus,
3491 1335 3550 1387 et
3586 1329 3646 1385 in
3699 1329 3957 1385 abbatis

2269 1418 2571 1488 electione,
2605 1437 2763 1476 nunc
2793 1421 3078 1493 repetitur
3107 1418 3278 1492 quasi
3309 1420 3368 1474 in
3400 1418 3621 1492 proprii
3642 1419 3803 1491 juris
3834 1419 3956 1474 do-

2270 1508 2653 1566 minationem
2674 1527 2687 1578 ;
2714 1527 2849 1565 cum
2875 1509 2926 1566 si
2945 1512 3180 1565 terrena
3201 1508 3494 1581 possessio
3517 1508 3819 1576 fuisset,et
3838 1525 3963 1581 per

2271 1602 2360 1654 tot
2374 1615 2562 1655 annos
2572 1599 2932 1672 possessoris
2944 1597 3038 1654 sui
3050 1598 3448 1655 dominatione
3461 1597 3959 1667 caruisset,nullo

2274 1688 2450 1744 modo
2482 1689 2808 1744 secundum
2840 1687 2999 1761 leges
3030 1687 3151 1744 sive
3179 1687 3407 1753 mundi,
3432 1686 3552 1744 sive
3579 1685 3959 1743 ecclesiasti-

2275 1794 2396 1845 cas,
2429 1777 2710 1849 antiquus
2739 1794 3045 1851 possessor
3072 1794 3203 1833 eam
3233 1776 3345 1834 sibi
3375 1776 3671 1833 vindicare
3709 1776 3958 1850 potuis—

2276 1870 2384 1923 set.
2418 1869 2489 1922 At
2516 1883 2670 1935 vero,
2696 1867 2852 1939 quod
2875 1870 2967 1923 est
2986 1866 3147 1923 dictu
3179 1865 3593 1932 nefas,Christi
3617 1867 3958 1939 possessio-

2276 1973 2431 2024 nem,
2466 1960 2523 2012 et
2547 1973 2848 2012 servorum
2879 1956 2979 2012 Dei
3010 1957 3483 2023 contubernium,
3519 1957 3674 2028 quod
3705 1960 3957 2013 terrena

2276 2050 2536 2118 potestas
2560 2044 2815 2102 liberum
2847 2062 2977 2102 esse
2998 2045 3307 2114 concessit,
3324 2044 3675 2118 episcopalis
3693 2045 3955 2103 ambitio

2276 2136 2337 2191 in
2367 2135 2665 2192 servitutis
2689 2136 2790 2208 jus
2820 2135 3118 2192 vindicare
3149 2140 3411 2191 conatur.
3433 2137 3687 2208 Apparet
3715 2135 3950 2208 itaque,

2277 2225 2551 2297 quisquis
2563 2224 2685 2281 haec
2709 2241 2978 2297 perverse
2990 2225 3373 2292 molitur,non
3392 2224 3624 2280 lucrum
3646 2225 3955 2297 requirere

2278 2314 2435 2385 quod
2465 2313 2605 2369 velit
2634 2313 2988 2380 animarum,
3018 2315 3121 2370 sed
3153 2315 3344 2387 magis
3392 2314 3818 2370 dominationis
3859 2315 3952 2370 fa-

2277 2407 2436 2458 stum
2477 2406 2534 2458 et
2581 2401 2745 2459 lucra
2793 2401 3131 2476 cupiditatis
3165 2403 3412 2460 inhiare.
3448 2402 3614 2459 Unde
3660 2404 3952 2460 omnibus

2278 2491 2470 2547 modis
2496 2491 2646 2547 hanc
2678 2491 3068 2564 perniciosam
3101 2492 3948 2565 reprimentes,ambitionem,

2277 2579 2653 2653 praecipimus
2682 2584 2747 2635 ut
2774 2581 3091 2637 Rotbertus
3129 2582 3442 2654 episcopus
3486 2583 3947 2650 Cenomanicus,

2279 2675 2337 2726 et
2363 2670 2701 2743 quicunque
2735 2687 3042 2727 successor
3066 2672 3193 2743 ejus
3225 2671 3418 2727 fuerit.
3443 2671 3665 2728 nullam
3691 2672 3749 2727 in
3789 2689 3947 2745 pra-

2280 2760 2396 2815 fato
2428 2760 2786 2816 monasterio
2818 2759 2930 2816 sibi
2963 2759 3219 2816 vindicet
3249 2760 3488 2817 ditionis
3537 2764 3889 2834 potestatem
3930 2780 3945 2817 :

2281 2849 2382 2906 sed
2415 2854 2651 2906 maneat
2680 2850 3005 2905 secundum
3038 2866 3379 2906 concessam
3410 2850 3522 2906 sibi
3558 2852 3686 2922 jam
3736 2850 3953 2908 multis

2281 2938 2452 2994 annis
2480 2937 3022 3006 absolutionem,ab
3054 2939 3214 2994 omni
3244 2939 3561 3013 episcopali
3594 2956 3875 3013 pressura
3889 2945 3952 2997 et
3980 2992 3987 3005 ι

2281 3027 2683 3085 dominatione
2709 3027 3248 3087 remotum.Nullus
3278 3029 3338 3085 in
3370 3046 3436 3086 eo
3462 3030 3790 3102 quidquam
3810 3030 3946 3086 vin-

2282 3118 2435 3174 dicet
2465 3117 2577 3174 sibi
2610 3118 2861 3191 praafataa
2890 3117 3144 3174 civitatis
3164 3119 3496 3192 episcopus,
3524 3136 3711 3192 neque
3732 3136 3839 3193 per
3859 3137 3949 3187 se,

2284 3225 2473 3280 neque
2503 3225 2608 3280 per
2636 3208 2940 3264 ministros
2973 3225 3133 3278 suos,
3158 3225 3346 3281 neque
3375 3225 3444 3265 ex
3475 3208 3722 3277 clericis,
3746 3227 3949 3282 neque

507 3284 627 3353 rint
656 3313 848 3372 agere,
874 3298 935 3354 in
955 3315 1158 3355 eorum
1181 3299 1360 3355 situm
1384 3300 1462 3354 sit
1497 3302 1803 3372 potestate.
1818 3300 2019 3373 Neque
2050 3300 2170 3374 epi-
2202 3284 2249 3351 C
2285 3314 2353 3353 ex
2387 3297 2714 3364 monachis,
2744 3314 2934 3370 neque
2962 3315 3031 3354 ex
3063 3298 3382 3368 canonicis,
3407 3316 3598 3371 neque
3643 3316 3713 3355 ex
3750 3298 3947 3370 laicis,

507 3402 723 3461 scopus
754 3387 827 3444 ad
878 3387 1187 3461 praefatum
1236 3388 1685 3456 monasterium,
1721 3389 1889 3462 quasi
1922 3391 2168 3463 propria:

507 3475 817 3547 potestatis
858 3476 1111 3534 abutens
1145 3477 1306 3549 jure,
1342 3477 1456 3534 nisi
1498 3482 1737 3535 vocatus
1768 3478 1841 3536 ab
1872 3479 2082 3536 abbate
2111 3484 2171 3536 et

504 3565 788 3631 fratribus
817 3566 1074 3635 accedat,
1090 3583 1163 3622 ne
1195 3566 1286 3622 sui
1317 3568 1602 3624 adventus
1624 3584 1900 3640 pressura
1920 3570 2165 3626 fratrum

506 3653 763 3726 quietem
792 3655 1122 3729 perturbet;
1153 3672 1341 3728 neque
1371 3654 1537 3712 dolos
1566 3660 1668 3712 aut
1699 3657 2168 3716 machinationes

504 3744 656 3801 ullas
683 3744 772 3801 vel
805 3745 1029 3814 abbati,
1058 3743 1146 3803 vel
1174 3745 1473 3814 fratribus,
1508 3746 1627 3803 sive
1659 3764 1761 3820 per
1791 3765 1874 3816 se,
1907 3748 2025 3804 sive
2067 3766 2169 3821 per

503 3850 668 3904 suos,
689 3832 1006 3907 aliquando
1028 3834 1216 3891 facere
1244 3840 1590 3906 praesumat;
1614 3835 1761 3908 quin
1787 3836 1983 3908 potius
2003 3824 2169 3910 quid-

507 3921 649 3996 quid
671 3922 775 3980 Dei
793 3923 978 3980 servis
997 3923 1060 3980 in
1081 3925 1356 3997 pracdicto
1376 3925 1732 3981 monasterio
1749 3927 2164 3983 commoranti-

502 4013 636 4080 bus,
652 4012 914 4070 conferre
944 4013 1014 4070 ad
1049 4013 1272 4070 ordinis
1294 4014 1385 4070 sui
1409 4015 1909 4072 conservationem
1945 4016 2168 4072 utiliter

504 4107 562 4164 et
593 4103 858 4159 modeste
887 4106 946 4158 et
975 4101 1225 4176 benigne
1246 4104 1521 4176 potuerit,
1538 4103 1595 4160 id
1628 4121 1731 4176 pro
1760 4104 1861 4162 Dei
1892 4122 2089 4162 amore
2111 4111 2168 4162 et

503 4191 874 4265 sempiterna:
931 4192 1426 4249 remunerationis
1477 4193 1669 4265 gratia
1725 4192 2007 4265 perﬁciat.
2051 4195 2166 4252 Nec

501 4280 788 4338 violenter
817 4286 920 4338 aut
948 4280 1158 4338 callide
1190 4281 1330 4337 mali
1362 4282 1711 4355 quidquam,
1730 4287 1832 4338 aut
1860 4285 2164 4355 perturba-

503 4370 680 4428 tionis
707 4371 986 4427 moliatur
1016 4371 1077 4428 in
1106 4371 1257 4441 illos,
1293 4371 1447 4428 sicut
1493 4372 1827 4428 audivimus
1876 4374 2164 4445 quosdam

505 4461 696 4517 facere
724 4460 998 4530 voluisse,
1031 4462 1202 4534 quasi
1236 4461 1651 4534 inscriptiones
1683 4463 1973 4536 quasdam
1997 4481 2164 4520 mon-

508 4553 780 4618 strantes,
815 4550 1031 4622 quibus
1062 4551 1486 4607 monasterium
1520 4568 1640 4607 suae
1672 4552 1889 4609 civitati
1930 4569 2162 4625 posses-

506 4638 692 4695 sionis
714 4640 850 4710 jure
872 4640 1177 4696 subditum
1200 4641 1325 4697 ﬁeri
1343 4641 1537 4697 conati
1560 4645 1735 4698 sunt:
1762 4660 1910 4715 quas
1933 4647 2163 4700 constat
2199 4662 2245 4727 Ι)

506 4728 747 4785 omnino
776 4727 957 4785 falsas
982 4730 1187 4799 fuisse,
1217 4731 1696 4804 quandoquidem
1745 4732 2047 4806 privilegia
2077 4751 2167 4790 re-

504 4835 667 4891 gum,
684 4835 813 4891 quae
844 4835 912 4875 ex
932 4819 1310 4892 antiquorum
1343 4836 1547 4893 regum
1570 4822 1926 4879 Francorum
1946 4826 2165 4895 tempo-

504 4909 672 4965 ribus
701 4907 839 4965 olim
873 4910 1228 4966 monasterio
1260 4908 1344 4965 illi
1376 4926 1655 4967 concessa
1685 4914 1844 4979 sunt,
1876 4911 1985 4967 hoc
2033 4913 2162 4970 des-

505 5002 724 5064 truant,
741 4997 893 5054 sicut
924 5004 982 5054 et
1014 4999 1143 5071 ipsa
1174 5003 1492 5067 testantur,
1525 5018 1651 5072 quae
1686 5000 1743 5055 in
1774 5000 2026 5056 archivis
2047 5018 2166 5059 mo-

506 5087 749 5145 nasterii
798 5087 871 5143 ob
921 5088 1326 5145 testimonium
1377 5088 1490 5144 sibi
1537 5105 1824 5145 concessae
1874 5088 2164 5148 libertatis

505 5176 796 5249 hodieque
819 5183 1141 5234 servantur.
1161 5178 1322 5244 Quod
1356 5178 1402 5233 si
1432 5178 1701 5233 fortassis
1731 5177 2165 5251 contigisset,ut

506 5266 822 5338 aliquando
854 5267 1278 5322 monasterium
1308 5266 1453 5322 illud
1488 5268 1598 5323 sub
1642 5271 1930 5338 potestate
1977 5268 2164 5326 Ceno-

505 5356 719 5412 manici
752 5356 961 5413 fuisset
990 5356 1270 5429 episcopi,
1306 5357 1465 5427 quod
1498 5356 1675 5412 rebus
1705 5356 1850 5429 ipsis
1882 5359 2166 5430 probatur

503 5450 560 5501 et
578 5444 935 5502 testimoniis
966 5446 1324 5502 monasterio
1352 5444 1579 5501 collatis
1613 5463 1915 5518 nunquam
1950 5447 2159 5518 fuisse;

500 5538 697 5593 tamen
728 5535 1053 5592 secundum
1086 5534 1245 5606 leges
1268 5533 1484 5602 saeculi,
1520 5541 1651 5606 post
1683 5539 1765 5590 tot
1786 5536 1913 5607 jam
1945 5537 2159 5595 saecula

499 5628 557 5680 et
584 5641 876 5681 annorum
908 5624 1101 5698 spatia
1123 5624 1304 5697 repeti
1339 5623 1673 5681 nullatenus
1689 5625 1825 5695 jure
1846 5627 2151 5698 potuisset,

495 5716 557 5801 et
580 5715 737 5794 quod
768 5713 951 5775 semel
971 5717 1272 5791 acceperat
1293 5713 1769 5788 libertatem,jam
1793 5718 1903 5774 sub
1936 5716 2157 5776 ditione

2278 3386 2586 3460 potestatis
2607 3388 2764 3459 jure,
2797 3392 2900 3443 aut
2928 3387 3246 3461 episcopali
3278 3389 3456 3458 fastu,
3481 3388 3608 3445 sine
3637 3388 3949 3446 voluntate

2278 3477 2509 3533 abbatis
2538 3476 2727 3549 ipsius
2757 3476 2964 3545 loci,et
2987 3478 3237 3533 fratrum
3259 3477 3340 3533 ibi
3358 3478 3951 3551 degentium,praesu-

2279 3572 2401 3622 mat
2419 3566 2641 3638 aliquid
2675 3566 2761 3622 vel
2781 3567 2853 3622 ad
2875 3566 3386 3635 ordinandum,ve1
3409 3568 3480 3623 ad
3499 3568 3940 3640 disponendum
4022 3552 4035 3575 \

2277 3655 2367 3712 vel
2399 3657 2470 3712 ad
2496 3655 2946 3712 dominandum.
2975 3656 3385 3712 Ordinationes
3406 3673 3561 3724 vero,
3597 3673 3741 3729 quas
3763 3644 3950 3728 ρεὶῶ-

2278 3746 2354 3801 rit
2382 3744 2690 3812 abbas,vel
2710 3744 2822 3817 ipsi
2855 3745 3088 3813 fratres,
3107 3745 3191 3802 vel
3224 3746 3603 3802 ecclesiarum
3635 3761 3945 3802 consecra-

2277 3834 2583 3902 tiones,vel
2612 3834 2814 3891 altaris
2846 3834 3681 3905 benedictionem,chrismatis
3705 3851 3946 3908 quoque

2277 3923 2507 3997 oleique
2538 3924 3062 3981 sanctiﬁcationem
3110 3930 3284 3997 prout
3334 3924 3613 3997 petierint
3659 3924 3843 3980 abbas
3886 3931 3945 3981 et

2277 4013 2385 4069 loci
2417 4014 2577 4069 illius
2606 4013 2984 4083 habitatores,
3022 4031 3138 4070 non
3171 4018 3435 4070 moretur
3465 4018 3773 4087 praestare:
3801 4014 3943 4086 quia

2277 4121 2496 4159 munus
2518 4103 2694 4159 olﬁcii
2727 4103 2817 4158 sui
2846 4103 3157 4177 episcopus
3179 4121 3293 4160 non
3315 4120 3418 4176 pro
3445 4102 3593 4160 lucri
3619 4103 3939 4177 gratia,sed

2276 4210 2380 4264 pro
2411 4192 2644 4248 credita:
2666 4192 2776 4249 sibi
2801 4193 3257 4266 dispensationis
3281 4194 3607 4249 ministerio
3632 4193 3804 4249 debet
3827 4193 3938 4265 im;

2278 4281 2555 4354 pendere;
2588 4286 2644 4337 et
2675 4282 3050 4354 providentiae
3083 4283 3395 4355 pastoralis
3426 4282 3668 4354 exstitit,
3703 4287 3768 4338 ut
3811 4299 3940 4339 cre-

2276 4370 2415 4427 ditis
2446 4369 2556 4426 sibi
2586 4370 2793 4427 ovibus
2823 4389 2891 4428 ex
2918 4388 3116 4428 amore
3146 4372 3341 4445 potius
3364 4389 3543 4444 quam
3565 4389 3632 4428 ex
3655 4376 3939 4445 potestate

2275 4460 2580 4517 consulere
2604 4460 2998 4533 quieratJicet
3026 4461 3085 4516 in
3115 4463 3411 4534 subjectos
3438 4466 3688 4534 utraque
3727 4477 3937 4517 secun-

2276 4552 2417 4606 dum
2449 4554 2688 4622 tempus
2719 4550 2838 4606 sint
2868 4552 3201 4607 necessaria
3226 4569 3238 4607 :
3264 4551 3365 4608 sed
3387 4568 3554 4607 amor
3576 4552 3745 4608 debet
3766 4567 3939 4623 gene-

2275 4658 2403 4697 rare
2434 4639 2755 4709 solertiam,
2772 4644 3031 4713 potestas
3046 4658 3181 4697 vero
3203 4642 3589 4714 temperanda
3608 4645 3695 4697 est
3716 4657 3935 4713 amore,

2277 4735 2345 4787 ut
2374 4731 2569 4803 potius
2601 4729 2816 4786 Christi
2848 4729 3106 4786 charitas
3139 4731 3354 4787 ferveat
3402 4748 3578 4803 quam
3631 4730 3935 4802 potestatis

2275 4820 2432 4892 rigor
2462 4819 2794 4875 insolescat.
2827 4819 3112 4875 Abbatem
3141 4836 3275 4877 vero
3300 4820 3372 4875 de
3404 4837 3465 4876 se
3514 4818 3766 4893 eligendi
3820 4820 3933 4875 fra-

2274 4913 2392 4964 tres
2415 4909 2661 4965 coenobii
2679 4909 2867 4966 sancti
2892 4909 3116 4965 liarilefi
3141 4926 3376 4983 semper
3412 4909 3667 4965 habeant
3687 4912 3933 4981 potesta-

2273 5003 2413 5065 tem,
2440 5015 2627 5071 neque
2656 4998 2716 5053 in
2748 4999 2878 5069 ejus
2926 4998 3230 5069 electione,
3261 4994 3520 5072 episcopi
3562 4998 3931 5055 Cenomanici

2273 5086 2586 5159 respiciant
2634 5087 3113 5145 constitutionem
3160 5092 3263 5144 aut
3314 5087 3782 5161 dispositionem,
3828 5088 3929 5143 sed

2274 5193 2684 5250 quemcunque
2712 5177 2959 5250 dignum
2989 5177 3126 5246 vita,
3155 5178 3440 5246 moribus,
3461 5183 3637 5250 atque
3671 5176 3931 5233 doctrina

2272 5267 2680 5339 prospexerint
2704 5266 2982 5339 pastorali
3002 5267 3279 5335 ofﬁcio,et
3299 5268 3412 5323 sibi
3437 5267 3639 5323 utilem
3659 5271 3713 5322 et
3731 5270 3929 5339 aptum

2273 5358 2735 5429 dispensatorem
2762 5357 3125 5429 esse,ipsum
3157 5357 3686 5431 eligant,regisque
3705 5357 3764 5411 in
3788 5356 3932 5411 noti-

2272 5446 2416 5502 tiam
2449 5446 2734 5514 deferant,
2767 5450 2834 5501 ut
2862 5446 2991 5517 ejus
3024 5452 3081 5503 et
3124 5448 3503 5504 concessione
3552 5451 3610 5502 et
3638 5461 3926 5502 consensu

2271 5540 2620 5611 potestatem
2651 5536 2956 5609 regiminis
2988 5537 3255 5611 accipiat.
3288 5539 3488 5611 Neque
3522 5552 3625 5609 pro
3675 5536 3804 5607 ejus
3842 5535 3928 5592 vel

2271 5626 2656 5693 ordinatione,
2690 5625 2778 5680 vel
2811 5624 3250 5695 constitutione,
3276 5642 3495 5683 munus
3528 5624 3764 5698 aliquod
3788 5625 3930 5680 acci—

2270 5716 2485 5792 piatur,
2517 5714 2605 5772 vel
2631 5716 2803 5772 detur
2834 5732 2845 5771 :
2881 5716 3160 5791 quoniam
3193 5716 3449 5795 Spiritus
3480 5715 3670 5775 sancti
3710 5715 3927 5775 donum
