4126 6458
195 417 316 483 853

1418 419 1819 487 EPISTULA!
1859 416 1963 483 ET
2005 419 2389 487 DECRETA.

3489 429 3608 495 854

193 554 335 612 Jesu
368 550 604 622 Christi,
637 570 754 610 non
786 551 901 612 nisi
940 553 1128 613 vicino
1163 556 1369 613 mortis
1408 554 1687 631 periculo,
1719 568 1846 613 om-
1873 553 1931 622 Α
1959 559 2219 613 nostram
2250 556 2697 632 praeceptionem
2725 560 2814 630 (ut
2843 563 3058 618 sanctae
3091 562 3312 637 synodo
3356 563 3611 641 Spiritus

195 644 337 702 nino
365 642 684 717 percipiat;
732 647 797 700 ut
835 644 957 701 haec
1007 646 1418 721 unusquisque
1465 647 1698 703 discens
1752 664 1848 703 ne-

196 748 497 807 quaquam
547 734 618 789 de
665 737 870 790 caetero
921 736 1233 792 temeraria
1289 737 1745 810 praesumptione
1783 754 1852 793 ex

193 823 361 880 laicis
383 822 577 879 subito
608 822 667 878 in
690 823 1000 881 dominicis
1023 825 1232 882 castris
1256 827 1551 899 insperato
1575 827 1853 899 quodam-

192 914 370 970 modo
402 913 625 984 impetu
654 911 907 985 irrepere
928 915 1159 983 audeat,
1175 918 1235 971 et
1262 914 1628 988 principatus
1655 932 1852 972 amore

193 1007 330 1058 ante
360 1002 639 1058 ducatum
673 1005 949 1074 praestare
979 1003 1140 1072 velit,
1154 1020 1331 1077 quam
1353 1004 1562 1061 tironis
1584 1022 1855 1061 consum-

193 1094 318 1147 met
336 1090 628 1158 ofﬁcium;
654 1095 711 1146 et
741 1096 876 1147 ante
906 1095 1092 1148 tentet
1122 1094 1351 1161 docere,
1377 1111 1555 1166 quam
1589 1093 1849 1151 discere:

196 1181 352 1238 sicut
394 1181 453 1236 in
497 1181 702 1236 eadem
735 1181 1380 1255 Constantinopolitana
1414 1182 1673 1240 Ecclesia
1703 1201 1854 1255 saepe

198 1272 625 1343 praesumptum
667 1286 796 1326 esse
839 1271 1251 1343 comperimus.
1275 1273 1345 1328 Et
1375 1289 1583 1329 rursus
1614 1289 1687 1328 ne
1716 1290 1851 1328 con-

196 1358 438 1431 temptis
460 1358 710 1426 clericis,
727 1376 977 1432 quorum
998 1364 1215 1433 utpote
1244 1360 1304 1416 in
1325 1365 1446 1417 tam
1472 1378 1688 1435 magna
1710 1363 1855 1418 urbe

201 1448 437 1521 copiosa
457 1447 772 1504 multitudo
794 1452 903 1516 est,
918 1450 1133 1523 quippe
1158 1451 1229 1506 ab
1252 1451 1398 1522 ipsis
1418 1454 1511 1521 (ut
1537 1450 1621 1507 ita
1644 1450 1853 1507 dixeri-

199 1542 359 1607 mus)
388 1536 677 1594 cunabilis
721 1538 1200 1611 impraetermisso
1247 1539 1445 1596 labore
1490 1540 1551 1596 in
1599 1540 1856 1596 Ecclesia

199 1625 416 1683 Christi
446 1626 757 1694 desudant,
778 1631 835 1682 et
881 1626 1274 1684 indesinentia
1305 1629 1552 1685 Domino
1582 1629 1857 1685 exhibent

200 1715 500 1773 servitutis
516 1715 824 1788 obsequia;
845 1717 1027 1789 is,qui
1046 1718 1116 1773 de
1135 1717 1276 1774 foris
1295 1722 1384 1774 est
1405 1717 1645 1775 alterius
1665 1718 1853 1787 ovilis,

199 1805 415 1861 Christi
437 1809 674 1878 repente
696 1805 1092 1878 principatum
1111 1806 1372 1880 arripiat,
1388 1812 1443 1863 et
1465 1808 1689 1865 nitatur
1708 1825 1856 1880 quos

200 1910 330 1951 esse
362 1911 501 1950 suos
533 1910 650 1950 non
681 1895 1064 1968 recognoscit,
1092 1895 1457 1969 discerpere:
1483 1900 1540 1953 et
1571 1913 1711 1970 grex
1742 1901 1854 1951 Do-

201 1983 455 2039 minicus
475 1981 718 2055 incipiat
737 1999 894 2051 eum,
911 1986 976 2037 ut
996 1987 1129 2055 pote
1151 1988 1492 2041 extraneum
1516 1989 1573 2041 et
1589 1984 1861 2058 improvi-

201 2089 356 2141 sum,
373 2072 614 2128 omnino
632 2075 1032 2128 contemnere:
1052 2073 1375 2145 praesertim
1395 2091 1527 2129 cum
1546 2074 1862 2147 perspiciat

202 2161 285 2217 nil
316 2161 430 2218 sibi
461 2160 755 2233 stipendia
783 2161 1099 2233 profecisse
1127 2163 1493 2232 meritorum,
1517 2168 1574 2219 et
1604 2163 1860 2220 alienum

203 2267 446 2308 suorum
479 2254 679 2307 cernat
708 2266 1053 2307 consumere
1086 2251 1309 2308 fruetus
1337 2251 1626 2308 laborum.

278 2340 350 2394 Il.
375 2338 718 2411 Gregorium
744 2356 910 2407 sane,
926 2338 1027 2412 qui
1044 2343 1418 2412 Syracusanae
1436 2340 1704 2396 Ecclesia
1726 2340 1864 2397 irre-

206 2427 510 2501 gulariter,
541 2432 716 2500 atque
747 2427 863 2484 Deo
907 2432 1239 2501 contempto
1270 2433 1499 2501 praeest,
1522 2448 1588 2486 eo
1620 2430 1773 2503 quod
1805 2434 1865 2486 et

209 2517 334 2592 ipse
364 2535 432 2573 ex
462 2521 626 2591 parte
684 2516 1195 2575 schismaticorum
1237 2518 1334 2586 sit,
1367 2523 1426 2574 et
1486 2522 1799 2592 postquam
1831 2536 1865 2575 a

209 2607 430 2679 synodo
460 2607 833 2679 episcopatus
873 2607 1064 2663 ofﬁcio
1105 2608 1392 2680 privatus,
1414 2613 1470 2663 et
1499 2625 1533 2663 a
1561 2609 1864 2665 decessore

208 2711 338 2751 meo
368 2698 582 2751 sanetae
614 2694 909 2750 memoriae
931 2713 1083 2768 papa
1106 2696 1415 2752 Benedicto
1438 2695 1731 2770 obligatus
1752 2701 1860 2763 est,

208 2788 263 2841 et
290 2782 563 2839 Photium
594 2782 813 2839 laicum
836 2784 1031 2839 subito
1060 2801 1401 2841 consecrare
1431 2784 1491 2840 in
1522 2785 1863 2859 episcopatu

208 2890 326 2929 non
358 2872 712 2938 formidavit,
746 2876 802 2928 et
840 2873 911 2928 de
962 2889 1125 2929 sacro
1174 2874 1500 2929 ministerio
1546 2892 1728 2930 ausus
1777 2878 1866 2930 est

208 2961 400 3018 multa
437 2960 792 3035 contingere,
807 2961 979 3032 juxta
1008 2963 1430 3035 praecedentem
1482 2964 1864 3019 consuetudi-

208 3066 344 3106 nem
377 3049 769 3115 sancimus,et
790 3052 962 3122 juxta
993 3051 1335 3108 canonicam
1387 3050 1862 3108 deliberationem

208 3139 531 3213 apostolica
561 3139 907 3195 auctoritate
937 3138 1286 3206 difﬁnimus,
1319 3143 1493 3213 atque
1525 3141 1863 3213 statuimus,

208 3227 368 3285 omni
382 3227 726 3284 sacerdotali
744 3231 1139 3300 carere,atque
1158 3229 1451 3301 privatum
1464 3228 1585 3284 fore
1602 3229 1744 3284 mini
1752 3234 1865 3286 ste-

208 3317 295 3373 rio
317 3335 329 3372 :
350 3315 434 3372 ita
454 3320 520 3371 ut
545 3316 705 3372 nullo
725 3317 896 3372 modo
917 3294 1090 3373 liceat
1110 3294 1242 3373 ei—in
1264 3317 1521 3389 qualibet
1538 3319 1759 3391 synodo
1781 3336 1865 3375 re-
1893 3294 1935 3362 (ἶ

208 3404 533 3463 stitutionis
564 3423 750 3478 spem,
784 3409 886 3461 aut
926 3405 1117 3461 locum
1156 3405 1369 3462 habere
1400 3406 1817 3463 satisfactionis
1847 3424 1860 3462 :

208 3483 371 3568 quod.
399 3494 446 3551 si
481 3495 553 3550 de
583 3495 806 3568 reliquo
838 3496 1279 3567 praesumpserit
1329 3494 1391 3551 in
1449 3513 1614 3552 sacro
1672 3496 1863 3552 officio

206 3600 372 3640 more
400 3583 719 3639 sacerdotis
764 3582 969 3655 quovis
1017 3587 1280 3656 tempore
1330 3584 1686 3653 ministrare,
1721 3603 1864 3642 ana-

208 3672 412 3729 thema
442 3673 538 3729 sit.
564 3672 676 3728 Sed
707 3676 764 3728 et
793 3671 841 3729 si
867 3676 1071 3729 contra
1096 3674 1333 3729 fratrem
1366 3678 1424 3730 et
1453 3674 1863 3747 coepiscopum

208 3766 480 3818 nostrum
512 3760 806 3833 Ignatium
860 3761 1065 3817 turbas
1097 3761 1550 3831 excitaverit,vel
1608 3764 1680 3818 ab
1736 3764 1866 3836 ejus

209 3850 626 3907 communione
656 3849 858 3906 ﬁdeles
888 3850 1178 3917 averterit,
1202 3852 1517 3907 anathema
1537 3851 1634 3908 sit.
1660 3853 1727 3907 Et
1748 3870 1868 3908 om-

210 3958 315 3997 nes
347 3939 851 3996 communicantes
884 3940 935 3995 ei
969 3941 1039 3995 ab
1072 3940 1330 3996 Ecclesia
1358 3940 1731 4012 abjiciantur,
1764 3942 1865 3998 sed

210 4033 267 4086 et
296 4029 408 4103 ipsi
443 4028 757 4085 anathema
786 4028 924 4085 sint.

284 4118 379 4174 III.
405 4119 512 4173 Eos
535 4134 688 4186 vero,
715 4135 862 4191 quos
886 4117 1126 4174 Photius
1149 4117 1497 4191 neophytus,
1514 4122 1570 4175 et
1589 4119 1869 4176 Constan-

210 4206 611 4280 tinopolitanae
640 4206 796 4262 sedis
829 4206 1079 4274 invasor,
1106 4207 1164 4261 in
1188 4206 1451 4279 quolibet
1471 4208 1866 4264 ecclesiastico

213 4296 419 4353 ordine
476 4295 753 4368 provexit,
789 4295 1068 4368 quoniam
1100 4296 1477 4353 manifestum
1539 4301 1628 4354 est
1679 4314 1777 4354 eos
1806 4296 1866 4353 in

214 4384 490 4441 omnibus
511 4384 933 4441 consecratoris
955 4384 1047 4441 sui
1069 4385 1454 4459 pravitatibus
1477 4385 1866 4453 consensisse,

214 4477 390 4546 atque
421 4473 471 4529 ei
505 4478 635 4545 post
664 4473 1025 4529 invasionem
1057 4472 1493 4530 communicare
1518 4473 1869 4547 [communi-

214 4562 422 4636 casse],
439 4562 597 4618 omni
626 4561 878 4617 clericali
902 4562 1095 4618 ofﬁcio
1118 4563 1438 4636 privamus,
1462 4567 1518 4619 et
1548 4563 1872 4636 apostolica

1959 650 2199 703 sanctus
2228 648 2518 715 revelavit,
2550 652 2608 705 et
2647 650 2876 708 dudum
2919 652 3229 710 Zacharias
3278 655 3610 731 episcopus,

1960 736 2062 808 qui
2085 754 2240 792 unus
2261 738 2332 793 de
2361 738 2584 794 eisdem
2612 739 2845 797 duobus
2875 740 3084 815 legatis
3115 743 3355 813 exstitit,
3379 747 3615 820 propria

1961 824 2324 882 confessione
2356 826 2771 900 manifestavit)
2794 828 2995 886 infulis
3036 835 3126 887 est
3155 834 3616 893 sacerdotalibus

1962 914 2344 986 despoliatus,
2361 917 2705 973 auctoritate
2717 919 2935 975 summi
2945 920 3167 992 judicis
3184 922 3417 979 Domini
3432 925 3615 981 nostri

1961 1003 2102 1080 Jesu
2133 1003 2347 1059 Christi
2377 1005 2842 1079 promulgamus,
2871 1008 3193 1078 sancimus,
3218 1016 3396 1084 atque
3425 1014 3620 1070 decer—

1963 1091 2184 1160 nimus,
2203 1109 2467 1164 unquam
2499 1112 2605 1151 nec
2634 1095 2835 1164 fuisse,
2859 1114 2965 1154 nec
2996 1115 3125 1155 esse
3154 1099 3507 1172 depositum,
3530 1103 3617 1160 vel

1964 1180 2830 1257 anathematizatum,tanquam
2845 1186 2945 1259 qui
2965 1187 3037 1242 ab
3050 1188 3340 1260 imperiali
3357 1192 3619 1262 potentia

1965 1270 2278 1343 sitabsque
2301 1269 2423 1327 ulla
2442 1273 2723 1329 canonica
2737 1275 3083 1332 auctoritate
3105 1276 3312 1350 pulsus
3334 1279 3614 1349 Ecclesia,

1963 1363 2019 1414 et
2048 1363 2330 1430 tanquam
2357 1360 2458 1432 qui
2482 1361 2555 1416 ab
2583 1360 2837 1434 alligatis
2858 1363 3021 1420 nullo
3050 1365 3239 1437 possit
3266 1367 3467 1423 haberi
3494 1368 3620 1425 vin-

1964 1446 2095 1503 culo
2126 1446 2455 1521 colligatus,
2479 1452 2537 1504 et
2566 1449 2637 1505 ab
2659 1449 2742 1505 eis
2768 1451 2868 1522 qui
2902 1450 3124 1508 nullam
3150 1471 3285 1510 eum
3308 1455 3617 1526 judicandi

1964 1540 2334 1608 potestatem,
2372 1536 2461 1592 vel
2513 1538 2586 1592 ab
2643 1538 2962 1611 apostolica
3016 1543 3153 1598 sede
3207 1545 3617 1602 auctoritatem

1965 1624 2303 1691 habuerint,
2326 1630 2384 1682 et
2402 1625 2636 1682 nullum
2658 1628 2746 1683 sui
2780 1628 3021 1686 honoris
3043 1631 3358 1689 discrimen
3382 1634 3503 1707 pati
3518 1636 3621 1692 de-

1966 1713 2179 1770 buerit.
2197 1715 2267 1770 Et
2289 1714 2417 1771 ideo
2444 1713 2613 1770 illum
2638 1715 2717 1788 (id
2741 1721 2831 1772 est
2849 1720 3123 1776 eumdem
3145 1721 3383 1778 fratrem
3407 1727 3466 1778 et
3489 1741 3623 1780 con-

1967 1803 2328 1859 sacerdotem
2363 1806 2630 1859 nostrum
2665 1805 2956 1877 lgnatium
2988 1809 3427 1884 patriarcham),
3461 1811 3624 1868 omni

1964 1890 2198 1947 vinculo
2231 1892 2625 1949 anathematis
2655 1893 2728 1949 ab
2758 1911 2826 1950 eo
2867 1901 3111 1963 remoto,
3143 1915 3248 1970 per
3273 1903 3622 1972 potestatem

1969 1980 2164 2036 divina
2182 1997 2321 2037 voce
2350 1980 2409 2036 in
2441 1981 2783 2039 beatissimo
2811 1983 2978 2041 Petro
2999 1985 3293 2056 collatam,
3318 1994 3375 2045 et
3402 2006 3506 2062 per
3524 2007 3625 2046 au-

1969 2069 2267 2126 ctoritates
2299 2087 2602 2126 sacrorum
2643 2088 2955 2140 canonum,
2989 2078 3047 2130 et
3074 2075 3455 2133 decretalium
3484 2094 3623 2135 con-

1970 2158 2344 2214 stitutionum
2377 2174 2538 2214 more
2578 2164 2916 2216 sanctorum
2947 2162 3186 2219 Patrum
3237 2164 3619 2237 prolatarum,

1970 2246 2218 2319 pristino
2250 2246 2478 2317 honori,
2514 2246 2775 2320 pristinae
2807 2249 3077 2323 dignitati
3107 2256 3165 2308 et
3192 2253 3339 2320 sedi,
3373 2254 3622 2326 pristino

1970 2336 2198 2408 gradui,
2217 2340 2275 2391 et
2301 2336 2678 2409 patriarchio,
2698 2354 2765 2393 ac
2796 2338 3065 2410 pristinis
3084 2345 3141 2396 et
3166 2342 3623 2414 pontiﬁcialibus

1971 2424 2195 2491 infulis,
2211 2428 2387 2497 atque
2409 2424 2617 2481 ofﬁciis
2640 2426 3029 2497 restituimus,
3045 2431 3384 2501 statuimus,
3403 2450 3471 2490 ac
3492 2449 3626 2489 con-

1972 2513 2281 2570 ﬁrmamus
2316 2531 2328 2569 :
2364 2513 2445 2569 ita
2477 2518 2543 2569 ut
2581 2514 2916 2588 quicunque
2961 2522 3094 2590 post
3140 2520 3414 2575 notitiam
3445 2521 3626 2594 hujus

1972 2601 2301 2674 apostolica:
2360 2606 2536 2675 atque
2584 2603 2872 2676 synodicae
2931 2606 3274 2676 sanctionis,
3309 2609 3627 2680 quominus

1973 2692 2191 2760 omnia,
2217 2708 2344 2764 quae
2366 2692 2784 2765 praemisimus,
2805 2685 3054 2768 insignis
3084 2697 3461 2768 pontiﬁcatus
3482 2699 3628 2756 reci-

1973 2781 2115 2855 piat,
2140 2780 2190 2836 ei
2221 2780 2574 2854 impedierit,
2598 2785 2655 2837 et
2684 2800 2797 2838 non
2833 2783 2892 2838 in
2928 2784 3204 2842 omnibus
3238 2785 3376 2842 huic
3396 2788 3628 2845 decreto

1974 2869 2279 2937 obedierit,
2293 2869 2380 2925 vel
2404 2886 2465 2926 se
2486 2871 2559 2926 ab
2575 2871 2702 2942 ejus
2719 2873 3134 2929 communione
3154 2877 3525 2948 scperaverit,
3538 2876 3628 2933 vel

1974 2959 2222 3015 ulterius
2245 2963 2449 3015 contra
2469 2975 2602 3014 eum
2636 2958 2873 3033 aliquod
2896 2960 3189 3033 judicium
3221 2965 3478 3036 proferre
3508 2969 3628 3023 ten-

1973 3048 2198 3117 taverit,
2215 3048 2437 3121 absque
2466 3048 2622 3104 sedis
2643 3049 2927 3106 duntaxat
2957 3052 3289 3124 apostolicae
3319 3055 3624 3128 praemisso

1973 3154 2292 3207 consensu;
2316 3137 2364 3193 si
2388 3137 2624 3210 quidem
2644 3138 2890 3195 clericus
2912 3140 3105 3208 fuerit,
3120 3143 3191 3198 ab
3214 3143 3375 3199 omni
3392 3144 3625 3202 clerica-

1973 3231 2071 3283 tus
2094 3226 2286 3282 ofﬁcio
2309 3243 2503 3282 coram
2521 3226 2636 3282 Deo
2658 3231 2715 3282 et
2734 3227 3074 3285 hominibus
3090 3229 3167 3285 sit
3187 3231 3433 3301 alienus,
3448 3237 3625 3306 atque

1973 3315 2215 3388 perenni
2248 3331 2417 3388 poena
2444 3320 2726 3388 tanquam
2776 3316 2875 3388 qui
2927 3317 3276 3391 magistrum
3306 3322 3629 3393 prodiderit

1972 3421 2105 3461 cum
2138 3404 2294 3460 Juda
2322 3403 2601 3460 traditore
2631 3405 3130 3479 constringantur,
3158 3412 3215 3464 et
3245 3408 3357 3465 nisi
3388 3426 3422 3465 a
3449 3427 3629 3483 prava

1974 3493 2295 3550 intentione
2328 3493 2651 3561 recesserit,
2682 3499 2961 3566 perpetuo
2991 3496 3364 3554 anathemate
3395 3503 3630 3556 maneat

1973 3583 2428 3651 condemnatus;
2454 3583 2502 3638 si
2528 3599 2663 3639 vero
2692 3583 2876 3640 laicus
2896 3584 3181 3641 exstiterit
3209 3586 3306 3642 ille
3331 3587 3627 3661 (quisquis

1974 3673 2082 3745 est)
2114 3671 2255 3727 huic
2292 3675 2503 3728 nostrae
2534 3672 2937 3729 constitutioni
2970 3674 3258 3731 contraire
3286 3679 3540 3747 tentans,
3571 3682 3631 3734 et

1975 3777 2110 3816 eum
2141 3760 2340 3816 sedem
2371 3762 2429 3815 et
2453 3776 2689 3815 omnem
2720 3759 3032 3832 pristinam
3064 3763 3352 3819 duntaxat
3380 3764 3631 3838 dignita-

1973 3854 2092 3905 tern
2124 3849 2382 3921 recipere
2421 3865 2537 3904 non
2581 3849 2931 3920 permiserit,
2963 3850 3053 3906 vel
3085 3851 3132 3907 si
3167 3856 3299 3924 post
3337 3857 3630 3927 receptam

1976 3939 2230 4011 priorem
2260 3938 2458 3993 sedem
2486 3939 2677 3993 denuo
2710 3937 2879 3993 illum
2910 3939 3229 4012 impellere,
3253 3945 3312 3996 et
3333 3959 3368 3997 a
3387 3942 3633 4015 patriar-

1976 4027 2106 4082 chio
2154 4026 2438 4099 expellere
2486 4027 2814 4094 tentaverit,
2849 4027 2931 4084 vel
2982 4044 3243 4100 personae
3290 4029 3480 4102 ipsius
3527 4049 3630 4089 seu

1976 4114 2319 4172 sacerdotali
2352 4115 2561 4172 honori
2602 4116 2861 4188 aliquam
2897 4116 3225 4174 molestiam
3271 4119 3399 4176 sine
3430 4120 3631 4193 prima;

1977 4204 2157 4276 hujus
2187 4205 2343 4261 sedis
2375 4221 2663 4260 consensu
2708 4205 2994 4273 intulerit,
3028 4206 3186 4262 omni
3231 4207 3632 4266 benedictione

1979 4299 2224 4366 paterna
2282 4293 2557 4366 privetur,
2617 4297 2673 4349 et
2730 4292 3137 4351 maledictione
3193 4296 3467 4353 Chanaan
3528 4298 3631 4353 ﬁlii

1978 4383 2179 4450 Cham,
2209 4382 2304 4454 qui
2338 4382 2747 4438 verecundiam
2780 4381 2961 4454 patris
2991 4383 3083 4439 sui
3113 4384 3318 4442 videns
3349 4402 3464 4441 non
3497 4403 3634 4443 coo-

1980 4471 2193 4544 peruit,
2229 4472 2329 4526 sed
2392 4469 2600 4539 irrisit,
2628 4470 2973 4540 mulctetur;
3025 4476 3083 4528 et
3130 4489 3265 4529 cum
3327 4474 3635 4547 parricidis

1980 4564 2198 4616 aeterna
2223 4576 2392 4632 pmna
2421 4559 2662 4616 Domino
2683 4560 2992 4631 judicante
3013 4561 3381 4633 pereellatur,
3407 4568 3465 4620 et
3484 4564 3641 4622 nexi—

215 4657 390 4725 atque
420 4651 701 4707 canonica
729 4651 1097 4719 auctoritate,
1124 4655 1180 4708 et
1211 4651 1476 4724 synodali
1511 4653 1739 4708 decreto
1771 4670 1870 4709 eos
1904 4670 1948 4735 Β
1979 4651 2091 4705 bus
2125 4648 2516 4705 anathematis
2550 4649 2783 4706 nonnisi
2814 4649 3166 4722 resipiscens
3195 4653 3431 4725 penitus
3463 4670 3637 4711 erua-

215 4740 449 4815 penitus
484 4744 946 4812 sequestramus.

288 4830 379 4885 1V.
406 4830 962 4885 Reverentissimum
984 4834 1041 4884 et
1071 4829 1517 4885 sanctissimum
1545 4831 1782 4887 fratrem
1817 4836 1876 4888 et

218 4919 627 4992 coepiscopum
646 4923 911 4975 nostrum
932 4918 1222 4991 Ignatium
1242 4922 1459 4974 sanctae
1471 4920 1875 4980 Constantino-

218 5007 492 5082 politanze
522 5006 778 5064 ecclesia:
829 5006 1360 5080 patriarcham,qui
1396 5007 1583 5079 primo
1637 5009 1874 5080 quidem

220 5097 510 5171 imperiali
533 5096 810 5153 violentia
832 5114 897 5153 ac
923 5101 1160 5165 terrore,
1185 5097 1420 5170 proprio
1454 5096 1662 5152 throno
1686 5099 1875 5170 priva-

219 5192 316 5243 tus
346 5190 454 5253 est,
489 5191 546 5242 et
578 5191 780 5259 postea
809 5204 843 5242 a
869 5186 1073 5243 Photio
1105 5185 1389 5254 adultero,
1417 5186 1873 5259 praevaricatore,

222 5292 289 5332 ac
319 5293 626 5349 pervasere
657 5274 815 5331 sedis
846 5275 1523 5348 Constantinopolitanae,
1561 5278 1616 5331 et
1647 5276 1718 5331 ab
1751 5277 1879 5348 ejus

222 5364 609 5438 complicibus
623 5364 1165 5435 (excommunicatis
1181 5364 1447 5420 videlicet
1466 5367 1522 5420 et
1543 5365 1881 5421 anathema-

220 5452 435 5523 tizatis,
466 5457 638 5527 atque
670 5452 985 5521 damnatis,
1019 5458 1076 5508 et
1107 5453 1232 5509 sine
1262 5453 1695 5527 episcopalibus
1728 5455 1880 5511 sedi-

222 5544 356 5610 bus,
390 5546 447 5598 et
475 5561 510 5598 a
540 5544 844 5599 decessore
884 5558 1014 5596 meo
1064 5546 1276 5598 sanctae
1325 5542 1743 5599 recordationis
1775 5544 1880 5600 Be-

224 5632 455 5689 nedicto
481 5648 652 5705 papa,
676 5629 950 5704 obligatis
971 5629 1334 5703 hominibus)
1357 5630 1883 5688 anathematizatus

223 5726 332 5792 est,
358 5726 414 5779 et
444 5725 739 5794 postremo
780 5721 852 5777 ab
899 5718 1231 5793 apostolicae
1263 5721 1418 5776 sedis
1454 5721 1634 5777 misso
1683 5727 1885 5778 contra

1984 4743 2101 4795 tur.

2053 4828 2121 4882 V.
2154 4829 2267 4883 Eos
2297 4832 2493 4884 autem
2538 4828 2863 4901 episcopos,
2897 4847 3001 4887 seu
3051 4831 3368 4904 cujuslibet
3415 4832 3640 4889 ordinis

1984 4918 2245 4984 clericos,
2278 4918 2377 4990 qui
2412 4922 2545 4990 post
2591 4917 2872 4990 injustam
2903 4920 3287 4991 dejectionem
3338 4921 3536 4978 fratris
3582 4925 3642 4978 et

1986 5007 2313 5080 coepiscopi
2347 5008 2530 5063 nostri
2565 5007 2796 5080 Ignatii,
2820 5007 2908 5064 vel
2940 5008 3000 5064 in
3031 5008 3233 5065 exsilio
3266 5009 3528 5081 relegati,
3552 5010 3641 5066 vel

1987 5096 2338 5165 ministerio,
2358 5101 2459 5153 aut
2487 5097 2671 5171 gradu
2700 5096 2981 5153 invidiose
3011 5098 3217 5169 privati
3240 5102 3400 5165 sunt,
3430 5099 3642 5155 statui-

1989 5203 2122 5240 mus
2144 5192 2207 5241 ul
2222 5184 2426 5241 exsilio
2446 5184 2733 5242 dissoluto
2755 5186 3021 5258 proprias
3036 5187 3405 5260 sedes,atque
3422 5188 3644 5260 gradus

1988 5274 2290 5347 recipiant.
2326 5274 2488 5341 Quod
2533 5274 2580 5330 si
2615 5274 2929 5347 quisquam
2986 5274 3124 5331 huic
3154 5276 3386 5332 decreto
3444 5282 3644 5333 nostro

1988 5363 2277 5419 contraire
2308 5363 2767 5436 praesumpserit,
2794 5368 2853 5419 et
2883 5368 2948 5418 ut
2978 5364 3166 5435 sedes,
3189 5364 3276 5421 vel
3307 5367 3526 5439 gradus
3555 5383 3647 5422 re-

1991 5456 2229 5509 sumant
2258 5452 2612 5525 impedierit,
2646 5469 2955 5525 quousque
2992 5470 3107 5509 non
3141 5455 3644 5527 obtemperaverit,

1991 5543 2305 5599 anathema
2327 5543 2580 5598 sit.Sane
2602 5541 2651 5598 si
2675 5542 2774 5615 qui
2796 5559 2864 5598 ex
2884 5543 2969 5599 eis
2990 5544 3062 5599 ab
3085 5543 3216 5599 aliis
3237 5543 3650 5614 criminantur,

1993 5631 2363 5688 decernimus
2386 5649 2484 5687 eos
2509 5637 2680 5688 antea
2701 5633 2869 5688 sedes
2892 5631 3131 5706 quidem
3157 5637 3213 5689 et
3233 5633 3501 5707 proprios
3523 5652 3654 5708 gra-

1994 5723 2105 5778 dus
2154 5721 2428 5795 recipere,
2453 5721 2708 5793 judicari
2757 5727 2953 5780 autem
2988 5721 3101 5780 nisi
3133 5740 3166 5779 a
3195 5724 3330 5781 sede
3391 5724 3655 5782 Romana
