4126 6464
489 417 615 485 Θῦὅ

1864 418 2181 484 NICOLAI
2222 416 2454 481 PAPIE
2497 419 2545 481 l.

3787 415 3919 481 856

492 575 609 618 non
631 556 908 631 patimur.
928 557 1041 615 Sed
1068 557 1117 615 si
1144 576 1261 632 qua
1280 562 1485 632 praeter
1508 556 1768 631 regulam
1794 557 1937 614 forte
1957 556 2148 629 egisse
2176 556 2229 623 Α
2260 555 2603 629 praecipites.
2623 556 3015 624 Quamobrem
3062 555 3371 614 destinatis
3418 554 3478 613 in
3528 555 3758 612 diversa
3784 554 3924 611 loca

494 649 796 717 dicuntur,
820 652 1021 704 nostro
1060 665 1160 705 eos
1207 649 1440 704 decreto
1478 648 1834 719 judicandos
1865 646 2145 703 reservari

492 740 830 805 statuimus,
844 739 1019 810 juxta
1041 739 1193 812 quod
1226 742 1283 793 et
1311 739 1461 793 sacri
1494 738 1841 810 praecipiunt
1870 754 2143 793 canones.

558 829 653 885 Vl.
691 829 855 896 Quod
904 832 1129 901 oportet
1158 844 1266 884 nos
1297 829 1590 900 majorum
1642 831 1979 883 nostrorum
2029 830 2148 882 sta-

491 922 622 976 tuta
648 919 893 974 immoto
922 916 1137 973 mentis
1165 916 1385 973 intuitu
1408 921 1847 985 conservare,et
1876 917 1935 972 in
1966 916 2150 972 omni-

490 1009 606 1067 bus
634 1013 972 1065 sanctorum
1003 1008 1243 1063 Patrum
1289 1023 1521 1080 semper
1559 1008 1834 1081 dogmata
1862 1007 2146 1089 venerari,

493 1097 820 1155 difﬁnimus
841 1097 911 1151 de
933 1095 1118 1151 sacris
1138 1110 1195 1151 et
1210 1095 1558 1152 venerandis
1579 1096 1942 1169 imaginibus
1960 1097 2153 1152 Domi~

497 1187 556 1245 ni
578 1186 761 1255 nostri
786 1186 925 1243 Jesu
947 1185 1184 1254 Christi,
1201 1186 1446 1258 ejusque
1469 1202 1703 1259 semper
1716 1185 1974 1259 Virginis
1995 1186 2152 1259 geni-

494 1277 660 1335 tricis
689 1275 906 1342 Marim,
939 1275 1205 1330 omnium
1245 1279 1604 1343 sanctorum,
1631 1275 1728 1348 qui
1762 1275 1890 1347 De;
1907 1276 1979 1332 ab
2009 1275 2151 1331 Abel

488 1367 655 1439 justo
687 1365 979 1439 placuisse
1021 1364 1361 1432 creduntur,
1387 1381 1536 1437 quos
1572 1364 1830 1422 Ecclesia
1859 1370 2063 1421 sancta
2088 1365 2151 1421 in

497 1456 771 1513 universo
800 1454 940 1517 orbe
991 1454 1210 1509 diffusa
1257 1453 1583 1527 antiquitus
1632 1454 1873 1527 accepit,
1908 1472 2153 1528 qumque

498 1546 658 1603 sedis
686 1543 1018 1618 apostolicae
1066 1543 1348 1616 przesules
1395 1561 1500 1616 pro
1540 1544 1624 1599 eis
1654 1545 2052 1613 decreverunt,
2087 1564 2153 1603 ac

498 1638 853 1701 statuerunt,
872 1632 1101 1688 illibata
1124 1632 1455 1705 persistere,
1470 1637 1643 1705 atque
1663 1633 2012 1691 intemerata
2033 1652 2155 1692 ma-

499 1742 659 1782 nere.
685 1726 1048 1796 Quapropter
1089 1722 1376 1778 Joannem
1409 1723 1707 1795 quondam
1746 1723 2157 1781 Constantino-

499 1813 831 1888 politanum
859 1811 1181 1868 antistitem
1205 1812 1279 1884 (a)
1302 1815 1359 1867 et
1386 1828 1669 1884 sequaces
1698 1813 2027 1887 ipsius,qni
2056 1831 2155 1872 eas

2256 662 2390 701 cum
2422 646 2688 719 epistolis
2707 646 2787 717 (id
2819 651 2927 714 est,
2954 647 3051 703 ubi
3076 646 3237 703 solus
3260 646 3428 703 illum
3451 664 3654 703 rumor
3681 644 3922 702 latitare

2256 735 2593 806 fatebatur),
2649 736 2850 793 missis
2908 736 3147 804 nostris,
3195 736 3463 794 videlicet
3519 736 3924 793 sanctissimis

2256 825 2566 898 episcopis,
2599 830 2794 882 ratum
2825 844 2959 882 eum
3005 827 3283 884 duximus
3313 826 3637 884 convocari.
3671 826 3781 883 Sed
3815 825 3923 883 ille

2258 914 2517 972 diversas
2544 915 2798 972 latebras
2848 917 3208 989 penetrando
3236 920 3327 988 (ut
3356 921 3488 990 pote
3534 916 3693 972 ﬁlius
3724 914 3924 971 noctis

2258 1007 2314 1060 et
2343 1006 2739 1075 tenebrarum,
2767 1007 2865 1079 qui
2899 1023 3075 1079 opera
3106 1006 3256 1064 lueis
3277 1011 3334 1063 et
3363 1006 3477 1063 diei
3504 1023 3736 1078 semper
3764 1006 3925 1062 refu-

2258 1094 2445 1167 giens,
2480 1111 2720 1151 causam
2768 1114 2938 1153 suam
2972 1098 3043 1153 ad
3088 1096 3623 1154 manifestationem
3667 1096 3923 1168 justiﬁes

2260 1183 2402 1240 solis
2434 1184 2643 1240 deduci
2674 1186 2969 1254 formidat)
3002 1184 3311 1259 quousque
3340 1185 3544 1255 valuit,
3578 1184 3749 1242 nobis
3780 1186 3922 1243 obe-

2261 1274 2385 1330 dire
2415 1274 2702 1347 dexpexit.
2736 1277 2804 1331 At
2835 1276 2935 1331 ubi
2968 1293 3083 1332 non
3116 1277 3331 1349 reperit
3360 1280 3555 1331 tutum
3589 1293 3705 1332 sua:
3737 1275 3924 1350 tergi-

2259 1364 2605 1420 versationis
2651 1364 2990 1434 latibulum,
3023 1366 3261 1422 tandem
3293 1365 3608 1439 aliquando
3668 1366 3923 1422 Romam

2260 1453 2450 1509 redire
2481 1469 2662 1509 ausus
2689 1458 2799 1510 est.

2331 1543 2401 1598 Et
2430 1560 2564 1599 cum
2597 1560 2704 1599 nos
2746 1545 2899 1600 inter
2935 1545 3257 1601 furentium
3297 1546 3765 1602 adversariorum
3795 1543 3926 1600 lin-

2262 1647 2430 1704 guas,
2454 1636 2511 1688 et
2537 1650 2748 1689 manus
2770 1634 2925 1706 apud
2948 1634 3185 1691 beatum
3211 1635 3448 1691 Petrum
3470 1634 3795 1709 apostolum
3824 1635 3929 1689 de-

2262 1738 2554 1795 geremus,
2577 1722 2701 1795 ipse
2748 1724 3078 1796 insperatus
3128 1742 3307 1798 super
3362 1742 3471 1782 nos
3524 1724 3735 1794 hostis,
3768 1725 3930 1781 inter

2263 1811 2463 1868 hostes
2495 1812 2741 1885 irrupit:
2766 1817 2843 1881 et,
2865 1817 2928 1868 ut
2969 1831 3126 1869 nunc
3160 1814 3357 1883 claret,
3383 1816 3593 1872 iterum
3618 1816 3925 1871 discessu-

497 1902 873 1977 frangendas,
893 1905 1070 1973 atque
1098 1900 1407 1957 calcandas
1444 1918 1574 1958 esse
1603 1919 1700 1959 ore
1741 1902 1961 1976 polluto
1993 1922 2157 1961 asse-
2187 1934 2236 2000 Β
2265 1918 2366 1957 rus
2399 1902 2801 1959 fraudulenter
2828 1904 3104 1973 accessit;
3132 1922 3246 1978 quo
3276 1908 3470 1961 tamen
3504 1921 3764 1977 corpore,
3799 1921 3924 1971 non

496 1996 723 2063 verant,
750 1990 1012 2064 quandiu
1045 1990 1118 2046 de
1147 1989 1242 2047 his
1271 1990 1579 2047 nobiscum
1614 2009 1731 2048 non
1761 1994 2073 2062 senserint,
2097 2000 2156 2051 et

493 2085 666 2157 juxta
686 2085 1022 2138 sanctorum
1045 2080 1390 2153 pontificum
1412 2082 1808 2139 Romanorum
1835 2085 2085 2152 decreta,
2100 2090 2157 2142 et

501 2173 750 2231 aliorum
780 2169 1203 2229 catholicorum
1226 2170 1463 2227 Patrum
1498 2172 1769 2229 instituta
1800 2191 1916 2232 non
1949 2193 2156 2248 sapue-

501 2263 640 2330 rint,
675 2260 978 2317 sancimus
1008 2277 1109 2317 eos
1139 2276 1171 2316 a
1192 2260 1446 2329 Christo,
1476 2266 1535 2317 et
1567 2263 1639 2318 ab
1668 2263 1927 2322 Ecclesia
1956 2267 2154 2322 catho-

500 2352 616 2409 lica
645 2355 823 2423 atque
851 2348 1172 2423 apostolica
1189 2366 1320 2405 esse
1351 2350 1686 2407 anathema.

535 2458 797 2525 (Capitula
824 2470 944 2527 quas
970 2457 1377 2527 subsequuntur
1406 2459 1459 2508 in
1494 2460 1595 2527 alia
1633 2462 1879 2524 primitus
1911 2477 1942 2512 a
1970 2463 2126 2513 nobis

815 2520 1036 2571 cbllecta
1063 2520 1271 2584 synodo
1299 2520 1645 2587 promulgata
1678 2527 1844 2587 sunt.)

576 2729 717 2798 Quia
744 2729 1007 2785 Dominus
1035 2729 1189 2785 Iesus
1220 2729 1473 2786 Christus
1514 2748 1679 2788 carne
1715 2735 2087 2793 tantummodo

1169 2817 1365 2872 passus
1393 2809 1487 2859 est.

568 2905 869 2964 Veraeiter
900 2907 1136 2981 quidem
1178 2910 1535 2966 credendum
1567 2917 1679 2982 est,
1702 2917 1758 2969 et
1796 2916 2157 2976 omnimodis

498 2998 897 3070 profitendum
926 3015 938 3052 :
972 2997 1111 3070 quia
1142 2998 1427 3056 Dominus
1459 3006 1659 3058 noster
1685 3004 1858 3061 Jesus
1889 3005 2157 3067 Christus

497 3088 672 3155 Deus,
698 3089 755 3142 et
783 3086 883 3142 Dei
918 3086 1101 3144 Filius
1144 3089 1480 3162 passionem
1513 3092 1705 3148 crucis
1745 3098 2156 3155 tantummodo

499 3175 826 3236 secundum
858 3191 1091 3232 carnem
1124 3178 1409 3236 sustinuit
1434 3197 1445 3236 :
1473 3181 1685 3238 deitate
1717 3190 1911 3242 autem
1943 3186 2158 3263 impas-

500 3264 691 3335 sibilis
736 3265 976 3333 mansit,
1009 3271 1075 3322 ut
1131 3268 1454 3339 apostolica
1509 3271 1675 3327 docet
1732 3277 2068 3345 auctoritas,
2101 3284 2158 3336 et
2187 3314 2230 3381 Ο

500 3359 835 3381 --....ιΑ.-...υι
874 3353 1105 3381 ηλι-...υι
1150 3356 1509 3381 ‘.--!J!-_!_._-
1556 3361 1677 3381 .I-AA
1720 3362 1730 3373 ⁸
1917 3370 1927 3381 ι
2031 3368 2090 3381 υ.

500 3359 839 3414 sanctorum
873 3353 1109 3411 Patrum
1150 3356 1520 3416 lucidissima
1549 3361 1815 3420 doctrina
1844 3368 2116 3425 ostendit.

699 3574 774 3629 De
800 3572 888 3628 his
916 3573 1015 3644 qui
1041 3572 1389 3629 divinitatem
1413 3578 1730 3646 passibitem
1756 3579 1962 3639 dicunt.

573 3678 645 3735 Hi
676 3682 871 3734 autem
904 3678 1003 3749 qui
1052 3678 1218 3734 aiunt
1261 3680 1400 3752 quia
1448 3682 1804 3758 Redemptor
1851 3696 2067 3761 noster,
2103 3699 2159 3751 et

499 3767 788 3825 Dominus
816 3766 990 3822 Jcsus
1021 3767 1289 3826 Christus
1324 3774 1473 3826 Deus
1503 3776 1560 3828 et
1590 3775 1688 3830 Dei
1722 3776 1901 3834 Filius
1932 3784 2155 3853 passio-

499 3873 638 3914 nem
667 3856 860 3913 crucis
891 3858 1215 3913 secundum
1239 3860 1517 3916 deitatem
1541 3864 1841 3934 sustinuit,
1876 3872 2030 3942 quod
2054 3872 2156 3929 im-

496 3944 664 4019 pium
710 3949 820 4011 est,
851 3949 909 4002 et
938 3946 1243 4003 catholicis
1273 3949 1570 4007 mentibus
1599 3958 1975 4025 exsecrabile,
2013 3978 2159 4017 ana-

502 4034 705 4093 thema
731 4034 871 4091 sint.

566 4124 752 4198 Igitur
780 4124 1011 4181 rediens
1041 4125 1418 4184 Rhadoaldus
1449 4147 1482 4185 a
1511 4131 1734 4201 Galliis,
1760 4137 1857 4191 ubi
1893 4155 2006 4194 non
2042 4142 2151 4196 mi-

494 4230 639 4271 nora
668 4231 846 4286 quam
889 4214 950 4269 in
983 4215 1625 4291 Constantinopolitana
1672 4225 1814 4281 urbe
1844 4244 2150 4301 perperam

494 4307 777 4376 gesserat,
800 4308 858 4359 et
886 4303 1171 4377 collegam
1204 4323 1378 4362 suum
1414 4308 1526 4365 tale
1560 4311 1696 4384 quid
1732 4316 2043 4386 pertulisse
2065 4336 2154 4375 co-

492 4392 963 4465 gnosccns,quin
991 4394 1187 4465 potius
1214 4399 1571 4455 conscientia
1612 4403 1843 4476 propria
1874 4407 2148 4465 stimula-

491 4483 873 4553 tus,expavit.
891 4484 1054 4548 Quod
1080 4501 1184 4541 nos
1205 4485 1503 4544 intuentes
1528 4507 1601 4544 ne
1621 4492 1759 4562 quid
1786 4494 2149 4567 formidaret,

492 4568 660 4626 illum
685 4571 1004 4627 admodum
1022 4590 1232 4629 sumus
1250 4575 1488 4641 hortati.
1504 4581 1926 4655 subjungentes
1944 4588 2151 4645 dunta~

2266 1995 2459 2047 mente
2481 2009 2729 2061 reverso,
2753 1998 2809 2049 et
2831 1994 3034 2068 synodi
3063 1999 3325 2068 tempore
3351 1999 3586 2069 propter
3609 1994 3929 2051 imminen-

2265 2086 2354 2137 tes
2365 2080 2625 2137 hostium
2642 2083 3050 2156 oppressiones
3067 2082 3507 2155 dilato,rumore
3519 2086 3930 2143 crebrescente

2266 2171 2622 2239 dilfamatur,
2645 2173 2798 2245 quod
2824 2173 3201 2230 Rhadoaldus
3222 2176 3412 2232 denuo
3434 2176 3635 2249 fugam
3665 2177 3929 2250 arripere

2267 2261 2667 2317 meditaretur.
2698 2262 2822 2326 Quo
2854 2263 3079 2330 audito,
3104 2264 3245 2337 quia
3283 2282 3397 2321 non
3438 2271 3775 2339 poteramus
3810 2267 3927 2324 sub

2266 2354 2388 2406 tam
2412 2351 2701 2407 horrendo
2726 2369 2883 2408 naevo
2899 2352 3215 2409 Ecelesiam
3239 2372 3354 2410 non
3378 2355 3689 2412 habentem
3712 2374 3926 2414 macu—

2267 2439 2386 2496 lam
2412 2441 2558 2508 [ediL
2582 2443 2733 2498 Rom.
2759 2442 2926 2499 addit.
2956 2446 3058 2498 aut
3079 2451 3327 2518 rugam],
3352 2450 3451 2502 aut
3472 2446 3691 2521 aliquid
3718 2447 3930 2520 hujus-

2268 2531 2447 2598 modi,
2472 2531 2757 2601 deserere,
2774 2533 3091 2605 quominus
3112 2533 3272 2590 illam
3301 2536 3477 2592 etiam
3500 2554 3535 2592 a
3556 2536 3703 2594 falsa
3725 2538 3927 2611 suspi-

2268 2619 2432 2676 cione
2464 2621 2843 2678 redderemus
2865 2626 3151 2679 extorrem
3177 2641 3189 2680 :
3217 2641 3321 2681 nec
3353 2630 3690 2699 poteramus
3721 2645 3928 2702 perso-

2267 2726 2405 2765 nam
2440 2710 2498 2764 in
2520 2710 2700 2767 tantis
2728 2711 3299 2784 przevaricationibus
3325 2715 3779 2787 diﬂ‘amatam,et
3798 2722 3927 2775 tam

2270 2802 2609 2872 [tantorum]
2630 2800 2917 2857 scelerum
2935 2819 3033 2858 ore
3054 2804 3227 2874 Vorte,
3243 2805 3430 2873 sorde]
3457 2822 3778 2880 aspersam,
3794 2809 3931 2864 sine

2269 2889 2667 2947 satisfactione
2699 2891 2759 2945 in
2790 2892 3264 2950 communionem
3295 2899 3555 2952 nostram
3591 2898 3926 2967 admittere,

2268 2997 2463 3037 coram
2522 2980 2726 3037 multis
2780 2980 3061 3038 fratribus
3121 2988 3179 3039 et
3234 2984 3544 3060 episcopis,
3606 3004 3932 3061 coramque

2268 3069 2539 3143 plurimis
2570 3069 2707 3126 ﬁliis
2737 3074 2951 3127 sancta:
2989 3071 3170 3144 hujus
3200 3073 3466 3134 Ecclesiae
3499 3076 3928 3134 admonuimus

2267 3177 2424 3227 eum,
2450 3164 2741 3233 quatenus
2772 3159 2924 3217 sicut
2955 3161 3118 3234 prius
3160 3162 3381 3219 nullam
3428 3164 3486 3221 in
3537 3171 3761 3239 partem
3794 3169 3927 3224 sine

2267 3254 2470 3306 nostra
2496 3249 2732 3305 licentia
2762 3267 2797 3305 a
2826 3250 3089 3307 Romana
3108 3252 3433 3310 discederet
3455 3256 3625 3325 urbe;
3648 3257 3747 3313 sed
3770 3256 3836 3313 in
3859 3276 3928 3314 ea

2269 3339 2553 3408 residens,
2577 3339 2702 3395 sine
2731 3340 2940 3397 timore
2971 3342 3095 3398 suis
3126 3341 3368 3399 licenter
3396 3349 3588 3415 utens,
3611 3349 3667 3403 et
3696 3347 3925 3405 amicos

2267 3447 2333 3485 ac
2365 3429 2634 3486 homines
2685 3447 2823 3486 suos
2863 3430 3044 3487 libere
3076 3434 3406 3505 possidens,
3426 3438 3662 3509 tempus
3711 3438 3922 3510 synodi

2267 3536 2385 3592 qua
2404 3520 2747 3593 purgandus
2769 3525 2940 3589 esset,
2966 3520 3293 3595 intrepidus
3315 3530 3703 3598 exspectaret:
3725 3527 3924 3584 sciens

2265 3611 2524 3682 profecto
2573 3608 2720 3664 nihil
2760 3627 2820 3666 se
2865 3610 3153 3683 injustum
3214 3617 3368 3682 ante,
3391 3614 3477 3670 vel
3536 3619 3687 3688 post,
3712 3622 3925 3690 praeter

2266 3716 2506 3755 examen
2540 3700 2884 3771 synodicum
2919 3700 3037 3756 fore
3073 3719 3411 3773 passurum,
3442 3705 3542 3761 sed
3577 3705 3635 3761 in
3658 3706 3919 3778 justitia,

2266 3804 2445 3860 quam
2476 3788 2736 3855 haberet,
2770 3806 2899 3845 esse
2931 3807 3300 3849 mansurum.

2339 3877 2585 3949 Insuper
2614 3877 2790 3933 etiam
2824 3879 3015 3944 sciret,
3033 3879 3083 3936 si
3113 3899 3410 3955 quoquam
3443 3901 3477 3939 a
3502 3884 3763 3942 Romana
3791 3886 3920 3943 sine

2264 3965 2503 4022 licentia
2528 3971 2729 4022 nostra
2757 3967 3095 4025 discesserit
3124 3972 3302 4027 urbe:
3329 3971 3466 4045 quia
3497 3992 3564 4029 ex
3593 3979 3731 4032 tunc
3763 3981 3923 4034 esset

2264 4056 2568 4129 depositus
2596 4061 2653 4111 et
2692 4059 3250 4116 excommunicatus.
3286 4062 3396 4117 Sed
3440 4064 3651 4135 spretis
3690 4064 3920 4123 satisfa-

2263 4144 2559 4201 ctionibus
2582 4147 2817 4218 nostris,
2835 4152 3010 4219 atque
3032 4150 3337 4207 sententiis
3354 4151 3415 4206 in
3434 4170 3495 4208 se
3517 4153 3777 4227 prolatis,
3798 4155 3917 4211 imo

2263 4234 2477 4308 spretis
2504 4240 2843 4291 sanctorum
2878 4242 3109 4310 patrum
3135 4240 3675 4311 constitutionibus,
3698 4243 3826 4300 sine
3850 4245 3916 4300 li-

2263 4324 2453 4380 centia
2476 4333 2675 4380 nostra
2708 4326 2998 4398 propriam
3027 4328 3338 4386 Ecclesium
3361 4331 3718 4405 despolians,
3740 4338 3797 4390 et
3825 4334 3914 4390 lu-

2262 4414 2419 4487 pinis
2464 4414 2738 4472 dentibus
2766 4433 2898 4472 oves
2931 4416 3039 4472 sibi
3077 4420 3331 4476 creditas
3358 4420 3632 4479 deserens
3663 4424 3732 4479 ad
3767 4422 3914 4481 alias

2263 4503 2560 4568 dimceses,
2590 4504 2998 4565 imminentem
3032 4509 3322 4581 synodum
3354 4509 3911 4585 fugiens,discessit.

2259 4594 2329 4649 Et
2346 4594 2486 4666 quia
2507 4593 2711 4662 hwc,et
2727 4594 2840 4652 alia
2860 4595 3043 4652 multa
3059 4597 3286 4670 objecta
3306 4616 3420 4656 non
3440 4599 3771 4670 diluit,vera
3785 4620 3913 4659 esse

491 4662 607 4758 xat‘
637 4664 847 4730 prmter
874 4678 1116 4758 examen
1149 4665 1352 4758 synodi
1388 4666 1533 4758 nihil
1578 4668 1633 4723 in
1687 4670 1850 4729 illum
1885 4693 1989 4733 nos
2021 4696 2149 4735 esse
2186 4694 2228 4758 [)
2260 4662 2388 4755 quas
2413 4683 2481 4737 de
2503 4682 2602 4740 illo
2625 4684 2990 4753 dicebantur,
3013 4662 3203 4743 modis
3221 4688 3495 4746 omnibus
3518 4662 3756 4747 examen
3779 4694 3913 4748 sub-

492 4752 777 4818 moturos,
800 4750 900 4806 scd
948 4768 1136 4824 neque
1165 4757 1222 4807 et
1253 4753 1378 4809 sine
1410 4755 1584 4827 culpa
1615 4760 1859 4832 prolata,
1886 4766 2005 4822 fore
2036 4768 2146 4823 ali-

491 4837 633 4909 quid
664 4839 891 4895 adversi
923 4838 1175 4906 laturos;
1204 4843 1303 4897 sed
1327 4844 1468 4915 quia
1498 4845 1648 4917 fugit
1678 4848 1891 4922 impius
1914 4858 2147 4913 nemine

489 4929 1047 4999 porsequente,dum
1066 4929 1212 4984 nihil
1237 4930 1376 4987 mali
1403 4937 1460 4988 et
1478 4936 1906 4998 sufﬁcientibus
1926 4947 2146 5003 nostris

487 5016 780 5074 frueretur
811 5017 1001 5086 bonis,
1032 5023 1166 5074 ante
1198 5023 1435 5094 tempus
1468 5027 1691 5097 synodi,
1726 5036 1858 5088 ante
1890 5034 1980 5089 sui
2016 5053 2147 5107 pur-

486 5106 805 5178 gationem,
829 5107 1139 5163 ecclesiam
1180 5112 1236 5164 et
1281 5114 1613 5183 parochiam
1648 5122 1945 5193 propriam
1977 5106 2142 5181 dese-

487 5210 624 5253 rens
667 5196 740 5252 ad
792 5195 940 5252 alias
990 5196 1267 5255 dimeeses
1306 5218 1547 5260 examen
1598 5208 1799 5280 utique
1849 5214 2145 5269 subterfu-

485 5281 697 5356 giendo
730 5301 793 5339 se
840 5286 1107 5341 contulit.
1145 5287 1205 5342 In
1254 5292 1469 5362 quibus
1501 5294 1723 5353 diutius
1755 5315 1821 5354 eo
1856 5308 2140 5371 morante,

486 5372 807 5445 apostolico
835 5375 1234 5434 moderamine
1258 5381 1404 5451 t'reti,
1431 5386 1792 5452 canonicam,
1819 5406 1994 5461 quam
2030 5410 2143 5449 me-

486 5462 726 5521 rebatur
747 5461 1052 5533 ultionem,
1072 5484 1249 5539 super
1270 5487 1404 5527 eum
1437 5472 1649 5531 inferre
1670 5476 2046 5537 distulimus:
2071 5502 2141 5540 ne

484 5550 752 5606 videlicet
800 5552 871 5606 ad
904 5553 1217 5613 vindictam
1252 5559 1470 5627 faciles,
1494 5562 1578 5617 vel
1633 5564 1967 5625 videremur
2013 5589 2139 5630 esse

555 5657 634 5728 (a)
668 5656 797 5712 Sivc
852 5658 1158 5733 Joannem,

486 5727 671 5783 Hann.

2261 4772 2626 4845 terfugicndo
2655 4774 2925 4833 ﬁrmavit.
2943 4778 3325 4850 Quapropter,
3340 4785 3652 4837 convocata
3672 4783 3912 4871 sangtis-

2257 4861 2542 4916 simorum
2566 4863 2972 4936 episcoporum
3002 4883 3315 4924 numerosa
3337 4872 3393 4923 et
3414 4870 3723 4927 venerabili
3745 4861 3909 4941 sy'do—

2256 4950 2329 5005 do
2362 4950 2419 5005 in
2456 4952 2727 5023 superius
2772 4960 3096 5012 memorata
3135 4956 3379 5013 ecclesia
3412 4957 3749 5029 Salvatoris,
3781 4980 3908 5035 qua:

2255 5039 2585 5111 appellatur
2605 5041 3087 5101 Constantiniana
3110 5063 3123 5101 :
3148 5047 3494 5105 auctoritate
3516 5049 3618 5105 Dei
3642 5051 3905 5126 omnipo-

2255 5129 2451 5195 tentis,
2468 5136 2525 5186 et
2549 5131 2849 5188 beatorum
2876 5132 3025 5190 Petri
3047 5152 3113 5191 ac
3141 5134 3304 5195 Pauli
3326 5137 3722 5209 apostolorum
3745 5142 3905 5213 prin-

2254 5217 2470 5292 cipum,
2491 5225 2546 5276 et
2572 5220 2835 5278 omnium
2868 5223 3044 5280 simul
3077 5230 3705 5301 sanctorum,quorum
3732 5247 3904 5304 regu-

2254 5306 2339 5364 las
2360 5314 2415 5365 et
2437 5311 2669 5367 decreta
2690 5311 3097 5386 multipliciter
3115 5315 3370 5383 violavit,
3386 5334 3611 5374 necnon
3643 5324 3698 5376 et
3721 5320 3899 5377 nostri

2252 5400 2613 5471 apostolatus
2635 5401 2861 5473 judicio
2884 5404 3265 5478 deposuimus
3287 5423 3443 5479 eum,
3460 5411 3516 5465 et
3538 5427 3570 5465 a
3591 5426 3829 5485 corpore
3848 5415 3903 5466 et

2251 5489 2536 5563 sanguine
2549 5491 2763 5548 Christi
2782 5494 3782 5565 excommunicavimus,sanctorum
3803 5500 3905 5556 sci-

2249 5575 2382 5633 licet
2414 5583 2630 5635 statuta
2662 5580 2898 5637 Patrum
2937 5590 3270 5656 sequentes,
3304 5590 3360 5642 et
3397 5588 3687 5661 praecipue
3718 5590 3900 5646 sancti

1223 5665 1321 5738 qui
1381 5674 1516 5740 post
1572 5672 1891 5732 Antonium
1954 5682 2189 5751 ponitur
2245 5701 2279 5739 a
2335 5684 2715 5744 Constantino
2775 5689 3129 5766 Porphyrog.
3175 5693 3276 5751 lib.
3319 5712 3403 5765 In,
3438 5697 3614 5765 n.26,
3648 5714 3741 5754 an.
3774 5699 3895 5754 844.
