4126 6462
221 409 336 472 861

1439 401 1846 468 EPISTOLE
1893 400 1989 462 ET
2033 400 2416 462 DECIlE'l‘A.

3510 399 3635 462 862

221 547 363 610 sunt
392 540 673 599 Dominus
705 538 957 598 revelare
980 540 1270 615 dignetur.
1285 539 1528 597 Dabitur
1549 542 1743 596 autem
1766 535 1870 593 tibi
1899 534 1958 603 Α
1987 533 2156 591 nobis
2179 533 2723 590 mittunturmentis
2747 534 3182 602 intuitu,vester
3202 538 3494 614 benig'nus
3515 541 3636 598 hinc

224 630 350 687 sine
369 630 732 686 dubitatione
755 631 827 685 ad
845 647 952 686 nos
972 629 1167 686 aditus
1186 629 1455 686 veniendi
1474 647 1486 684 :
1505 629 1659 700 quod
1691 631 1748 683 et
1769 643 1876 682 nos

222 719 543 793 apostolica
570 720 935 786 auctoritate,
967 724 1024 774 et
1055 721 1224 775 ﬁrma
1255 737 1502 776 censura
1533 717 1872 784 statuimus,

221 813 282 865 et
313 808 562 864 dilectus
608 808 764 864 ﬁlius
808 814 1006 864 noster
1054 809 1292 865 Carolus
1336 807 1876 864 Christianissimus

223 916 343 965 rex,
377 903 434 953 et
465 897 634 954 nobis
683 897 1120 966 devotissimus,
1153 898 1390 970 pariter,
1422 901 1478 952 et
1525 897 1876 951 Hincmarus

222 987 402 1042 frater
431 990 488 1042 et
519 986 896 1059 coepiscopus
929 991 1146 1053 noster,
1180 987 1415 1058 scriptis
1465 986 1555 1041 sui
1604 984 1875 1058 praesenti

221 1079 482 1147 tempore
525 1079 580 1132 te
625 1076 697 1131 ad
744 1093 850 1131 nos
900 1076 1188 1131 missuros
1247 1076 1367 1131 fore
1425 1091 1506 1143 se,
1541 1074 1879 1130 ﬁrmissime

225 1169 366 1220 sunt
397 1165 789 1237 omnibusque
824 1165 1014 1220 modis
1046 1163 1306 1237 polliciti.

937 1297 1179 1352 XLVIII.

607 1403 674 1442 AD
714 1403 981 1442 CAROLL'M
1022 1402 1249 1441 CALVUM
1291 1403 1501 1441 REGEM.

869 1503 1054 1575 (Anno
1086 1503 1234 1573 863.)

222 1603 485 1658 Hortatur
513 1609 572 1657 ut
604 1601 842 1657 Rothado
875 1606 1102 1658 Romam
1149 1608 1374 1657 venturo
1424 1601 1638 1657 itineris
1678 1602 1879 1656 solatia

889 1675 1206 1744 prospiciat.

293 1792 574 1846 NICOLAUS
606 1789 938 1862 episcopus,
969 1805 1171 1844 servus
1203 1804 1503 1844 servorum
1538 1787 1878 1855 Dei,dilecto

223 1879 342 1934 ﬁlio
373 1879 600 1934 Canem
630 1878 884 1952 glorioso
916 1878 1060 1950 regi.

295 1970 437 2024 Cum
466 1985 568 2023 vos
598 1971 774 2022 tantae
807 1965 1160 2022 humilitatis
1212 1970 1505 2038 tantaeque
1555 1967 1878 2022 devotionis

223 2056 644 2122 incurvatione,
669 2056 779 2112 sub
799 2055 1018 2128 potenti
1043 2072 1222 2110 manu
1258 2055 1355 2109 Dei
1399 2056 1469 2109 ad
1495 2056 1876 2111 reverentiam

223 2145 650 2218 praecipuorum
671 2145 859 2218 ipsius
873 2143 1270 2216 apostolorum
1287 2143 1437 2199 flecti
1457 2145 1873 2216 conspicimus,

222 2235 530 2307 impletum
558 2234 826 2290 videmus
860 2234 1014 2305 quod
1063 2238 1302 2288 sanctus
1352 2233 1460 2288 Job
1511 2235 1582 2288 de
1637 2234 1876 2289 Domino

223 2323 482 2396 loquitur
512 2323 713 2378 dicens
747 2324 893 2378 :Sub
923 2340 1028 2394 quo
1055 2330 1355 2378 curvantur
1381 2325 1478 2395 qui
1521 2331 1744 2394 portant
1783 2341 1874 2379 0r-

225 2415 344 2469 bem
375 2413 510 2481 (Job.
543 2413 640 2482 ιχ).
670 2412 792 2467 Nisi
825 2413 982 2468 enim
1015 2429 1135 2478 vos,
1171 2411 1273 2483 qui
1304 2411 1364 2466 in
1397 2411 1574 2484 regali
1606 2412 1877 2467 sublimi-

225 2505 344 2557 tate
393 2499 568 2572 positi
614 2499 777 2565 estis,
810 2504 1093 2570 tanquam
1141 2499 1452 2570 cujusdam
1502 2499 1757 2571 ingentis
1805 2501 1880 2555 fa-

226 2589 401 2644 brica:
429 2589 623 2652 bases,
653 2593 846 2644 vestro
876 2589 1090 2644 sudore
1121 2589 1409 2643 mundum
1443 2589 1875 2661 quodammodo

225 2678 595 2750 portassetis,
628 2694 1004 2750 nequaquam
1060 2681 1255 2732 Grmco
1314 2694 1584 2734 sermone
1641 2687 1878 2751 βασμλέων

225 2766 510 2823 vocabula
536 2766 913 2824 sortiremini.
949 2767 1314 2838 Rursusque,
1344 2766 1456 2822 nisi
1488 2771 1653 2824 tanta
1683 2785 1878 2824 coram

229 2873 463 2913 summo
494 2857 606 2912 Deo
634 2872 738 2910 vos
769 2854 1175 2910 humiliatione
1204 2854 1641 2925 incurvassetis,
1667 2874 1881 2930 nequa-

226 2962 407 3018 quam
445 2945 638 3012 nobis,
661 2943 797 3000 licet
828 2943 1084 3018 indignis
1133 2943 1314 3000 servis
1356 2946 1506 3016 ejus,
1538 2946 1880 3002 obedientiae

226 3033 377 3090 colla
409 3037 570 3090 tanta
602 3033 879 3089 facilitate
911 3033 1357 3090 submitteretis.
1379 3036 1663 3106 Operatur
1683 3040 1875 3092 autem

225 3123 381 3178 idem
416 3123 538 3194 ipse
571 3123 726 3178 Deus
761 3123 820 3177 in
845 3122 1007 3178 vobis
1040 3123 1171 3188 hoc,
1203 3121 1302 3194 qui
1335 3123 1745 3180 etlaudandus
1793 3131 1882 3182 est

224 3216 462 3284 propter
483 3212 612 3282 hoc,
635 3213 855 3284 quique
877 3211 1139 3284 praevidit
1160 3229 1280 3277 vos,
1305 3217 1361 3267 et
1380 3213 1452 3267 ad
1489 3214 1648 3285 regni
1675 3215 1881 3288 guber-

227 3301 440 3357 nacula
483 3301 816 3368 destinavit,
850 3318 965 3370 quo
1015 3307 1250 3356 auctore
1293 3302 1454 3358 vobis
1506 3302 1696 3359 felicia
1739 3304 1879 3359 arri-
1909 3282 1951 3348 (ἶ

224 3390 466 3456 dent,ut
497 3390 813 3457 cernimus,
839 3395 1121 3462 tempora,
1155 3396 1210 3445 et
1241 3390 1537 3463 prosperis
1577 3409 1876 3464 prospera,

225 3483 293 3533 ut
323 3478 676 3545 audivimus,
711 3481 1050 3535 succedunt.
1086 3481 1449 3552 Quapropter
1477 3481 1607 3551 ejus
1652 3481 1879 3538 miseri-

223 3567 485 3624 cordiam
515 3568 934 3641 gloriﬁcamus,
960 3572 1015 3624 et
1046 3568 1188 3640 quia
1218 3569 1560 3641 ignoramus
1610 3587 1725 3642 quo
1758 3571 1880 3626 hac

222 3657 284 3713 in
339 3657 502 3712 vobis
543 3656 771 3727 judicia
819 3657 1099 3713 divinitus
1145 3662 1471 3728 patrantur,
1507 3657 1878 3715 dilectionem

219 3748 477 3800 vestram
535 3745 964 3802 instantissime
1020 3746 1422 3814 adhortamur,
1467 3753 1532 3802 ut
1589 3765 1878 3804 memores

222 3833 560 3907 fragilitatis
616 3835 887 3890 humanae
940 3835 1101 3890 nulla
1147 3853 1249 3891 vos
1295 3837 1602 3892 commoda
1631 3837 1878 3906 elevent,

223 3921 389 3978 nulla
410 3925 669 3979 secunda
699 3923 1023 3980 dissolvent
1047 3941 1060 3978 :
1086 3925 1187 3979 sed
1220 3941 1451 3996 semper
1469 3926 1540 3979 ad
1572 3927 1881 3998 vosmetip-

224 4029 322 4067 sos
345 4012 644 4079 recurrite,
678 4017 736 4067 et
765 4012 902 4084 quia
933 4012 1078 4068 nihil
1108 4017 1197 4068 est
1227 4013 1285 4067 in
1329 4013 1565 4068 homine
1615 4016 1768 4070 unde
1817 4032 1880 4070 se

221 4099 418 4158 extolli
442 4101 667 4169 debeat,
701 4101 909 4157 sedula
937 4101 1402 4158 consideratione
1432 4103 1791 4174 perpendite.
1818 4104 1878 4159 Si

223 4207 342 4261 qua
369 4205 506 4262 ergo
540 4189 766 4245 caelitus
797 4190 1141 4246 tribuuntur
1175 4191 1244 4246 ad
1292 4196 1514 4258 votum,
1541 4191 1876 4264 largitorem

223 4283 359 4334 ante
390 4278 588 4335 oculos
615 4283 808 4334 vestra
856 4295 1125 4335 revocare
1173 4279 1409 4336 solertia
1453 4298 1568 4336 non
1617 4281 1876 4353 omittat,

223 4384 329 4423 nec
361 4367 420 4423 in
468 4367 560 4423 his
604 4386 732 4440 quae
782 4368 1186 4440 temporaliter
1231 4371 1634 4425 conceduntur
1683 4371 1875 4437 bonis,

223 4456 541 4513 consistere
563 4458 738 4513 ﬁnem
771 4457 1195 4527 existimet,nec
1217 4458 1330 4514 cito
1363 4460 1572 4514 deﬂuis
1594 4458 1879 4515 delectata

223 4545 620 4614 felicitatibus,
645 4546 918 4618 perennis
953 4545 1334 4603 beatitudinis
1363 4548 1578 4620 gaudia
1608 4553 1876 4620 appetere

223 4634 476 4691 desinat.
513 4635 796 4706 Prospera
823 4652 957 4691 vero
984 4636 1189 4690 mundi
1221 4636 1449 4691 occasio
1482 4636 1644 4693 vobis
1675 4637 1752 4692 sit
1773 4655 1879 4693 coe-
1908 4655 1956 4720 Ι)

222 4723 393 4780 lestia
422 4723 661 4797 praemia
690 4724 1046 4796 requirendi,
1080 4741 1195 4779 non
1245 4725 1430 4780 fomes
1473 4727 1545 4781 ad
1597 4726 1714 4781 ima
1755 4730 1877 4782 ten-

224 4813 420 4868 dendi.
471 4812 616 4868 Hinc
664 4814 933 4886 egregius
992 4813 1305 4885 Apostolus
1365 4815 1733 4871 admonens:
1767 4819 1880 4886 Qui

222 4908 475 4967 utuntur,
523 4899 735 4972 inquit,
777 4903 874 4958 hoc
918 4903 1144 4972 mundo,
1177 4911 1441 4974 tanquam
1486 4921 1592 4959 non
1652 4912 1881 4960 utantur

225 4991 272 5061 (Ι
294 4991 414 5046 Cor.
430 4991 552 5060 vn).
573 4990 740 5047 Tunc
767 4991 925 5048 enim
955 5009 1056 5048 vos
1087 4992 1488 5049 indubitanter
1507 4995 1579 5048 ad
1603 4999 1877 5050 aeternam

222 5078 470 5152 gloriam
501 5079 831 5152 pertingere
862 5099 1034 5152 posse
1074 5082 1456 5145 conﬁdamus.
1491 5082 1539 5137 si
1590 5081 1648 5137 in
1699 5082 1878 5155 hujus

221 5168 352 5224 vitae
382 5167 570 5240 gloria
598 5169 820 5240 positos
838 5187 940 5226 vos
962 5170 1352 5227 humilitatem
1377 5171 1584 5227 sectari
1602 5172 1880 5228 veraciter

223 5256 605 5316 senserimus.
631 5256 924 5329 Scriptum
959 5261 1175 5333 quippe
1206 5265 1296 5316 est
1329 5277 1342 5314 :
1376 5261 1624 5317 Gloriam
1665 5277 1874 5332 prwce-

220 5347 302 5402 dit
360 5347 650 5402 humilitas
712 5347 892 5419 (Prov.
928 5349 1016 5420 xv)
1053 5366 1065 5404 ε
1103 5366 1134 5405 e
1182 5350 1472 5406 contrario
1529 5367 1659 5406 vero
1695 5368 1707 5405 :
1740 5352 1876 5406 Ante

221 5437 448 5490 ruinam
489 5436 774 5492 exaltatur
819 5452 911 5492 cor
940 5439 1124 5506 (Prov.
1159 5444 1296 5508 xvx).
1331 5440 1441 5496 Sed
1493 5439 1613 5495 haec
1667 5458 1772 5495 nos
1804 5441 1873 5496 ad

221 5523 666 5580 zediﬁcationem
714 5524 1095 5592 sublimitatis
1138 5533 1345 5584 vestra:
1397 5546 1573 5601 quam
1635 5535 1875 5602 paterno

220 5615 630 5669 incunctanter
678 5614 886 5670 all‘ectu
949 5613 1276 5688 diligimus,
1336 5617 1554 5673 cursim
1612 5620 1878 5691 tetigisse

218 5707 412 5759 vestra
458 5701 710 5759 libenter
755 5703 1152 5777 tranquillitas
1201 5707 1441 5773 noverit,
1474 5712 1529 5764 et
1575 5725 1640 5765 co
1682 5727 1796 5780 quo
1843 5728 1877 5767 a

1986 629 2284 697 gratanter
2311 625 2595 696 suscipiat
2626 625 2880 682 animus.
2915 628 3198 683 Caeterum
3251 630 3322 685 de
3373 631 3636 688 Rhotado

1986 714 2299 768 venerabili
2327 713 2618 786 episcopo,
2640 715 2709 770 de
2732 733 2846 787 quo
2871 717 3220 788 apostolatui
3246 725 3443 776 nostro
3465 722 3635 778 omit-

1984 803 2227 858 tendum
2260 819 2375 857 non
2408 808 2514 871 est,
2548 804 2761 859 iterum
2793 803 3122 878 iterumque
3155 809 3548 880 suggerimus,
3574 817 3639 866 ut

1986 892 2143 947 omni
2177 892 2362 947 desita
2394 893 2805 959 amaritudine,
2840 912 3017 966 quam
3069 896 3223 952 circa
3270 897 3437 954 illum
3471 900 3636 958 celsi-

1985 979 2210 1036 tudinis
2234 987 2434 1036 vestrm
2459 982 2667 1037 retinet
2687 982 3033 1056 indignatio,
3051 1003 3154 1058 pro
3186 1003 3384 1044 amore
3407 995 3638 1061 aposto-

1986 1069 2178 1125 lorum
2210 1069 2512 1142 principis,
2536 1072 2606 1126 ad
2651 1073 2821 1142 cujus
2853 1072 3073 1144 sedem,
3109 1075 3251 1130 dum
3305 1078 3642 1134 anxiaretur

1987 1176 2087 1215 cor
2143 1161 2293 1229 ejus,
2328 1157 2620 1228 clamavit,
2653 1160 2903 1232 gratiam
2956 1161 3041 1217 illi
3093 1162 3551 1236 impartiamini;
3585 1172 3643 1224 et

1988 1247 2332 1320 placabilem
2366 1264 2504 1320 erga
2533 1265 2666 1304 eum
2709 1249 2895 1322 pietas
2942 1255 3154 1320 vestra,
3185 1258 3532 1327 gratamque
3581 1258 3639 1312 in

1988 1336 2264 1392 omnibus
2307 1354 2370 1394 se
2411 1354 2654 1410 prorsus
2684 1338 2970 1405 exhibeat,
3005 1339 3088 1396 ita
3115 1347 3179 1397 ut
3207 1359 3342 1399 cum
3395 1345 3640 1402 Romam

1990 1427 2359 1498 profecturus
2390 1426 2519 1493 erit,
2552 1433 2746 1483 vestra
2795 1427 2878 1484 illi
2929 1430 3284 1488 sufﬁcientia
3327 1433 3385 1488 in
3431 1434 3643 1493 itinere

1990 1532 2105 1570 non
2137 1515 2333 1570 desint
2363 1514 2572 1571 solatia
2605 1534 2616 1572 :
2647 1517 2747 1572 sed
2799 1517 2996 1589 potius
3041 1519 3250 1576 vestris
3299 1522 3506 1579 saltem
3538 1541 3641 1597 pro

1991 1603 2159 1658 nobis
2192 1603 2414 1660 ditatus
2445 1604 2852 1670 heneﬁciis,ac
2884 1606 3068 1663 fultus
3091 1609 3470 1678 subsidiis,ad
3494 1630 3644 1686 cmp-

1989 1696 2113 1747 tum
2138 1692 2468 1766 pertingere
2500 1699 2676 1766 queat
2695 1694 2820 1750 sine
2842 1695 3043 1768 aliqua
3073 1696 3418 1755 difﬁcultate
3439 1718 3644 1774 propo-

1991 1781 2192 1836 situm.
2225 1783 2400 1838 Porro
2433 1783 2502 1838 de
2534 1782 2628 1838 his
2661 1801 2764 1856 pro
2796 1783 3013 1857 quibus
3063 1787 3456 1859 apostolatum
3508 1807 3645 1846 nos-

1991 1876 2147 1926 trum
2179 1871 2484 1928 consulere
2516 1872 2724 1927 merito
2756 1874 3120 1943 decrevistis,
3156 1876 3318 1932 fratri
3349 1883 3406 1934 et
3453 1881 3645 1952 coepi-

1987 1977 2162 2033 scopo
2194 1965 2394 2016 nostro
2428 1961 2763 2028 Hincmaro,
2797 1964 2950 2035 quod
2987 1964 3156 2019 nobis
3187 1965 3487 2023 tolerabile
3517 1985 3646 2024 esse

1985 2049 2234 2116 videtur,
2269 2049 2721 2105 custodiendum
2754 2068 2821 2106 ac
2861 2051 3294 2109 decernendum
3345 2057 3643 2112 mandavi-

1987 2155 2140 2193 mus.
2168 2139 2447 2194 Praeterea
2479 2137 2757 2195 nolumus
2784 2139 3052 2212 ignorare
3081 2147 3331 2198 vestram
3365 2146 3647 2216 sagacita-

1986 2231 2103 2282 tem
2135 2227 2289 2299 quod
2321 2226 2451 2282 licet
2480 2245 2713 2300 semper
2742 2229 3115 2286 dilexerimus
3163 2249 3285 2297 vos,
3322 2232 3642 2305 plurimum

1985 2321 2180 2372 tamen
2215 2318 2432 2373 amoris
2453 2318 2611 2373 cordi
2637 2324 2833 2374 nostro
2858 2321 3232 2391 praesentium
3256 2321 3470 2378 latores
3494 2324 3645 2380 inse-

1989 2411 2250 2473 ruerunt,
2285 2406 2384 2477 qui
2427 2406 2649 2462 sedulis
2683 2409 3188 2479 persecutionibus
3219 2410 3342 2466 suis
3374 2416 3494 2467 tam
3530 2413 3642 2467 mi-

1989 2495 2174 2550 randa
2202 2495 2270 2550 de
2301 2495 2466 2551 vobis
2498 2496 2717 2552 nostris
2768 2497 3011 2553 auribus
3059 2499 3443 2556 inculcarunt.
3485 2503 3645 2559 Unde

1987 2588 2044 2638 et
2092 2583 2552 2654 omnipotentem
2601 2585 2786 2640 Deum
2837 2586 3044 2643 merito
3093 2587 3429 2656 laudamus,
3463 2594 3520 2645 et
3569 2591 3642 2646 ad

1989 2671 2316 2728 dilectionis
2346 2679 2552 2729 vestrae
2585 2673 2853 2730 ardorem
2893 2676 3080 2749 magis
3112 2694 3178 2732 ac
3209 2678 3398 2750 magis
3430 2695 3529 2734 cor
3550 2697 3647 2736 no-

1988 2764 2176 2815 strum
2199 2768 2622 2827 consequenter
2639 2764 3074 2820 succendimus.
3100 2765 3383 2838 Optamus
3399 2767 3642 2840 gloriam

1987 2854 2242 2905 vestram
2273 2849 2330 2905 in
2365 2850 2595 2908 Christo
2627 2852 2773 2907 bene
2798 2852 3008 2909 valere.

2722 2977 2910 3032 XLIX.

2371 3083 2444 3119 AD
2486 3082 2948 3122 HERMINTRUDEM
2989 3084 3266 3124 REGINAM.

2633 3155 2821 3226 (Anno
2851 3157 2956 3210 863
2984 3157 3000 3225 )

1989 3244 2288 3314 Respondet
2342 3260 2399 3298 se
2451 3259 2674 3298 causam
2729 3245 2979 3309 Rothadz’,
3010 3245 3151 3316 quod
3199 3247 3301 3301 illa
3351 3249 3408 3301 in
3459 3249 3641 3306 Carolz

2059 3317 2203 3382 regis
2249 3316 2488 3383 gratiam
2532 3316 2870 3386 suggerebat,
2914 3316 3274 3372 indiscussam
3331 3319 3644 3391 relinquere

2059 3404 2168 3441 non
2194 3403 2366 3458 posse.

2607 3475 2839 3546 [Mansi,
2873 3477 3032 3547 ibid.]

2059 3564 2346 3619 NICOLAUS
2367 3563 2908 3636 episcopus,servus
2931 3582 3232 3622 servorum
3247 3566 3366 3635 Dei,
3383 3567 3640 3624 HERMIN-

1986 3670 2152 3708 TRUDI
2184 3653 2448 3726 gloriosae
2481 3653 2712 3724 reginae.

2060 3742 2308 3798 Litteras
2335 3741 2664 3798 dilectionis
2679 3743 3032 3812 vestra:,ﬁlia
3050 3743 3492 3813 charissima,ut
3514 3763 3643 3804 nos-

1988 3835 2147 3886 trum
2161 3849 2357 3904 regem
2371 3831 2860 3900 Carolum,virum
2875 3837 3430 3902 vestrum,nostrum
3444 3841 3641 3892 autem

1988 3919 2264 3975 dilectum
2297 3921 2582 3989 ﬁlium,in
2615 3938 2792 3977 causa
2818 3921 3066 3978 Rothadi
3090 3923 3341 3996 episcopi
3373 3926 3641 3982 exaudia-

1990 4025 2143 4077 mus,
2166 4027 2269 4065 nos
2302 4009 2623 4077 hortantes,
2639 4027 2768 4066 ecce
2792 4029 2948 4067 nunc
2966 4013 3222 4068 secundo
3245 4013 3635 4086 suscepimus.

1987 4099 2095 4154 Pro
2109 4116 2226 4171 qua
2239 4099 2470 4165 re,mihi
2484 4099 2868 4166 crede,multu
2881 4118 2934 4154 m
2949 4101 3257 4156 anxiamur
3268 4101 3640 4175 multumque

1988 4189 2249 4259 undique
2281 4193 2647 4244 coarctamur
2680 4207 2692 4244 :
2728 4189 3004 4261 quoniam
3041 4206 3143 4244 nec
3180 4207 3284 4246 nos
3318 4209 3638 4263 possumus

1985 4277 2245 4344 vobis,ut
2275 4277 2581 4333 nobiscum
2605 4278 2674 4332 de
2695 4277 2793 4333 illo
2818 4295 3001 4333 unum
3029 4279 3316 4348 sentiatis,
3332 4279 3388 4334 id
3414 4281 3640 4353 ipsum-

1987 4382 2102 4437 que
2132 4365 2340 4433 velitis,
2373 4367 2656 4421 suadere:
2693 4383 2797 4422 nec
2829 4385 3066 4423 rursum
3116 4385 3294 4424 causa
3343 4368 3478 4424 talis
3528 4374 3638 4439 est,

1989 4455 2144 4527 quod
2175 4455 2300 4510 sine
2333 4455 2652 4510 offensione
2704 4455 2804 4510 Dei
2837 4473 2943 4510 nos
2973 4455 3274 4513 valeamus
3325 4463 3642 4532 utrumque

1987 4548 2354 4616 postponere.
2387 4544 2622 4610 Verum,
2661 4543 2801 4610 ﬁlia,
2831 4549 2896 4600 ut
2945 4563 3080 4600 cum
3119 4545 3402 4603 charitate
3449 4552 3643 4604 vestra

1987 4632 2258 4701 dicam,si
2282 4637 2544 4705 oporteat
2575 4633 2810 4690 obedire
2835 4635 2950 4691 Deo
2973 4635 3161 4708 magis
3194 4653 3371 4709 quam
3394 4637 3643 4694 homini-

1989 4722 2266 4796 bus,ipsa
2298 4723 2492 4795 potius
2516 4723 2736 4794 judica.
2759 4724 2874 4779 Nos
2905 4729 3102 4781 autem
3128 4743 3366 4782 causam
3392 4727 3640 4782 Rothadi

1989 4812 2047 4866 in
2070 4811 2279 4867 virtute
2297 4812 2388 4866 Dei
2407 4830 2517 4866 non
2536 4812 2844 4883 patiemur,
2869 4813 2990 4868 vita
3001 4815 3232 4879 comite,
3247 4813 3639 4870 indiscussam

1989 4901 2261 4974 relinqui,
2294 4906 2680 4974 praeterquam
2724 4903 2775 4957 si
2805 4907 2938 4958 ante
2982 4904 3136 4958 idem
3167 4903 3513 4959 venerabilis
3555 4904 3642 4958 vir

1987 4991 2234 5063 pristino
2286 4991 2458 5046 fuerit
2489 4991 2694 5047 honori
2741 5009 2806 5047 ac
2833 4991 3104 5065 dignitati
3145 4991 3428 5058 redditus,
3460 5009 3637 5064 quam

1989 5097 2185 5136 coram
2214 5084 2412 5136 nostra
2443 5080 2678 5153 speciali
2712 5080 3440 5154 praesentia,discernenda
3461 5097 3638 5136 causa

1988 5169 2178 5242 ipsius
2208 5171 2493 5226 exstiterit
2522 5169 3068 5242 praasentata.Quis,
3083 5169 3314 5242 rogo,in
3347 5172 3466 5225 toto
3499 5171 3636 5226 orbe

1985 5260 2146 5331 regni
2180 5259 2356 5315 vestri
2387 5258 2584 5328 laesus,
2617 5265 2718 5315 aut
2738 5258 3056 5326 landendus,
3073 5258 3352 5314 clamaret
3373 5277 3635 5331 unquam

1985 5350 2056 5404 ad
2081 5347 2502 5404 sublimitatem
2528 5349 2977 5419 vestram,cujus
2998 5365 3098 5404 vos
3110 5365 3307 5404 vocem
3332 5352 3638 5420 postpone—

1985 5439 2217 5506 retis,et
2250 5456 2365 5494 non
2398 5437 2586 5510 magis
2618 5437 2835 5492 ultione
2867 5437 3134 5492 districta
3174 5437 3361 5509 ipsius
3387 5436 3636 5508 injurias

1983 5527 2394 5584 vindicaretis?
2415 5532 2471 5582 et
2503 5544 2607 5582 nos
2641 5544 2756 5598 quo
2785 5527 2958 5582 modo
2981 5525 3204 5582 hortari
3239 5525 3536 5592 videmini,
3571 5531 3638 5582 ut

1985 5635 2180 5675 vocem
2205 5616 2717 5690 sanguinisl‘ratris
2741 5616 2920 5673 nostri
2948 5634 3061 5673 non
3084 5616 3504 5672 exaudiamus?
3521 5621 3638 5672 Aut

1986 5708 2277 5781 quomodo
2293 5705 2698 5764 obturabimus
2721 5721 2895 5764 aures
2919 5707 2991 5762 ad
3013 5706 3298 5765 clamores
3315 5705 3634 5776 illius,cum
