4126 6464
211 415 343 474 ’873

1448 415 1850 477 EPISTOLE
1891 407 1992 478 ET
2036 417 2427 480 DECRETA.

3519 427 3639 487 874

219 546 454 613 veritas,
489 547 762 619 quisquis
811 564 913 619 pro
943 549 1182 604 veritate
1245 549 1437 621 palam
1497 565 1612 604 non
1673 553 1874 615 certat,
1905 550 1961 618 Α
1990 568 2146 606 nunc
2180 551 2454 608 audimus
2486 552 2879 609 Guntharium
2912 554 3288 610 interdictum
3320 555 3431 610 sibi
3466 556 3639 611 mini-

223 636 521 692 Christum
553 653 749 692 coram
793 637 1133 693 hominibus
1167 638 1365 711 procul
1395 639 1575 694 dubio
1605 639 1875 710 abnegat.

296 725 336 780 Ι.
363 725 420 780 Si
447 724 717 781 voluntas
738 726 867 797 ejus
891 743 995 782 nec
1018 732 1160 798 erat,
1186 744 1289 782 nec
1313 732 1422 795 est,
1445 744 1546 783 nec
1569 727 1678 782 erit
1701 727 1758 782 in
1782 726 1882 782 illa

217 813 442 886 injuste
464 814 690 886 copula,
717 815 834 870 Deo
866 814 1084 886 gratias
1119 816 1523 888 agimus,quia
1549 816 1715 871 valde
1747 815 1878 870 dili-

218 903 416 975 gimus
458 903 737 960 illum.Et
785 904 1003 960 idcirco
1057 904 1377 976 plurimum
1427 905 1758 960 doleremus
1806 903 1876 973 si,

215 993 373 1064 quod
399 993 570 1059 absit,
595 993 763 1049 aliter
781 1000 954 1050 esset.
977 995 1087 1050 Sed
1114 994 1254 1066 quia
1286 995 1402 1050 Deo
1424 994 1642 1067 gratias
1674 1011 1771 1049 rex
1790 996 1880 1049 est

215 1087 275 1136 et
323 1081 382 1137 in
432 1082 672 1138 sublimi
713 1087 1000 1155 potestate
1050 1083 1336 1151 consistit,
1378 1084 1570 1156 palam
1602 1082 1878 1138 omnibus

219 1171 548 1227 innotescat
569 1188 738 1227 suam
765 1189 878 1228 non
904 1189 1032 1228 esse
1056 1173 1112 1227 in
1139 1173 1239 1227 tali
1260 1172 1469 1244 ecpula
1487 1172 1875 1239 voluntatem;

223 1265 286 1315 ut
315 1262 576 1317 videntes
623 1261 894 1316 homines
945 1263 1072 1332 ejus
1119 1263 1273 1318 bona
1323 1278 1514 1334 opera,
1551 1261 1877 1334 glorificent

219 1350 450 1405 Patrem
483 1355 748 1405 nostrum
781 1351 881 1422 qui
930 1355 1019 1407 est
1077 1351 1135 1406 in
1186 1350 1364 1406 caelis.
1401 1351 1581 1406 Nemo
1635 1350 1870 1422 quippe,

222 1439 375 1494 sicut
404 1439 631 1495 Veritas
662 1439 821 1506 dicit,
847 1441 1114 1495 accendit
1157 1442 1438 1496 lucernam
1475 1447 1526 1495 et
1563 1438 1726 1511 ponit
1753 1455 1873 1494 eam

220 1530 321 1584 sub
348 1529 549 1594 modio,
573 1529 664 1585 sed
692 1545 856 1601 super
883 1531 1291 1598 candelabrum,
1323 1537 1386 1584 ut
1415 1531 1591 1584 luceat
1617 1529 1875 1584 omnibus

221 1620 319 1689 qui
358 1621 413 1674 in
463 1618 619 1674 domo
647 1627 777 1673 sunt
807 1621 1026 1687 (Matth.
1053 1621 1127 1691 ν).
1159 1620 1306 1692 Ergo
1360 1620 1587 1674 deserat
1631 1616 1874 1673 simula-

223 1706 535 1775 tionem,ct
557 1706 798 1779 arripiat
826 1707 1069 1764 liberam
1095 1709 1613 1780 audaciam,quam
1648 1723 1749 1777 pro
1772 1705 1873 1760 Dei

223 1796 480 1864 nomine,
517 1813 631 1852 non
665 1795 855 1852 solum
909 1814 1046 1853 cum
1103 1802 1192 1852 est
1238 1814 1354 1865 rex,
1387 1813 1587 1853 verum
1618 1795 1791 1851 etiam
1824 1794 1872 1849 si

221 1890 373 1941 esset
396 1885 1270 1958 pauperrimus,apprehendere
1288 1902 1659 1958 nequaquam
1680 1882 1872 1938 formi-

222 1975 358 2031 dare
391 1975 693 2030 debuerat.
728 1975 874 2041 Quia
910 1992 1042 2030 vero
1073 1976 1308 2046 quando
1340 1975 1671 2030 habuerunt
1701 1989 1872 2045 syno-

220 2063 411 2120 dalem
435 2062 905 2131 conventum,ibi
939 2080 1044 2120 nec
1077 2065 1200 2136 ipse
1232 2064 1479 2132 fuit,nec
1513 2061 1768 2135 episcopi
1801 2063 1872 2118 de

221 2170 398 2226 regno
432 2153 638 2226 ipsius,
673 2153 780 2208 hoc
827 2170 1179 2225 magnopere
1210 2153 1572 2208 laudandum
1613 2169 1728 2207 non
1759 2156 1870 2218 est,

219 2259 286 2297 eo
315 2243 470 2314 quod
517 2242 564 2296 si
598 2246 771 2308 esset,
807 2242 1048 2298 forsitan
1097 2241 1604 2302 contradixissent,
1628 2241 1868 2296 forsitan

219 2333 603 2388 escenderent
631 2348 701 2387 ex
739 2331 980 2387 adverso
1010 2336 1067 2386 et
1097 2336 1458 2403 opponerent
1499 2347 1734 2385 murum
1769 2346 1871 2402 pro

218 2424 394 2478 domo
423 2421 678 2477 Domini.
699 2425 914 2476 Verum
941 2419 1507 2492 meliusjudicamus
1529 2436 1629 2475 eos
1652 2418 1730 2474 ibi
1755 2435 1871 2474 non

218 2511 400 2567 fuisse
432 2527 610 2582 quam
666 2510 715 2566 si
765 2514 962 2566 essent
1009 2515 1065 2566 et
1111 2509 1200 2565 vel
1247 2509 1490 2564 tacendo
1541 2507 1869 2563 consensis-

218 2606 367 2656 sent.
392 2599 678 2666 Quoniam
710 2604 906 2654 autem
953 2602 1186 2672 prOpter
1235 2603 1495 2654 nostram
1529 2596 1868 2668 petitionem

215 2694 275 2746 et
304 2705 564 2745 amorem
616 2687 813 2744 fratris
844 2689 936 2743 sui
968 2687 1424 2743 familiaritatem
1480 2685 1688 2741 habuit
1735 2702 1869 2740 cum

215 2779 409 2846 illo,et
431 2795 676 2851 regnum
705 2779 832 2849 ejus
856 2777 1137 2833 stabilivit
1159 2783 1216 2832 et
1236 2777 1427 2832 adhuc
1450 2775 1707 2831 stabilire
1727 2775 1869 2840 vult,

215 2869 266 2925 si
300 2873 512 2925 nostra;
544 2867 830 2923 obedierit
864 2866 1121 2938 jussioni
1172 2867 1318 2922 bene
1368 2866 1520 2921 facit.
1548 2866 1681 2930 Sed,
1724 2863 1869 2937 proh

214 2957 409 3014 dolor!
436 2957 576 3029 quid
603 2956 651 3012 ei
685 2957 924 3028 prodest
953 2973 1196 3028 regnum
1228 2961 1517 3011 terrarum
1550 2954 1649 3025 qui
1682 2953 1872 3025 perdit

214 3047 561 3102 aetherium?
584 3045 686 3101 Vel
717 3046 888 3118 cujus
935 3044 1351 3100 familiaritatis
1391 3044 1638 3099 societas
1669 3042 1869 3097 haberi

214 3140 410 3210 potest
438 3152 572 3191 cum
618 3151 684 3191 eo
743 3135 844 3206 qui
905 3133 1261 3190 dissociatur
1291 3151 1322 3187 a
1353 3138 1486 3201 Deo,
1520 3137 1577 3186 et
1633 3148 1868 3186 carnem

213 3241 387 3281 suam
420 3223 550 3280 odio
601 3224 846 3290 habens,
879 3221 1032 3277 tollit
1080 3223 1342 3277 membra
1363 3220 1600 3287 Christi,
1626 3225 1682 3276 et
1734 3219 1873 3276 facit

214 3332 285 3371 ea
316 3314 580 3370 membra
609 3330 735 3368 mer
770 3311 953 3368 tricis.

290 3404 362 3460 Il.
394 3403 558 3470 Quod
607 3402 658 3458 si
691 3420 724 3458 a
753 3401 845 3456 via
872 3401 1135 3457 veritatis
1167 3400 1262 3456 ille
1311 3399 1622 3455 Lotharius
1671 3399 1870 3454 devia-

213 3493 364 3548 verit
394 3497 452 3548 et
481 3509 696 3547 normae
734 3491 979 3563 justitiaa
1030 3508 1146 3546 non
1194 3489 1496 3556 obedierit,
1531 3494 1587 3544 et
1616 3489 1868 3544 domnus

215 3599 317 3637 rex
349 3581 674 3638 Ludovicus
703 3579 962 3654 postulat
988 3585 1254 3636 nostrum
1287 3578 1698 3651 apostolatum,
1719 3577 1871 3634 sicut

211 3671 510 3727 credimus
532 3669 670 3742 quia
691 3687 757 3725 ex
775 3669 968 3726 cordis
989 3669 1246 3742 postulat
1262 3669 1307 3725 si
1317 3668 1721 3740 mplicitate,et
1736 3685 1870 3723 con-

213 3759 456 3814 fidimus
488 3760 627 3832 quia
656 3764 972 3831 postquam
1001 3764 1265 3814 nostrum
1297 3757 1608 3814 consilium
1642 3755 1866 3829 quaerit,

212 3865 331 3904 non
374 3848 771 3922 parvipendet,
807 3849 907 3903 sed
957 3848 1294 3904 obedienter
1339 3847 1616 3920 perﬁciet,
1651 3846 1870 3901 interea

212 3937 584 4010 disponimus
616 3938 888 3992 eumdem
937 3937 1276 3992 Lotharium
1311 3938 1643 4000 admonere,
1673 3939 1729 3990 et
1758 3934 1868 3991 iste

209 4031 459 4099 patruus
489 4027 541 4081 ei
559 4025 833 4081 similiter
862 4025 1055 4080 faciat.
1080 4025 1240 4090 Quod
1257 4024 1312 4078 si
1345 4025 1515 4079 toties
1547 4027 1867 4079 conventus

209 4133 414 4188 parere
435 4116 603 4172 nobis
617 4114 1234 4182 distulerit,neminem
1249 4113 1710 4168 Christianorum
1729 4130 1865 4168 cum

209 4221 278 4262 eo
308 4205 582 4263 volumus
613 4203 1072 4260 familiaritatem
1106 4202 1364 4274 aliquam
1396 4201 1630 4265 habere,
1657 4203 1756 4257 sed
1791 4201 1866 4258 sit

212 4295 462 4350 ulterius
491 4293 767 4350 omnibus
794 4294 948 4349 sicut
970 4291 1240 4349 ethnicus
1268 4297 1324 4346 et
1356 4290 1707 4363 publicanus
1729 4309 1864 4348 cum

214 4383 604 4440 familiaribus
634 4384 778 4438 suis.
806 4384 890 4438 Tu
924 4387 1141 4448 autem,
1171 4381 1544 4436 sanctissime
1572 4381 1862 4454 episcope,

211 4474 361 4529 bene
391 4473 543 4529 nosti
571 4473 711 4545 quia
731 4489 882 4545 saepe
914 4470 1181 4527 nonnulli
1206 4469 1495 4542 compulsi
1525 4472 1770 4526 redeunt
1791 4471 1862 4526 ad

208 4562 364 4618 viam
395 4563 624 4618 salutis.
646 4561 809 4618 Unde
829 4561 879 4617 si
911 4561 1063 4616 sicut
1092 4561 1243 4632 apud
1278 4577 1385 4615 nos
1416 4559 1644 4614 nullum
1677 4560 1866 4632 potuit

1990 639 2232 694 sterium
2269 657 2615 712 usurpasse;
2652 647 3010 714 quapropter
3047 643 3161 699 tale
3198 643 3508 700 consilium
3539 645 3640 700 da-

1990 745 2122 783 mus
2154 733 2209 784 et
2257 747 2360 802 per
2393 729 2800 787 auctoritatem
2834 733 2930 787 Dei
2973 737 3029 788 et
3057 733 3358 788 beatorum
3405 733 3553 789 Petri
3586 736 3644 790 et

1990 817 2150 872 Pauli
2175 819 2572 890 apostolorum
2597 821 2931 894 principum
2951 826 3006 877 et
3027 823 3291 877 omnium
3316 821 3492 878 simul
3515 840 3645 878 san-

1989 910 2212 962 ctorum
2237 913 2473 980 patrum
2496 909 2712 964 domno
2737 911 2856 982 regi
2880 911 3167 966 Ludovico
3189 910 3558 984 injungimus
3580 916 3645 967 ut

1989 995 2060 1050 ab
2093 997 2358 1067 ejusdem
2392 997 2704 1053 Guntharii
2734 999 2822 1054 vel
2861 999 3037 1055 etiam
3070 999 3450 1073 Theodgaudi
3484 1016 3640 1056 com-

1986 1085 2265 1140 munione
2297 1103 2358 1142 se
2390 1104 2645 1160 suosque
2685 1105 2889 1143 omnes
2931 1092 2986 1143 et
3017 1088 3306 1161 pra-cipue
3337 1088 3642 1162 episcopos

1987 1174 2346 1241 substrahat,
2370 1180 2427 1231 et
2457 1193 2490 1231 a
2521 1177 2914 1232 familiaritate
2956 1194 3159 1233 eorum
3201 1177 3299 1249 qui
3333 1176 3448 1232 illis
3481 1195 3637 1234 com-

1985 1263 2290 1319 municant
2317 1264 2404 1320 vel
2436 1282 2670 1337 quoquo
2699 1266 2870 1323 modo
2901 1267 3182 1334 favent,se
3212 1270 3267 1321 et
3296 1282 3435 1322 suos
3467 1271 3638 1339 quot-

1985 1355 2127 1422 quot
2158 1357 2348 1424 potest
2376 1355 2689 1423 contineat,
2715 1355 2795 1410 ita
2825 1360 3022 1410 tamen
3049 1355 3098 1410 si
3127 1371 3327 1410 verum
3359 1360 3448 1411 est
3477 1357 3634 1428 quod

1987 1439 2361 1497 interdictum
2396 1443 2506 1499 sibi
2533 1443 2858 1516 episc0pale
2879 1444 3137 1499 officium
3165 1445 3558 1518 peragant,vel
3583 1444 3633 1502 si

1985 1530 2386 1587 conventicula
2417 1536 2615 1588 contra
2641 1532 3054 1588 difﬁnitionem
3087 1537 3348 1589 nostram
3383 1534 3440 1588 in
3472 1535 3632 1608 ipsos

1984 1619 2270 1688 prolatam
2331 1638 2683 1693 congregare
2737 1622 3115 1691 tentaverint;
3175 1622 3446 1678 similiter
3502 1627 3558 1678 et
3599 1640 3634 1680 a

1986 1707 2241 1763 Lolharii
2259 1711 2672 1766 communione
2691 1728 2753 1767 se
2769 1711 3008 1766 omnino
3031 1712 3372 1784 suspendat,
3389 1712 3473 1768 ita
3490 1714 3635 1768 dun-

1982 1800 2140 1852 taxat
2170 1797 2217 1852 si
2251 1797 2405 1854 idem
2428 1799 2739 1856 Lotharius
2769 1800 2990 1856 monita
3021 1805 3222 1855 nostra
3242 1799 3546 1874 negligens
3573 1801 3632 1856 in

1983 1885 2191 1956 copula
2229 1886 2556 1942 Waldradte
2587 1905 2929 1959 permanere
2958 1886 3356 1959 delegerit,vel
3389 1887 3437 1944 si
3469 1887 3634 1943 cuili-

1983 1973 2079 2028 bet
2103 1975 2513 2031 damnatorum
2547 1976 2917 2048 prmfatorum
2941 1981 3144 2032 contra
3174 1977 3405 2032 decreta
3434 1981 3637 2033 nostra

1981 2063 2253 2118 renitenti
2298 2064 2735 2120 communicare
2782 2064 2868 2120 vel
2926 2065 3116 2121 favere
3173 2065 3630 2138 praasumpserit.

1979 2149 2251 2223 Alioquin
2285 2169 2390 2209 nec
2421 2154 2522 2209 Dei
2556 2171 2659 2210 nec
2700 2155 3003 2210 beatorum
3048 2153 3449 2226 apostolorum
3482 2154 3632 2209 Petri

1980 2245 2037 2294 et
2068 2239 2251 2309 Pauli,
2275 2259 2379 2297 nec
2411 2247 2624 2297 sanctas
2663 2241 2958 2298 catholica:
2991 2247 3047 2297 et
3076 2241 3406 2315 apostolicae
3440 2241 3630 2298 Eccle-

1979 2329 2078 2384 sia:
2109 2331 2580 2388 communionem
2616 2331 2828 2386 habere
2861 2331 3062 2402 procul
3093 2331 3271 2386 dubio
3303 2333 3534 2404 poterit.

2049 2419 2141 2474 III.
2175 2419 2285 2474 Piae
2318 2420 2613 2475 memoriae
2648 2420 2922 2476 Ludovici
2964 2419 3334 2493 imperatoris
3365 2421 3628 2476 studium

1980 2507 2405 2576 collaudamus,
2441 2508 3002 2580 praedecessorisque
3034 2509 3216 2565 nostri
3259 2514 3472 2565 sanctae
3503 2527 3630 2566 me-

1981 2597 2175 2652 moriae
2206 2597 2469 2670 Gregorii
2501 2598 2744 2671 vestigia
2773 2599 2937 2670 sequi
2971 2599 3158 2671 parati
3187 2615 3414 2655 sumus.

2051 2687 2142 2741 1V.
2178 2687 2250 2742 Ut
2280 2687 2588 2759 episcopus
2621 2688 3054 2754 Bremonensis,
3080 2686 3214 2744 licet
3243 2704 3276 2743 a
3305 2687 3631 2744 Gunthario

1979 2775 2100 2830 haec
2133 2792 2245 2830 non
2278 2775 2532 2847 potuerit
2563 2776 2690 2831 dari
2721 2776 2973 2844 licentia,
3009 2793 3114 2832 nec
3146 2777 3216 2832 ab
3247 2794 3313 2833 eo
3343 2777 3458 2832 tale
3489 2776 3631 2849 quid

1980 2865 2095 2936 peti
2130 2866 2416 2933 debuerit,
2441 2871 2636 2920 tamen
2681 2883 2784 2937 pro
2825 2882 3022 2921 amore
3053 2865 3252 2922 domni
3285 2866 3461 2939 regis,
3493 2865 3634 2938 quia

1979 2954 2077 3025 pia
2105 2959 2192 3008 est
2219 2955 2347 3024 ejus
2379 2954 2600 3026 petitio,
2628 2971 2764 3009 cum
2797 2960 2997 3010 nostra
3027 2955 3369 3011 auctoritate
3401 2955 3460 3010 iu
3493 2973 3632 3027 prae-

1979 3042 2134 3098 dicto
2172 3035 2314 3098 loco
2346 3043 2591 3098 Bremon
2625 3047 2970 3115 potestatem
3007 3047 3064 3098 et
3094 3043 3375 3100 honorem
3406 3043 3630 3100 archie-

1979 3129 2314 3204 piscopatus
2346 3148 2524 3203 super
2549 3131 2743 3186 Donas
2764 3135 2823 3186 et
2845 3132 3097 3187 Suvevos
3120 3133 3350 3200 habeat,
3375 3136 3431 3189 et
3451 3132 3629 3188 simili

1979 3220 2152 3276 modo
2183 3219 2275 3276 sui
2305 3237 2673 3277 successores
2698 3237 2800 3293 per
2822 3224 3088 3293 tempora
3109 3221 3308 3277 futura
3327 3226 3630 3294 perpetua-

1894 3299 1940 3370 C
1976 3307 2110 3364 liter
2138 3312 2375 3364 teneant
2405 3312 2580 3380 atque
2609 3308 2966 3380 possideant.

2048 3398 2115 3453 V.
2152 3399 2231 3453 De
2264 3398 2537 3470 episcopo
2578 3397 3049 3455 Radashenensis
3078 3399 3349 3468 civitatis,
3381 3399 3431 3456 si
3462 3401 3627 3468 adeo,

1979 3487 2130 3543 sicut
2160 3487 2324 3555 dicis,
2359 3487 2693 3542 infirmatur
2725 3491 2789 3542 ut
2831 3487 2902 3542 de
2944 3487 3149 3544 ovibus
3182 3489 3291 3545 sibi
3325 3490 3628 3546 commisis

1980 3576 2203 3632 nullam
2235 3593 2435 3632 curam
2478 3576 2689 3632 habere
2737 3576 2940 3649 possit,
2975 3594 3047 3632 ne
3076 3577 3204 3633 sine
3233 3577 3626 3635 sollicitudine

1978 3664 2256 3739 pastorali
2270 3666 2545 3737 degentes
2559 3682 2692 3721 oves
2705 3665 2917 3721 Christi
2935 3666 3270 3738 depereant,
3286 3669 3630 3740 profiteatur

1978 3755 2193 3827 scripto
2215 3759 2270 3810 et
2297 3753 2541 3827 propria:
2574 3772 2786 3811 manus
2817 3755 3247 3828 subscriptione
3277 3774 3383 3813 suo
3415 3761 3627 3814 metro-

1976 3843 2236 3918 politano
2268 3861 2328 3899 se
2361 3843 2443 3898 nil
2473 3842 2619 3898 lucri
2652 3844 2805 3916 plebi
2833 3845 2945 3900 sibi
2967 3846 3294 3902 commissae
3325 3863 3496 3918 posse
3527 3863 3631 3920 pro

1977 3951 2084 3989 sua
2113 3933 2273 4006 gravi
2307 3933 2680 4005 aegrotatione
2709 3933 2990 3988 conferre.
3018 3934 3130 3990 Sed
3161 3940 3218 3990 et
3250 3934 3427 3991 simili
3459 3936 3632 3991 modo

1977 4040 2280 4094 nunquam
2314 4039 2375 4078 se
2405 4023 2680 4094 deinceps
2711 4022 3041 4094 episcopale
3069 4024 3326 4080 officium
3359 4025 3633 4097 repetitu-

1976 4129 2106 4167 rum
2137 4111 2500 4184 polliceatur,
2531 4111 2578 4167 si
2611 4115 2807 4166 tamen
2834 4112 2961 4184 ejus
2993 4113 3052 4167 in
3083 4113 3191 4168 hoc
3212 4118 3333 4169 tota
3362 4113 3632 4170 voluntas

1974 4205 2064 4257 est
2083 4207 2141 4257 et
2162 4202 2232 4256 de
2256 4201 2505 4256 sanitate
2537 4199 2722 4273 ipsius
2745 4201 2933 4256 modis
2956 4202 3232 4258 omnibus
3262 4203 3626 4274 desperatur.

1977 4292 2079 4347 His
2111 4291 2192 4346 ita
2221 4290 2421 4363 gestis,
2456 4307 2572 4344 non
2624 4289 2759 4344 talis
2790 4289 3023 4361 qualem
3082 4290 3208 4362 ipse
3265 4291 3524 4363 elegerit,
3556 4309 3630 4347 ne

1973 4385 2175 4437 contra
2197 4395 2449 4435 canones
2472 4395 2872 4433 successorem
2895 4379 3007 4434 sibi
3032 4380 3154 4452 ipse
3176 4379 3420 4452 elegisse
3441 4381 3631 4437 videa-

1973 4476 2098 4538 tur;
2123 4463 2223 4525 Sed
2250 4485 2425 4540 quem
2448 4467 2588 4522 cleri
2621 4471 2678 4522 et
2703 4466 2891 4538 plebis
2922 4485 3056 4523 cum
3089 4486 3377 4525 consensu
3412 4475 3626 4527 metro-

1973 4557 2215 4633 politani
2235 4557 2505 4612 voluntas
2526 4556 2729 4628 egerit,
2745 4557 2795 4612 is
2818 4556 2943 4612 loco
2966 4557 3152 4630 ipsius
3174 4559 3485 4633 episcopus
3509 4577 3627 4616 mo-

211 4652 436 4708 habere
453 4669 572 4707 sua)
603 4651 932 4723 iniquitatis
964 4649 1325 4722 praesidium,
1350 4649 1430 4704 ita
1461 4648 1690 4703 nullum
1710 4652 1863 4704 inve-
1890 4675 1945 4747 Β
1976 4649 2066 4704 dis
2089 4646 2362 4703 omnibus
2387 4649 2780 4713 consecretur,
2795 4645 2866 4700 de
2898 4645 3026 4718 ipsa
3045 4646 3302 4704 Ecclesia
3327 4649 3626 4720 superstiti

211 4741 398 4796 nisset
423 4741 575 4812 apud
600 4745 839 4812 patruos
864 4745 920 4794 et
941 4739 1152 4794 fratres
1187 4754 1326 4793 suos
1357 4738 1718 4811 confugium,
1738 4739 1860 4810 jam

207 4830 296 4884 vel
329 4833 564 4886 coactus
595 4828 830 4885 rediret.
856 4829 966 4884 Sed
1000 4844 1131 4883 cum
1167 4827 1382 4881 invenit
1414 4827 1675 4899 requiem
1708 4827 1863 4899 apud

208 4919 316 4974 hos
358 4924 416 4974 et
454 4923 869 4986 tutamentum,
904 4917 1109 4974 reverti
1163 4916 1502 4972 contemnit.
1538 4917 1685 4985 Quia
1731 4934 1865 4973 vero

207 5026 316 5064 nos
344 5025 478 5064 cum
511 5013 716 5065 sancta
745 5008 966 5081 synodo
981 5007 1152 5079 juxta
1171 5022 1422 5062 canones
1445 5022 1511 5060 ea
1533 5006 1866 5062 conditione

208 5098 673 5170 Theodgaudum
718 5102 775 5153 et
823 5094 1215 5154 Guntharium
1269 5094 1651 5166 deposuimus
1701 5100 1764 5150 ut
1816 5095 1864 5152 si

199 5188 370 5260 juxta
410 5188 836 5259 praecedentem
869 5186 1355 5243 consuetudinem
1397 5183 1621 5257 aliquid
1653 5185 1724 5242 de
1756 5187 1865 5240 mi-

207 5275 450 5331 nisterio
482 5293 648 5332 sacro
681 5277 964 5332 auderent
1003 5275 1362 5348 contingere,
1396 5273 1556 5330 nullo
1589 5273 1762 5329 modo
1793 5273 1862 5328 li-

209 5369 362 5421 ceret
392 5365 476 5422 eis
506 5382 612 5422 nec
644 5366 703 5421 in
745 5364 858 5421 alia
901 5365 1120 5437 synodo
1152 5362 1540 5420 restitutionis
1571 5381 1733 5435 spem
1766 5367 1865 5419 aut

207 5453 402 5510 locum
434 5454 650 5511 habere
680 5452 1123 5519 sotisfactionis,
1149 5453 1248 5508 sed
1277 5457 1333 5508 et
1362 5452 1864 5509 communicantes

205 5544 290 5600 eis
320 5562 523 5601 omnes
560 5545 734 5617 adjici
779 5545 850 5600 de
898 5542 1174 5609 Ecclesia,
1197 5547 1256 5598 et
1303 5544 1555 5599 maxime
1587 5544 1634 5600 si
1665 5548 1867 5616 postea

205 5651 384 5707 quam
410 5634 724 5691 didicerint
739 5635 1021 5690 adversus
1043 5636 1399 5688 memoratos
1419 5633 1705 5706 prolatam
1725 5635 1866 5690 fuis-

204 5740 267 5782 se
299 5724 676 5793 sententiam,
699 5722 920 5780 eisdem
953 5719 1388 5779 communicare
1413 5724 1781 5793 tentaverint,
1811 5728 1868 5783 et

524 5852 786 5915 PATROL.
833 5849 1037 5914 CXIX.

1973 4738 2243 4811 episcopo
2293 4735 2603 4808 stipendiis
2647 4735 2907 4806 quandiu
2949 4735 3152 4793 vixerit
3198 4736 3627 4794 sufficientibus

1974 4845 2076 4901 per
2106 4841 2502 4882 successorem
2526 4841 2697 4880 suum
2732 4824 3072 4898 episcopum
3105 4827 3515 4900 subrogandis.

2043 4917 2138 4971 Vl.
2164 4916 2244 4972 De
2268 4915 2584 4987 Hartuvigo
2615 4914 3032 4971 Pazzouvensis
3063 4915 3310 4972 civitatis
3330 4917 3622 4988 episcopo,

1975 5024 2146 5080 quem
2182 5003 2442 5060 asseritis
2474 5006 2608 5059 ante
2628 5021 2812 5060 annos
2837 5009 3087 5076 quatuor
3106 5003 3356 5078 paralysi
3389 5021 3625 5076 percus-

1975 5113 2128 5163 sum,
2154 5095 2234 5149 ita
2253 5098 2317 5149 ut
2335 5092 2414 5147 nil
2430 5091 2619 5148 valeat
2637 5093 2824 5165 luqui,
2841 5099 2895 5148 et
2912 5093 3163 5148 Ecclesia
3179 5091 3291 5147 sibi
3309 5093 3628 5149 commissa

1975 5185 2295 5256 dissipetur
2323 5186 2381 5237 et
2401 5182 2472 5237 ad
2497 5181 2748 5236 nihilum
2775 5181 3092 5254 redigatur,
3109 5182 3252 5236 dum
3273 5185 3330 5236 et
3350 5181 3510 5237 omni
3528 5199 3628 5254 pa-

1973 5273 2175 5332 storali
2203 5289 2342 5328 cura
2363 5272 2644 5327 destituta
2667 5276 2722 5326 et
2744 5269 2907 5325 nulla
2929 5269 3244 5342 episcopali
3267 5269 3628 5344 providentia

1973 5367 2381 5435 circumsepta,
2399 5360 2447 5415 si
2471 5359 2552 5414 ita
2577 5363 2683 5426 est,
2700 5359 2872 5415 debet
2900 5359 3055 5414 idem
3083 5359 3393 5432 episcopus
3414 5359 3623 5434 saltem

1973 5454 2190 5524 scripto
2213 5449 2467 5524 profiteri
2483 5466 2544 5504 se
2556 5448 2815 5504 officium
2837 5447 2979 5504 illud
2999 5466 3114 5505 non
3133 5465 3302 5522 posse
3325 5465 3619 5522 peragere.

1974 5543 2134 5609 Quod
2169 5541 2216 5597 si
2248 5540 2356 5595 hoc
2387 5555 2556 5611 agere
2587 5555 2701 5593 non
2739 5541 2946 5609 potest,
2980 5539 3274 5612 quomodo
3305 5555 3625 5610 possumus

1973 5631 2184 5689 viventi
2219 5628 2488 5702 episcopo
2521 5627 2817 5700 propriam
2847 5627 3166 5684 Ecclesiam
3198 5628 3446 5694 auferre,
3481 5628 3623 5684 dum

1974 5721 2207 5781 divitias
2260 5715 2671 5777 misericordia:
2725 5716 2827 5774 Dei
2885 5715 3084 5775 nullus
3131 5715 3624 5791 comprehendere

3224 5843 3302 5908 28
