4126 6462
514 372 631 434 875

1893 371 2202 436 NlCOLAI
2233 371 2463 434 PAPAﬂ
2507 373 2554 431 l.

3821 366 3958 422 816

515 505 721 578 possit,
745 510 802 562 et
831 508 973 564 dum
1010 508 1121 582 ipsi
1154 527 1280 583 qua:
1313 509 1512 564 minus
1541 512 1820 580 putamus
1863 507 2052 580 ipsius
2083 508 2168 564 di-
2198 510 2254 578 Α
2284 507 2366 562 ita
2382 506 2655 578 deinceps
2669 504 2948 560 obediens
2971 501 3284 575 peremnia
3298 497 3658 557 ﬁerivelitad
3675 502 3957 554 nostram

515 596 887 669 spensatione
918 602 1275 655 occurrunt?
1306 599 1392 654 Sit
1423 614 1558 670 ergo
1590 615 1733 653 cura
1760 615 1954 653 rerum
1988 598 2176 654 eccle-

515 683 890 742 siasticarum
923 705 1222 745 oeconomo
1254 688 1434 745 electo
1466 689 1538 743 de
1565 687 1798 760 proprio
1830 687 1983 743 clero
2012 688 2179 760 juxta

516 791 716 832 sacros
764 793 1019 833 canones
1070 777 1413 844 commissa;
1449 782 1504 832 ct
1535 795 1662 850 quae
1711 777 1782 832 ad
1832 777 2176 850 episcopum

517 880 689 937 agere
722 866 1032 938 pertinent,
1059 885 1162 940 per
1191 867 1533 940 episcopum
1573 883 1747 939 quem
1780 866 2177 939 metropolita-

521 971 635 1011 nus
666 955 910 1012 antistes
933 957 1004 1012 ad
1040 956 1146 1013 hoc
1171 975 1320 1030 opus
1347 957 1638 1029 agendum
1673 955 1911 1029 elegerit
1943 956 2176 1012 interim

520 1048 821 1115 gerantur.
855 1044 1040 1101 Aliter
1071 1051 1266 1102 autem
1299 1048 1371 1102 de
1409 1046 1520 1102 hoc
1551 1062 1730 1118 quam
1762 1046 1831 1101 de
1879 1045 2177 1118 superiore

521 1131 796 1202 diximus,
831 1133 969 1206 quia
1001 1133 1160 1191 illius
1204 1136 1382 1192 aifatu
1433 1136 1583 1190 scire
1633 1151 1971 1208 possumus,
2005 1134 2178 1190 istius

519 1238 653 1277 vero
682 1221 1040 1280 voluntatem
1073 1241 1245 1280 nosse
1277 1224 1613 1297 nequimus.

593 1311 712 1367 \‘II.
733 1313 813 1368 De
831 1312 1346 1386 episcopojuventi
1369 1315 1491 1384 [_al.,
1508 1314 1729 1385 juveni]
1751 1313 1998 1370 facimus
2020 1314 2175 1386 quod

520 1399 614 1472 pie
643 1417 677 1456 a
707 1401 876 1457 nobis
908 1419 967 1458 re
994 1401 1179 1458 voluit
1208 1402 1524 1475 postulare.

592 1489 736 1546 VIII.
771 1490 1055 1547 Similiter
1085 1493 1154 1548 de
1186 1493 1496 1548 Liudberto
1537 1491 2004 1565 archiepiscopos
2037 1491 2177 1548 faci-

520 1595 657 1636 mus
687 1581 842 1652 quod
873 1581 1158 1654 poposcit.

597 1669 686 1725 IX.
719 1670 984 1741 Hymnus
1024 1671 1346 1744 angelicus,
1381 1672 1437 1726 id
1488 1675 1577 1728 est
1603 1673 1796 1727 Gloria
1846 1674 1906 1727 in
1953 1672 2180 1727 excelsis

523 1759 650 1826 Deo,
688 1776 804 1815 non
835 1764 924 1816 est
955 1776 989 1814 a
1015 1760 1374 1833 presbyteris
1413 1761 1527 1816 nisi
1566 1761 1625 1816 in
1665 1761 1923 1833 paschali
1960 1760 2178 1816 festivi-

525 1852 643 1903 tate
673 1849 978 1917 dicendus,
1002 1850 1158 1920 quod
1199 1853 1255 1904 et
1312 1848 1460 1905 liber
1507 1851 2021 1906 Sacramentorum
2079 1851 2178 1906 de-
2209 1889 2256 1954 Β

525 1941 836 2003 monstrat,
869 1942 927 1993 et
955 1939 1316 1994 consuetudo
1348 1939 1405 1994 in
1445 1940 1708 1995 Romana
1739 1940 1994 1996 Ecclesia
2027 1941 2178 1997 anti-

525 2027 725 2100 quitus
765 2027 1072 2084 observata
1131 2032 1392 2100 patenter
1440 2028 1716 2096 ostendit,
1741 2046 1919 2102 quam
1969 2031 2178 2086 debere

522 2133 728 2172 omnes
757 2115 816 2171 in
848 2115 1157 2173 ordinibus
1197 2117 1609 2174 ecclesiasticis
1640 2119 1806 2192 sequi
1836 2120 2044 2176 beatus
2079 2121 2180 2174 In-

521 2206 830 2262 nocentius
861 2205 919 2260 in
951 2205 1236 2278 principio
1259 2207 1558 2264 decretum
1581 2226 1824 2264 suorum
1855 2208 2181 2266 luculenter

521 2295 775 2368 exponit.

590 2385 656 2440 X.
691 2385 798 2440 Pro
847 2401 981 2457 rege
1039 2383 1473 2458 Danorum,qui
1507 2387 1663 2442 vovit
1720 2391 1918 2443 votum
1978 2388 2094 2443 Dco
2125 2391 2181 2443 et

522 2478 726 2530 sancto
758 2474 944 2540 Petro,
967 2473 1189 2546 gratias
1223 2474 1454 2546 agimus
1483 2476 1672 2531 eidem
1704 2477 1844 2542 Deo,
1867 2478 2181 2548 deprecan-

523 2567 612 2618 tes
638 2563 855 2635 pariter
875 2567 940 2616 ut
959 2563 1115 2634 quod
1151 2563 1319 2618 nobis
1351 2564 1422 2619 de
1445 2564 1708 2620 Cornelio
1731 2567 2069 2622 centurione
2091 2584 2177 2621 re-

523 2652 726 2719 fertur,
752 2651 928 2706 faciat
957 2667 1191 2722 quoque
1229 2650 1545 2707 clementer
1574 2653 1645 2709 de
1690 2653 1798 2709 hoc
1828 2655 1886 2709 in
1919 2655 2180 2727 proximo

525 2757 632 2797 nos
664 2739 887 2796 audire.
911 2739 1013 2795 Cui
1055 2741 1348 2796 orationes
1388 2746 1444 2796 et
1472 2741 1850 2816 eleemosynae
1889 2745 1997 2800 etsi
2049 2749 2181 2801 ante

524 2829 886 2902 baptismum
920 2846 1034 2885 non
1066 2830 1414 2901 profuerunt
1442 2831 1513 2886 ad
1545 2831 1886 2889 diluendam
1919 2833 2183 2906 impieta-

523 2924 726 2988 tatem,
753 2919 1098 2991 profuerunt
1127 2923 1325 2975 tamen
1353 2921 1426 2975 ad
1449 2924 1916 2995 cognoscendam
1938 2925 2181 2980 veracis-

523 3010 736 3066 simam
769 3009 1066 3082 pietatem.

591 3099 684 3154 ΧΙ.
718 3098 1004 3164 Quoniam
1037 3098 1276 3154 nuntias
1298 3101 1454 3172 quod
1486 3101 1676 3157 ﬁdelis
1698 3119 1794 3158 rex
1824 3103 2178 3176 dispositum

521 3188 735 3245 habeat
763 3187 959 3244 venire
987 3187 1282 3244 Tullinam
1315 3193 1373 3245 et
1401 3189 1612 3246 deinde
1642 3209 1844 3264 pacem
1878 3209 2010 3248 cum
2046 3210 2179 3266 rege

2286 599 2555 651 mutuam
2582 599 2914 666 sanctasque
2934 592 3032 648 Dei
3054 591 3323 648 Ecclesiae
3354 589 3758 646 exaltationem
3790 587 3961 644 sicut

2287 684 2446 740 ﬁlius
2468 683 2617 757 patri
2638 683 2911 754 etjunior
2933 682 3236 754 magistro,
3253 681 3333 736 sis
3356 697 3486 753 pem
3506 680 3737 734 firmam
3759 678 3820 733 in
3844 695 3963 734 no-

2290 774 2381 828 bis
2399 773 2614 829 habere
2637 775 2846 844 potest,
2863 771 3014 827 sicut
3030 771 3238 827 habuit
3253 775 3562 842 postquam
3581 785 3688 824 nos
3704 769 3862 824 Deus
3891 770 3960 824 in

2287 866 2490 918 sancta
2519 863 2627 918 hac
2658 862 2795 918 sede
2826 860 3152 916 constituit.
3179 860 3281 914 Cui
3315 859 3660 914 intimamus
3692 858 3776 914 uti
3812 863 3964 930 post

2287 953 2443 1008 Deus
2477 951 2652 1007 talem
2684 951 2744 1006 in
2775 949 2944 1006 nobis
2976 967 3140 1023 spem
3171 950 3386 1006 habeat
3417 953 3481 1003 ut
3511 948 3709 1004 nullus
3740 948 3818 1004 sit
3850 948 3960 1004 cui

2288 1040 2385 1096 ille
2417 1041 2616 1096 credat
2642 1041 2796 1112 quod
2829 1057 2934 1096 nos
2967 1039 3050 1094 illi
3077 1045 3134 1095 et
3165 1039 3288 1096 suis
3308 1055 3426 1094 non
3457 1056 3628 1095 omne
3657 1039 3961 1112 gaudium

2287 1135 2344 1186 et
2372 1147 2606 1186 omnem
2637 1129 2888 1186 velimus
2919 1129 3148 1185 evenire
3178 1127 3463 1199 laetitiam,
3487 1133 3752 1200 optantes
3784 1127 3962 1184 scili-

2289 1224 2398 1286 cet,
2423 1225 2480 1275 et
2501 1224 2682 1275 Deum
2709 1219 3170 1291 omnipotentem
3196 1219 3555 1274 incessanter
3586 1218 3958 1291 ﬂagitantes,

2289 1314 2352 1364 ut
2383 1327 2499 1365 non
2539 1308 2728 1365 solum
2765 1308 2820 1362 in
2855 1309 3125 1380 praesenti
3159 1308 3370 1364 saeculo
3420 1325 3692 1380 prospere
3742 1312 3963 1380 regnet

2288 1403 2464 1471 atquc
2494 1415 2595 1471 per
2625 1397 2813 1453 multa
2833 1401 3165 1470 temporum
3196 1397 3487 1454 curricula
3508 1397 3715 1470 vigeat,
3739 1414 3960 1452 verum

2287 1488 2465 1545 etiam
2496 1488 2553 1542 in
2591 1488 2787 1544 futuro
2822 1504 2955 1541 cum
2987 1487 3216 1543 Christo
3260 1487 3386 1543 sine
3426 1487 3539 1542 line
3573 1487 3736 1542 beate
3766 1486 3956 1556 vivat,

2289 1578 2474 1633 Deum
2507 1576 2660 1632 sicut
2687 1581 2776 1632 est
2803 1575 3228 1650 contemplans.

3034 1684 3198 1740 LXII.

2353 1791 2573 1830 NICOLAI
2606 1791 2873 1830 EPISTOLA
2901 1792 2973 1830 AD
3004 1791 3340 1830 ANSGARIUM
3380 1789 3889 1830 ARCHIEPISCOPUM

2871 1861 3363 1902 HAMBURGENSEM.

3069 1952 3174 1992 SEU

2288 2026 2452 2080 Bulla
2486 2041 2586 2097 pro
2623 2026 3004 2096 conjunctione
3049 2026 3385 2096 episcopatus
3434 2024 3870 2094 Hamburgensis
3903 2035 3959 2081 et

2727 2099 3031 2154 Bremensis
3055 2114 3202 2152 anno
3229 2098 3330 2152 864
3363 2097 3511 2151 data.

2357 2203 2645 2260 NICOLAUS
2679 2205 3009 2277 episcopus,
3037 2222 3238 2260 servus
3269 2220 3567 2260 servorum
3603 2205 3718 2272 Dei,
3753 2205 3955 2260 omni-

2288 2293 2399 2349 bus
2431 2292 2704 2350 ﬁdelibus
2744 2293 3009 2350 Ecclesia:
3054 2297 3267 2349 sanctae
3323 2293 3439 2363 Dei,
3475 2293 3862 2365 prasentibus
3894 2299 3956 2351 et

2290 2382 2524 2451 futuris,
2560 2381 2809 2438 salutem
2845 2387 2901 2438 et
2931 2382 3310 2455 apostolicam
3345 2381 3830 2438 benedictionem.

2361 2472 2639 2543 Quisquis
2700 2471 3038 2540 Dominum,
3074 2477 3131 2527 et
3174 2473 3618 2543 Redemptorcm
3670 2477 3948 2528 nostrum

2287 2561 2490 2616 Jesum
2521 2561 2821 2617 Christum
2853 2562 2923 2616 de
2955 2561 3090 2616 sinu
3136 2560 3323 2617 Patris
3353 2562 3426 2616 ad
3460 2566 3675 2618 terram
3707 2579 3810 2633 pro
3839 2564 3951 2618 de-

2289 2651 2675 2706 monstranda
2723 2651 3000 2707 cordibus
3037 2651 3346 2706 hominum
3375 2668 3510 2706 vera
3539 2657 3596 2707 et
3625 2657 3783 2708 certa
3828 2655 3951 2710 fide

2290 2740 2663 2796 descendisse
2694 2758 2809 2795 non
2844 2741 3092 2808 dubitat,
3117 2742 3374 2814 profecto
3396 2759 3511 2797 non
3543 2741 3792 2814 ignorat,
3816 2760 3948 2799 om-

2291 2847 2415 2898 nes,
2434 2829 2534 2902 qui
2557 2830 2822 2902 ejusdem
2848 2830 2982 2886 fidei
3010 2847 3112 2901 per
3140 2831 3390 2903 gratiam
3413 2831 3600 2902 ipsius
3631 2832 3949 2904 participes

2291 2919 2426 2976 facti
2460 2924 2622 2984 sunt,
2659 2923 2716 2975 et
2744 2919 3030 2991 praecipue
3064 2937 3190 2986 nos,
3217 2919 3316 2992 qui
3348 2937 3450 2991 per
3478 2919 3733 2991 primum
3765 2925 3947 2977 tanta?

2287 3009 2519 3064 virtutis
2553 3008 2894 3064 ministrum
2924 3007 3115 3064 locum
3147 3010 3508 3081 prazcipuum
3537 3014 3824 3078 tenemus,
3848 3011 3951 3068 ho-

2289 3097 2549 3153 minibus
2569 3097 2779 3153 debere
2811 3097 3109 3154 lucrandis
3134 3097 3420 3167 insistere,
3437 3103 3494 3154 et
3515 3115 3617 3170 per
3638 3099 3948 3158 universas

2288 3193 2491 3262 gentes
2518 3187 2678 3243 verbi
2728 3186 2957 3244 semina
3002 3204 3212 3257 serere,
3239 3205 3302 3243 ac
3353 3187 3560 3244 solatia
3618 3189 3947 3247 ferentibus

519 3276 909 3350 Vulgarorum
941 3276 1290 3332 confirmare
1321 3281 1377 3332 et
1417 3278 1732 3334 Rastitium
1783 3285 1885 3336 aut
1930 3265 2175 3337 volendo
2207 3265 2249 3331 C
2289 3277 2645 3334 ministrare.
2669 3276 2834 3332 Nunc
2865 3281 3060 3332 autem
3103 3279 3241 3350 quia
3275 3277 3601 3334 Ludovicus
3635 3277 3941 3336 sublimis-

522 3371 623 3423 aut
653 3365 902 3422 nolendo
937 3364 1048 3421 sibi
1081 3365 1448 3422 obedientem
1480 3369 1687 3436 facere,
1713 3387 1952 3426 oramus
1985 3371 2174 3426 omni-

519 3459 817 3530 potentem
847 3456 1031 3511 Deum
1065 3459 1129 3510 ut
1157 3455 1403 3528 angelus
1435 3457 1534 3529 qui
1568 3458 1678 3513 fuit
1709 3476 1842 3514 cum
1872 3460 2052 3516 Jacob
2075 3478 2174 3532 pa-

521 3545 796 3613 triarcha,
822 3545 899 3601 sit
920 3561 1154 3617 quoque
1178 3561 1309 3600 cum
1343 3545 1470 3618 ipso
1493 3551 1704 3602 etcum
1727 3548 2003 3606 omnibus
2027 3549 2173 3622 suis,

520 3639 579 3692 et
609 3635 754 3692 bene
785 3633 1058 3706 disponat
1102 3635 1213 3688 iter
1240 3635 1390 3706 ejus,
1415 3640 1470 3690 et
1501 3652 1635 3692 cum
1667 3654 1808 3709 pace
1856 3643 1913 3694 et
1959 3639 2174 3712 gaudio

522 3727 846 3781 revertatur
875 3723 946 3778 ad
979 3723 1234 3795 propria.

593 3813 709 3868 ΧΠ.
742 3811 887 3878 Quia
932 3829 1066 3868 vero
1107 3811 1254 3868 dicis
1301 3815 1456 3886 quod
1487 3814 2028 3873 Christianissimus
2077 3836 2174 3874 rex

519 3907 712 3976 speret
733 3901 888 3974 quod
913 3901 1035 3974 ipse
1058 3919 1156 3957 rex
1177 3902 1567 3976 Vulgarorum
1586 3907 1656 3960 ad
1682 3906 1856 3962 tidem
1881 3907 2020 3963 velit
2045 3925 2176 3964 con-

517 3992 661 4050 verti
684 3996 740 4048 et
750 3993 876 4064 jam
901 3990 1071 4046 multi
1095 4008 1162 4047 ex
1192 3992 1337 4064 ipsis
1359 3993 1673 4049 Christiani
1704 3995 1839 4050 facti
1871 3997 2010 4063 sint,
2043 4014 2174 4070 gra-

517 4083 632 4139 tias
656 4082 888 4156 agimus
911 4081 1047 4150 Deo,
1065 4098 1240 4152 quem
1264 4099 1574 4154 precamur
1596 4088 1659 4139 ut
1680 4085 1981 4142 abundare
2004 4087 2177 4144 faciat

520 4173 884 4230 incrementa
917 4171 1154 4245 frugum
1201 4171 1260 4226 in
1301 4172 1506 4228 horreo
1538 4191 1663 4230 suo.
1709 4174 2007 4246 Jejunium
2040 4194 2174 4233 vero

518 4279 622 4336 pro
653 4262 736 4319 eis
767 4266 823 4318 et
849 4261 1163 4328 orationes,
1188 4261 1340 4317 sicut
1369 4278 1472 4334 per
1501 4267 1557 4318 te
1586 4262 1873 4331 hortatur,
1896 4264 2010 4321 Deo
2042 4283 2174 4338 pro-

519 4352 662 4424 pitio
694 4350 998 4408 faciemus.

589 4441 739 4498 XIII.
759 4441 1042 4497 Praeterea
1065 4440 1263 4497 fateris
1286 4442 1437 4513 quod
1464 4442 1880 4499 devotissimus
1903 4445 2175 4519 princeps

520 4531 863 4602 deprecetur
883 4546 988 4586 nos
1009 4534 1074 4585 ut
1105 4530 1153 4586 si
1186 4529 1400 4602 aliquis
1434 4531 1740 4588 sinistrum
1763 4535 2070 4607 quippiam
2104 4536 2174 4592 de

2286 3368 2475 3424 simus
2506 3384 2604 3422 rex
2645 3383 2747 3438 per
2776 3366 3146 3423 Salomonem
3178 3367 3566 3423 venerabilem
3598 3368 3942 3441 episcopum

2285 3456 2539 3513 civitatis
2568 3456 3055 3524 Constantiensis,
3082 3462 3281 3512 nostro
3315 3457 3542 3512 studuit
3584 3458 3943 3530 apostolatui

2287 3547 2581 3612 intimare,
2598 3546 2755 3618 quod
2779 3546 2884 3617 piae
2907 3547 3199 3602 memoriae
3233 3545 3558 3602 Ludovicus
3577 3547 3652 3617 (a)
3679 3547 3812 3619 pius
3836 3548 3944 3604 im-

2287 3640 2519 3709 perator
2561 3635 2898 3707 progenitor
2928 3637 3004 3708 (ὁ)
3035 3653 3199 3705 suus,
3236 3636 3549 3708 quemdam
3584 3637 3943 3694 monachum

2288 3726 2522 3781 nomine
2551 3725 2943 3780 Anscharium
2986 3726 3056 3781 de
3096 3724 3451 3782 monasterio
3481 3725 3815 3782 Corbeiensi
3848 3731 3946 3782 tu-

2287 3816 2470 3882 lisset,
2493 3820 2548 3870 et
2579 3813 2922 3870 collocasset
2962 3833 3096 3871 eum
3137 3815 3308 3885 juxta
3344 3814 3573 3872 Albiam
3605 3814 3846 3870 fluvium
3884 3817 3943 3872 in

2285 3905 2616 3961 confinibus
2678 3908 2972 3960 Danorum
3032 3909 3444 3977 Saxonumque
3483 3908 3552 3972 (ε)
3587 3904 3642 3958 in
3704 3905 3944 3963 castello

2288 3995 2707 4066 llammeburg,
2742 3994 2893 4048 inter
2941 3994 3089 4050 duos
3133 3994 3530 4066 episcopatus,
3565 3994 3941 4051 Bremensem

2286 4083 2508 4140 scilicet
2538 4089 2594 4139 et
2623 4083 3000 4140 Verdensem.
3026 4085 3106 4139 De
3139 4083 3356 4155 quibus
3401 4082 3611 4138 tollens
3641 4082 3940 4154 ecclesias,

2286 4181 2342 4228 et
2372 4174 2630 4229 decimas
2679 4173 2751 4228 ad
2786 4173 3274 4229 sustentationem
3319 4172 3672 4245 provehendi
3717 4174 3943 4244 praefati

2278 4265 2405 4336 jam
2455 4263 2709 4336 episcopi
2760 4262 3222 4335 clericorumque
3269 4264 3419 4334 ejus,
3455 4263 3842 4319 condonasset
3883 4263 3939 4319 in

2285 4354 2560 4426 praedicto
2592 4353 2737 4418 loco,
2765 4357 3084 4421 annuente,
3114 4369 3179 4408 ac
3211 4351 3501 4409 solemnia
3527 4351 3683 4408 sedis
3715 4357 3942 4426 aposto-

2285 4441 2407 4497 licae
2430 4440 2732 4514 privilegia
2765 4442 3056 4514 praebente
3085 4442 3509 4514 praedecessore
3549 4446 3744 4498 nostro
3775 4442 3938 4498 bonae

2286 4533 2580 4588 memoria:
2613 4531 2888 4604 Gregorio
2947 4549 3117 4604 papa.
3153 4531 3336 4604 Cujus
3385 4535 3443 4587 et
3491 4531 3834 4587 auctoritate
3881 4531 3940 4588 in

520 4619 622 4675 illo
641 4618 812 4709 nobis
829 4636 932 4692 per
952 4619 1203 4709 missum
1227 4636 1328 4675 seu
1347 4635 1449 4691 per
1469 4620 1778 4709 epistolam
1797 4622 2173 4691 intimaverit,
2207 4643 2253 4709 D
2285 4621 2620 4694 supradicto
2641 4619 3173 4693 Nordalbingorum
3193 4619 3406 4693 populo
3435 4621 3602 4676 sedes
3624 4619 3942 4677 constituta

520 4724 636 4763 non
669 4708 720 4764 ei
753 4709 1060 4764 credamus
1111 4708 1460 4780 priusquam
1509 4707 1636 4782 ipse
1674 4711 1869 4768 venire
1917 4730 2173 4784 praesens

516 4795 605 4854 vel
638 4814 780 4853 suos
802 4797 1042 4854 idoneos
1066 4797 1298 4871 lugatos
1322 4799 1392 4854 ad
1421 4816 1527 4854 nos
1547 4801 1734 4872 possit
1753 4803 2172 4859 transmittere.

518 4886 620 4942 Cui
645 4887 1053 4944 renuntiamus
1077 4888 1214 4960 quia
1235 4905 1340 4944 nos
1367 4888 1581 4961 pignus
1603 4889 2077 4962 repromissionis
2097 4893 2176 4948 di-

515 4976 784 5033 lectionis
803 4982 860 5032 et
881 4977 1205 5034 devotionis
1237 4995 1355 5034 suae
1381 4977 1724 5033 retinemus.
1742 4980 1920 5051 Cujus
1954 4997 2174 5037 memo-

517 5083 630 5134 res,
664 5067 713 5120 si
745 5067 884 5138 quid
919 5068 988 5122 de
1019 5066 1146 5138 ipso
1191 5084 1408 5124 saevum
1462 5068 1607 5122 forte
1651 5068 2014 5136 audiremus,
2047 5076 2174 5126 tan-

518 5172 697 5228 quam
731 5156 779 5211 si
813 5174 1089 5212 ranarum
1123 5163 1329 5213 cantus
1352 5155 1644 5211 declinare
1674 5157 2177 5215 studebimus.Ve-

518 5260 651 5299 rum
675 5244 797 5316 ipse
829 5262 1060 5317 semper
1089 5253 1359 5318 operetur
1401 5245 1555 5299 unde
1596 5244 1987 5316 tripudiantes
2018 5247 2171 5304 laete-

519 5348 656 5389 mur
685 5338 741 5389 et
771 5335 844 5388 ob
878 5334 932 5389 id
968 5336 1082 5391 Deo
1113 5335 1331 5408 gratias
1359 5332 1586 5388 debitas
1617 5335 2038 5404 persolvamus.

587 5421 731 5478 XIV.
756 5423 930 5480 Porro
962 5423 1338 5480 asserverasti
1381 5423 1534 5494 quod
1567 5423 1821 5481 domnus
1865 5443 1963 5482 rex
2002 5429 2171 5487 nobis

586 5548 662 5620 (a)
695 5547 866 5620 Deest
896 5549 955 5604 in
986 5548 1160 5604 editis
1192 5547 1478 5614 Bolland.,
1507 5550 1654 5620 pius.

586 5619 660 5691 (ὁ)
693 5619 860 5690 ΒοΙΙ.,
891 5623 1124 5690 genitor.

586 5691 657 5768 (c)
690 5691 858 5766 Boll.,
888 5702 939 5751 et
967 5693 1273 5752 Slavorum.

2283 4717 2372 4767 est
2403 4709 2921 4782 archiepiscopalis
2955 4710 3011 4764 in
3044 4710 3282 4766 castello
3315 4711 3588 4782 superius
3619 4715 3939 4768 memorato

2287 4801 2704 4869 llammeburg,
2736 4803 2793 4853 et
2830 4797 2890 4852 in
2933 4799 3137 4854 eadem
3170 4816 3405 4871 quoque
3455 4799 3591 4854 sede
3641 4803 3878 4871 accepto
3909 4817 3940 4855 a

2286 4890 2422 4946 sede
2451 4887 2771 4961 apoctolica
2801 4887 2998 4959 pallio,
3022 4888 3498 4960 archiepiscopus
3530 4889 3758 4960 primus
3789 4890 3942 4945 ordi-

2287 4984 2462 5033 natus
2492 4982 2581 5034 est
2600 4977 2982 5045 Anscharius,
2999 4978 3150 5034 cuia
3179 4979 3417 5050 praefato
3443 4977 3517 5049 (d)
3541 4994 3774 5034 summo
3794 4995 3940 5051 pon-

2286 5069 2440 5124 tilice
2471 5067 2735 5140 delegata
2764 5071 2853 5122 est
2892 5085 3034 5123 cura
3078 5067 3407 5124 seminandi
3453 5067 3696 5123 verbum
3729 5067 3849 5136 Dei,
3885 5074 3938 5124 et

2285 5157 2515 5212 animas
2547 5157 2661 5212 Deo
2705 5155 2972 5212 lucrandi
2999 5157 3083 5229 (ε).
3109 5157 3292 5228 Cujus
3340 5156 3722 5228 delegationis
3755 5160 3810 5210 et
3839 5172 3938 5212 au-

2283 5247 2593 5314 ctoritatis,
2619 5262 2685 5300 ac
2716 5245 2877 5318 pallii
2919 5246 3274 5318 acceptionis
3304 5248 3518 5319 pagina
3565 5245 3734 5301 nobis
3786 5251 3876 5300 est
3905 5263 3940 5301 a

2282 5337 2517 5409 praefato
2550 5335 2668 5391 lilio
2711 5340 2909 5390 nostro
2943 5335 3235 5392 Ludovico
3267 5353 3401 5409 rege
3431 5353 3534 5408 per
3554 5336 3682 5407 jam
3712 5335 3936 5391 dictum

2281 5427 2653 5484 Salomonem
2713 5425 3158 5482 sanctissimum
3221 5425 3563 5498 episcopum
3621 5424 3934 5497 destinata,

2350 5554 2426 5622 (d)
2461 5551 2606 5607 Boll.
2641 5569 2755 5606 non
2787 5550 2929 5622 legit
2951 5568 3183 5608 sum-mo.

2349 5631 2418 5694 (e)
2454 5625 2554 5680 Hic
2585 5623 2804 5696 desinit
2849 5622 2990 5679 Boll.
3024 5625 3132 5679 Sed
3168 5623 3263 5696 hic
3293 5622 3499 5696 incipit
3537 5626 3872 5696 excerptum
3904 5640 3935 5681 a

2279 5697 2591 5758 Remberto
2624 5695 2682 5751 in
2715 5695 2845 5752 Vita
2876 5696 2934 5755 S.
2966 5695 3236 5771 Ansgarii
3269 5695 3492 5752 datum.
