4126 6460
209 431 332 491 877

1430 433 1837 494 EPISTOL/E
1882 431 1982 494 ET
2026 433 2412 496 DECRETA.

3512 440 3633 500 878

199 563 380 633 juxta
403 577 624 618 morem
649 566 868 618 saneta:
891 563 1164 619 Romanae
1185 563 1451 620 Ecclesia:
1475 564 1747 620 ebulla'ta.
1767 565 1872 620 Per
1898 565 1955 636 Α
1985 569 2040 620 et
2067 566 2332 622 facienda
2364 584 2492 622 esse
2543 584 2660 624 non
2710 568 3072 635 dubitamus,
3107 572 3357 627 maxime
3409 573 3463 628 in
3513 578 3631 630 tam

210 653 385 722 cujus
418 651 642 723 paginae
667 655 926 706 tenorem
946 652 1066 707 haee
1097 653 1178 707 ita
1208 653 1360 709 facta
1381 654 1562 709 fuisse
1591 654 1871 726 comperi-

212 740 546 806 mus,sicut
575 740 761 812 pietas
795 740 964 796 nobis
987 742 1112 812 jam
1145 743 1365 815 praefati
1400 743 1552 816 regis
1585 761 1688 815 per
1737 744 1871 799 ﬁde-

210 829 328 884 lem
359 829 550 884 virum
585 828 956 884 Salomonem
989 830 1328 903 episcopum
1360 831 1672 887 intimavit.
1708 833 1866 888 Unde

210 937 321 974 nos
350 918 596 991 vestigia
622 917 769 973 tanti
801 918 1098 990 pontiﬁcis
1123 925 1181 975 et
1211 921 1653 992 prmdecessoris
1685 921 1868 976 nostri

212 1007 473 1080 Gregorii
499 1012 1205 1079 sequentes,omnemque
1238 1009 1353 1064 Deo
1386 1009 1623 1081 dignam
1655 1011 1731 1065 ibi
1757 1014 1870 1065 sta-

210 1100 400 1152 tutam
434 1095 855 1166 providentiam
889 1101 1290 1168 agnoscentes,
1324 1115 1668 1171 magnorum
1701 1100 1865 1171 prin-

213 1186 414 1258 cipum
437 1188 656 1252 votum,
675 1184 948 1240 Ludovici
969 1185 1237 1241 videlicet
1273 1187 1414 1241 divae
1450 1187 1868 1243 recordationis

210 1275 482 1348 Augusti,
501 1278 557 1330 et
585 1275 860 1346 zequivoei
895 1275 1023 1346 ejus
1054 1275 1155 1330 ﬁlii
1187 1275 1656 1333 excellentissimi
1693 1279 1864 1351 regis,

212 1369 333 1419 tam
366 1364 546 1435 hujus
576 1363 905 1436 apostolicae
937 1364 1302 1420 auctoritatis
1345 1370 1651 1437 praecepto,
1687 1384 1864 1439 quam

209 1453 388 1508 etiam
422 1451 582 1524 pallii
613 1451 846 1507 datione
896 1469 1054 1507 more
1107 1454 1600 1524 praedecessorum
1647 1459 1868 1511 nostro-

209 1560 342 1597 rum
376 1541 647 1597 roborare
670 1540 1052 1610 decrevimus,
1074 1547 1364 1613 quatenus
1393 1548 1554 1599 tanta
1587 1545 1866 1600 fundatus

208 1630 555 1687 auctoritate
577 1628 1036 1701 pranominatus
1067 1631 1423 1686 Anscharius
1474 1632 1700 1703 primus
1729 1634 1866 1689 Nor-

208 1719 621 1793 dalbingorum
654 1717 1220 1790 arehiepiseopus,et
1254 1726 1384 1792 post
1413 1720 1608 1792 ipsum
1641 1740 1866 1778 succes-

209 1827 372 1865 sores
402 1810 551 1879 ejus,
586 1807 885 1862 lucrandis
918 1807 1188 1880 plebibus
1220 1809 1864 1876 insistentes,adversus

208 1902 571 1954 tentamenta
587 1895 802 1951 diaboli
825 1895 1134 1952 validiores
1157 1898 1429 1952 existant.
1451 1900 1646 1970 Ipsum
1676 1899 1858 1956 lilium

206 1989 475 2042 nostrum
499 1987 626 2057 jam
653 1984 876 2040 dictum
906 1985 1294 2041 Anseharium
1328 1985 1582 2057 legatum
1626 1987 1685 2041 in
1735 2004 1859 2042 om-

208 2077 384 2132 nibus
411 2074 870 2146 circumquaque
901 2075 1175 2147 gentibus
1223 2075 1529 2143 Sueorum,
1564 2076 1860 2131 Danorum

206 2169 265 2221 et
295 2165 618 2229 Slavorum,
652 2181 715 2218 ac
749 2164 807 2218 in
839 2163 1060 2218 caeteris
1092 2162 1430 2236 ubicunque
1459 2164 1577 2220 illis
1625 2164 1683 2220 in
1729 2183 1860 2236 par-

205 2255 367 2310 tibus
409 2253 744 2309 constitutis
792 2253 987 2307 divina
1029 2253 1213 2324 pietas
1270 2253 1487 2308 ostium
1547 2255 1856 2326 aperuerit,

206 2343 502 2416 publicam
558 2341 992 2414 evangelizandi
1048 2341 1366 2397 tribuimus
1432 2343 1856 2399 auctoritatem.

204 2434 523 2505 Ipsamque
583 2431 782 2486 sedem
853 2430 1404 2503 Nordalbingorum,
1469 2433 1862 2505 llammeburg

203 2523 441 2589 dictam,
475 2521 535 2575 in
567 2520 846 2574 honorem
884 2521 942 2574 S.
978 2519 1315 2586 Salvatoris,
1347 2525 1679 2592 sanctisque
1729 2523 1860 2592 ejus

201 2611 560 2667 intemeratae
592 2608 898 2664 Cenitrieis
931 2625 1164 2680 semper
1211 2609 1464 2682 Virginis
1498 2609 1689 2664 Mariae
1723 2627 1857 2664 con-

203 2704 514 2765 secratam,
548 2698 823 2769 deinceps
850 2714 977 2753 esse
1010 2697 1378 2753 decernimus
1401 2698 1863 2772 archiepiscopa-

203 2791 340 2845 lem.
373 2791 558 2859 Atque
591 2792 654 2843 ut
699 2787 919 2842 strenui
972 2787 1370 2859 praedicatoris
1420 2789 1698 2860 episcopi,
1729 2794 1863 2861 post

205 2880 513 2935 decessum
537 2876 675 2932 dicti
699 2876 1004 2931 Anseharii
1039 2876 1696 2948 archiepiscopi,crebro
1737 2895 1862 2950 per-

205 2985 354 3024 sona
382 2971 542 3023 tanto
573 2966 764 3022 oflicio
805 2970 939 3038 apta
989 2965 1240 3037 eligatur
1287 2983 1519 3038 semper
1565 2967 1860 3023 successio

204 3058 600 3132 (successum)
629 3055 742 3110 sub
772 3053 952 3109 divini
985 3054 1372 3109 obtestatione
1395 3054 1603 3124 judicii
1651 3055 1858 3110 statui-

205 3163 365 3202 mus.
399 3145 615 3200 Verum
667 3144 807 3216 quia
853 3142 1094 3198 Carolus
1143 3158 1261 3206 rex,
1305 3143 1484 3198 frater
1540 3143 1858 3215 supradicti

201 3235 361 3306 regis
405 3233 857 3305 Ludovici,post
907 3233 1214 3288 decessum
1263 3231 1632 3303 imperatoris
1677 3234 1860 3303 patris

1892 1942 1939 2005 B

1980 655 2216 710 novellae
2276 655 2738 712 Christianitatis
2796 657 3174 729 plantatioue,
3210 661 3266 714 in
3321 679 3437 732 qua
3488 662 3631 717 varii

1980 743 2170 798 solent
2197 749 2436 799 eventus
2466 745 2819 818 contingere.
2855 749 3245 814 Quamobrem
3290 753 3630 807 auctoritate

1979 832 2396 904 omnipotentis
2428 833 2552 901 Dei,
2585 837 2640 888 et
2670 835 2971 890 beatorum
3027 837 3425 908 apostolorum
3473 841 3630 896 Petri

1980 926 2034 976 et
2067 922 2228 976 Pauli
2253 922 2364 977 hoc
2396 927 2595 978 nostro
2627 924 2854 979 decreto
2885 924 3278 992 decernimus,
3303 930 3629 984 secundum

1979 1010 2430 1082 reverentissimi
2468 1012 2608 1084 regii
2642 1013 2914 1068 Ludovici
2965 1018 3186 1076 votum.
3221 1016 3379 1087 ipsas
3428 1017 3629 1088 prwdi-

1978 1103 2099 1154 etas
2131 1100 2430 1166 diceceses,
2463 1101 3062 1173 Hammeburgensem
3093 1104 3360 1160 videlicet
3406 1110 3462 1160 et
3502 1107 3630 1161 Bre-

1978 1205 2262 1256 mensem,
2299 1206 2412 1244 non
2466 1189 2738 1262 deinceps
2793 1191 2961 1258 duas,
2995 1192 3097 1246 sed
3159 1210 3336 1248 unam
3386 1211 3534 1262 esse,
3571 1199 3629 1250 et

1975 1278 2186 1346 vocari,
2222 1277 2511 1349 subdique
2559 1279 2702 1344 sedi,
2745 1296 2872 1349 quae
2937 1281 3380 1350 praedecessoris
3438 1283 3626 1339 nostri

1974 1366 2206 1421 decreto
2235 1366 2714 1438 archiepiscOpali
2756 1372 2841 1421 est
2889 1384 3130 1423 munere
3175 1369 3508 1437 sublimata,
3545 1387 3630 1428 re-

1975 1455 2182 1511 stituta
2211 1457 2496 1510 duntaxat
2526 1456 2595 1510 de
2627 1456 2957 1512 Bremensis
2988 1457 3253 1513 Ecclesiae
3289 1460 3464 1515 rebus
3504 1461 3626 1533 epi-

1974 1545 2241 1617 scopatui
2272 1545 2550 1600 Verdensi
2585 1545 2732 1616 parti
2768 1545 2902 1600 inde
2924 1545 3362 1603 ablata.l\'ullus
3392 1566 3522 1605 vero
3543 1567 3630 1604 ar-

1974 1635 2384 1707 chiepiscopus
2414 1633 2776 1689 Coloniensis
2805 1633 2987 1689 ullam
3019 1635 3294 1708 deinceps
3333 1637 3392 1691 in
3423 1639 3628 1695 eadem

1975 1723 2207 1779 dioecesi
2241 1722 2495 1777 vindicet
2525 1722 2640 1778 sibi
2667 1723 3102 1791 aucioritatem;
3127 1724 3392 1795 quinimo
3413 1731 3470 1782 et
3492 1727 3626 1799 ipsi,

1973 1817 2029 1867 et
2059 1812 2334 1867 omnibus
2367 1809 2604 1865 omnino
2637 1813 2958 1867 suademus
2989 1828 3134 1867 VONB
3165 1814 3466 1887 religionis
3511 1816 3630 1870 cul-

1973 1902 2218 1968 toribus,
2252 1905 2315 1954 ut
2346 1917 2512 1954 sacra
2535 1899 2658 1954 haec
2688 1899 2974 1971 legatione
3002 1901 3381 1974 fungentibus
3406 1906 3632 1976 adjuto-

1971 1991 2057 2046 rio
2087 1989 2204 2046 sint
2234 1994 2291 2043 et
2321 1987 2549 2053 solatio,
2582 1993 2874 2059 quatenus
2899 1989 3087 2061 gratia
3136 1991 3314 2062 hujus
3360 1993 3627 2050 beneﬁcii

1971 2079 2204 2152 plenam
2237 2077 2564 2134 mercedem
2616 2076 2869 2148 recipere
2899 2083 3235 2134 mereantur
3290 2082 3362 2136 ab
3411 2099 3477 2137 eo
3528 2086 3629 2156 qui

1970 2169 2115 2224 dixit
2148 2188 2160 2225 :
2196 2169 2288 2235 Ite,
2321 2167 2498 2222 docete
2529 2184 2712 2222 omnes
2742 2176 2956 2237 gentes;
2979 2173 3036 2224 et
3057 2187 3070 2224 :
3093 2173 3416 2245 Quicunque
3439 2177 3632 2246 recipit

1968 2276 2078 2323 vos,
2112 2275 2200 2314 me
2225 2259 2420 2329 recipit
2436 2255 2638 2328 (Matth.
2682 2274 2716 2310 x
2767 2266 2817 2312 et
2865 2259 3086 2330 xxvm).
3137 2259 3336 2332 Itaque
3367 2263 3565 2318 omnia
3595 2281 3630 2319 a

1970 2349 2177 2404 dilecto
2211 2347 2327 2401 filio
2359 2349 2556 2400 nostro
2616 2345 2903 2402 Ludovico
2954 2348 3024 2402 ad
3067 2348 3175 2404 hoc
3225 2350 3339 2405 Deo
3379 2351 3626 2424 dignum

1970 2437 2228 2494 ofﬁcium
2261 2436 2558 2508 deputata,
2587 2439 2788 2490 nostra
2810 2435 2981 2490 etiam
3008 2435 3102 2508 pia
3123 2439 3249 2508 ejus
3271 2443 3400 2495 vota
3423 2446 3624 2496 aucto-

1970 2528 2137 2581 ritate
2173 2525 2502 2579 ﬂrmamus.
2537 2524 2606 2577 Et
2653 2523 2792 2594 quia
2839 2541 3012 2579 casus
3061 2528 3485 2597 praeteritorum
3518 2548 3626 2586 nos

1969 2621 2170 2671 cautos
2205 2613 2424 2668 faciunt
2452 2613 2511 2666 in
2546 2613 3022 2674 futurum.omne
3054 2632 3288 2687 quoque
3319 2619 3630 2674 adversan-

1970 2703 2215 2771 tem,vcl
2248 2701 2764 2767 contradicentem,
2790 2707 2963 2774 atque
3014 2705 3230 2759 nostris
3273 2705 3366 2762 his
3412 2708 3626 2764 studiis

1969 2790 2528 2866 quoquomodolibet
2547 2789 2921 2846 insidiantem
2941 2791 3332 2850 anathematis
3348 2813 3626 2854 mucrone

1970 2881 2350 2956 percutimus,
2374 2884 2546 2950 atque
2567 2885 2854 2950 perpetuae
2883 2880 3118 2936 ultionis
3141 2900 3305 2938 reum
3339 2885 3629 2943 diabolica

1969 2976 2123 3027 sorte
2152 2971 2524 3037 damnamus,
2545 2973 2610 3022 ut
2641 2967 2872 3023 culmen
2895 2969 3276 3041 apostolicum
3302 2989 3462 3028 more
3484 2991 3625 3046 prae-

1969 3051 2342 3117 decessorum
2376 3061 2709 3113 nostrorum
2744 3074 3100 3130 causamque
3126 3059 3228 3115 Dei
3271 3061 3365 3133 pio
3415 3063 3623 3118 aifectu

1967 3148 2330 3214 zelantes,ab
2362 3145 2618 3201 adversis
2652 3145 2788 3201 hinc
2816 3145 2951 3202 inde
2982 3148 3248 3218 partibus
3282 3151 3468 3207 tutius
3503 3169 3626 3207 mu-

1969 3238 2218 3293 niamur.
2243 3236 2315 3309 (α)
2343 3235 2406 3290 Et
2447 3234 2584 3306 quia
2615 3238 2691 3301 te,
2719 3233 3061 3290 charissime
3095 3236 3175 3290 ﬁli
3206 3238 3515 3307 Anschari,
3535 3241 3622 3295 di-

200 3324 317 3392 sui,
343 3324 449 3397 piae
483 3321 775 3378 memoriae
801 3320 1096 3386 Ludovici,
1118 3320 1360 3375 abstulit
1383 3338 1416 3376 a
1437 3321 1856 3393 praenominato
1887 3312 1928 3378 C
1968 3327 2099 3381 vina
2128 3324 2436 3381 clementia
2465 3341 2612 3378 nova
2642 3322 2700 3377 in
2733 3324 2868 3379 sede
2893 3324 3151 3396 primum
3184 3327 3474 3398 disposuit
3492 3345 3624 3385 esse

196 3414 350 3480 loco,
384 3412 483 3484 qui
528 3411 744 3467 dicitur
773 3410 1190 3482 Hammeburg,
1225 3410 1668 3478 monasterium,
1703 3411 1858 3482 quod

197 3501 529 3575 appellatur
559 3498 825 3567 Turholt,
862 3500 1044 3554 situm
1094 3499 1154 3553 in
1204 3499 1546 3554 occidentali
1594 3499 1856 3568 Francia,

197 3592 354 3665 quod
385 3591 502 3646 illis
534 3590 764 3664 genitor
786 3607 931 3645 suus
956 3589 1028 3644 ad
1052 3588 1529 3660 supplementum
1554 3592 1612 3644 et
1640 3588 1857 3644 victum

197 3680 507 3752 episcopos
563 3683 620 3734 et
678 3677 903 3734 clericis
963 3678 1090 3749 ejus
1152 3677 1411 3744 dederat,
1447 3681 1764 3750 ceperunt,
1796 3681 1861 3733 ut

196 3767 666 3839 fertur,ministri
685 3766 887 3822 altaris
909 3767 1624 3823 recedere.Deﬁcientibus
1645 3767 1859 3839 quippe

196 3857 548 3914 necessariis
574 3855 932 3929 sumptibus,
969 3857 1040 3911 ab
1075 3856 1219 3927 ipsis
1265 3860 1629 3911 recesserunt
1679 3857 1860 3927 genti-

198 3949 400 4017 bus,et
412 3947 615 4003 eadem
634 3946 703 4001 ad
719 3949 921 4019 gentes
938 3943 1148 4015 legatio
1163 3962 1264 4016 per
1285 3944 1623 4016 hujusmodi
1638 3945 1856 3999 factum

200 4037 431 4093 defecit.
466 4040 600 4108 Ipsa
631 4051 864 4107 quoque
901 4032 1237 4105 metropolis
1287 4033 1685 4106 Hammeburg
1714 4050 1859 4105 pene

201 4127 436 4182 deserta
464 4129 553 4182 est
583 4126 754 4180 facta.
781 4123 967 4197 Igitur
989 4122 1129 4177 dum
1157 4123 1277 4177 hac
1310 4123 1860 4195 agerentur,del'un-

203 4220 336 4272 ctus
366 4220 454 4272 est
474 4215 842 4270 dicecesanus
875 4211 1229 4279 Bremensis,
1262 4228 1390 4284 quae
1422 4211 1558 4267 huic
1589 4211 1860 4284 contigua

202 4323 332 4361 esse
363 4304 598 4360 dicitur.
634 4304 898 4375 Cumque
930 4318 1080 4373 saepe
1112 4302 1304 4357 dictus
1336 4319 1434 4357 rex
1467 4305 1523 4356 et
1553 4301 1702 4356 hanc
1725 4300 1860 4356 dioe-

202 4395 382 4450 cesim
432 4397 758 4460 vacantem,
792 4397 850 4447 et
900 4391 1057 4446 illam
1093 4389 1381 4446 novellam
1429 4389 1857 4446 institutionem

202 4487 465 4540 cerneret
514 4482 914 4549 deﬁcientem;
948 4481 1190 4553 insuper
1247 4483 1303 4535 et
1353 4484 1662 4552 utramque
1709 4479 1860 4536 hanc

198 4572 649 4639 Ecclesiam,Dei
683 4570 1056 4643 permittente
1088 4569 1313 4625 occulto
1339 4569 1586 4640 judicio,
1606 4587 1708 4641 per
1727 4571 1858 4624 bar-

201 4664 478 4719 barorum
513 4660 792 4717 saevitiam
826 4659 1146 4714 admodum
1179 4662 1567 4726 attenuatum;
1603 4675 1859 4730 quaerere
1889 4685 1936 4749 D

202 4750 666 4824 ccepit,qualiter
694 4749 972 4822 praedicta
1004 4747 1338 4804 Bremensis
1369 4745 1628 4802 Ecclesia
1657 4748 1860 4819 praedi-

204 4847 307 4897 ctae
341 4840 575 4898 novellae
609 4835 1088 4911 archiepiscopali
1123 4836 1408 4904 unirelur,
1427 4840 1482 4890 et
1512 4831 1863 4894 subderetur

205 4932 350 4998 sedi,
381 4936 579 4987 nostro
605 4929 714 4985 hoc
736 4933 936 4984 votum
965 4927 1274 4982 roborante
1306 4925 1556 4980 decreto.
1576 4925 1738 4982 Unde
1761 4944 1863 5000 per

207 5037 360 5092 saepe
419 5020 641 5076 dictum
695 5016 1085 5074 venerabilem
1163 5014 1412 5069 missum
1489 5012 1860 5072 Salomonem

207 5110 710 5164 Constantiensem
744 5107 1105 5179 episcopum,
1135 5104 1306 5160 nobis
1353 5103 1461 5158 hoc
1494 5103 1742 5159 relatum
1775 5110 1864 5161 est

208 5199 702 5265 conﬁrmandum,
737 5213 803 5252 ae
836 5195 1198 5269 postulatum
1231 5196 1319 5249 est
1359 5196 1561 5248 nostra
1604 5194 1862 5249 auctori-

207 5290 328 5344 tate
361 5286 910 5344 roborandum.Nos
943 5301 1077 5356 ergo
1113 5284 1168 5338 id
1203 5281 1404 5338 subtili
1437 5282 1864 5354 perpendentes

208 5376 493 5445 examine,
519 5374 1044 5432 animadvertimus
1077 5376 1312 5445 propter
1334 5371 1650 5426 instantem
1673 5389 1865 5428 neces-

207 5466 441 5520 sitatem
489 5469 545 5521 et
593 5464 926 5520 animarum
975 5461 1139 5515 lucra
1187 5461 1244 5515 in
1295 5460 1566 5533 gentibus
1606 5465 1860 5530 ostensa,

209 5554 349 5610 utile
384 5556 522 5624 fore,
559 5552 757 5610 omnia
789 5569 916 5624 quae
948 5550 1212 5623 proﬁcua
1241 5549 1511 5605 Ecclesiae
1543 5550 1866 5622 probantur

207 5646 471 5714 existere,
506 5649 564 5702 et
595 5642 807 5699 divinis
839 5658 952 5697 non
990 5639 1276 5696 insultant
1323 5640 1647 5715 praeceptis,
1679 5639 1860 5713 licita,

283 5737 358 5813 (α)
392 5735 494 5794 Hie
525 5731 741 5792 desinit
774 5731 1136 5792 Rembertus.

1969 3415 2495 3486 archiepiscopum,
2533 3429 2755 3484 nosque
2787 3413 2892 3468 tibi
2924 3413 3168 3486 pallium
3199 3417 3268 3470 ad
3303 3417 3622 3473 missarum

1969 3503 2253 3560 solemnia
2282 3502 2624 3557 celebranda
2645 3501 2989 3570 tribuimus;
3015 3505 3169 3575 quod
3193 3505 3296 3560 tibi
3327 3505 3387 3561 in
3411 3506 3622 3563 diebus

1966 3593 2086 3649 tuis
2118 3592 2222 3659 uti,
2240 3596 2296 3646 et
2313 3589 2578 3646 Ecclesia:
2600 3595 2710 3645 tua:
2739 3596 3016 3662 perpetuo
3040 3593 3219 3648 statui
3243 3595 3617 3652 manentibus

1969 3679 2284 3755 privilegiis
2330 3680 2413 3735 uti
2463 3679 2768 3750 largimur,
2800 3679 3014 3736 idcirco
3059 3681 3236 3754 hujus
3286 3684 3617 3740 indumenti

1968 3772 2154 3827 honor
2174 3788 2207 3826 a
2238 3774 2293 3824 te
2325 3769 2644 3825 servandus
2676 3772 2763 3824 est
2795 3785 3025 3824 morum
3046 3770 3443 3829 vivaeitate.Si
3483 3791 3620 3847 ergo

1969 3865 2230 3933 pastores
2253 3858 2447 3914 ovium
2466 3857 2585 3913 sole
2607 3857 2857 3929 geluque
2881 3877 2984 3931 pro
3006 3861 3200 3932 gregis
3223 3862 3313 3916 sui
3336 3864 3632 3936 custodia,

1969 3967 2038 4006 ne
2070 3967 2187 4022 qua
2235 3966 2304 4004 ex
2351 3949 2434 4004 eis
2483 3952 2584 4002 aut
2629 3948 2876 4003 errando
2908 3954 3130 4020 pereat,
3163 3956 3264 4005 aut
3294 3952 3497 4008 ferinis
3546 3952 3626 4008 la-

1969 4038 2184 4094 nianda
2201 4037 2516 4092 morsibus.
2533 4035 2718 4091 oculis
2736 4053 2968 4109 semper
2982 4037 3360 4111 vigilantibus
3374 4041 3627 4096 cireum-

1968 4131 2250 4200 spectant.
2287 4129 2508 4197 quanto
2541 4126 2772 4194 sudore,
2799 4130 3134 4199 quantaque
3166 4144 3303 4184 cura
3339 4129 3624 4186 debemus

1968 4233 2094 4272 esse
2125 4214 2436 4288 pervigiles
2479 4230 2606 4281 nos,
2637 4213 2735 4285 qui
2785 4219 3047 4286 pastores
3097 4216 3429 4272 animarum
3471 4218 3621 4272 dici-

1968 4322 2120 4371 mur,
2157 4304 2554 4370 attendamus,
2588 4308 2644 4357 et
2677 4319 2748 4357 ne
2779 4308 3120 4375 susceptum
3153 4305 3413 4360 ofﬁcium
3435 4305 3494 4360 in
3518 4311 3627 4362 ter-

1967 4395 2124 4450 renis
2157 4393 2409 4466 negotiis
2439 4390 2811 4463 aliquatenus
2841 4391 3143 4464 implicare
3174 4394 3626 4463 debeas,admo-

1968 4499 2212 4550 nemus;
2244 4481 2477 4552 vitaque
2501 4485 2601 4535 tua
2637 4479 2714 4535 sit
2737 4480 2872 4535 filiis
2895 4481 3011 4538 tuis
3033 4483 3144 4537 via.
3162 4483 3225 4538 In
3248 4483 3396 4557 ipsa,
3423 4485 3471 4540 si
3511 4497 3643 4558 qua'

1967 4571 2244 4629 fortitudo
2268 4570 2384 4625 illis
2414 4569 2590 4639 inest,
2624 4569 2902 4642 dirigant,
2929 4570 2988 4625 in
3035 4589 3103 4627 ea
3133 4573 3287 4644 quod
3321 4573 3626 4630 imitentur

1969 4659 2273 4732 aspiciant.
2308 4659 2370 4714 In
2404 4658 2532 4730 ipsa
2563 4675 2796 4730 semper
2827 4659 3252 4718 considerando
3293 4664 3623 4735 proﬁciant,

1969 4754 2034 4804 ut
2064 4754 2232 4804 tuum
2270 4751 2402 4821 post
2444 4753 2626 4802 Deum
2651 4746 2918 4803 videatur
2944 4766 3072 4806 esse
3104 4751 3323 4807 bonum
3356 4754 3509 4824 quod
3542 4753 3625 4807 vi-

1971 4837 2177 4894 xerint.
2209 4837 2318 4893 Cor
2348 4854 2484 4910 ergo
2515 4840 2682 4892 tuum
2729 4855 2918 4910 neque
2962 4857 3260 4913 prospera,
3296 4859 3422 4912 quae
3471 4845 3626 4897 tem-

1971 4926 2245 5000 poraliter
2274 4925 2676 4992 blandiuntur,
2710 4926 3007 4997 extollant,
3043 4947 3232 5002 neque
3263 4930 3503 4985 adversa
3535 4931 3629 4985 de-

1965 5017 2194 5089 jiciant.
2224 5015 2562 5071 Districtum
2597 5015 2738 5071 mali
2762 5022 3137 5089 cognoscant,
3162 5018 3325 5090 pium
3357 5017 3622 5074 benevoli

1973 5106 2244 5162 sentiant.
2279 5106 2574 5161 Insontem
2607 5106 2760 5178 apud
2796 5111 2851 5160 te
2883 5107 3111 5162 malitia
3142 5107 3330 5162 aliena
3353 5125 3466 5162 non
3499 5125 3631 5162 ma—

1973 5194 2148 5262 culet,
2172 5212 2336 5251 reum
2385 5194 2573 5268 gratia
2620 5211 2733 5248 non
2767 5200 3018 5250 excuset.
3050 5195 3256 5252 Viduis
3296 5201 3352 5252 et
3382 5195 3625 5269 pupillis

1972 5285 2187 5356 injuste
2219 5283 2514 5356 oppressis
2540 5283 2800 5338 defensio
2831 5287 2932 5338 tua
2961 5285 3286 5341 subveniat.
3322 5286 3484 5355 Ecce,
3510 5286 3624 5341 fra-

1972 5379 2061 5430 ter
2090 5373 2618 5438 charissime,inter
2648 5371 2836 5427 multa
2857 5372 3115 5440 alia,ista
3137 5377 3274 5430 sunt
3297 5375 3626 5442 sacerdotii,

1974 5463 2089 5520 ista
2135 5467 2273 5520 sunt
2320 5461 2500 5536 pallii.
2535 5462 2667 5526 Quae
2701 5461 2749 5518 si
2794 5461 3053 5518 studiose
3104 5463 3440 5532 servaveris,
3473 5463 3628 5535 quod

1974 5554 2129 5610 foras
2161 5552 2454 5626 accepisse
2484 5549 2832 5619 ostenderis,
2867 5551 3026 5608 intus
3075 5552 3338 5609 habebis.
3379 5553 3630 5610 Verum-

1973 5648 2168 5703 tamen
2201 5642 2315 5701 ista
2359 5640 2556 5701 omnia
2603 5641 2875 5718 superius
2924 5660 3166 5716 annexa,
3201 5645 3270 5703 ab
3308 5642 3630 5719 apostolica
