4098 6464
530 373 653 459 887

1909 366 2221 431 NICOLAI
2264 364 2498 428 ΡΑΡΑΞ
2536 368 2586 429 Ι.

3833 375 3960 438 888

532 510 726 587 egisti,
758 510 866 567 tibi
898 509 1175 568 misertus
1200 506 1523 581 indulgeat,
1555 508 1613 562 et
1654 508 1711 561 te
1758 502 2185 560 benedictionis
2214 500 2269 568 Α
2300 497 2681 592 apostolicam
2712 501 3133 578 iloccipendere
3163 507 3516 569 sententiam
3566 527 3683 569 non
3720 517 3953 592 metuit,

531 619 650 660 sua
681 600 873 676 gratia
917 599 1148 673 replens
1186 598 1258 654 ad
1308 594 1729 653 beatitudinem
1766 592 2187 693 -visionis.sua3

525 692 830 765 perducat.
845 690 1130 747 Caeterum
1152 688 1539 745 admonemus
1560 687 1710 754 te,ut
1731 683 1781 740 si
1811 699 1942 739 vere
1961 683 2181 756 episco-

526 798 639 855 pus
660 797 743 848 es,
765 797 897 837 vere
912 782 968 835 te
989 778 1241 844 ordines,
1264 780 1320 832 te
1342 791 1537 832 serves
1557 774 1706 847 [edit.
1736 779 1915 837 Hom.,
1942 771 2175 844 salvos],

526 869 588 926 in
618 873 676 926 te
705 868 954 944 gloriam
984 866 1137 943 regis
1165 864 1424 922 Lotharii
1458 862 1731 937 exquiras
1759 880 1772 918 :
1797 862 1880 918 ita
1910 865 1974 918 ut
1995 866 2188 918 vestra

527 957 890 1017 unanimitas
938 957 1105 1014 nobis
1154 955 1374 1013 arctius
1422 954 1670 1018 haerens,
1702 953 1919 1009 vulnus
1973 950 2184 1023 ipsius,

528 1048 918 1115 admonendo,
934 1044 1309 1110 blandiendo,
1330 1041 1720 1107 suadendo,in
1741 1041 1966 1114 reliquo
1986 1044 2185 1098 autem

528 1142 585 1193 et
607 1135 948 1193 brevitatem
966 1133 1273 1207 praesentis
1297 1130 1579 1205 temporis
1600 1131 1963 1203 exponendo,
1983 1147 2186 1203 poenas

528 1225 739 1283 inferni
764 1224 912 1300 [edtt.
932 1229 1110 1292 Rom.,
1125 1222 1441 1297 aperiendo
1464 1238 1666 1295 poenas
1687 1219 1921 1290 inferni]
1939 1223 1994 1276 et
2010 1219 2185 1276 cccle-

525 1314 639 1374 stia
669 1331 849 1389 regna
895 1317 1029 1369 ante
1076 1311 1277 1368 oculos
1324 1309 1721 1383 proponendo,
1752 1308 1988 1366 curetis.
2020 1309 2182 1373 Quod

524 1421 695 1480 agere
724 1403 1063 1460 nullatenus
1094 1400 1359 1475 potestis,
1384 1398 1496 1455 nisi
1528 1415 1762 1455 carnem
1795 1414 2180 1471 suam,quam

523 1493 657 1552 odio
687 1493 914 1550 habens
963 1494 1168 1547 contra
1211 1486 1559 1562 Apostolum
1591 1505 1626 1544 a
1657 1503 1719 1544 se
1767 1487 1999 1560 projicit
2027 1485 2179 1562 [edit

522 1588 698 1651 Rom,,
723 1582 850 1656 ipse
880 1578 1195 1654 Apostolus
1228 1596 1262 1636 a
1291 1595 1353 1634 se
1386 1575 1658 1677 projicit],
1693 1575 1877 1677 reciso
1918 1577 2181 1677 membro

523 1671 872 1740 meretricis,
907 1672 1108 1726 nostro
1138 1672 1195 1723 et
1235 1671 1427 1725 vestro
1469 1664 1695 1739 judicio
1746 1665 2038 1735 hortatus,
2071 1665 2182 1722 etsi

522 1780 639 1819 non
698 1765 927 1835 sponte,
961 1759 1169 1815 saltem
1217 1756 1435 1813 invitus
1481 1753 1764 1829 receperit
1812 1755 1965 1826 [edit.
1999 1759 2177 1823 Rom,

2298 590 2400 662 qui
2432 589 2630 647 divina
2661 599 2946 667 praecepta
2976 597 3150 653 toties
3179 598 3619 673 parvipendisse
3657 589 3955 664 convinci?

2298 680 2431 736 tur?
2447 680 2636 737 Claret
2651 699 2805 751 vero,
2833 687 2891 739 et
2911 686 3142 743 cunctis
3164 688 3475 747 manifeste
3490 692 3666 749 datur
3685 696 3958 773 intelligi,

2296 769 2530 826 etiamsi
2562 770 2726 827 nulla
2755 773 3070 845 pravitatis
3103 792 3221 832 suae
3252 781 3691 850 praecessissent
3717 769 3957 854 indicia,

2297 858 2491 931 qualis
2508 864 2643 916 ante
2669 878 2901 934 poenam
2923 864 3143 933 exsitit,
3163 867 3263 938 qui
3288 884 3353 925 se
3372 874 3505 942 post
3525 888 3757 944 pcenam
3782 876 3963 935 talem

2296 948 2597 1005 exhibuit:
2650 955 2707 1007 et
2755 968 2934 1026 quam
2982 954 3173 1012 debite
3204 959 3584 1029 percussione
3614 967 3963 1036 promeruit,

2297 1038 2397 1111 qui
2430 1038 2605 1096 etiam
2623 1045 2774 1114 post,
2791 1042 2948 1099 unde
2979 1044 3170 1117 magis
3201 1047 3426 1118 percuti
3456 1050 3686 1122 debeat,
3712 1055 3965 1115 minime

2295 1129 2604 1186 admittere
2634 1131 2943 1189 recusavit.
2960 1135 3039 1191 Eo
3060 1133 3243 1209 igitur
3264 1138 3568 1210 suadente,
3594 1158 3753 1201 nunc
3782 1160 3959 1220 apos-

2292 1218 2485 1275 tolicis
2516 1218 2808 1278 institutis
2840 1221 3182 1287 inobediens
3213 1227 3454 1285 etl‘ectus
3485 1235 3593 1299 est,
3617 1248 3733 1304 quo
3764 1218 3963 1309 nuper

2293 1307 2628 1366 coelestibus
2658 1312 2910 1369 oraculis
2940 1330 3174 1388 semper
3203 1316 3472 1376 obviasse
3513 1327 3780 1394 repertus
3808 1307 3905 1383 est
3938 1344 3952 1383 :

2293 1395 2534 1471 antiquo
2566 1399 2833 1457 videlicet
2862 1403 3214 1471 adversario,
3248 1406 3353 1478 qui
3380 1410 3525 1465 sicut
3570 1411 3653 1468 (eo
3700 1417 3951 1487 mgidm,

2283 1485 2457 1557 juxta
2487 1488 2746 1560 primum
2778 1492 3131 1564 apostolum,
3167 1498 3366 1554 circuit
3388 1514 3643 1570 quaerens
3867 1506 3955 1563 de-

2290 1583 2437 1632 voret
2458 1579 2516 1646 (I
2542 1583 2690 1636 Patr.
2722 1579 2800 1652 v).
2835 1580 2984 1637 Illud
3017 1599 3153 1640 vero
3183 1586 3341 1657 quod
3370 1586 3588 1658 dicitis,
3614 1592 3853 1664 regibus
3893 1600 3963 1651 et

2291 1664 2657 1738 principibus
2686 1686 2786 1725 vos
2816 1686 2945 1726 esse
2973 1671 3292 1744 subjectos,
3320 1690 3387 1731 eo
3426 1678 3582 1749 quod
3627 1679 3781 1736 dicat
3811 1700 3960 1757 apo-

2292 1752 2481 1810 stolus
2515 1773 2528 1811 :
2561 1757 2687 1813 Sive
2715 1761 2833 1831 regi
2878 1766 3145 1833 tanquam
3189 1764 3533 1834 praecellenti
3578 1770 3630 1837 (Ι
3654 1771 3806 1828 Petr.
3846 1752 3963 1844 in),

522 1850 1118 1924 rqiecerit].0ptamus
1138 1846 1513 1903 sanctitatem
1531 1844 1773 1900 tuamin
1787 1843 2017 1944 Christo
2035 1845 2181 1901 bene
2214 1881 2259 1946 Β
2291 1841 2501 1944 placet.
2533 1845 2953 1957 Verumtamen
3002 1849 3212 1957 videte,
3248 1857 3447 1911 utrum
3470 1873 3673 1957 "reges
3729 1860 3859 1957 isti,

519 1940 730 1997 valere.
762 1940 908 1996 Data
930 1956 1005 1994 xv
1046 1935 1339 1993 Kalendas
1387 1933 1674 2001 Octobris,
1708 1931 2028 1989 indictione
2076 1949 2180 1991 xm
2214 1931 2259 1946 ”
2291 1931 2586 2006 principes
2616 1936 2835 2008 quibus
2854 1955 2957 1995 vos
2980 1939 3276 2011 subjectos
3301 1960 3431 2001 esse
3451 1945 3967 2017 dicitis,veraciter

525 2033 644 2101 [al.,
675 2048 791 2088 xxv.
824 2029 1041 2097 Hann;
1073 2027 1203 2084 edit.
1238 2030 1416 2092 Rom,
1449 2022 1594 2096 xw].

1246 2140 1486 2199 LXVIII.

766 2257 835 2298 ιι)
872 2241 1183 2296 iuves-rum
1221 2246 1545 2289 nmscopuu
1583 2245 1910 2286 METENSEM.

1160 2332 1351 2405 (Anno
1380 2328 1532 2400 864.)

516 2449 790 2515 Approbat
813 2437 1511 2515 professionepiddventii,
1543 2437 1698 2515 eique
1724 2437 1948 2515 veniam
1992 2444 2044 2493 et
2069 2452 2175 2509 ρα-

559 2462 790 2523 pprooat
813 2462 1210 2525 prolesswvwm
1239 2462 1511 2503 Adventu,
1543 2462 1698 2508 etque
1728 2462 1778 2490 uc

924 2530 1041 2571 cem
1069 2511 1322 2580 indulget
1347 2525 1512 2581 quam
1539 2508 1778 2579 optabat.

1029 2627 1218 2702 [Apud
1249 2622 1459 2693 Mansi,
1491 2622 1653 2694 ibid.)

582 2754 868 2812 Nlcouus
896 2746 1227 2821 episcopus,
1260 2757 1466 2799 servus
1512 2755 1813 2796 servorum
1853 2738 1977 2806 Dei,
2011 2757 2170 2797 reve-

511 2840 852 2900 rentissimo
881 2820 950 2896 et,
967 2820 1341 2893 sanctissimo
1389 2832 1700 2897 ADVENTIO,
1733 2828 2005 2902 episcopo
2048 2829 2168 2885 Me-

510 2937 1130 3079 t8lllsztlcusationis'tuze
1159 3013 1387 3069 litteras
1421 3027 1525 3084 per
1552 3008 1983 3065 Theudoricum
2031 3009 2165 3066 reli-

508 3113 742 3188 giosum
772 3109 1174 3183 presbyterum
1225 3106 1397 3158 tuum
1437 3098 1848 3198 suscipi-entes,
1882 3099 2162 3198 quoniam

506 3187 602 3259 his
628 3206 687 3258 te
716 3201 775 3257 in
805 3195 1171 3255 extremitate
1197 3193 1330 3247 vita;
1361 3189 1619 3264 positum
1650 3187 2167 3257 indicasti,moeror

2291 2037 2458 2094 reges
2489 2027 2547 2080 et
2575 2025 2872 2099 principes
2901 2028 3039 2084 sint.
3073 2029 3279 2088 Videte
3307 2033 3359 2088 si
3390 2035 3649 2106 primum
3698 2054 3761 2097 se
3801 2042 3961 2101 bene

2289 2117 2521 2184 regunt,
2552 2114 2763 2172 deinde
2794 2117 3096 2174 subditum
3137 2120 3421 2193 populum
3457 2141 3471 2181 :
3504 2141 3640 2184 nam
3689 2130 3793 2202 qui
3831 2133 3953 2190 sibi

2288 2217 2541 2275 nequam
2562 2207 2672 2273 est,
2696 2204 2788 2260 cui
2814 2205 2912 2262 alii
2935 2206 3126 2265 bonus
3151 2210 3299 2266 erit?
3317 2212 3524 2271 Videte
3545 2217 3595 2273 si
3617 2218 3754 2289 jure
3784 2224 3951 2294 prin-

2287 2288 2559 2363 cipantur
2591 2310 2604 2348 :
2639 2292 2860 2367 alioqui
2912 2298 3106 2370 potius
3164 2302 3397 2374 tyranni
3437 2288 3726 2365 credendi
3775 2288 3943 2383 sunt,

2284 2397 2465 2452 quam
2495 2398 2661 2457 reges
2690 2383 2974 2456 habendi;
2999 2388 3219 2460 quibus
3248 2393 3439 2466 magis
3468 2395 3759 2466 resistere,
3778 2406 3845 2457 ‘et
3873 2419 3948 2460 ex

2282 2470 2525 2527 adverso
2556 2474 2888 2543 ascendere,
2918 2493 3096 2549 quam
3129 2479 3302 2536 subdi
3334 2481 3637 2542 debemus.
3658 2486 3939 2564 Alioquin

2281 2558 2331 2614 si
2360 2558 2580 2618 talibus
2612 2562 2927 2631 subditi,et
2956 2582 3071 2622 non
3105 2567 3327 2640 praelati
3361 2570 3649 2631 fuerimus
3678 2558 3825 2645 nos;
3838 2597 3943 2638 ne-

2280 2663 2442 2704 cesse
2475 2658 2561 2706 est
2589 2668 2792 2708 eorum
2840 2653 2997 2711 vitiis
3037 2655 3358 2715 faveamus.
3390 2660 3540 2735 Ergo
3585 2666 3725 2740 regi,
3759 2670 3935 2741 quasi

2278 2737 2651 2810 praecellenti,
2683 2741 3003 2800 virtutibus
3032 2745 3276 2815 scilicet,
3303 2754 3360 2805 et
3381 2767 3497 2808 non
3521 2737 3933 2823 vitiis,subditi

2276 2830 2489 2896 estote;
2522 2830 2624 2885 sed
2665 2830 2820 2887 sicut
2865 2833 3181 2905 Apostolus
3226 2837 3327 2905 ait,
3355 2845 3593 2914 propter
3638 2843 3827 2904 Deum
3874 2853 3937 2906 et

2276 2932 2393 2972 non
2427 2922 2632 2975 contra
2662 2924 2866 2976 Deum.
2891 2923 3269 2996 Superﬂuum
3299 2933 3497 2986 autem
3519 2932 3745 3004 judico,
3771 2939 3934 3009 quod

2273 3004 2334 3061 in
2365 3013 2653 3065 conventu
2684 3010 3093 3084 episcoporum
3114 3016 3375 3089 capitula
3404 3020 3462 3076 S.
3498 3021 3708 3081 Leonis
3741 3004 3931 3100 papa,

2273 3113 2340 3152 ac
2368 3097 2711 3156 Antiocheni
2741 3102 2969 3158 concilii
3003 3103 3265 3176 quidam,
3306 3111 3371 3163 ut
3398 3113 3635 3183 asseris,
3658 3097 3933 3189 legerint.

2271 3187 2558 3252 Quoniam
2589 3190 2637 3245 si
2669 3195 2912 3248 sanctus
2936 3193 3023 3248 vir
3044 3196 3523 3269 metropolitanos
3555 3187 3934 3277 singularum

508 3257 616 3350 nos
637 3257 915 3348 continuo
937 3285 1144 3359 ingens
1164 3257 1438 3338 obtinuit.
1457 3279 1569 3335 Sed
1592 3277 1874 3351 professio
1897 3282 2018 3347 tua,
2044 3295 2162 3352 qua
2189 3257 2235 3327 (ἶ
2272 3275 2707 3366 provinciarum
2740 3279 3044 3354 episcopos
3066 3284 3170 3355 jus
3198 3257 3425 3343 tradita;
3456 3288 3568 3346 sibi
3598 3257 3936 3366 alitiquitus

505 3385 563 3439 te
592 3381 654 3439 in
685 3377 849 3437 nullo
880 3394 915 3433 a
941 3376 1078 3434 sede
1109 3369 1427 3446 apostolica
1462 3366 1776 3424 dissentire
1792 3367 2161 3436 manifestas,

507 3486 804 3544 quamque
825 3465 995 3523 nobis
1007 3468 1109 3521 ate
1133 3461 1330 3516 minus
1345 3475 1521 3532 quam
1534 3458 1615 3558 ἀι)
1625 3455 1760 3558 aliis
1772 3456 2163 3558 sperabamus

504 3559 859 3617 offerendam
869 3555 1041 3624 ,inter
1052 3550 1287 3608 mmstiti
1296 3566 1392 3605 am
1404 3546 1613 3603 merito
1625 3545 1885 3646 laetitiam
1900 3545 2159 3649 miscuit.

507 3648 794 3716 Quoniam
819 3645 960 3700 licet
988 3643 1060 3699 de
1089 3638 1358 3697 exteriori
1392 3636 1810 3735 hominencum
1835 3636 2030 3735 ipsius
2050 3636 2161 3735 pri-

503 3754 713 3794 vamur
741 3736 995 3791 fraterno
1026 3726 1254 3798 solatio,
1287 3725 1611 3792 doleamus,
1646 3725 1718 3780 de
1764 3722 2028 3779 interiori
2069 3729 2160 3781 ta-

506 3843 662 3895 men,
696 3840 874 3898 quem
905 3819 1255 3878 exstinctum
1285 3816 1663 3915 puta-hamati.
1697 3829 1853 3868 nunc
1882 3830 2163 3915 νϐῐςίξρθν

503 3914 755 3991 gratiam
787 3912 887 3970 Dei
918 3909 1274 3966 vivificatum
1306 3903 2162 4004 audimus,incomparabiliter

504 4005 889 4063 exsultamus.
912 3997 1190 4066 Quamvis
1219 4001 1414 4052 autem
1448 3991 1813 4067 probabilem
1842 3996 1944 4048 tua
1971 3992 2161 4051 videa-

501 4100 600 4153 tur
627 4088 841 4151 habere
871 4089 1170 4148 excusatio
1219 4086 1531 4151 rationem,
1565 4085 1738 4154 teque
1786 4080 2156 4182 innocentem

501 4184 915 4258 comprobatur
943 4178 1280 4245 ostendere;
1314 4173 1609 4270 sufﬁceret
1640 4175 1856 4237 tamen,
1889 4173 2066 4270 etiam
2081 4173 2157 4270 nsi

501 4290 620 4348 qua
641 4270 1064 4347 praeteritorum
1090 4283 1240 4322 noxa
1255 4261 1540 4361 tenereris
1577 4275 1903 4361 excessum,
1922 4259 2157 4360 satisfa-

500 4363 794 4434 tio,quam
826 4360 884 4415 in
918 4355 1166 4415 articulo
1197 4350 1591 4421 mortis,sicut
1618 4349 1744 4422 ipse
1769 4349 2156 4420 fateris,posi-

501 4449 844 4520 tus,litteris
892 4447 1045 4504 datis
1089 4440 1439 4518 apostolatui
1473 4444 1694 4537 nostro,
1726 4442 1792 4493 ut
1820 4438 2155 4537 decrevera-

502 4538 944 4608 mus,ostendis.
962 4536 1143 4608 Cujus
1164 4533 1245 4590 rei
1270 4532 1438 4589 testis
1458 4534 1548 4586 est
1574 4528 1745 4593 latro,
1771 4528 1873 4599 qui
1902 4528 1962 4581 in
1984 4543 2155 4584 cruce

502 4627 860 4703 pendens,in
892 4627 1018 4699 ipso
1041 4626 1339 4680 momento
1363 4617 1709 4687 mortisjam
1742 4616 1987 4688 jamque
2017 4633 2152 4673 con-
2187 4635 2233 4700 θ

500 4718 769 4789 stitutus,
783 4716 1087 4774 confessus
1117 4718 1229 4781 est,
1259 4714 1316 4766 et
1345 4708 1503 4765 hodie
1529 4722 1741 4761 mecum
1768 4706 1878 4805 eris
1910 4707 1969 4805 in
1984 4722 2155 4778 para-

500 4808 618 4865 diso
646 4809 798 4877 (Luc.
824 4808 989 4875 χχιιι)
1019 4822 1053 4860 a
1081 4803 1221 4859 Jesu
1271 4797 1477 4855 audire
1525 4797 1877 4869 promeruit;
1914 4798 1971 4849 et
2017 4813 2151 4868 pro-

499 4897 675 4972 pheta
703 4896 1072 4954 subitaneam
1101 4887 1389 4964 gementis
1419 4884 1671 4942 salutem
1701 4884 2113 4942 demonstrans
2137 4903 2151 4942 :

501 4990 635 5045 Cum
671 5001 979 5052 conversus,
1014 4978 1227 5052 inquit,
1263 4975 1614 5046 ingemueris,
1647 4980 1775 5029 tunc
1818 4974 2000 5029 salvus
2042 4976 2154 5030 eris

498 5077 625 5150 (lea.
656 5094 792 5147 xxx,
820 5091 927 5131 sec.
960 5072 1130 5143 Sept.)
1162 5069 1578 5122 Verumtamen
1610 5066 1817 5136 potens
1864 5068 1955 5118 est
1999 5066 2152 5119 Deus

499 5164 956 5223 misericorditer
976 5157 1305 5233 cperuri,ut
1336 5153 1436 5227 qui
1474 5151 1880 5249 excusationes
1911 5153 2154 5249 tuasaet

497 5254 836 5312 obedientize
856 5249 1147 5326 promissa
1165 5245 1573 5318 suscipientes,
1598 5242 1670 5298 de
1692 5237 2017 5340 immortali.
2033 5238 2153 5338 vita

496 5349 599 5402 tua
627 5361 731 5419 per
759 5343 817 5400 id
850 5340 1125 5397 ﬁduciam
1156 5330 1946 5429 sumpsimus,percip_iamus
1973 5330 2148 5429 etiam

496 5434 557 5490 in
588 5417 699 5491 hoc
729 5428 1035 5503 temporali
1079 5443 1278 5492 cursu,
1306 5423 1670 5515 longazvitate
1719 5417 2002 5515 divinitus
2041 5417 2149 5515 tibi

494 5539 793 5591 concessa,
827 5520 983 5576 unde
1014 5521 1071 5573 et
1096 5515 1254 5571 verbi
1284 5514 1385 5571 Dei
1416 5510 1707 5606 fructibus
1748 5503 2150 5606 multipliciter

495 5614 887 5687 perfruamur,
905 5625 970 5665 ac
1000 5623 1103 5680 per
1130 5605 1239 5662 hoc
1270 5604 1330 5660 in
1362 5600 1609 5658 Domino
1642 5595 2146 5695 gloriemur.Qnid

497 5685 691 5759 autem
708 5700 923 5756 mirum
946 5691 1625 5762 siGuntharius,dudum
1649 5685 2143 5757 archiepiscopus,

2273 3364 2575 3438 dignitatis
2606 3367 3019 3428 intemeratum
3062 3373 3279 3432 habere
3326 3377 3598 3449 decrevit,
3623 3364 3936 3459 privilegia

2271 3457 2468 3511 tamen
2497 3455 2677 3528 hujus
2708 3458 2863 3515 sedis
2890 3478 3008 3517 non
3061 3464 3324 3534 abstulit,
3359 3472 3416 3523 et
3458 3468 3596 3526 huic
3643 3455 3933 3533 divinitus

2262 3544 2402 3615 jura
2433 3561 2712 3603 concessa
2731 3565 2847 3604 non
2874 3550 3105 3608 minuit.
3122 3554 3270 3619 Quia
3289 3555 3443 3612 sicut
3478 3558 3604 3632 ipse
3629 3562 3834 3619 scribit
3854 3566 3932 3622 ad

2269 3634 2650 3691 Anastasium
2682 3637 3288 3711 Thessalonicensem,
3323 3662 3390 3702 ac
3419 3664 3524 3719 per
3551 3662 3685 3706 eum
3709 3653 3781 3708 ad
3804 3671 3935 3710 om-

2271 3739 2376 3780 nes
2406 3726 2582 3794 (epist.
2618 3728 2710 3795 88)
2739 3743 2753 3783 :
2777 3727 2933 3784 Inter
2965 3730 3337 3790 beatissimos
3367 3736 3662 3808 apostolos
3682 3741 3747 3796 in-
3763 3742 3936 3799 simi-

2271 3810 2520 3869 litudine
2552 3812 2791 3872 honoris
2821 3817 2932 3874 fuit
2968 3821 3240 3891 quadam
3286 3823 3561 3883 discretio
3586 3832 3930 3902 potestatis;

2269 3905 2326 3956 et
2356 3918 2490 3957 cum
2521 3904 2788 3961 omnium
2820 3924 2927 3979 par
2946 3913 3102 3965 esset
3122 3910 3465 3980 electio,uni
3496 3921 3695 3976 tamen
3715 3920 3930 3981 datum

2269 3994 2358 4046 est
2392 3995 2456 4047 ut
2487 3993 2711 4049 czeteris
2743 3997 3164 4067 praemineret.
3198 4000 3279 4058 De
3308 4019 3426 4075 qua
3463 4004 3652 4064 forma
3692 4009 3933 4082 episco-

2267 4096 2477 4151 porum
2506 4097 2742 4155 quoque
2772 4091 2862 4140 est
2893 4092 3021 4143 orta
3049 4087 3433 4160 distinctio,et
3453 4110 3669 4170 magna
3687 4099 3929 4157 ordina-

2266 4166 2422 4224 tione
2453 4170 2751 4240 provisum
2785 4178 2892 4241 est,
2926 4193 2998 4232 ne
3029 4193 3234 4235 omnes
3263 4180 3378 4236 sibi
3421 4166 3621 4242 omnia
3660 4186 3929 4246 vindica-

2266 4259 2531 4324 rent,sed
2561 4265 2761 4317 essent
2793 4262 2849 4318 in
2883 4265 3136 4337 singulis
3166 4269 3481 4339 provinciis
3506 4274 3928 4351 singuli,quo-

2266 4363 2398 4402 rum
2448 4347 2600 4403 inter
2648 4349 2856 4409 fratres
2904 4352 3223 4413 haberetur
3270 4358 3462 4431 prima
3510 4347 3832 4437 sententia;
3865 4375 3931 4425 et

2265 4452 2470 4492 rursus
2501 4438 2741 4509 quidam
2770 4440 2829 4495 in
2853 4444 3177 4515 majoribus
3203 4447 3451 4506 urbibus
3470 4454 3931 4523 constituti,sol-

2264 4523 2632 4583 licitudinem
2685 4530 3052 4603 susciperent
3098 4536 3469 4608 ampliorem,
3502 4557 3606 4613 per
3652 4560 3802 4616 quos
3847 4549 3925 4604 ad

2264 4629 2443 4668 unam
2477 4614 2626 4670 Petri
2659 4619 2857 4674 sedem
2886 4621 3235 4682 universalis
3277 4626 3549 4686 Ecclesiae
3596 4614 3739 4690 cura
3775 4648 3926 4692 con-

2266 4702 2564 4771 flueret,et
2588 4705 2731 4761 nihil
2763 4725 3013 4782 usquam
3048 4730 3083 4768 a
3108 4730 3216 4771 suo
3236 4716 3427 4789 capite
3453 4719 3780 4779 dissideret.
3815 4727 3926 4782 Iti-

2264 4790 2395 4846 dem
2419 4791 2544 4863 ipse
2570 4793 2730 4863 alibi,
2756 4801 2822 4851 ut
2842 4798 2912 4854 de
2931 4805 3350 4874 componendis
3379 4810 3558 4880 atque
3577 4813 3929 4885 compositis

2263 4878 2464 4936 relatio
2496 4882 2604 4937 sibi
2638 4883 2810 4956 plena
2839 4889 3125 4959 mittatur,
3157 4894 3437 4968 prmeipit.
3462 4878 3797 4957 iRursus-si
3840 4905 3926 4959 fa-

2262 4971 2418 5023 tetur
2443 4970 2862 5032 Antiochenum
2895 4979 3208 5037 concilium
3235 4986 3376 5057 (cap.
3399 4986 3457 5055 9)
3481 5004 3495 5042 :
3516 4988 3625 5044 Per
3652 4989 3923 5065 singulas

2263 5057 2526 5130 regiones
2549 5065 2819 5120 convenit
2839 5072 3555 5145 nosse,metropolitanum
3574 5078 3921 5153 episcopum

2263 5145 2718 5207 sollicitudinem
2736 5154 2918 5212 totius
2938 5159 3250 5229 provincia;
3278 5179 3500 5235 gerere,
3533 5145 3677 5239 quid
3708 5145 3923 5243 prinju‘

2260 5234 2415 5292 dicat
2442 5240 2565 5295 sedi
2614 5244 2946 5314 apostolica,
2993 5234 3448 5309 sollicitudinem
3490 5234 3745 5314 habenti
3796 5234 3918 5318 non

2259 5323 2452 5382 solum
2484 5329 2660 5386 unius
2688 5334 2997 5404 provinciae
3028 5338 3129 5393 sed
3161 5343 3219 5396 et
3241 5342 3422 5401 totihs
3448 5344 3757 5403 Ecclesiae?
3775 5364 3917 5406 cum

2259 5413 2410 5470 idem
2444 5419 2755 5477 concilium
2789 5425 2977 5497 magis
3008 5429 3411 5501 metrupolitas
3439 5441 3719 5505 coerceat,
3744 5439 3921 5495 reire-

2258 5508 2374 5574 net,
2409 5510 2466 5561 et
2496 5512 2854 5576 arctet,dum
2882 5530 2983 5570 eos
3016 5533 3132 5572 non
3162 5519 3419 5592 amplius
3447 5536 3626 5594 quam
3658 5537 3907 5583 suarum

2258 5596 2688 5664 provinciarum
2720 5601 2875 5658 dicat
2904 5602 3364 5666 sollicitudinem
3393 5626 3615 5684 gerere.
3651 5616 3916 5681 Quorum

2256 5683 2411 5739 enim
2443 5686 2577 5756 quis
2608 5687 3062 5750 sollicitudinem
3092 5697 3326 5768 gerit,et
3344 5683 3641 5771 judicium
3669 5708 3916 5776 praten-
