4098 6462
175 401 294 462 889

1385 405 1795 470 ΕΡῙΞΤΟΕΑΞ
1830 406 1935 469 ΕΤ
1979 407 2369 471 DEGRETA.

3466 414 3588 480 890

171 535 309 594 dere
337 551 574 593 necesse
604 538 789 604 est,ut'
802 536 1007 595 beatus
1032 554 1184 613 papa
1199 537 1575 597 Innocentius
1594 540 1667 597 ad
1700 539 1822 597 Ale-
1850 540 1903 608 Α
1934 540 2046 597 sibi
2077 546 2179 597 aut
2207 541 2485 600 ecclesias
2532 560 2649 601 non
2698 543 3025 616 convenire,
3058 549 3159 605 aut
3182 547 3256 606 ab
3304 549 3586 624 apostolis

168 627 460 682 xandrum
484 626 912 684 Antiochenam
933 629 1197 685 scribens
1220 630 1401 702 (epist.
1423 632 1516 700 20)
1531 648 1543 686 :
1560 630 1818 695 Quorum

168 716 348 783 enim,
381 716 598 789 inquit,
627 721 684 773 te
717 717 972 773 maxima
1002 722 1295 792 exspectat
1338 736 1498 785 cura,
1532 720 1821 793 praecipue

165 811 336 862 tuum
368 806 581 862 debent
611 806 819 862 mereri
844 808 1323 882 judicium.Ergo
1349 808 1488 881 quia
1508 810 1689 864 totius
1712 822 1820 864 nos

162 895 438 952 Ecclesiae
469 895 728 951 maxima
751 912 893 951 cura
918 895 1309 969 praestolatur,
1328 902 1594 953 nostrum
1620 897 1821 970 praeci-

165 1001 281 1057 pue
302 985 472 1040 debet
501 984 760 1040 Ecclesia
790 988 908 1040 tota
938 985 1140 1056 procul
1174 984 1351 1042 dubio
1378 987 1669 1057 judicium
1694 1003 1823 1059 pro-

166 1074 402 1130 mereri.
436 1074 545 1130 Sed
579 1074 816 1130 tandem
866 1075 935 1130 ad
983 1075 1351 1147 propositum
1401 1076 1732 1145 redeamus,
1765 1080 1822 1133 et

164 1163 318 1219 votis
347 1164 485 1230 tuis,
518 1167 807 1235 quantum
841 1180 1180 1236 possumus,
1214 1164 1330 1220 Deo
1360 1169 1694 1237 praestante,
1718 1166 1823 1221 mi-

167 1251 539 1309 sericorditer
589 1266 945 1308 aunuamus.
976 1253 1175 1325 Itaque
1222 1252 1272 1309 si
1321 1253 1819 1327 Theutgualdum,

167 1342 392 1398 dudum
424 1340 785 1414 episcopum,
820 1340 972 1397 sicut
1002 1342 1388 1415 proﬁteris,in
1411 1342 1676 1415 catalogo
1707 1344 1824 1417 epi-

164 1448 478 1503 scoporum
511 1447 628 1487 non
658 1430 890 1503 recipis,
927 1444 1236 1504 quousque
1280 1433 1354 1487 de
1401 1448 1466 1487 eo
1499 1433 1820 1489 humanius

161 1525 507 1588 tractemus,
526 1524 584 1577 et
613 1520 662 1576 si
695 1520 1090 1577 Guntharium
1122 1520 1520 1577 ministerium
1552 1522 1662 1580 sibi
1688 1524 1825 1579 veti-

162 1614 291 1667 tum
324 1612 731 1681 usurpantem,
765 1626 881 1665 non
914 1608 1106 1666 solum
1158 1609 1311 1665 inter
1356 1610 1660 1685 episcopos
1704 1626 1821 1670 non

162 1699 516 1772 susceperis,
550 1699 649 1755 sed
682 1715 787 1755 nec
817 1698 930 1771 ipsi
961 1715 1067 1755 nec
1113 1699 1442 1757 fautoribus
1490 1702 1621 1774 ejus
1666 1710 1824 1759 co‘m-

165 1787 582 1855 municaveris,
619 1792 676 1845 et
706 1788 826 1862 regi
858 1790 917 1845 in
949 1788 1168 1845 scelere
1206 1793 1573 1863 permanenti
1606 1793 1827 1865 episco~

162 1878 377 1952 paliter
405 1878 850 1948 contradixeris,
878 1883 935 1935 et
960 1879 1287 1935 secundum
1326 1880 1478 1937 vires
1508 1882 1565 1937 in
1597 1882 1759 1940 nullo
1789 1901 1823 1939 a

163 1968 505 2024 constitutis
534 1970 592 2024 et
613 1967 921 2024 sententiis
943 1968 1016 2023 ab
1038 1968 1371 2040 apostolica
1391 1971 1548 2027 sedis
1579 1972 1824 2043 praesule

164 2056 413 2133 prolatis
444 2056 783 2124 deviaveris,
800 2058 905 2113 aed
932 2057 1002 2113 de
1031 2061 1237 2113 cetero
1261 2074 1364 2130 pro
1406 2059 1520 2116 fide
1540 2060 1827 2119 catholica

166 2152 228 2203 et
257 2146 615 2202 correctione
648 2145 932 2212 ﬁdelium,
960 2162 1025 2201 ac
1055 2162 1160 2219 pro
1189 2148 1601 2205 conservandis
1634 2150 1825 2222 ponti-

165 2234 299 2292 ficis
331 2235 452 2308 [al.,
474 2232 810 2307 pontificiis]
834 2234 990 2291 sedis
1022 2234 1350 2308 apostolicae
1381 2237 1701 2311 privilegiis
1730 2258 1830 2296 no-

168 2320 403 2381 biseum
429 2324 707 2395 senseris,
722 2322 1033 2380 nobiscum
1048 2341 1152 2396 pre
1172 2324 1397 2381 viribus
1421 2327 1824 2399 decertaveris,

170 2415 385 2470 fratres
417 2429 671 2486 quoque,
706 2415 762 2468 et
792 2412 1090 2485 proximos
1118 2416 1254 2470 tuos
1286 2415 1592 2471 nobiscum
1626 2434 1829 2487 sapere

173 2503 447 2559 hortatus
466 2500 669 2567 fueris,
682 2502 837 2558 Deus
862 2501 1680 2575 omnipotens,intercessione
1697 2523 1832 2579 apo-

173 2591 463 2649 stolorum
486 2591 818 2664 principum
850 2591 1002 2648 Petri
1031 2608 1097 2647 ac
1128 2590 1548 2663 Pauli,vincula
1565 2595 1831 2651 omnium

172 2685 551 2754 peccatorum
582 2679 865 2748 absolvat,
897 2684 955 2736 et
984 2680 1276 2753 quidquid
1306 2680 1654 2740 humanitus
1673 2685 1831 2757 quod

171 2770 236 2826 'rn
268 2767 452 2826 oculis
484 2767 813 2840 majestatis
844 2769 973 2840 ejus
1003 2768 1304 2841 displicuit
1321 2770 1638 2843 egisti,tibi
1662 2773 1837 2830 mise-

171 2863 341 2916 ratus
363 2856 746 2931 indulgeat,et
761 2857 1183 2915 benedictionis
1200 2876 1319 2914 suae
1331 2860 1519 2932 gratia
1532 2864 1591 2917 te
1601 2861 1834 2935 replens

171 2948 249 3005 ad
280 2946 703 3004 beatitudinem
724 2946 967 3003 visionis
987 2965 1106 3004 suis
1138 2949 1439 3020 perducat.

919 3060 1102 3119 LXIX.

354 3170 422 3210 AD
460 3164 694 3209 ADONUM
730 3164 1097 3209 VIENNENSEM
1136 3169 1651 3212 ARCHIEPISCOPUM.

819 3242 1006 3313 (Anno
1035 3242 1183 3315 864.)

173 3334 481 3392 Mummii
508 3336 537 3389 Ι
560 3346 725 3404 papa:
753 3332 1075 3404 auctoritate
1114 3330 1264 3388 docet
1308 3334 1598 3403 inferiores
1644 3334 1830 3391 Eccle—

243 3407 360 3533 fiiaa
388 3422 423 3460 α
450 3403 715 3462 omnis
756 3403 1243 3459 consuetudinibus
1286 3420 1401 3460 non
1445 3406 1636 3463 debere
1681 3422 1830 3463 rece-

284 3493 394 3534 ere.

696 3566 890 3639 [Apud
920 3564 1129 3634 Mansi,
1163 3566 1322 3637 ibid.]

246 3666 525 3722 Nicouus
554 3663 886 3736 episcopus,
911 3679 1114 3720 servus
1161 3676 1463 3721 servorum
1511 3666 1633 3722 Dei.
1668 3684 1830 3725 reve-

174 3752 515 3811 rentissimo
561 3756 621 3808 et
671 3752 1045 3808 sanctissimo
1093 3753 1371 3809 confratri
1417 3759 1617 3812 nostro
1644 3758 1831 3814 Aoom

174 3847 395 3900 sanctae
423 3840 775 3898 Viennensis
806 3840 1073 3897 Ecclesiae
1106 3841 1565 3916 archiepiscopo.

246 3932 411 4005 Sapo
441 3930 770 3987 sanctitatis
798 3933 1000 3986 vestrae
1024 3929 1252 3987 litteras
1282 3932 1675 4005 suscepimus,
1700 3952 1830 4008 qua;

174 4038 288 4078 nos
316 4020 639 4077 monebant
669 4023 726 4075 et
755 4018 964 4075 obnixe
985 4019 1370 4093 rogabant,ut
1390 4022 1461 4077 de
1480 4023 1831 4080 ecclesiasti-

173 4111 266 4168 cis
283 4108 482 4166 causis
499 4107 817 4165 Ecclesiam
830 4112 1085 4164 vestram
1106 4108 1361 4180 qualiter
1390 4127 1558 4184 agere
1597 4112 1834 4171 deberet

175 4200 629 4257 instrueremus.
646 4196 809 4254 Unde
834 4197 1005 4253 nobis
1032 4197 1177 4252 nihil
1212 4196 1422 4255 melius
1445 4200 1636 4257 visum
1655 4206 1834 4277 estut

177 4288 553 4346 sanctitatem
580 4291 836 4344 vestram
860 4304 932 4343 ex
961 4287 1212 4343 decretis
1231 4292 1290 4344 et
1309 4287 1595 4346 institutis
1618 4292 1833 4364 praede-

178 4392 484 4433 cessorum
541 4378 875 4430 nostrorum
935 4375 1300 4445 duceremus,
1328 4377 1427 4449 qui
1467 4386 1584 4450 quo
1630 4379 1832 4435 ordine

180 4454 441 4521 Ecclesia
467 4463 561 4519 cui
592 4464 709 4519 Deo
737 4468 974 4521 auctore
1003 4476 1252 4537 praeesse
1282 4464 1833 4540 dignos'cimur,sive

179 4553 310 4611 alia;
337 4553 411 4609 ab
439 4551 573 4625 ipsa
615 4552 787 4625 longe
829 4552 1061 4625 lateque
1105 4553 1359 4611 fundatas
1410 4561 1734 4623 versentur,
1770 4558 1829 4614 in

179 4642 425 4715 scriptis
450 4642 577 4699 suis
604 4641 1041 4698 evidentissima
1063 4643 1235 4700 nobis
1252 4646 1570 4701 tenendum
1589 4646 1836 4719 relique-
1866 4662 1925 4726 Β·

180 4735 339 4788 runt.
376 4730 760 4788 Beatissimae
791 4732 1170 4788 Innocentius
1198 4744 1352 4806 papa
1382 4735 1453 4790 ad
1488 4735 1835 4793 Decentium

180 4821 525 4895 episcopum
555 4821 949 4893 Eugubinum,
964 4822 1121 4894 quod
1151 4825 1275 4877 tu'ee’
1288 4824 1589 4879 sanctitati
1609 4830 1841 4898 semper

181 4910 499 4969 memorari
525 4909 821 4981 volumus,
853 4910 937 4966 ita
958 4910 1306 4967 instruendo
1334 4912 1550 4984 posuit.
1586 4914 1646 4969 Si
1667 4913 1838 4971 ineti-

180 5004 317 5058 tuta
339 4999 838 5066 ecclesiastica,ut'
857 5004 997 5057 sunt
1021 5018 1056 5057 a
1083 4999 1270 5056 beatis
1299 5001 1580 5074 apestolis
1600 5002 1834 5072 tradita,

180 5089 416 5161 integra
441 5088 657 5146 vellent
685 5088 921 5146 Domini
947 5089 1279 5146 sacerdotes
1315 5090 1644 5158 observare,
1679 5091 1840 5148 nulla

181 5176 634 5245 varietasmulla
662 5178 964 5236 diversitas
996 5179 1056 5235 in
1081 5178 1230 5251 ipsis
1252 5178 1561 5235 ordinibus
1584 5190 1658 5236 'ac
1698 5186 1836 5237 eon-

185 5266 615 5348 secrationibus
648 5266 1101 5325 babereturﬁdd
1122 5269 1265 5327 dum
1286 5267 1705 5341 unusquisque
1718 5274 1837 5325 non

186 5342 345 5429 quod
367 5342 658 5434 traditum
681 5359 792 5427 est,
822 5357 925 5414 sed
956 5358 1114 5430 quod
1156 5356 1269 5415 sibi
1304 5357 1495 5414 visilm
1528 5357 1702 5414 fuerit
1730 5358 1840 5414 hoc

186 5438 487 5517 existimat
502 5460 636 5503 esse
665 5446 1009 5517 tenendum,
1041 5447 1176 5503 inde
1230 5447 1461 5505 diversa
1504 5447 1564 5502 in
1594 5446 1840 5504 diversis

186 5512 451 5617 ecclesiis
481 5538 585 5591 aut
611 5538 809 5591 tenere
854 5538 957 5591 aut
988 5512 1290 5593 celebrare
1332 5536 1608 5593 “videntur
1638 5554 1652 5592 :
1683 5554 1748 5593 ac
1774 5538 1841 5593 ﬁt

187 5623 534 5682 scandalum
578 5623 956 5697 populis,qui
1002 5625 1147 5679 dum
1194 5625 1465 5682 nesciunt
1491 5626 1836 5683 traditiones

189 5699 464 5787 antiquas
492 5714 755 5771 humana
784 5713 1241 5787 praesumptione
1271 5720 1596 5791 corruptas,
1630 5719 1839 5792 putant

1929 630 2118 703 ipsam
2148 632 2616 690 centrarictatem
2668 634 2940 691 inditam.
2975 638 3118 703 Quis
3159 639 3315 695 enim
3359 643 3587 699 nesciat

1929 723 2029 775 aut
2059 737 2173 774 non
2205 720 2467 777 advertat
2516 722 2572 777 id
2624 724 2780 795 quod
2813 740 2848 778 a
2876 724 3137 797 principe
3180 728 3583 800 apostolorum

1928 807 2095 864 Petro
2118 808 2392 864 Romanae
2423 809 2690 866 Ecclesiae
2713 806 2997 868 traditum
3020 818 3110 870 est
3129 830 3197 870 ac
3219 832 3375 872 nunc
3395 834 3585 891 usque

1929 898 2273 965 custoditur,
2290 900 2364 953 ab
2394 899 2671 956 omnibus
2690 901 2903 957 debere
2925 903 3243 966 servari,ne
3266 904 3582 979 superduci

1930 990 2031 1042 aut
2055 986 2344 1042 introduci
2365 986 2587 1061 aliquid
2611 990 2766 1061 quod
2793 994 2896 1046 aut
2918 993 3325 1050 auctoritatem
3351 1011 3465 1050 non
3489 996 3589 1052 ha-

1929 1067 2062 1131 beat
2075 1079 2175 1130 aut
2191 1074 2425 1132 aliunde
2455 1078 2722 1134 videatur
2750 1081 3011 1153 accipere
3037 1083 3413 1156 exemplum?
3442 1086 3586 1142 Item

1929 1168 2060 1237 post
2089 1164 2228 1221 alia.
2262 1165 2502 1237 Oportet
2522 1184 2620 1224 eos
2643 1168 2752 1223 hoc
2785 1169 2949 1242 sequi
2984 1172 3137 1243 quod
3170 1171 3430 1230 Ecclesia
3478 1176 3587 1232 Ro-

1929 1269 2106 1309 mana
2130 1254 2404 1322 custodit,
2429 1271 2464 1309 a
2485 1272 2600 1328 quo
2629 1273 2727 1313 eos
2754 1258 3110 1330 principium
3143 1262 3436 1334 accepisse
3463 1278 3579 1320 non

1929 1342 2174 1398 dubium
2192 1347 2379 1411 est,ne
2400 1344 2541 1400 dum
2558 1346 2882 1419 peregrinis
2899 1349 3304 1407 affectionibus
3321 1354 3584 1421 student,

1927 1436 2105 1503 caput
2134 1431 2570 1488 institutionum
2597 1435 2906 1492 videantur
2945 1437 3231 1494 amittere.
3265 1440 3408 1497 Item
3456 1446 3589 1515 post

1930 1519 2046 1576 alia
2069 1539 2081 1575 :
2104 1520 2166 1577 Si
2196 1522 2655 1594 praedecessores
2682 1524 2767 1580 tui
2798 1526 2998 1581 minus
3028 1526 3251 1600 aliquid
3282 1534 3383 1586 aut
3419 1531 3589 1588 aliter

1929 1612 2265 1679 tenuerunt,
2298 1609 2515 1668 idcirco
2547 1628 2701 1668 nunc
2732 1616 3158 1688 respondemus
3187 1635 3304 1675 non
3336 1622 3490 1693 quod
3531 1625 3588 1678 te

1929 1698 2199 1772 ignorare
2228 1700 2559 1767 credamus,
2591 1702 2692 1758 sed
2726 1707 2793 1758 ut
2840 1705 3061 1777 majore
3108 1708 3452 1765 auctoritate
3484 1698 3588 1766 ‘vel

1929 1792 2065 1844 tuos
2085 1788 2382 1857 institdas,
2396 1788 2484 1844 vel
2515 1789 2565 1845 si
2589 1791 2687 1863 qui
2713 1809 2748 1846 a
2766 1792 3038 1849 Romanis
3059 1795 3331 1853 Ecclesiae
3351 1797 3591 1855 institu-

1935 1875 2193 1930 tionibus
2221 1880 2438 1942 errant,
2471 1881 2574 1932 aut
2601 1894 2996 1949 commoneas,
3030 1886 3134 1938 aut
3155 1884 3428 1954 judicare
3470 1902 3589 1943 non

1934 1964 2187 2030 differas,
2211 1968 2277 2019 ut
2296 1964 2444 2021 scire
2460 1964 2763 2024 valeamus
2784 1968 2883 2041 qui
2909 1968 3028 2025 sint
3048 1971 3148 2043 qui
3178 1977 3281 2028 aut
3306 1974 3592 2033 novitates

1934 2054 2243 2120 inducunt,
2260 2058 2362 2110 aut
2391 2054 2634 2113 alterius
2663 2056 3144 2132 Ecclesiaa,quam
3177 2062 3453 2120 Romanas
3471 2067 3593 2121 exi-

1935 2142 2181 2198 Stimant
2226 2144 2712 2200 consuetudinem
2764 2160 2898 2203 esse
2946 2134 3315 2207 servandam.
3341 2152 3486 2210 Data
3527 2168 3590 2211 ιιι

1937 2232 2077 2288 Idus
2106 2232 2459 2299 Decembris,
2494 2232 2813 2292 indictione
2839 2252 2963 2293 XIII.

2115 2462 2183 2502 AD
2222 2461 2538 2503 GALLIONEM
2577 2464 2864 2506 SENENSEM
2905 2468 3416 2514 ARCHIEPISCOPUM.

2296 2535 2732 2609 Fragmentum.
2767 2570 2836 2579 ——
2864 2540 3053 2613 (Anno
3081 2543 3235 2613 864.)

1938 2624 2122 2681 Altera
2148 2632 2303 2697 parte
2332 2625 2569 2693 absente,
2601 2625 2887 2698 deﬁnitiva
2917 2647 3025 2686 non
3054 2632 3270 2703 feratur
3298 2640 3588 2695 sententia.

2296 2714 2575 2786 [Gratiam
2610 2714 2677 2787 II,
2706 2733 2755 2773 c.
2787 2717 2846 2785 3,
2876 2735 2933 2791 q.
2966 2719 3019 2787 9,
3048 2737 3099 2778 c.
3126 2720 3236 2795 12.]

2014 2812 2233 2869 Revera
2253 2812 2457 2885 justus
2488 2813 2773 2871 mediator
2801 2833 2917 2872 non
2946 2822 3054 2887 est,
3087 2821 3187 2892 qui
3228 2820 3297 2878 in
3331 2841 3447 2881 uno
3477 2825 3596 2883 liti-

1941 2907 2136 2975 gante,
2168 2904 2227 2957 et
2256 2901 2435 2957 altero
2465 2902 2723 2970 absente,
2740 2904 3048 2962 amborum
3078 2915 3439 2985 emergentes
3458 2913 3594 2971 lites

1942 2988 2204 3047 decidere
2237 3007 2352 3046 non
2383 2990 2676 3047 formidat.
2710 2991 2813 3048 His
2842 2993 2924 3050 ita
2952 2997 3592 3073 praemissis,volumus,

1942 3084 2000 3136 et
2025 3078 2347 3151 apostolica
2368 3079 2708 3137 auctoritate
2739 3099 3068 3150 monemus,
3094 3091 3159 3143 ut
3188 3088 3238 3144 si
3268 3091 3591 3166 presbyter,

1942 3169 2015 3225 de
2044 3185 2159 3241 quo
2192 3167 2553 3242 agitur,.post
2570 3172 3235 3233 excommunicationem
3254 3195 3592 3254 suam,apo-

1944 3256 2210 3315 stolicam
2244 3257 2443 3313 sedem
2475 3257 2634 3315 adire
2664 3258 2929 3329 voluerit,
2962 3262 3161 3322 nullus
3193 3265 3303 3322 iter
3331 3269 3461 3340 ejus
3481 3270 3595 3327 im-

1945 3346 2141 3420 pedire
2172 3350 2508 3419 przesumat.

2674 3437 2859 3496 LXXI.

2402 3541 2592 3582 SERMO
2632 3544 2848 3584 NICOLAI
2889 3544 3051 3587 ΡΔΡιΕ
3090 3549 3126 3588 Ι.

1941 3614 2200 3698 Quem
2232 3614 2461 3698 Rothadi
2487 3632 2653 3698 causa
2679 3631 2750 3672 ea:
2778 3620 3008 3698 umbone
3053 3639 3112 3677 τη
3152 3625 3330 3698 fuisse
3373 3628 3505 3698 fecit
3532 3630 3591 3685 in

2011 3684 2243 3767 διιδξίίςα
2266 3694 2469 3767 ἕαηέίιτ
2498 3686 2689 3767 ﬁeri?
2726 3688 2797 3743 αά
2819 3704 3101 3767 saepe,
3131 3693 3221 3767 die
3238 3766 3247 3767 ί
3267 3684 3594 3767 vigiliarum

2009 3759 2323 3896 ἷιὲιιὶυἰςίαὗίῗ
2353 3759 2591 3821 Domini.
2616 3759 2793 3829 (Anno
2813 3759 2964 3831 864.)
2983 3759 3171 3837 [Apud
3205 3759 3587 3828 Madsi.Conc.

2074 3845 2154 3883 m.
2288 3871 2301 3883 .

2012 3925 2251 3998 Propter
2279 3943 2399 3994 eos,
2432 3927 2661 3995 fra'res,
2694 3929 2794 4001 qui
2846 3946 2964 3988 non
3015 3946 3248 4006 semper
3278 3934 3594 3997 adfuerunt

1940 4014 2272 4081 nobiscum,
2296 4032 2532 4073 necesse
2562 4022 2652 4073 est
2671 4019 2965 4076 sanctitati
2985 4027 3190 4078 vestrae
3212 4034 3450 4083 causam
3484 4029 3592 4085 Ro-

1939 4102 2107 4182 thadi
2137 4103 2331 4160 fratris
2361 4109 2419 4161 et
2444 4106 2770 4179 ooepiscopi
2816 4109 3022 4176 nostri,
3056 4116 3343 4182 qnantum
3393 4114 3589 4171 Domi-

1941 4178 2055 4248 nus
2086 4194 2388 4249 donaverit
2414 4210 2584 4267 posse
2605 4178 2992 4267 perfordinem
3011 4178 3284 4270 reserare;
3301 4207 3592 4275 quatenus

1940 4298 2061 4337 una
2087 4281 2397 4338 nobiscum
2429 4282 2727 4356 negotium
2759 4282 2917 4341 illius
2939 4287 3009 4341 ad
3028 4287 3320 4360 liquidum
3343 4308 3590 4351 noscens

1940 4368 2276 4427 fraternitas
2290 4374 2348 4425 et
2376 4371 2738 4431 unanimitas
2757 4376 3283 4444 vestra,nobiscum
3308 4376 3508 4452 etiam,
3535 4386 3593 4438 et

1941 4460 2013 4516 de
2041 4458 2360 4532 privilegiis
2390 4460 2721 4532 apostolicae
2751 4461 2929 4531 sedis,
2954 4478 3056 4520 seu
3081 4471 3295 4522 sanctis
3318 4468 3593 4527 Romanis

1940 4547 2232 4617 Ecclesiae,
2269 4565 2303 4603 a
2331 4550 2688 4620 quibusdam
2719 4553 2989 4624 nequiter
3015 4553 3347 4614 imminutis
3375 4560 3433 4614 et
3463 4576 3594 4617 eva-

1942 4637 2129 4693 cuatis
2157 4636 2371 4703 doleat,
2401 4643 2458 4693 et
2480 4638 2602 4694 zelo
2633 4640 2963 4697 ferventiori
2995 4658 3259 4714 accensa,
3288 4647 3361 4704 de
3391 4648 3485 4706 his
3514 4664 3598 4707 re-

1945 4727 2296 4799 cuperandis
2328 4726 2579 4784 sollicita
2604 4729 2680 4784 sit
2708 4734 2766 4785 et
2792 4730 3034 4802 intenta,
3062 4750 3128 4790 ac
3157 4735 3230 4792 de
3258 4740 3419 4794 tanto
3448 4739 3591 4807 viro,

1949 4815 2213 4872 Rothado
2242 4815 2526 4886 videlicet,
2569 4821 2983 4878 consacerdote
3031 4828 3252 4896 nostro,
3285 4830 3595 4885 retractare

1947 4921 2014 4961 ac
2045 4905 2731 4977 premeditari'studeat;
2754 4913 3045 4982 quatenus
3091 4913 3143 4968 is
3166 4912 3270 4986 qui
3302 4931 3534 4989 semper
3561 4934 3596 4973 a

1945 4993 2164 5052 ﬁnibus
2190 4998 2378 5063 terras,
2410 4999 2478 5051 ut
2504 4996 2588 5053 ita
2615 4996 2826 5065 dicam,
2860 5000 2932 5056 ad
2966 5014 3071 5057 nos
3102 5006 3159 5057 et
3188 5003 3353 5074 prius
3378 5002 3594 5063 absens

1946 5083 2220 5140 clamavit
2243 5086 2301 5140 et
2329 5085 2484 5142 beati
2517 5086 2668 5142 Petri
2699 5087 3097 5160 apostolorum
3146 5091 3426 5166 principis
3470 5111 3593 5151 me-

1946 5172 2193 5229 moriam
2213 5172 2368 5230 inter
2388 5173 2749 5231 saevientium
2775 5176 3010 5250 linguas
3035 5178 3315 5237 oblivioni
3338 5199 3453 5239 non
3475 5187 3593 5240 tra-

1946 5262 2120 5331 didit;
2155 5264 2255 5319 sed
2288 5264 2359 5318 de
2387 5262 2785 5321 monasteriali
2818 5263 3084 5343 districta
3120 5271 3403 5335 custodia,
3435 5274 3594 5330 velut

1944 5351 2127 5408 Jonas
2147 5352 2218 5408 de
2244 5354 2442 5408 ventre
2471 5350 2602 5419 ceti,
2643 5357 2700 5409 et
2736 5351 2937 5410 Daniel
2978 5356 3048 5411 de
3076 5355 3205 5413 lacu
3228 5357 3485 5431 leonum,
3521 5363 3593 5418 ad

1946 5440 2259 5497 Dominum
2292 5445 2350 5497 et
2366 5441 2439 5497 ad
2454 5441 2763 5498 dilectores
2781 5442 2869 5498 vel
2886 5443 3130 5503 dilectos
3150 5449 3448 5520 apostolos
3464 5451 3516 5522 ej
3524 5464 3593 5507 ns

1944 5529 2297 5587 vociferatus
2328 5534 2438 5601 est,
2459 5534 2514 5586 et
2544 5530 2754 5587 deinde
2786 5531 3136 5604 abstractus,
3170 5535 3305 5593 licet
3355 5539 3596 5596 destitu-

1946 5622 2043 5676 tus
2071 5618 2159 5674 vel
2178 5619 2739 5693 esspoliatus,atque
2758 5622 2917 5678 omni
2945 5636 3017 5679 ex
3045 5627 3210 5697 parte
3232 5630 3593 5688 attenuatus.

1946 5708 2184 5769 tandem
2210 5708 2325 5766 Deo
2356 5710 2504 5767 duce
2535 5711 2874 5784 praesidium
2926 5724 3124 5792 suum,
3156 5714 3216 5781 id
3260 5720 3350 5776 eat
3395 5718 3594 5778 sedem
