4098 6460
534 360 653 427 895

1910 354 2224 425 NlCOLAI
2266 354 2495 423 PAPJE
2535 359 2586 424 Ι.

3835 357 3962 428 896

533 507 650 560 tur.
686 502 836 560 Sane
865 498 961 559 his
982 497 1218 558 interim
1249 497 1484 557 omissis
1503 497 1870 556 considerare
1887 496 2029 554 libet
2049 497 2188 571 quia
2215 492 2271 561 Α
2302 512 2663 570 quaesumus,
2695 496 2927 556 dicatur
2954 496 3027 556 de
3064 496 3236 557 nobis
3264 496 3613 575 procedente
3667 503 3957 576 tempore,

534 594 700 667 prius
729 592 852 651 Odo
867 590 1222 649 venerabilis
1240 590 1550 663 episcopus
1568 586 2013 661 praesentialiter
2033 589 2188 661 posi-

533 688 655 750 tus,
688 687 745 740 et
776 682 912 739 inde
943 680 1135 738 czeteri
1166 680 1351 737 nostri
1382 678 1558 752 legati
1609 678 1754 734 nihil
1797 677 2187 734 accusationis

532 774 813 830 adversus
845 770 1176 828 Rothadum
1207 769 1547 841 episcopum
1576 786 1637 824 se
1677 767 1960 823 detulisse
1991 768 2187 823 testati

532 866 712 932 sunt;
747 864 805 917 et
832 860 915 916 illi
947 860 1354 933 episcoporum
1392 856 1615 925 vicarii,
1651 856 1750 930 qui
1783 858 1855 912 ab
1884 855 2031 929 ipsis
2060 856 2186 913 suis

530 949 975 1025 praesulibus,ut
1006 949 1287 1005 rationem
1308 946 1649 1020 dejectionis
1671 947 1920 1002 Rothadi
1944 962 2187 1019 expone-

530 1046 680 1109 rent,
713 1039 864 1095 mitti
912 1039 1279 1103 dicebantur,
1329 1037 1498 1093 nobis
1548 1036 1795 1109 professi
1846 1040 2003 1099 sunt,
2039 1036 2183 1091 scri-

527 1132 731 1187 bentes
763 1131 835 1185 ab
866 1128 1073 1185 itinere
1104 1128 1261 1201 quod
1296 1144 1408 1182 non
1443 1127 1513 1183 ad
1539 1126 1937 1182 accusandum
1972 1125 2184 1181 Rotha-

527 1221 668 1277 dum
703 1218 919 1276 fuerint
950 1235 980 1274 a
1004 1218 1129 1274 suis
1151 1216 1523 1274 antistitibus
1545 1214 2181 1272 destinati.Prmsertim

526 1326 660 1367 cum
694 1308 1041 1382 sarpedictus
1064 1306 1369 1363 Rothadus
1397 1306 1456 1361 in
1480 1304 1799 1377 apostolica
1820 1322 1998 1377 quam
2016 1304 2183 1376 petiit

525 1399 685 1465 s'ede,
718 1414 847 1455 ecce
878 1402 1006 1454 octo
1037 1395 1272 1452 ci'citer
1311 1395 1618 1451 mensibus
1648 1394 1725 1451 sit
1755 1398 2176 1463 commoratus,

520 1494 580 1545 et
610 1488 709 1562 qui
736 1488 894 1543 hunc
916 1489 1222 1542 accusaret
1243 1483 1472 1540 nullum
1488 1500 1595 1540 nos
1616 1482 1851 1556 penitus
1871 1482 2063 1539 videre
2085 1501 2181 1556 po-

519 1579 834 1636 tuerimus.
867 1578 1017 1651 Ergo
1048 1591 1180 1631 cum
1212 1573 1296 1631 ita
1334 1573 1429 1641 sit,
1463 1577 1644 1630 restat
1674 1576 1741 1629 ut
1796 1572 1893 1646 qui
1944 1572 2175 1629 nullum

519 1666 744 1741 patitur
772 1662 1364 1731 accusatorem,nullo
1386 1660 1594 1718 merito
1627 1661 1917 1718 sustineat
1936 1662 2176 1719 omnino

520 1774 639 1814 sua
664 1754 1016 1829 integritatis
1049 1751 1444 1825 dispendium.
1478 1751 1740 1824 Denique
1772 1755 1913 1807 tunc
1944 1756 2176 1808 constat

2301 587 2455 658 quod
2490 604 2647 643 nunc
2670 588 2741 645 de
2791 589 3153 646 Theodorico
3210 589 3427 663 scripto
3487 591 3780 663 profertur
3806 591 3953 666 (syn.

2298 677 2453 733 Rom.
2487 677 2702 750 1v).Qui
2735 683 2869 735 ante
2900 678 3239 752 patrimonii
3268 679 3356 736 vel
3386 680 3955 754 ecclesiarum,quas

2298 767 2598 834 amiserat,
2625 769 3258 841 receptionem,papam
3288 770 3800 842 Symmachum,ut
3821 776 3959 844 pote

2298 855 2549 913 Arianus
2572 861 2629 914 et
2651 858 3142 915 sceleratissimus
3156 875 3273 927 rex,
3290 859 3956 933 cumimpugnatoribus

2297 946 2420 1001 suis
2451 946 2510 1001 in
2544 946 3024 1019 disceptationem
3078 947 3388 1021 conﬂigere
3435 949 3641 1020 jussit,
3673 967 3808 1006 cum
3844 968 3954 1024 po-

2294 1038 2503 1092 testate
2535 1037 2663 1107 ejus
2682 1037 2883 1093 omnia
2895 1053 3022 1110 quas
3037 1053 3141 1109 per
3152 1038 3560 1111 suggestioncs
3572 1039 3953 1097 inimicorum

2293 1140 2536 1180 suorum
2567 1125 2864 1195 amiserat,
2890 1126 3187 1182 reddenda
3202 1127 3275 1184 ab
3303 1126 3743 1185 honorabilium
3776 1129 3954 1186 Italo-

2293 1230 2423 1269 rum
2455 1213 2865 1288 episcoporum
2890 1214 3137 1271 concilio
3146 1216 3320 1287 jussa
3337 1216 3668 1283 fuissent,et
3686 1217 3956 1291 legaliter

2291 1303 2457 1375 prius
2487 1303 2665 1358 statui
2698 1303 2946 1377 pristino
2982 1304 3268 1372 redditus,
3300 1309 3440 1361 tunc
3461 1305 3682 1362 veniret
3712 1308 3784 1363 ad
3816 1325 3958 1364 cau-

2291 1409 2440 1460 sam,
2474 1396 2531 1448 et
2562 1392 2612 1448 si
2641 1392 2725 1449 ita
2752 1398 2905 1449 recte
2942 1394 3262 1463 videretur,
3293 1394 3701 1451 accusantium
3733 1412 3956 1471 propo-

2288 1481 2606 1538 sitionibus
2638 1482 3227 1555 responderet.Cujus
3257 1483 3338 1539 rei
3369 1484 3720 1542 documento
3740 1490 3800 1542 et
3815 1487 3955 1546 aliis

2288 1569 2588 1627 nonnullis
2618 1569 2870 1628 decretis
2899 1576 2957 1628 et
2985 1571 3269 1645 exemplis
3310 1572 3523 1629 imbuti
3580 1574 3844 1646 idipsum
3878 1578 3954 1633 de

2286 1660 2552 1716 Rothado
2599 1661 2873 1734 episcopo
2927 1678 3036 1718 nos
3070 1678 3305 1734 quoque
3360 1662 3743 1720 decrevimus.
3790 1668 3952 1733 Qua-

2285 1754 2522 1822 propter
2552 1750 2918 1807 obtestamur
2948 1754 3005 1806 et
3041 1751 3423 1807 obsecramus
3466 1755 3533 1807 ut
3579 1752 3693 1825 piis
3723 1756 3951 1812 nostris

519 1851 919 1903 accusatorem
951 1858 1192 1900 examen
1228 1840 1892 1915 subterfugere,quando
1906 1859 1966 1897 se
1975 1843 2173 1914 justas
2202 1873 2252 1940 Β
2284 1838 2544 1908 monitis,
2578 1856 2695 1895 non
2728 1855 3036 1913 pravorum
3070 1840 3380 1896 hominum
3411 1842 3809 1911 suasionibus,
3834 1861 3945 1917 ρας

517 1952 689 2009 posse
721 1931 1120 2008 querimonias
1149 1930 1362 1988 habere
1411 1931 1699 2003 desperat.
1735 1931 1830 1987 Sic
1884 1930 2167 1989 nimirum

514 2025 702 2083 Judaei
732 2023 1028 2098 lapidibus
1060 2020 1387 2077 adulteram
1418 2019 1726 2077 mulierem
1750 2020 1917 2076 obrui
1959 2022 2170 2078 debere

513 2116 800 2191 putabant
821 2112 942 2183 ;ubi
973 2111 1047 2168 ad
1076 2128 1277 2167 verum
1310 2109 1590 2165 indicium
1626 2109 1777 2166 hanc
1808 2110 2165 2176 detulerunt,

511 2208 567 2262 et
594 2204 746 2279 quod
779 2201 1196 2260 existimabant
1221 2197 1417 2256 videre
1447 2216 1562 2255 non
1596 2199 1887 2268 viderunt,
1923 2203 1980 2255 et
2009 2200 2165 2273 quod

511 2308 627 2351 non
659 2294 946 2367 putabant
967 2288 1169 2347 audire
1217 2288 1550 2357 audierunt,
1585 2288 1812 2344 confusi
1848 2293 1905 2345 et
1936 2288 2165 2345 reveriti

510 2381 927 2442 discesserunt.
954 2380 1049 2437 Sic
1079 2378 1330 2453 ergo,sic
1359 2377 1720 2451 depositores
1751 2378 2163 2449 Rothadi,cum

510 2475 584 2531 ad
616 2488 857 2530 examen
891 2469 1116 2543 iudicii,
1153 2469 1211 2524 in
1244 2485 1358 2541 quo
1392 2468 1569 2524 iidem
1627 2466 1851 2523 inimici
1904 2468 2161 2537 fuerunt,

508 2563 623 2637 ipsi
683 2564 1055 2618 accusatores
1101 2562 1159 2615 et
1200 2556 1452 2630 judices,
1494 2562 1800 2624 venerunt,
1836 2557 1895 2613 in
1954 2558 2161 2615 faciem

507 2652 901 2726 ipsius,quem
933 2648 1313 2722 supplantare
1340 2646 2013 2716 voluerunt,immobiles
2040 2665 2163 2720 per-

507 2741 883 2799 stiterunt.At
911 2737 1010 2794 ubi
1043 2737 1114 2794 ad
1157 2741 1426 2792 nostrum
1477 2740 1850 2808 provocatum
1886 2742 1975 2793 est
1996 2737 2162 2811 judi-

507 2828 750 2900 cium,in
785 2845 900 2903 quo
932 2827 1049 2884 Deo
1072 2825 1362 2884 revelante
1382 2824 1595 2882 veritas
1619 2825 1666 2882 si
1688 2830 2157 2899 exaggeraretur,

505 2921 565 2977 in
596 2919 788 2976 lucem
839 2918 1181 2974 claresceret
1230 2914 1430 2971 omnia
1479 2913 1756 2971 falsitatis
1813 2921 2159 2990 argumenta

504 3010 807 3067 destructa
835 3010 996 3073 sunt,
1028 3009 1085 3062 et
1124 3005 1501 3062 fabricatores
1532 3004 1820 3060 mendacii
1870 3010 2034 3079 terga
2063 3023 2157 3062 su-

502 3099 624 3156 bito
646 3096 1152 3156 converterunt.At
1180 3110 1313 3152 vero
1343 3093 1647 3151 Rothadus
1678 3094 2157 3168 episcopus,con-

502 3188 750 3246 scientia
780 3203 984 3262 purus,
1020 3184 1458 3242 conversatione
1505 3183 1806 3253 innocens,
1854 3182 2155 3241 columba-

2282 1928 2496 1997 reatis;
2530 1928 2781 1985 scientes
2811 1929 2951 2002 quia
2998 1929 3047 1984 si
3099 1929 3357 2003 pessimo
3397 1930 3540 2003 regi,
3572 1932 3727 2004 quod
3759 1934 3946 2002 absit,

2276 2034 2380 2073 vos
2408 2017 2858 2091 aaquiparantes,
2892 2035 3069 2092 super
3118 2019 3226 2075 hoc
3277 2021 3448 2077 nobis
3510 2023 3740 2095 negotio
3797 2040 3944 2080 con-

2278 2108 2588 2164 cordantes
2617 2108 2900 2165 obaudire
2950 2109 3217 2178 renuitis,
3252 2126 3354 2166 vos
3403 2110 3607 2183 procul
3657 2112 3836 2169 dubio
3866 2116 3944 2171 de

2277 2196 2564 2253 charitate
2595 2202 2652 2253 et
2683 2198 2969 2254 memoria
3011 2201 3211 2254 nostra
3262 2198 3503 2257 deletos.
3533 2202 3820 2267 Quoniam
3856 2203 3943 2261 ita

2275 2286 2377 2342 Dei
2399 2291 2457 2342 et
2474 2286 2875 2360 apostolorum
2900 2287 3245 2345 auctoritate
3266 2289 3632 2348 decnevimus
3651 2295 3708 2347 et
3730 2293 3944 2349 statui-

2276 2393 2411 2432 mus
2423 2381 2486 2432 ut
2500 2377 2839 2450 quicunque
2860 2392 3013 2450 saepe
3035 2383 3356 2434 memorato
3376 2378 3643 2436 Hothado
3660 2380 3939 2455 episcopo

2273 2466 2345 2522 ad
2378 2465 2775 2539 recipiendam
2796 2466 3118 2522 Ecclesiam
3139 2466 3249 2523 sibi
3276 2466 3937 2539 olim'commissamﬁel

2271 2556 2343 2611 ad
2359 2555 2688 2628 episcopale
2703 2555 3095 2612 ministerium
3119 2558 3539 2631 peragendum,
3554 2557 3938 2630 aliquatenus

2270 2644 2692 2717 impedimento
2724 2644 2919 2711 fuerit,
2952 2644 3137 2701 donec
3181 2646 3519 2719 acquicscat
3538 2650 3596 2703 et
3626 2648 3696 2703 ad
3728 2647 3811 2703 illi
3833 2666 3934 2706 re-

2270 2733 2600 2790 sistendum
2631 2738 2880 2790 conatus
2909 2735 3180 2807 deponat,
3209 2752 3243 2790 a
3284 2736 3676 2793 sacrosanctis
3707 2743 3929 2812 myste-

2270 2823 2373 2879 riis
2402 2827 2461 2881 et
2489 2825 2562 2880 ab
2592 2823 2846 2880 ecclesia:
2878 2824 3043 2881 fieret
3069 2825 3338 2898 ingressu
3358 2830 3820 2901 remotus,atque
3852 2829 3929 2886 ab

2268 2913 2428 2969 omni
2463 2914 2880 2970 communione
2909 2912 3172 2970 fidelium
3206 2917 3933 2988 sequestratusPrasterea

2264 3007 2519 3060 vestram
2547 3003 2821 3060 volumus
2843 3020 3015 3060 nosse
3045 3004 3485 3077 experientiam,
3518 3006 3735 3063 nostris
3761 3009 3923 3063 auri-

2266 3093 2377 3150 bus
2408 3093 2590 3150 fuisse
2612 3092 2819 3150 multis
2850 3094 3238 3151 referentibus
3269 3094 3801 3169 intimatum,quod
3835 3098 3925 3153 di-

2262 3200 2441 3241 versa
2470 3198 2564 3241 res
2593 3187 2652 3240 et
2680 3182 2966 3240 nonnulla
2998 3183 3269 3257 praesidia
3289 3189 3502 3241 sancta:
3533 3185 3926 3243 Suessionicae

502 3250 1099 3350 rumsimplicitateac
1116 3250 2152 3348 prudentiaserpentisinsignis,cum
2183 3250 2227 3319 (ἶ
2268 3273 2535 3331 Ecclesiae
2558 3274 2683 3347 juri
2712 3250 3123 3348 competentia,
3158 3275 3231 3330 ab
3254 3273 3523 3331 invasore
3544 3274 3760 3332 ibidem
3785 3292 3925 3333 con-

502 3368 572 3424 ad
606 3382 848 3424 examen
872 3365 1016 3421 Rom
1025 3380 1147 3421 anas
1159 3362 1430 3418 Ecclesia
1442 3365 1681 3418 ventum
1696 3378 1824 3419 esse
1837 3364 2151 3436 perspexit.

499 3457 601 3514 ubi
633 3455 865 3513 nullum
887 3457 1228 3527 suspectum
1251 3449 2004 3519 habet,nulluminimicum
2028 3470 2158 3526 pas-

501 3550 607 3603 sus
638 3550 760 3602 est:
794 3542 915 3614 ubi,
949 3543 1216 3615 inquam,
1250 3544 1317 3596 ut
1345 3543 1584 3595 sanctus
1617 3539 1698 3596 ait
1728 3558 1878 3614 papa
1900 3542 2156 3600 Caelesti-

500 3650 614 3691 nus
647 3637 823 3707 (epist.
860 3633 933 3705 4),
968 3648 1201 3704 semper
1240 3628 1541 3686 catholicis
1597 3631 1960 3701 subvenitur,
1989 3633 2155 3705 judi-

502 3725 661 3781 cium
691 3739 808 3779 non
836 3721 1059 3789 timuit,
1088 3736 1328 3775 examen
1362 3736 1535 3776 suum
1567 3720 1828 3776 renovari
1853 3722 2074 3792 petivit,
2097 3727 2155 3779 et

502 3811 792 3887 quidquid
820 3828 854 3868 a
883 3809 1053 3867 nobis
1083 3807 1391 3866 deliberari
1422 3813 1705 3879 cerneret,
1737 3807 1938 3865 libenti
1964 3812 2153 3868 susci-

502 3902 781 3977 piendum
815 3903 1009 3957 mente
1039 3897 1332 3972 disposuit
1355 3898 1608 3971 ;quia,ut
1640 3898 1848 3955 beatus
1878 3899 1959 3955 ait
1979 3900 2153 3958 Boni-

503 3991 690 4050 facius
711 4004 863 4065 papa
893 3990 1070 4063 (epist.
1103 3986 1173 4044 ad
1202 3989 1522 4044 Patroclum
1549 3995 1601 4043 et
1629 3988 2021 4055 alios),nullus
2050 3990 2153 4047 du-

501 4082 648 4139 bitat
678 4081 831 4155 quod
846 4081 927 4137 ita
937 4081 963 4153 j
973 4079 1233 4135 udicium
1256 4092 1472 4133 nocens
1493 4077 2155 4151 subterfugit,quemad-

500 4172 744 4230 modum
775 4174 840 4227 ut
868 4168 1209 4226 absolvatur
1227 4166 1327 4240 qui
1350 4166 1736 4223 estinnocens
1767 4169 2151 4243 quaarit.Ergo

497 4262 738 4318 videant
766 4264 1155 4326 accusatores,
1187 4255 1276 4312 vel
1308 4256 1682 4312 damnatores
1731 4256 2000 4327 Rothadi,
2035 4275 2154 4332 qua

500 4351 823 4407 intentione
852 4365 987 4405 cum
1019 4364 1084 4403 eo
1108 4345 1405 4419 judicium
1437 4345 1636 4402 subire
1655 4347 2154 4421 refugerintzquia

501 4441 826 4509 Rothadus,
860 4437 961 4512 qui
990 4441 1081 4495 est
1111 4441 1349 4493 auctore
1378 4434 1492 4493 Deo
1522 4435 2150 4503 innocens,concilium

500 4533 837 4586 sanctorum
860 4544 974 4583 non
990 4525 1179 4583 solum
1195 4542 1309 4582 non
1326 4524 1807 4598 subterfugit,sed
1832 4532 1887 4583 et
1909 4544 2150 4603 magno-

2266 3366 2492 3420 secrato
2523 3364 2888 3420 exstitissent
2915 3381 3020 3436 pro
3038 3363 3211 3420 libitu
3242 3364 3679 3438 dispositmetin
3704 3366 3924 3422 benefi-

2263 3453 2423 3509 cium
2455 3452 2625 3509 data:
2656 3452 2747 3509 vel
2777 3452 2977 3522 etiam,
3009 3469 3075 3509 eo
3121 3454 3288 3524 justo
3331 3453 3433 3510 Dei
3476 3453 3700 3527 judicio
3744 3455 3925 3512 dece-

2265 3544 2456 3609 dente,
2491 3542 2564 3599 ab
2592 3541 2935 3599 excellentia
2962 3547 3157 3599 vestra
3186 3542 3543 3615 quibusdam
3573 3543 3923 3602 hominibus

2263 3648 2427 3705 aeque
2458 3631 2518 3686 in
2551 3631 2831 3687 beneﬁcio
2860 3630 3091 3688 collata.
3126 3632 3517 3698 Quamobrem
3559 3633 3736 3689 etiam
3769 3638 3827 3690 et
3856 3634 3923 3691 in

2263 3722 2373 3777 hoc
2400 3720 2774 3777 dilectionem
2800 3725 3052 3777 vestram
3068 3721 3375 3778 hortamur
3386 3726 3562 3795 atque
3584 3739 3919 3796 precamur,

2263 3815 2329 3867 ut
2359 3812 2561 3867 eadem
2584 3810 2854 3883 praesidio
2884 3814 2943 3867 et
2971 3810 3103 3884 ipsa
3132 3828 3246 3879 res,
3279 3826 3644 3887 quaecunque
3681 3816 3738 3869 et
3783 3813 3922 3870 ubi-

2261 3912 2494 3973 cunque
2520 3900 2662 3968 sint,
2686 3901 2814 3973 jam
2864 3901 2994 3956 fatze
3036 3900 3304 3957 Ecclesiae
3336 3901 3567 3958 restitui
3596 3902 3694 3976 pia
3720 3907 3921 3961 vestra

2262 3990 2560 4064 prmcipiat
2588 3990 2924 4058 eminentia,
2949 3994 3007 4047 et
3033 3994 3097 4046 ut
3127 3995 3340 4047 cuncta
3360 3991 3482 4063 juri
3514 3992 3643 4064 ejus
3672 3992 3924 4050 reddan-

2260 4086 2358 4137 tur
2385 4085 2577 4136 vestra
2606 4082 2835 4152 satagat
2862 4077 3236 4135 excellentia:
3260 4080 3344 4135 ita
3372 4085 3441 4136 ut
3466 4082 3793 4138 secundum
3826 4100 3921 4139 sa-

2262 4185 2494 4225 crorum
2526 4184 2821 4225 canonum
2853 4168 3301 4236 sanctionem,in
3335 4173 3622 4243 potestate
3651 4171 3920 4245 episcopi

2261 4274 2354 4315 res
2376 4274 2582 4315 omnes
2631 4255 2901 4313 Eccleslae
2962 4257 3308 4328 consistant,
3333 4263 3390 4315 et
3445 4258 3543 4315 ille
3584 4260 3917 4317 secundum

2261 4348 2533 4405 timorem
2563 4347 2687 4415 Dei,
2721 4346 2940 4419 quibus
2960 4346 3294 4417 voluerit,et
3317 4349 3612 4421 quomodo
3640 4348 3914 4420 voluerit,

2240 4434 2362 4493 -illa
2389 4438 2689 4509 dispenset
2706 4436 2883 4508 ;quod
2905 4441 3103 4493 tamen
3132 4441 3335 4493 vestrae
3350 4437 3702 4511 pietatispro
3714 4452 3919 4496 amore

2262 4526 2363 4583 Dei
2395 4530 2451 4581 et
2471 4523 2869 4599 apostolorum
2893 4524 3225 4599 principum
3245 4541 3312 4582 ac
3328 4531 3528 4583 nostro
3550 4526 3671 4583 ﬁeri
3685 4530 3921 4601 salagat

500 4626 636 4691 pere
663 4615 997 4690 postulavit.
1034 4616 1235 4689 Itaque
1268 4614 1413 4671 sciat
1443 4613 1779 4670 sublimitas
1797 4620 2009 4686 vestra,
2035 4618 2152 4677 Deo
2183 4631 2231 4695 ι)
2261 4615 2574 4671 industria.
2609 4614 2871 4671 Scientes
2896 4615 3154 4688 profecto
3186 4615 3327 4688 quia
3340 4615 3446 4689 qui
3467 4615 3560 4673 bis
3588 4617 3762 4673 rebus
3800 4617 3916 4691 frui

498 4706 705 4781 opiﬁce
726 4723 761 4763 a
785 4707 952 4763 nobis
977 4705 1318 4778 smpefatum
1334 4704 1676 4777 episCOpum
1692 4704 1952 4776 pristinae
1968 4707 2153 4782 digni-

497 4798 601 4854 tati
634 4802 690 4853 et
718 4797 985 4854 Ecclesia:
1017 4794 1375 4851 restitutum.
1410 4792 1472 4847 ln
1525 4810 1638 4865 quo
1682 4797 1880 4850 utrum
1912 4798 2152 4855 veritate

500 4885 777 4942 fulciatur
804 4886 959 4959 quod
992 4884 1064 4940 de
1091 4887 1286 4939 vestra
1316 4880 1624 4937 dilectione
1656 4898 1691 4937 a
1737 4885 2039 4942 nonnullis
2062 4904 2149 4943 re-

496 4974 701 5048 fertur,
734 4977 907 5032 modo
937 4972 1178 5047 patebit.
1214 4970 1276 5028 Si
1304 4970 1460 5026 enim
1494 4968 1680 5026 millia
1708 4987 2079 5045 gemmarum
2094 4981 2151 5033 et

495 5065 884 5139 pretiosarum
915 5062 1243 5137 specierum
1273 5060 1443 5115 beato
1474 5059 1639 5116 Petro
1661 5061 1898 5132 daretis,
1934 5081 2038 5122 nec
2062 5065 2148 5123 illi

495 5160 617 5211 tam
650 5159 887 5228 accepta
916 5168 1022 5209 nec
1053 5149 1245 5219 nobis,
1296 5165 1476 5222 quam
1508 5149 1557 5205 si
1616 5150 1785 5208 nobis
1836 5169 2015 5226 super
2036 5155 2147 5211 hoc

496 5242 784 5300 obedi‘atis
817 5240 1121 5315 profutura
1150 5239 1503 5295 existerent:
1528 5238 1809 5295 nimirum
1832 5242 2148 5300 cumillius

496 5332 574 5389 sit
601 5332 911 5388 hominum
942 5328 1193 5386 salutem
1224 5327 1547 5400 exquirere,
1583 5344 1697 5383 non
1730 5330 2147 5389 cumulos’the-

495 5437 808 5479 saurorum
840 5436 1197 5476 coacervare.
1242 5418 1445 5475 Favete
1493 5418 1735 5473 tandem
1782 5436 2142 5492 quaesumus,

495 5510 666 5567 nobis
698 5527 802 5583 pro
834 5510 1036 5566 crebro
1065 5509 1219 5565 dicto
1249 5507 1372 5565 viro
1402 5508 1574 5563 toties
1588 5507 2029 5580 adeuntibus,et
2048 5513 2147 5570 Ec-

496 5599 737 5655 clesiam
771 5599 882 5656 sibi
910 5598 1285 5657 commissam
1318 5596 1758 5669 recipiendiper
1774 5614 1873 5655 vos
1904 5602 2146 5658 nonim-

498 5678 923 5762 pedimentum,
954 5692 1054 5749 sed
1087 5686 1425 5764 praesidium
1458 5702 1699 5760 prorsus
1731 5686 2007 5748 inveniat.
2040 5691 2143 5759 Ne,

2262 4704 2528 4774 voluerit,
2561 4710 2619 4761 et
2647 4719 2747 4760 eas
2778 4704 3027 4777 praefatae
3060 4704 3323 4761 Ecclesiae
3371 4705 3612 4761 reddere
3640 4705 3787 4762 forte
3817 4706 3916 4762 di-

2262 4793 2513 4863 stulerit,
2548 4809 2656 4850 nos
2684 4793 2845 4850 hunc
2874 4792 2948 4848 ab
2972 4792 3238 4850 Ecclesia:
3267 4794 3488 4852 ﬁnibus
3516 4794 3915 4852 anathematis

2260 4884 2507 4940 nexibus
2535 4883 2853 4950 irretitum,
2885 4885 2943 4938 et
2964 4882 3357 4940 sacrosanctis
3386 4884 3682 4957 mysteriis
3712 4900 3918 4957 seque.

2259 4976 2531 5038 stratum,
2563 4972 2743 5029 veluti
2772 4972 3086 5045 profanum
3107 4972 3507 5040 eliminamus,
3540 4978 3597 5030 et
3625 4972 3795 5046 quasi
3826 4988 3916 5031 ra-

2256 5075 2461 5135 pacem
2492 5065 2550 5119 et
2582 5062 2831 5135 impium
2862 5065 2973 5118 eta
3001 5061 3675 5141 contubernioﬁdelium
3707 5064 3914 5137 procul

2257 5151 2439 5209 dubio
2462 5150 2796 5224 abjinimus.
