4098 6460
3467 326 3495 338 Ι*

532 402 659 461 899
1911 396 2175 458 NICOLA

2283 395 2496 458 ΡΑΡᾹΞ
2537 395 2587 458 Ι.
3836 400 3964 460 900

537 533 802 607 scopatui
851 532 1212 601 redderetur,
1266 530 1503 587 omnino
1548 528 1843 587 restabat?
1874 529 2035 596 Quod
2084 545 2189 602 per
2219 530 2267 595 Α
2301 528 2588 585 Dominus
2617 533 2815 586 noster
2842 530 3017 586 Jesus
3047 529 3447 603 Christus,qui
3481 529 3632 586 hanc
3663 531 3886 587 creavit
3904 536 3964 588 et

537 627 799 681 nostram
831 620 1289 679 mediocritatem
1314 621 1440 692 jam
1464 636 1620 674 nunc
1641 619 1860 674 factum
1893 625 1996 675 tua
2015 636 2190 675 nosse
2299 619 2566 688 redemit,
2600 619 2812 675 existat
2844 638 2857 688 ;
2892 620 2974 676 ita
2999 624 3065 676 ut
3117 619 3215 676 ille
3253 619 3536 676 veraciter
3564 637 3631 676 ac
3662 620 3962 693 principa-

534 713 747 788 poterit
794 729 1036 786 prorsus
1079 710 1388 766 industria.
1421 708 1522 765 Cui
1554 708 1635 764 rei
1666 726 1974 764 monemus
2005 708 2191 764 omni-

534 805 773 862 modam
824 801 1164 876 patientiam
1212 798 1483 855 exhibere
1514 802 1617 854 tua
1646 815 1763 854 non
1810 797 2068 872 negligat
2098 802 2191 853 ut-

536 910 769 966 cunque
794 890 1125 957 solertia,ne
1154 887 1431 943 talionem
1455 886 1698 941 reddere
1725 884 1853 953 tibi,
1888 885 2041 941 sicut
2080 886 2189 941 du-

535 986 681 1041 dum
713 980 1318 1055 promisimus,nostra
1348 980 1592 1050 cogatur
1621 974 1938 1032 auctoritas
1960 976 2099 1048 (2,q.
2132 977 2207 1041 6,-

531 1074 758 1144 Arguta,
792 1072 821 1144 §
851 1071 977 1127 Haec
1005 1070 1204 1141 quippe
1230 1065 1369 1139 nos).
1402 1066 1532 1122 Hzec
1563 1065 1779 1138 quippe
1815 1081 1923 1121 nos
1970 1065 2029 1120 in
2075 1064 2189 1121 Ro-

536 1163 711 1220 thado
737 1161 956 1216 idcirco
984 1157 1213 1213 noveris
1244 1160 1535 1229 operatos,
1570 1158 1636 1209 ut
1681 1154 1986 1228 privilegia
2029 1154 2189 1210 sedis

531 1250 884 1327 apostolicae,
919 1265 1046 1321 qum
1078 1246 1231 1303 male
1263 1263 1298 1301 a
1323 1244 1488 1301 vobis
1518 1243 1733 1300 violata
1764 1261 1891 1299 esse
1915 1243 2190 1299 videban-

529 1349 646 1413 tur,
679 1345 736 1398 et
765 1357 800 1397 a
829 1339 1001 1395 nobis
1030 1340 1117 1393 tot
1145 1334 1433 1408 impensis
1462 1332 1784 1398 laboribus,
1815 1335 2007 1388 vestra
2038 1332 2187 1388 resi-

527 1437 716 1491 stente
747 1427 1137 1495 contumacia,
1167 1421 1495 1497 recuperari
1521 1438 1636 1477 non
1666 1425 1954 1495 poterant,
1987 1423 2184 1479 aucto-

528 1524 699 1579 ritate
727 1518 1049 1594 apostolica
1078 1519 1135 1572 et
1166 1512 1447 1570 canonica
1476 1512 1715 1567 Patrum
1747 1510 2183 1580 deliberatione,

531 1611 777 1687 pristino
809 1609 1047 1664 tandem
1065 1610 1120 1662 et
1138 1603 1370 1677 proprio
1393 1602 1808 1657 decorarentur
1826 1600 2188 1657 honore.Caa-

531 1708 722 1758 terum
751 1699 797 1755 si
821 1699 968 1753 forte
984 1693 1116 1768 quis
1133 1694 1413 1749 adversus
1435 1689 1770 1746 Rothadum
1799 1705 1969 1745 voces
1986 1690 2184 1763 habet,

528 1791 616 1848 vel
636 1791 683 1845 si
701 1789 827 1863 ipse
858 1805 892 1844 a
915 1784 1224 1842 sanctitate
1246 1786 1347 1837 tua
1367 1781 1565 1852 justas
1596 1784 1797 1835 contra
1819 1796 1881 1836 se
1900 1779 2186 1836 hactenus

530 1879 820 1937 sustineat
849 1872 1268 1949 querimonias,
1301 1869 1574 1926 volumus
1614 1873 1671 1924 et
1718 1868 2090 1924 decernimus
2122 1873 2185 1924 ut
2214 1913 2262 1978 Β

578 1976 585 1978 Α
914 1969 923 1978 ι
1210 1959 1247 1978 οῖ
1310 1964 1356 1978 ι-
1400 1958 1674 1978 ηαὲλμμεᾷ
1705 1956 1846 1978 211--)
1878 1962 1958 1978 --Δ
1994 1973 2178 1978 -__,-_-

530 1976 780 2041 utraque
803 1969 964 2039 parte
985 1958 1677 2032 conveniente,quidquid
1704 1956 1849 2013 illud
1873 1962 2185 2026 est,coram

532 2062 733 2115 nostra
763 2052 999 2128 speciali
1031 2049 1343 2125 praesentia
1374 2049 1679 2120 dirigatur.
1708 2047 1874 2113 Quod
1906 2050 1955 2103 si
1989 2045 2186 2104 nullus

529 2146 843 2204 calumniis
856 2159 1051 2200 coram
1067 2138 1398 2214 apostolatu
1416 2141 1615 2193 nostro
1631 2137 1973 2209 smpefatum
1990 2137 2184 2192 virum

527 2237 809 2309 impetere
836 2231 1105 2299 voluerit,
1140 2246 1265 2303 quae
1297 2228 1368 2283 de
1396 2226 1499 2282 illo
1549 2225 1921 2282 decernimus
1961 2222 2187 2280 illibata

528 2332 586 2382 et
613 2325 929 2381 imminuta
958 2321 1300 2377 consistant.
1330 2317 1592 2373 Tandem
1638 2314 1955 2387 aliquando
1995 2331 2182 2369 unum

526 2434 557 2473 e
588 2415 841 2480 duobus,
868 2412 1026 2485 quod
1073 2409 1198 2465 vult
1245 2406 1576 2463 fraternitas
1624 2409 1747 2470 tua,
1797 2403 1907 2459 sibi
1956 2402 2183 2459 anobis

525 2503 758 2578 optione
789 2500 1087 2575 proposita
1103 2498 1312 2571 eligat;
1345 2494 1483 2568 quia
1499 2499 1817 2565 utrumque
1834 2490 2181 2547 canonicum

523 2598 631 2664 est,
664 2597 981 2663 utrumque
1013 2588 1084 2643 ad
1115 2586 1273 2641 sedis
1303 2583 1632 2656 apostolicae
1667 2581 1919 2654 pertinet
1948 2580 2181 2653 privile-

523 2680 999 2758 gium.Videlicet
1028 2682 1129 2733 aut
1159 2692 1289 2748 qum
1316 2676 1386 2729 de
1416 2674 1687 2745 smpel‘ato
1719 2672 1897 2727 fratre
1917 2675 1973 2726 et
1996 2671 2180 2743 coepi-

523 2789 701 2845 scopo
734 2774 934 2827 nostro
964 2766 1228 2825 Rothado
1268 2764 1671 2837 disposuimus
1721 2761 2071 2834 adimplens,
2115 2764 2175 2816 in

522 2861 685 2917 nullo
735 2858 1100 2933 refragatrix,
1134 2856 1233 2912 sed
1283 2852 1613 2912 exsecutrix
1661 2850 2039 2908 inveniatur:
2075 2855 2178 2907 aut

521 2955 675 3008 certe
706 2952 952 3006 Romam
981 2960 1177 3004 coram
1210 2943 1514 3011 nobis,seu
1546 2945 1751 2997 sancta
1782 2941 2047 2995 Romana
2075 2940 2175 2995 Ec-

519 3041 717 3106 clesia,
749 3055 884 3094 cum
916 3038 1044 3109 ipso
1073 3034 1410 3091 conflictum
1443 3035 1775 3104 sumptura,
1806 3033 1864 3085 et
1913 3046 2016 3102 pro
2065 3029 2174 3086 hoc

518 3130 888 3195 altercatura,
922 3141 1231 3200 prOperare
1280 3123 1406 3178 sine
1465 3119 1741 3176 dilatione
1780 3123 2055 3175 maturet.
2090 3119 2175 3175 Ita

517 3219 798 3275 duntaxat
832 3221 897 3273 ut
927 3214 1091 3288 prius
1132 3214 1256 3286 ipse
1306 3210 1611 3268 Rothadus
1657 3209 1883 3265 cunctis
1935 3207 2167 3277 ablatis,

2297 707 2429 764 liter
2461 708 2573 764 ista
2605 708 2684 763 sit
2700 709 3087 780 omnia,juxta
3105 709 3261 781 quod
3281 708 3553 766 ﬁdelibus
3574 726 3677 782 per
3694 709 3961 783 primum

2298 797 2632 870 apostolum
2664 798 2877 854 dicitur
2909 816 2921 854 :
2959 800 3225 855 Conversi
3250 800 3377 855 estis
3405 815 3555 855 nunc
3583 799 3654 855 ad
3689 808 3967 872 pastorem

2298 894 2349 942 et
2394 888 2702 959 episcopum
2758 889 3078 943 animarum
3124 896 3431 943 vestrarum
3478 888 3553 959 (11
3588 890 3741 946 Petr.
3775 890 3875 958 II);
3911 893 3968 944 et

2290 976 2462 1046 juxta
2508 977 2663 1049 quod
2717 976 2988 1050 egregius
3037 977 3388 1049 praedicator
3426 977 3497 1033 de
3543 994 3609 1033 eo
3659 977 3963 1050 loquens:

2302 1066 2463 1131 Talis,
2497 1065 2709 1138 inquit,
2762 1066 2980 1122 decebat
3022 1074 3085 1122 ut
3126 1068 3284 1122 nobis
3331 1075 3467 1122 esset
3495 1069 3747 1140 ponti/"ea:
3773 1069 3963 1135 (Hebr.

2295 1155 2425 1226 v11);
2462 1155 2768 1210 subiturus
2790 1160 2985 1211 tamen
3006 1156 3077 1211 ad
3101 1155 3277 1211 caelos
3308 1155 3461 1212 hanc
3491 1155 3776 1229 apostolis
3809 1174 3968 1213 com-

2297 1243 2616 1310 mendavit,
2668 1261 2735 1300 ac
2785 1262 2890 1318 per
2935 1262 3054 1312 eos,
3099 1249 3384 1317 tanquam
3432 1244 3801 1301 hereditario
3825 1246 3968 1318 jure

2297 1334 2736 1390 successoribus
2767 1351 2995 1402 eorum,
3027 1334 3198 1391 nobis
3228 1334 3469 1402 scilicet,
3488 1351 3636 1407 quos
3666 1339 3961 1408 pastores,

2296 1423 2601 1495 episcopos
2632 1440 2698 1479 ac
2729 1424 3035 1496 pontiﬁces
3068 1440 3245 1497 super
3274 1423 3466 1496 ipsam
3498 1424 3967 1497 constituit,ejus

2296 1511 2668 1584 providentia:
2701 1529 2902 1568 curam
2932 1512 3198 1581 indulsit,
3226 1518 3517 1586 quatenus
3548 1530 3652 1585 pro
3683 1514 3965 1585 patribus

2295 1600 2416 1656 nati
2447 1600 2571 1669 ﬁlii,
2606 1608 2663 1657 et
2692 1619 2795 1675 pro
2826 1603 2910 1658 eis
2941 1602 3245 1658 constituti
3292 1601 3586 1676 principes
3615 1603 3676 1658 in
3720 1619 3966 1660 omnem

2295 1694 2534 1757 terram,
2567 1691 2890 1747 imitatores
2921 1709 3123 1748 eorum
3156 1709 3444 1761 essemus,
3477 1693 3633 1748 sicut
3676 1697 3733 1748 et
3764 1692 3964 1766 ipsius

2295 1778 2535 1836 Christi.
2565 1781 2780 1836 Verum
2813 1785 2870 1836 et
2897 1780 3051 1836 inter
3070 1780 3446 1837 beatissimos
3477 1780 3969 1854 apostolos,sicut

2297 1874 2355 1924 et
2382 1869 2480 1926 ille
2510 1886 2761 1944 magnus
2794 1870 2906 1925 Leo
2937 1871 3143 1926 scribit
3182 1870 3285 1943 (ep.
3317 1873 3408 1939 88,
3441 1871 3511 1927 ad
3559 1873 3963 1942 Anastasium),

2294 1958 2354 2014 in
2388 1959 2776 2015 similitudine
2805 1959 3048 2015 honoris
3080 1960 3193 2016 fuit
3221 1961 3492 2032 quaedam
3525 1961 3798 2017 discretio
3854 1979 3963 2034 po-

2293 2049 2546 2116 testatis,
2577 2053 2633 2105 et
2664 2066 2796 2105 cum
2830 2049 3097 2104 omnium
3128 2066 3236 2121 par
3283 2054 3438 2106 esset
3474 2049 3699 2119 electio,
3735 2051 3841 2106 uni
3876 2055 3964 2108 ta-

2295 2153 2429 2193 men
2475 2138 2678 2193 datum
2730 2143 2818 2193 est
2869 2142 2934 2193 ut
2980 2138 3205 2194 caeteris
3253 2138 3642 2211 praemineret.
3696 2138 3775 2195 De
3837 2157 3962 2213 qua

2294 2226 2483 2282 forma
2510 2226 2919 2299 episcoporum
2952 2244 3184 2300 quoque
3236 2232 3327 2284 est
3370 2232 3497 2283 orta
3526 2228 3867 2297 distinctio;
3902 2235 3963 2285 et

2294 2332 2511 2389 magna
2539 2315 2922 2389 dispositione
2972 2317 3273 2390 provisum
3321 2321 3413 2373 est
3461 2334 3534 2373 ne
3583 2334 3789 2374 omnes
3841 2318 3957 2375 sibi

2293 2405 2493 2461 omnia
2521 2404 3014 2473 vindicarent,sed
3038 2410 3236 2462 essent
3263 2407 3322 2461 in
3353 2406 3603 2480 singulis
3632 2407 3958 2479 provinciis

2292 2493 2791 2567 singuli,quorum
2821 2494 2973 2549 inter
3005 2495 3211 2551 fratres
3243 2496 3557 2551 haberetur
3586 2498 3776 2568 prima
3817 2514 3955 2553 sen-

2289 2584 2471 2639 tentia
2493 2588 2579 2639 :et
2610 2601 2819 2639 rursus
2839 2584 3081 2656 quidam
3104 2584 3163 2639 in
3188 2584 3511 2657 majoribus
3542 2586 3789 2641 urbibus
3815 2605 3955 2643 con-

2289 2674 2498 2743 stituti,
2530 2674 2987 2730 sollicitudinem
3018 2674 3146 2745 eius
3180 2676 3547 2747 susciperent
3576 2677 3951 2749 ampliorem,

2286 2781 2390 2836 per
2421 2780 2569 2836 quos
2600 2764 2670 2819 ad
2703 2780 2884 2819 unam
2902 2763 3052 2819 Petri
3084 2764 3283 2820 sedem
3304 2763 3652 2821 universalis
3671 2766 3952 2824 Ecclesiae

2286 2870 2429 2910 cura
2457 2852 2795 2921 conflueret,
2828 2856 2887 2908 et
2912 2851 3059 2907 nihil
3092 2870 3352 2926 unquam
3384 2870 3419 2908 a
3446 2869 3552 2909 suo
3598 2854 3789 2927 capite
3820 2856 3949 2911 dis-

2286 2942 2519 2998 sideret.
2554 2942 2716 3008 Quod
2749 2941 2859 2997 nisi
2896 2941 3137 3014 quidam
3169 2958 3237 2996 ex
3266 2942 3430 2997 vobis
3462 2941 3624 2998 nullo
3677 2943 3946 3001 interiori

2283 3030 2872 3104 comprehendissent
2895 3031 3440 3103 obtutu,nunquam
3464 3031 3797 3088 Rothadum
3821 3035 3945 3107 epi-

2282 3138 2525 3194 scopum
2560 3120 2925 3177 Suessonicae
2953 3120 3119 3175 urbis
3149 3119 3276 3175 sine
3306 3136 3596 3177 consensu
3620 3127 3824 3179 nostro
3846 3124 3946 3180 de-

2282 3211 2643 3283 posuissent,
2683 3210 3179 3282 deprsedarentur.
3215 3214 3272 3265 et
3302 3210 3363 3265 in
3393 3210 3663 3266 exsilium
3695 3211 3943 3284 pulsum

516 3308 669 3364 sicut
721 3306 1062 3371 statuimus,
1116 3301 1473 3375 recuperatis
1516 3299 1857 3364 honoribus,
1909 3302 1966 3355 et
2020 3298 2172 3354 vires
2203 3288 2245 3354 C
2285 3298 2681 3357 monasteriali
2715 3299 2992 3354 custodiae
3026 3299 3448 3371 manciparent.
3473 3300 3617 3356 Nam
3641 3304 3945 3373 quomodo

514 3397 689 3472 longo
722 3401 983 3469 tempore
1013 3395 1198 3450 fessas
1229 3390 1408 3465 priori
1440 3387 1758 3445 valetudini
1791 3388 2057 3443 redditus
2088 3404 2171 3443 re-

514 3485 1011 3555 sumens,diutius
1044 3482 1340 3556 possideat
1368 3484 1426 3536 et
1449 3478 1575 3534 suis
1609 3477 1883 3534 omnibus
1911 3476 2171 3548 perfrua-

512 3575 797 3641 tur.Quod
829 3575 878 3629 si
909 3580 1185 3628 neutrum
1218 3570 1345 3626 sine
1369 3573 1680 3641 procurata
1711 3584 1877 3622 mora
1900 3565 2169 3621 fortassis

512 3681 683 3737 agere
712 3661 988 3728 volueris,
1020 3665 1077 3716 et
1124 3658 1406 3716 resultare
1435 3658 1529 3713 his
1561 3674 1689 3730 quae
1722 3657 1792 3712 de
1823 3655 1923 3711 illo
1955 3655 2132 3710 statui
2152 3686 2169 3694 -

512 3771 647 3808 mus
679 3752 851 3809 solito
884 3769 1045 3808 more
1072 3750 1317 3807 ulterius
1347 3748 1743 3815 curaveris,ab
1774 3747 1931 3804 omni
1968 3746 2049 3802 sis
2073 3763 2167 3801 sa-

512 3841 789 3898 cerdotali
822 3840 1125 3915 dignitate,
1156 3839 1254 3896 Dei
1290 3856 1392 3911 per
1423 3856 1527 3895 nos
1551 3837 1797 3911 judicio,
1824 3841 1880 3892 et
1908 3834 2167 3892 auctori-

510 3935 566 3987 te
597 3930 754 3987 sedis
785 3930 1137 4003 apostolicae,
1175 3930 1245 3984 de
1276 3934 1479 3983 caetero
1532 3930 1957 3999 sequestratus,
1990 3924 2070 3981 ita
2101 3929 2167 3980 ut

511 4037 812 4094 nunquam
845 4018 1041 4076 locum
1062 4015 1479 4074 satisfactionis
1497 4018 1599 4070 aut
1614 4014 1835 4070 ordinis
1853 4014 2167 4071 restitutio-

508 4126 642 4166 nem
672 4110 975 4185 operiaris.

1234 4223 1442 4280 LXXV.

815 4334 888 4373 AD
930 4330 1245 4372 UNIVERSOS
1285 4329 1587 4371 EPISCOPOS
1624 4330 1857 4370 GALLIE.

1150 4405 1337 4477 (Anno
1366 4404 1516 4477 865.)

510 4500 575 4555 Ut
622 4495 928 4552 Rothadum
970 4512 1004 4550 α
1051 4510 1107 4551 se
1159 4496 1473 4551 restitutum
1521 4494 1750 4564 benigne
1802 4492 2159 4565 suscipzant_:

577 4568 680 4623 ubi
734 4567 910 4623 multa
956 4566 1020 4622 de
1068 4566 1211 4622 sedis
1259 4563 1961 4638 apostolicwiprivilegiis,
1993 4563 2163 4638 et_de

2280 3406 2395 3445 non
2429 3405 2633 3445 omnes
2662 3388 2857 3445 verbis
2888 3389 3087 3444 omnia
3114 3388 3547 3462 vindicatis,qui
3572 3390 3801 3461 judicia
3825 3393 3949 3465 epi-

2280 3496 2614 3551 scoporum,
2647 3495 2774 3551 qua:
2822 3478 3029 3534 merito
3080 3477 3235 3534 inter
3280 3479 3506 3550 majora
3553 3486 3950 3537 numerantur

2280 3569 2533 3642 negotia,
2564 3572 2769 3623 vestrae
2801 3567 3209 3624 deliberationi
3252 3567 3583 3624 tribuistis?
3609 3571 3695 3624 An
3751 3571 3947 3627 modi-

2279 3675 2413 3713 cum
2444 3657 2609 3713 vobis
2640 3674 2769 3713 esse
2793 3657 3023 3713 videtur
3064 3658 3271 3714 fratres
3320 3661 3379 3713 et
3423 3657 3799 3733 coepiscopos
3845 3677 3948 3717 ve-

2278 3752 2433 3802 stros
2452 3746 3003 3820 praeterapostolicae
3028 3746 3184 3803 sedis
3207 3764 3562 3803 consensum
3586 3748 3945 3821 depositioni

2277 3836 2605 3909 subjicere?
2621 3837 2784 3902 Quod
2804 3836 2851 3891 si
2867 3836 3277 3893 damnationes
3296 3836 3702 3909 episcoporum
3721 3854 3841 3893 non
3859 3837 3948 3893 in-

2280 3931 2366 3982 ter
2389 3927 2614 3999 majora
2634 3926 2867 3999 negotia
2892 3924 3558 3998 dinumeratis,quorum
3574 3928 3700 3999 jam
3724 3943 3944 3985 causas

2275 4015 2429 4072 inter
2457 4016 2683 4087 majora
2712 4014 3068 4087 eomputatis
3107 4016 3386 4089 negotia?
3427 4016 3597 4084 Quid,
3650 4032 3813 4090 rogo,
3867 4019 3943 4074 de

2274 4105 2629 4179 presbyteris
2658 4103 2747 4159 vel
2773 4104 2844 4160 de
2877 4104 3170 4160 inferioris
3198 4105 3417 4178 gradus
3447 4104 3673 4161 clericis
3716 4106 3938 4179 agitur,

2276 4212 2529 4268 quorum
2562 4193 2717 4267 apud
2768 4210 2876 4249 nos
2927 4210 3162 4266 quoque
3211 4210 3391 4251 causa
3438 4193 3939 4252 Chalcedonensis

2274 4283 2503 4341 concilii
2555 4283 2773 4357 regulis
2804 4286 2949 4353 (cun.
2995 4283 3073 4353 9),
3117 4300 3252 4340 cum
3303 4284 3451 4341 ratio
3495 4284 3691 4358 exigit,
3743 4286 3940 4343 audiri

2264 4373 2554 4446 jubetur?
2603 4373 2662 4429 Si
2713 4372 3021 4447 episcopos
3067 4378 3233 4429 tanta
3283 4373 3561 4430 facilitate
3618 4374 3937 4447 deponitis,

2273 4464 2589 4536 quomodo,
2623 4478 2787 4536 rogo,
2820 4480 2923 4536 per
2973 4480 3097 4532 vos,
3132 4480 3384 4536 quorum
3433 4463 3523 4519 vel
3573 4464 3632 4520 in
3682 4464 3940 4539 singulis

2273 4552 2589 4626 provinciis
2622 4552 2874 4609 habetur
2903 4552 3092 4625 prima
3120 4553 3433 4621 sententia,
3475 4553 3562 4611 vel
3594 4554 3695 4627 qui
3717 4555 3777 4609 in
3808 4572 3939 4611 ma-

574 4639 896 4734 ponit‘iﬁcum
946 4635 1312 4694 Romanorum
1368 4635 1730 4692 decretalibus
1782 4638 1992 4708 copiose
2047 4635 2160 4691 dis-
2189 4667 2238 4734 D
2265 4643 2499 4715 joribus
2530 4642 2779 4699 urbibus
2808 4642 3110 4699 constituti
3144 4643 3602 4700 sollicitudinem
3634 4645 3939 4717 suscipitis

576 4714 729 4767 serit.

1026 4799 1210 4870 [Apud
1238 4797 1449 4864 Mansi,
1482 4796 1642 4863 ibid.]

574 4917 864 4973 NICOLAUS
912 4916 1243 4988 episcopus,
1288 4929 1492 4968 servus
1546 4929 1844 4968 servorum
1897 4913 2018 4981 Dei,
2071 4931 2158 4969 re-

502 5004 930 5060 verentissimis
969 5006 1027 5057 et
1072 4998 1469 5055 sanctissimis
1518 4999 1908 5055 confratribus
1941 5000 2159 5055 nostris

503 5091 960 5167 archiepiscopis
992 5095 1047 5146 et
1072 5089 1363 5162 episcopis
1410 5089 1566 5162 apud
1617 5088 1835 5146 Gallias
1874 5091 2157 5146 constitu-

504 5184 600 5238 tis.

573 5271 850 5338 Quamvis
899 5268 1267 5344 singularum
1316 5269 1728 5341 Ecclesiarum,
1763 5287 1892 5343 qua:
1924 5274 2162 5342 propter

502 5360 900 5417 diversitatem
934 5364 1226 5437 terrarum
1268 5358 1469 5416 multae
1515 5376 1643 5416 esse
1691 5359 1987 5427 dicuntur,
2022 5375 2157 5414 cum

504 5468 624 5506 una
650 5450 728 5504 sit
758 5454 814 5505 et
846 5449 1021 5505 unica
1050 5448 1277 5522 Sponso
1310 5467 1438 5520 suo,
1472 5448 1626 5505 sicut
1657 5449 1781 5521 ipse
1811 5447 1872 5503 in
1902 5447 2157 5504 Canticis

501 5538 865 5596 canticorum
898 5538 1038 5595 dicit
1070 5556 1082 5594 :
1116 5556 1232 5595 una
1276 5548 1353 5596 cst
1397 5539 1647 5596 columba
1676 5554 1795 5593 mea
1827 5536 2002 5610 (Cant.
2034 5539 2113 5610 v1)
2141 5557 2153 5607 ;

503 5632 559 5684 et
591 5643 693 5702 per
723 5627 1094 5686 Psalmistam
1143 5646 1155 5685 :
1206 5632 1359 5685 Erue
1408 5628 1472 5685 de
1517 5645 1689 5684 manu
1736 5630 1887 5683 mnis
1936 5629 2156 5685 unicam

499 5733 681 5780 meam
710 5718 879 5797 (Psal.
909 5724 1058 5794 xxi);
1090 5723 1312 5797 pastor,
1347 5722 1407 5779 et
1436 5717 1765 5795 episcopus,
1800 5734 1865 5777 ac
1895 5718 2156 5797 pontifex

2270 4732 2637 4806 ampliorem,
2673 4733 2745 4788 ad
2777 4749 2957 4788 unam
2987 4733 3142 4788 Petri
3172 4734 3372 4789 sedem
3432 4733 3784 4791 universalis
3836 4735 3937 4791 Ec-

2272 4823 2460 4880 clesiae
2492 4839 2633 4878 cura
2655 4822 2918 4893 conﬂuit,
2954 4822 3054 4895 qui
3086 4823 3157 4879 de
3201 4822 3528 4894 majoribus
3569 4824 3935 4897 deponendis

2271 4908 2559 4981 episcopis
2584 4908 2733 4965 nihil
2764 4909 2837 4964 ad
2858 4910 2988 4982 ejus
3019 4910 3289 4967 notitiam
3312 4910 3536 4968 deferre
3555 4912 3775 4967 curatis
3794 4912 3823 4967 ?
3843 4915 3932 4969 An

2270 4998 2527 5072 episcopi
2560 4999 2631 5055 de
2663 4998 2978 5055 universali
3011 4999 3267 5056 Ecclesia
3295 5016 3411 5055 non
3442 5004 3602 5068 sunt,
3622 5006 3689 5057 ut
3709 5002 3780 5057 de
3811 5001 3931 5060 illis

2269 5086 2621 5144 damnandis
2648 5105 2750 5161 per
2790 5105 2893 5145 vos
2936 5088 3158 5160 aliquid
3208 5090 3281 5144 ad
3330 5106 3510 5145 unam
3542 5090 3695 5146 Petri
3726 5092 3928 5148 sedem

2268 5177 2477 5235 deferri
2528 5177 2643 5233 non
2697 5177 2975 5233 curetur?
3020 5177 3122 5234 Vel
3165 5179 3460 5251 quomodo
3488 5178 3572 5235 nil
3610 5197 3863 5253 usquam
3893 5198 3930 5238 a

2270 5284 2378 5323 suo
2410 5268 2601 5340 capite
2627 5266 2897 5335 dissidet,
2921 5283 3059 5322 cum
3090 5268 3161 5323 de
3182 5268 3594 5340 adjudicandis
3614 5270 3926 5343 praecipuis

2269 5357 2551 5413 membris
2575 5355 2867 5424 Ecclesiae,
2901 5356 2960 5411 id
2987 5360 3078 5412 est
3106 5356 3419 5430 episcopis,
3451 5375 3488 5413 a
3515 5358 3723 5431 capite,
3748 5359 3803 5414 id
3838 5365 3928 5416 est

2268 5447 2404 5503 sede
2456 5445 2795 5518 apostolica,
2846 5444 3219 5502 dissentitis?
3263 5447 3351 5502 An
3401 5447 3570 5503 sedes
3606 5446 3928 5520 apostolica

2265 5540 2443 5609 caput
2473 5552 2590 5591 non
2621 5536 2748 5591 est?
2781 5536 3023 5591 Frustra
3051 5551 3212 5608 ergo,
3245 5539 3313 5591 ut
3342 5534 3535 5591 multa
3559 5540 3922 5609 praeteream,

2265 5624 2578 5682 concilium
2613 5624 2959 5682 Sardicense
3010 5625 3083 5681 ad
3130 5622 3358 5681 Julium
3395 5624 3739 5699 episcopum
3771 5625 3927 5683 inter

2263 5720 2472 5778 caetera
2519 5714 2668 5776 dixit
2710 5716 2795 5789 (in
2836 5716 2996 5793 epist.
3052 5713 3123 5776 ad
3169 5714 3411 5792 Julium)
3446 5732 3462 5776 :
3506 5714 3812 5794 Optimum
3863 5720 3922 5779 et
