4098 6460
170 381 283 439 90⁷1
1387 382 1788 445 EPISTULA?

1982 383 2346 445 DECRETA
2358 429 2370 443 .
3468 393 3584 454 902

167 511 336 567 valde
357 513 954 586 congruentissimum
978 532 1106 572 esse
1128 516 1360 572 videtur
1381 516 1428 571 si
1451 517 1522 571 ad
1548 522 1740 588 caput,
1766 517 1821 571 id
1853 517 1907 584 Α
1941 533 2116 588 penes
2139 535 2243 573 nos
2270 517 2580 587 habentur,
2597 535 2724 590 quae
2748 535 2861 574 non
2887 518 3078 576 solum
3102 538 3588 596 quorumcunque

168 604 259 656 est
289 602 360 656 ad
395 602 545 657 Petri
575 603 822 676 apostoli
854 605 1074 670 sedem,
1101 605 1171 659 de
1203 605 1451 678 singulis
1490 605 1823 677 quibusque
1934 606 2332 661 Romanorum
2363 607 2732 679 pontiﬁcum,
2761 624 2963 663 verum
2997 610 3170 664 etiam
3203 612 3461 682 priorum
3486 614 3586 667 de-

167 690 487 761 provinciis
519 691 749 747 Domini
796 692 1050 748 referant
1081 695 1428 748 sacerdotes.
1454 693 1595 748 Ecce
1627 695 1822 748 sedem
1932 698 2089 748 creta
2121 694 2178 748 in
2218 694 2343 750 suis
2375 695 2569 750 causis
2615 697 2884 767 przeferrc
2929 702 3273 755 noscuntur.
3307 703 3371 754 At
3408 717 3582 769 nunc,

173 779 323 835 Petri
359 785 534 852 caput
581 780 956 852 appellatam,
990 782 1081 837 cui
1114 782 1183 836 de
1215 782 1462 854 singulis
1512 781 1824 855 provinciis
1933 782 2034 836 ubi
2067 782 2190 837 suis
2220 782 2435 838 animis
2477 785 2780 851 resultare,
2813 789 2871 840 et
2903 785 3202 858 privilegia
3251 792 3411 844 tanto
3457 805 3583 857 nos,

171 868 403 923 Domini
466 869 677 925 referre
729 871 1058 926 sacerdotes
1117 871 1348 926 debent.
1382 872 1422 925 E
1474 875 1675 926 contra
1721 888 1824 926 vos
1932 875 1997 925 ut
2026 870 2086 924 in
2118 871 2210 926 sui
2241 876 2431 928 status
2476 872 2881 929 incolumitate
2928 875 3266 946 persistant,
3292 876 3588 934 elaborare

169 957 315 1013 adeo
346 957 497 1012 hanc
530 958 851 1030 despicitis,
876 963 941 1014 ut
971 961 1042 1014 ad
1073 976 1200 1014 eam
1225 957 1369 1014 nihil
1402 960 1471 1014 de
1502 960 1825 1031 majoribus
1933 975 2048 1014 non
2083 977 2405 1028 cessamus,
2431 967 2650 1032 quanto
2676 963 2957 1018 universa:
2983 965 3247 1020 Ecclesiae
3275 967 3586 1037 profuisse,

165 1045 437 1102 Ecclesiae
470 1047 720 1119 negotiis
753 1048 963 1103 referre
1014 1048 1331 1116 curetis,ac
1363 1047 1700 1120 episcopum
1734 1049 1822 1103 in-
1934 1049 2209 1119 prodesse
2237 1065 2303 1103 ac
2346 1051 2653 1120 profutura
2683 1068 2915 1123 semper
2942 1069 3071 1108 esse
3117 1054 3458 1125 probantur.
3495 1055 3590 1110 Di-

168 1134 442 1191 consulta
471 1139 526 1190 et
557 1140 894 1208 contempta
923 1136 1023 1192 illa
1043 1138 1329 1209 deponere
1355 1137 1746 1209 prmsumatis,
1770 1142 1827 1192 et
1934 1153 2117 1208 gnum
2149 1154 2285 1210 ergo
2316 1143 2405 1193 est
2436 1143 2500 1193 ut
2527 1139 2628 1194 ubi
2661 1141 2934 1196 universa
2964 1141 3193 1198 fabrica:
3227 1143 3412 1198 moles
3444 1144 3592 1199 inni-

167 1225 462 1296 praecipue
503 1225 700 1280 sedem
744 1225 1123 1299 apostolicam
1173 1226 1582 1298 appellantem.
1638 1227 1825 1283 Nimis
1935 1226 2096 1291 titur,
2129 1225 2208 1280 ibi
2241 1227 2477 1282 ﬁrmum
2511 1227 2888 1301 validumque
2917 1229 3203 1286 habeatur
3232 1232 3290 1286 in
3313 1232 3591 1288 omnibus

167 1330 428 1385 namque
461 1315 783 1370 absurdum
818 1319 907 1371 est
934 1316 1088 1388 quod
1123 1315 1335 1384 dicitis,
1363 1316 1824 1387 Rothadum,qui
1935 1313 2408 1368 fundamentum.
2450 1314 2615 1386 (Dist.
2661 1317 2746 1382 19,
2789 1318 2852 1371 Si
2880 1318 3262 1384 Romanorum,
3287 1322 3314 1387 §
3337 1321 3402 1375 Si
3427 1319 3588 1392 ideo.)

171 1403 247 1457 ad
286 1403 580 1474 judicium
639 1405 798 1460 sedis
846 1404 1174 1476 apostolicae
1232 1405 1579 1477 provocavit,
1613 1405 1824 1460 iterum
1937 1402 2109 1458 Porro
2143 1402 2192 1456 si
2225 1403 2353 1457 ideo
2394 1420 2509 1458 non
2551 1419 2679 1459 esse
2711 1405 3030 1461 decretales
3061 1407 3336 1479 epistolas
3367 1407 3591 1479 prisco-

171 1495 403 1548 mutata
423 1509 559 1548 voce
579 1498 769 1549 vestra
786 1493 1013 1564 judicia
1033 1493 1379 1566 postulasse.
1401 1495 1562 1559 Quod
1595 1493 1824 1550 etiamsi
1937 1508 2067 1546 rum
2102 1491 2447 1564 pontiﬁcum
2494 1493 2888 1548 Romanorum
2941 1495 3334 1553 admittendas
3365 1497 3588 1564 dicunt,

168 1581 253 1636 ita
282 1581 511 1650 fuisset,
535 1599 569 1637 a
597 1586 790 1638 vestra
828 1583 1016 1638 fuerat
1054 1582 1414 1638 fraternitate
1446 1583 1826 1654 corrigendus
1937 1579 2077 1650 quia
2108 1579 2164 1632 in
2216 1579 2412 1635 codice
2444 1597 2742 1636 canonum
2788 1600 2904 1638 non
2955 1583 3248 1640 habentur
3303 1587 3589 1658 ascriptze,

165 1675 226 1725 et
251 1671 392 1742 quia
412 1688 445 1726 a
467 1671 678 1742 majori
704 1672 775 1726 ad
800 1671 1045 1727 minoris
1071 1671 1434 1727 auctoritatis
1459 1676 1828 1744 provocasset
1937 1685 2074 1740 ergo
2106 1685 2210 1723 nec
2257 1668 2515 1740 Gregorii
2574 1670 2784 1736 sancti,
2821 1688 2928 1727 nec
2960 1672 3138 1728 ullius
3195 1673 3433 1730 alterius
3491 1675 3592 1746 qui

156 1760 480 1831 judicium,
510 1762 938 1816 emendandus.
965 1761 1124 1816 Licet
1147 1761 1322 1816 certis
1348 1777 1461 1815 non
1487 1766 1682 1833 patere
1702 1779 1829 1833 pos-
1939 1763 2072 1812 ante
2101 1756 2188 1812 vel
2222 1761 2353 1828 post
2381 1757 2576 1830 ipsum
2612 1759 2740 1826 fuit,
2757 1763 2847 1814 est
2875 1760 3108 1832 aliquod
3136 1761 3472 1817 institutum
3503 1763 3592 1819 vel

169 1850 252 1903 sit
279 1847 419 1903 ullis
451 1847 688 1903 indiciis
710 1865 744 1902 a
771 1853 971 1903 nostro
1003 1846 1170 1902 illum
1197 1848 1268 1902 ad
1289 1851 1479 1902 vestra
1499 1848 1828 1903 cucurrisse
1857 1891 1904 1956 Β
1937 1847 2222 1917 scriptum
2256 1847 2681 1918 recipiendum,
2709 1865 2774 1904 eo
2807 1850 2962 1920 quod
2994 1850 3053 1904 in
3086 1851 3283 1907 codice
3300 1869 3592 1907 canonum

170 1938 227 1956 2,,
258 1936 380 1956 12-3-
436 1953 595 1956 ___a_._-
634 1941 850 1956 A__._la1
883 1936 931 1956 2,,
976 1936 1092 1956 ΞΑ--
1128 1935 1357 1956 ,ηιξ--μ1ᾼ
1397 1941 1579 1956 Α-..ιηΑ
1617 1953 1666 1956 __
1695 1953 1788 1956 μη-
1940 1953 2043 1956 _.--_
2085 1935 2367 1956 L_1_-_1-___
2405 1937 2711 1956 ___,,:,_1,,;-
2772 1939 2812 1956 Π
2859 1954 2871 1956 _
2900 1955 2909 1956 κ
2970 1939 2984 1956 1
3067 1943 3078 1956 ι
3121 1939 3132 1951 ο
3574 1945 3584 1956 ι

161 1936 602 2008 judicia,quem
627 1941 856 1991 constat
883 1936 941 1991 in
975 1936 1100 2008 ipso
1124 1935 1364 1991 articulo
1391 1941 1590 1990 contra
1612 1953 1672 1991 se
1694 1953 1825 2007 pro-
1857 1935 1904 1956 υ
1939 1953 2052 1990 non
2085 1935 2370 1990 habeatur
2399 1937 2743 2008 ascriptum.
2772 1939 2921 2009 Ergo
2952 1939 3276 1994 doctrinam
3308 1956 3510 1996 eorum
3535 1945 3594 1996 et

167 2025 419 2081 ferendae
473 2025 772 2080 sententiae
822 2025 1020 2080 sedem
1067 2024 1444 2097 apostolicam
1477 2023 1824 2096 appellasse,
1937 2024 2270 2080 sanctiones
2301 2025 2372 2080 de
2402 2025 2703 2081 codicibus
2753 2027 2877 2082 suis
2926 2029 3201 2096 eradant;
3237 2034 3302 2085 ut
3332 2030 3475 2102 quid
3505 2029 3593 2086 vel

164 2120 225 2171 et
256 2114 411 2186 quod
443 2131 505 2169 se
538 2114 609 2168 ab
639 2113 737 2168 illa
759 2114 1013 2185 judicari
1044 2118 1307 2185 posceret
1332 2130 1525 2168 coram
1551 2113 1826 2168 omnibus
1937 2115 2310 2168 membranas
2342 2119 2648 2185 occupant,
2674 2119 2983 2186 postquam
3029 2133 3142 2172 non
3177 2117 3468 2173 habentur
3497 2135 3591 2174 ac-

163 2203 545 2260 exclamasse.
580 2203 832 2274 Equum
864 2219 977 2258 non
1029 2203 1195 2272 foret,
1220 2202 1269 2257 si
1300 2203 1372 2257 ad
1421 2207 1613 2257 vestra
1644 2220 1704 2257 se
1727 2203 1824 2272 ju-
1936 2203 2156 2274 ceptze?
2205 2203 2316 2258 Sed
2362 2220 2540 2275 quare
2571 2203 2824 2259 multum
2871 2205 3271 2272 immoremur,
3305 2223 3437 2262 cum
3487 2224 3592 2263 nec

163 2293 322 2348 dicia
353 2292 757 2357 convertisset,
777 2291 1043 2363 quamvis
1076 2291 1185 2346 etsi
1217 2291 1414 2347 sedem
1446 2291 1825 2362 apostolicam
1937 2292 2096 2364 ipsas
2125 2291 2351 2347 divinas
2380 2290 2710 2363 Scripturas
2736 2293 2876 2348 Novi
2905 2299 2961 2349 et
2985 2294 3212 2351 Veteris
3234 2295 3593 2352 Testamenti

167 2381 508 2437 nullatenus
539 2380 912 2452 appellasset,
945 2384 1147 2436 contra
1196 2384 1280 2436 tot
1307 2384 1502 2435 tamen
1559 2385 1617 2436 et
1663 2385 1827 2436 tanta
1927 2381 2053 2451 jam
2086 2381 2422 2452 recipimus,
2458 2381 2506 2435 si
2537 2380 2682 2436 istos
2721 2382 3062 2439 duxerimus
3096 2383 3468 2441 audiendos?
3494 2387 3591 2440 Et-

174 2488 282 2524 vos
314 2469 626 2525 decretalia
655 2469 841 2525 eﬂ‘erri
889 2473 1128 2532 statuta,
1159 2473 1214 2524 et
1253 2469 1590 2542 episcopum
1625 2470 1825 2524 incon-
1936 2470 2090 2524 enim
2139 2474 2411 2524 neutrum
2462 2469 2673 2524 horum
2708 2471 2765 2525 in
2800 2473 2998 2526 codice
3062 2473 3591 2529 ecclesiasticorum

177 2559 352 2618 sultis
385 2560 554 2616 nobis
586 2560 872 2632 deponere
904 2559 1063 2615 nullo
1111 2562 1282 2615 modo
1332 2561 1638 2616 debuistis.
1663 2562 1824 2624 Quod
1936 2575 2226 2614 canonum
2267 2558 2516 2613 habetur
2562 2559 2868 2614 insertum.
2903 2561 3014 2615 Sed
3068 2563 3404 2633 responsuri
3455 2565 3595 2618 sunt

174 2656 374 2705 tamen
418 2666 538 2719 vos,
573 2654 637 2703 ut
679 2654 905 2704 servata
934 2649 1231 2704 vobiscum
1264 2649 1608 2705 medullitus
1639 2650 1826 2705 chari-
1935 2649 2054 2715 isti,
2090 2647 2188 2718 qui
2225 2664 2339 2702 non
2390 2648 2461 2701 ad
2493 2648 2881 2703 obediendum
2917 2650 3114 2721 potius
3149 2668 3327 2723 quam
3381 2652 3452 2706 ad
3502 2669 3594 2707 rc-

171 2744 294 2794 tate
326 2739 538 2804 dicam,
589 2739 990 2810 postposuisse
1038 2738 1326 2805 dolemus,
1360 2743 1416 2793 et
1465 2739 1827 2796 diversorum
1937 2738 2266 2793 sistendum
2299 2754 2530 2808 semper
2560 2737 2744 2808 parati
2775 2743 2931 2806 sunt,
2960 2739 3220 2796 dicentes
3253 2742 3407 2812 quod
3445 2741 3596 2796 inter

169 2828 329 2884 sedis
356 2826 688 2899 apostolica:
721 2828 1035 2899 praesulum
1069 2829 1300 2884 decreta
1329 2827 1389 2882 in
1421 2827 1529 2884 hoc
1559 2846 1660 2884 vos
1692 2845 1826 2883 con-
1939 2842 2192 2882 canones
2216 2825 2544 2880 inveniatur
2563 2825 2886 2898 capitulum
2921 2828 3107 2882 sancti
3132 2846 3293 2901 papae
3318 2832 3595 2886 Innocen-

168 2917 486 2990 tempsisse
534 2917 789 2989 negotio,
823 2935 938 2971 non
978 2917 1274 2973 immerito
1323 2917 1826 2990 reprehendimus.
1936 2916 2001 2970 tii
2029 2917 2202 2988 (Decr.
2226 2931 2275 2970 c.
2307 2917 2420 2983 27),
2446 2915 2616 2985 cujus
2643 2915 2986 2972 auctoritate
3025 2918 3301 2974 doceatur
3341 2936 3374 2973 a
3423 2918 3593 2974 nobis

168 3007 336 3062 Absit
366 3005 523 3062 enim
546 3011 611 3060 ui:
636 3006 1062 3078 cujuscunque,
1080 3023 1267 3078 usque
1289 3007 1361 3061 ad
1394 3006 1668 3061 ultimum
1702 3007 1829 3061 vitae
1940 3011 2262 3075 utrumque
2309 3005 2751 3059 Testamentum
2782 3022 2910 3061 esse
2957 3006 3378 3078 recipiendum,
3407 3025 3591 3080 quan-

169 3114 291 3151 suae
323 3095 456 3152 dien
490 3095 591 3167 qui
633 3095 692 3149 in
743 3096 856 3150 ﬁde
902 3093 1191 3151 catholica
1239 3095 1710 3167 perseveraverit,
1742 3093 1830 3150 vel
1941 3111 2118 3166 quam
2151 3093 2209 3147 in
2243 3092 2388 3164 ipsis
2427 3093 2686 3164 paternis
2717 3095 3042 3150 canonibus
3099 3095 3328 3151 nullum
3387 3113 3589 3152 eorum

170 3184 487 3241 decretalia
516 3183 961 3252 constituta,vel
993 3185 1064 3239 de
1095 3184 1492 3240 ecclesiastica
1525 3183 1835 3256 disciplina
1942 3181 2312 3237 contineatur
2341 3197 2409 3235 ex
2438 3185 2558 3235 toto
2590 3181 2896 3238 insertum.
2932 3185 3157 3248 Quibus
3185 3186 3257 3240 ad
3290 3185 3410 3241 hac
3431 3203 3590 3242 asse-

173 3274 448 3346 quzelibet
478 3274 757 3345 exposita,
793 3274 986 3329 debito
1028 3272 1187 3329 cultu
1220 3277 1275 3329 et
1305 3291 1439 3329 cum
1473 3291 1706 3330 summa
1738 3274 1822 3328 di-
1856 3259 1898 3326 C
1937 3272 2185 3326 rendum
2206 3274 2293 3325 est
2315 3270 2589 3340 quoniam
2615 3271 2663 3324 si
2689 3270 2863 3327 Vetus
2885 3273 3228 3346 Novumque
3247 3276 3581 3332 Testamen-

173 3363 463 3421 scretione
485 3380 600 3418 non
625 3361 1050 3434 amplectamur
1071 3362 1518 3435 opuscula,qua3
1541 3364 1825 3418 duntaxat
1931 3365 2058 3416 tum
2092 3359 2421 3431 recipienda
2452 3363 2609 3427 sunt,
2634 3377 2749 3414 non
2783 3362 2939 3432 quod
2972 3362 3158 3418 codici
3189 3380 3480 3420 canonum
3513 3383 3583 3422 ex

173 3458 233 3510 et
263 3451 592 3524 antiquitus
624 3455 827 3507 sancta
865 3453 1129 3507 Romana
1166 3452 1423 3508 Ecclesia
1451 3469 1821 3520 conservans,
1934 3455 2052 3506 toto
2084 3450 2415 3503 habeantur
2437 3465 2683 3515 annexa,
2711 3451 2810 3504 sed
2835 3452 2990 3522 quod
3017 3453 3088 3507 de
3119 3452 3212 3508 his
3244 3453 3591 3526 recipiendis

173 3542 346 3598 nobis
377 3557 608 3612 quoque
633 3539 1017 3595 custodienda
1038 3540 1354 3607 mandavit,
1379 3544 1436 3596 et
1465 3558 1640 3613 penes
1671 3558 1733 3596 se
1763 3540 1823 3596 in
1934 3539 2120 3595 sancti
2152 3555 2312 3610 papm
2337 3537 2659 3592 Innocentii
2687 3537 2915 3609 prolata
2943 3540 3176 3596 videtur
3206 3559 3334 3598 esse
3365 3547 3593 3600 senten-

173 3633 302 3687 suis
334 3629 586 3686 archivis
607 3634 664 3685 et
683 3628 926 3684 vetustis
959 3628 1068 3685 rite
1098 3631 1498 3685 monumentis
1525 3631 1827 3686 recondita
1934 3630 2044 3696 tia;
2074 3631 2252 3682 restat
2276 3625 2556 3681 nimirum
2581 3627 2734 3698 quod
2761 3627 3080 3685 decretales
3101 3630 3359 3703 epistolae
3385 3633 3591 3689 Roma-

171 3719 768 3776 veneratur.Absitut
789 3717 1006 3790 scripta
1027 3734 1366 3790 eorumquo
1388 3721 1680 3790 quomodo
1703 3737 1830 3791 par-
1937 3735 2144 3773 norum
2177 3716 2519 3789 pontiﬁcum
2561 3720 2700 3771 sunt
2759 3717 3127 3789 recipiendae,
3186 3721 3416 3776 etiamsi
3474 3740 3589 3778 non

169 3809 540 3882 vipendenda
561 3809 1120 3878 dicamus,quorum
1149 3808 1418 3864 videmus
1449 3809 1564 3864 Deo
1596 3814 1828 3864 auctore
1937 3811 2074 3862 sunt
2105 3821 2396 3861 canonum
2428 3803 2613 3859 codici
2645 3806 3089 3878 compaginatae,
3123 3810 3401 3880 quoniam
3442 3811 3593 3866 inter

171 3902 436 3954 sanctam
469 3896 809 3962 Ecclesiam,
832 3901 932 3951 aut
964 3914 1127 3951 roseo
1159 3914 1362 3952 cruore
1406 3897 1692 3966 ﬂoridam,
1727 3903 1829 3954 aut
1937 3898 2095 3968 ipsos
2128 3911 2379 3950 canones
2427 3911 2611 3948 unum
2653 3895 2710 3949 Β.
2747 3895 2955 3950 Leonis
2987 3896 3312 3967 capitulum
3363 3904 3592 3955 constat

170 3985 763 4042 roriﬁuissudoribus
780 3990 835 4041 et
852 3985 1824 4057 salubribuseloquiisadornatam.
1935 4003 2063 4042 esse
2095 3983 2463 4056 permistum,
2497 3999 2611 4054 quo
2651 3985 2733 4038 ita
2762 3984 2959 4039 omnia
3009 3985 3323 4040 decretalia
3372 3989 3591 4044 consti-

170 4078 341 4151 (Dist.
387 4076 449 4131 Si
495 4077 910 4142 Romanorum.)
948 4074 1007 4129 Si
1067 4075 1224 4129 enim
1275 4074 1536 4146 ipsorum
1597 4076 1826 4131 decreto
1936 4079 2063 4130 tuta
2094 4074 2250 4130 sedis
2309 4072 2638 4144 apostolicae
2689 4073 2970 4129 custodiri
3029 4075 3406 4144 mandantur,
3445 4082 3509 4131 ut
3540 4077 3590 4132 si

170 4171 519 4222 czetororum
549 4163 833 4236 opuscula
879 4167 1264 4219 tractatorum
1315 4165 1713 4236 approbantur
1741 4165 1828 4220 vel
1937 4164 2072 4234 quis
2106 4163 2162 4216 in
2194 4161 2294 4218 illa
2323 4161 2700 4232 commiserit,
2729 4163 2953 4218 noverit
2976 4162 3085 4218 sibi
3112 4165 3341 4219 veniam
3365 4165 3584 4236 negari.

172 4256 584 4327 reprobantur,
609 4253 691 4308 ita
721 4258 787 4308 ut
818 4253 970 4325 quod
1023 4253 1190 4308 sedes
1229 4253 1547 4325 apostolica
1598 4256 1826 4326 probat,
1935 4253 2029 4306 Ait
2054 4251 2208 4308 enim
2241 4249 2496 4322 capitulo
2524 4251 2560 4305 5
2605 4267 2846 4306 suorum
2890 4252 3275 4308 Decretalium
3309 4253 3486 4327 (ep-ist.
3520 4254 3591 4309 ad

173 4341 349 4397 hodie
379 4345 649 4396 teneatur
696 4345 1020 4411 acceptum,
1046 4345 1102 4395 et
1131 4341 1286 4412 quod
1319 4339 1420 4396 illa
1458 4341 1690 4413 repulit,
1725 4343 1828 4397 ha-
1935 4344 2206 4413 episcopos
2234 4355 2334 4410 per
2365 4340 2747 4412 Campaniam)
2775 4359 2787 4396 :
2813 4342 2895 4396 Ne
2938 4341 3078 4413 quid
3121 4359 3255 4398 vero
3305 4343 3383 4398 sit
3431 4344 3587 4416 quod

173 4435 382 4486 etenus
421 4430 690 4486 inefﬁcax
737 4429 1020 4484 habeatur
1054 4446 1066 4485 :
1100 4433 1160 4485 et
1209 4433 1427 4502 quanto
1477 4431 1670 4502 potius
1701 4448 1827 4503 quze
1936 4426 2396 4500 prietermissum
2430 4443 2464 4481 a
2495 4427 2663 4482 nobis
2687 4428 2831 4483 forte
2859 4429 3146 4496 credatur,
3175 4431 3372 4486 omnia
3401 4432 3592 4488 decre-

172 4521 303 4591 ipsa
332 4537 436 4592 pro
469 4518 756 4575 catholica
776 4518 912 4586 ﬁde,
934 4535 1037 4591 pro
1069 4518 1330 4590 profanis
1351 4520 1725 4591 dogmatibus
1747 4538 1829 4578 re—
1936 4516 2076 4572 talia
2107 4514 2424 4571 constituta
2453 4519 2574 4569 tam
2608 4515 2789 4571 beatae
2817 4518 3239 4576 recordationis
3270 4520 3591 4577 Innocentii

171 4608 485 4681 pellendis,
510 4626 614 4681 pro
645 4607 821 4663 variis
867 4611 922 4662 et
962 4606 1297 4662 multifariis
1328 4608 1593 4664 Ecclesia:
1627 4627 1824 4666 neces-
1855 4632 1902 4696 D
1935 4623 2111 4681 quam
2146 4603 2409 4659 omnium
2441 4603 2814 4660 decessorum
2868 4611 3225 4676 nostrorum,
3251 4626 3375 4681 quae
3409 4609 3478 4665 de
3504 4626 3593 4666 ec-

173 4699 450 4754 sitatibus
481 4701 537 4754 et
568 4697 828 4753 ﬁdelium
859 4696 1122 4752 moribus
1147 4697 1262 4762 [al.,
1286 4697 1566 4769 motibus]
1599 4699 1824 4755 diverso
1855 4691 1894 4696 _
1934 4693 2276 4753 clesiasticis
2309 4691 2633 4760 ordinibus,
2665 4696 2720 4746 et
2737 4709 3027 4750 canonum
3051 4697 3424 4771 promulgata
3453 4702 3590 4754 sunt

172 4793 433 4860 tempore
481 4786 736 4859 scripsit,
761 4784 921 4842 omni
951 4785 1165 4840 debent
1210 4785 1428 4841 honore
1461 4788 1736 4857 praeferri,
1770 4793 1826 4843 et
1934 4781 2287 4855 disciplinis,
2319 4779 2401 4834 ita
2443 4784 2645 4834 vestrae
2688 4779 2988 4836 dilectioni
3032 4786 3312 4840 custodiri
3343 4787 3592 4842 manda-

171 4879 244 4933 ab
268 4878 544 4932 omnibus
566 4893 808 4949 prorsus
828 4876 886 4930 in
911 4873 1269 4946 quibuslibet
1289 4877 1826 4946 opportunitatibus
1935 4891 2090 4933 mus.
2113 4875 2177 4926 ut
2209 4870 2256 4926 si
2279 4867 2413 4940 quis
2434 4868 2491 4922 in
2516 4866 2617 4922 illa
2637 4869 3022 4940 commiserit,
3041 4873 3270 4928 veniam
3299 4875 3410 4930 sibi
3434 4875 3592 4931 dein-

171 4966 522 5022 discretione
552 4965 639 5022 vel
686 4964 1123 5038 dispensatione
1170 4963 1453 5036 magistra
1503 4971 1828 5022 reverenter
1935 4979 2070 5034 ceps
2103 4958 2326 5016 noverit
2355 4957 2649 5030 denegari.
2673 4958 2929 5015 Dicendo
2961 4978 3093 5016 vero
3131 4965 3316 5018 omnia
3346 4965 3590 5020 decreta-

173 5054 820 5126 assumi?Quanquam
879 5054 1119 5126 quidam
1162 5056 1419 5109 vestrum
1485 5055 1827 5128 scripserint
1935 5053 2013 5106 lia
2042 5050 2353 5112 constituta,
2386 5045 2617 5102 nullum
2668 5048 2740 5102 de
2798 5049 3189 5105 decretalibus
3250 5053 3589 5109 constitutis

176 5145 336 5199 haud
367 5142 470 5200 illa
499 5144 810 5199 decretalia
846 5144 1176 5215 priscorum
1206 5142 1549 5214 pontiﬁcum
1599 5145 1658 5200 in
1706 5149 1825 5201 toto
1936 5137 2308 5213 pratermisit
2340 5137 2495 5207 quod
2538 5153 2653 5192 non
2684 5138 3046 5192 mandaverit
3075 5154 3203 5194 esse
3253 5143 3587 5198 custodien-

177 5233 398 5290 codicis
429 5250 720 5289 canonum
751 5249 990 5305 corpore
1033 5231 1315 5288 contineri
1347 5232 1660 5305 descripta,
1693 5251 1827 5290 cum
1939 5231 2101 5286 dum.
2133 5227 2204 5281 Et
2234 5241 2441 5280 rursus
2486 5227 2800 5282 asserendo
2830 5229 3078 5282 omnium
3105 5227 3442 5284 decessorum
3488 5248 3591 5288 no-

177 5323 291 5396 ipsi
352 5340 471 5378 suae
527 5322 838 5379 intentioni
895 5322 1016 5376 haec
1074 5321 1382 5394 suffragari
1441 5323 1828 5395 conspiciunt,
1936 5328 2196 5384 atrorum,
2231 5313 2460 5370 nullum
2504 5315 2851 5386 pontiﬁcum
2893 5316 3289 5372 Romanorum
3321 5319 3422 5390 qui
3455 5325 3590 5376 ante

175 5412 294 5468 illis
325 5412 726 5469 indifferenter
755 5415 1020 5480 utantur,
1045 5413 1102 5465 et
1131 5410 1322 5466 solum
1355 5421 1512 5467 nunc
1540 5414 1609 5468 ad
1642 5413 1832 5468 immi-
1939 5425 2002 5464 se
2031 5406 2226 5476 fuerit,
2249 5403 2488 5475 excepit,
2515 5405 2686 5474 cujus
2739 5406 2821 5462 ita
2868 5423 2984 5463 non
3017 5408 3356 5479 praeceperit
3386 5408 3588 5464 decre-

178 5501 482 5558 nutionem
514 5501 821 5575 potestatis
852 5498 1010 5554 sedis
1040 5499 1368 5569 apostolicae
1399 5505 1456 5557 et
1485 5503 1558 5558 ad
1589 5520 1830 5559 suorum
1938 5497 2080 5554 talia
2109 5495 2428 5551 constituta
2457 5493 2528 5548 ab
2561 5494 2839 5551 omnibus
2869 5497 3173 5566 custodiri,
3198 5502 3263 5552 ut
3292 5496 3340 5552 si
3373 5498 3506 5568 quis
3527 5498 3586 5554 in

177 5595 593 5665 argumentum
616 5588 1047 5665 [augmentum]
1065 5587 1500 5661 privilegiorum
1519 5593 1716 5649 minus
1742 5609 1832 5650 ac-
1940 5587 2042 5643 illa
2082 5580 2710 5649 commiserit,veniam
2770 5582 2882 5639 sibi
2916 5585 3188 5661 deinceps
3245 5587 3469 5643 noverit
3497 5586 3590 5643 de-

179 5685 343 5758 cepta
373 5699 501 5743 esse
523 5681 886 5760 perhibeant.
913 5676 1062 5737 Nam
1087 5677 1369 5738 nonnulla
1390 5697 1591 5741 eorum
1615 5685 1833 5761 scripta
1941 5675 2160 5755 negari.
2186 5674 2387 5748 Itaque
2422 5669 2568 5732 nihil
2602 5670 2845 5733 interest
2875 5678 3075 5736 utrum
3107 5676 3226 5737 sint
3255 5676 3454 5736 omnia
3483 5677 3588 5738 de-
