4098 6460
529 367 660 430 -903

1911 363 2226 426 NICOLAI
2277 362 2506 424 PAP/E
2551 364 2598 424 Ι.

3843 361 3970 421 904

544 500 782 556 οιηειίιΙῘίι
811 499 970 556 sedis
1016 497 1350 572 apostolica:
1382 499 1702 554 constituta
1745 497 1898 553 inter
1943 513 2198 552 canones
2227 497 2284 564 Α
2312 495 2502 552 exitus
2524 494 3000 567 judicamus,qui
3024 498 3247 566 quanto
3267 495 3486 568 gradus
3508 498 3650 550 sunt
3669 493 3969 568 praecipui,

544 589 924 646 conciliorum
959 589 1246 659 immista,
1281 606 1414 644 cum
1459 587 1660 643 omnia
1708 587 1768 642 in
1821 604 1936 642 uno
1964 602 2205 658 corpore

544 678 946 752 compaginari
995 695 1110 734 non
1161 679 1408 751 possint,
1442 681 1500 734 et
1528 676 1628 732 illa
1658 676 1742 732 eis
1773 675 2046 732 intersint
2077 693 2204 747 quae

543 769 888 826 ﬁrmitatem
929 768 1022 824 his
1054 785 1180 840 quas
1211 768 1426 823 desunt
1464 771 1522 823 et
1546 766 1804 839 vigorem
1847 783 2022 821 suum
2054 764 2204 820 assi-

544 863 745 932 gnent.
775 857 1100 914 Praesertim
1133 873 1266 912 cum
1309 855 1615 929 synodalia
1657 860 1842 928 gesta,
1877 855 2028 909 inter
2078 870 2203 926 qua:

545 948 658 1019 ipsi
689 963 941 1004 canones
971 946 1176 1002 statuti
1224 950 1382 1013 sunt,
1419 945 1478 1000 in
1512 945 1708 1002 codice
1759 961 2051 1000 canonum
2086 960 2203 998 non

544 1037 892 1104 habeantur,
916 1036 1016 1092 sed
1051 1053 1084 1091 a
1115 1035 1284 1092 nobis
1315 1034 1477 1091 omni
1509 1035 1668 1090 cultu
1700 1034 1896 1090 debito
1928 1049 2203 1089 veneren-

544 1129 658 1182 tur.
685 1127 976 1182 Consonat
1015 1127 1213 1180 autem
1259 1123 1395 1180 huic
1435 1122 1776 1180 beatissimo
1819 1139 1979 1194 papae
2027 1121 2202 1178 Leoni

543 1219 785 1270 sanctus
806 1220 861 1269 et
892 1213 1354 1270 facundissimus
1384 1213 1444 1268 in
1478 1212 1736 1268 Decretis
1759 1211 1888 1291 suis
1915 1228 2066 1282 papa
2093 1211 2203 1266 Ge-

542 1303 747 1370 lasius,
773 1303 854 1358 ita
884 1303 1158 1375 inquiens
1198 1303 1280 1374 (in
1327 1303 1550 1376 synodo
1591 1302 1872 1368 Romana,
1897 1301 1961 1355 de
1988 1301 2204 1371 scriptis

539 1393 790 1466 cauom):
820 1391 1150 1448 Decretales
1178 1391 1476 1464 epistolas,
1504 1408 1651 1463 quas
1685 1389 2009 1446 beatissimi
2037 1407 2201 1462 papae

541 1481 791 1539 diversis
820 1481 1187 1553 temporibus
1218 1481 1289 1536 de
1321 1481 1464 1535 urbe
1497 1482 1683 1536 Roma
1713 1496 1816 1552 pro
1837 1479 2201 1535 diversorum

541 1572 779 1628 Patrum
802 1569 1232 1626 consultatione
1262 1570 1570 1638 dederunt,
1594 1568 2006 1625 venerabiliter
2023 1567 2203 1623 susci-

544 1660 788 1732 piendas
831 1660 1225 1716 decernimus.
1259 1660 1318 1714 In
1374 1677 1489 1731 quo
1541 1659 1863 1714 notandum
1897 1659 2038 1729 quia
2085 1674 2198 1712 non

541 1749 688 1805 dixit
707 1748 1028 1805 decretales
1049 1747 1334 1821 epistolas
1357 1765 1485 1820 qua:
1517 1749 1668 1803 inter
1689 1763 1946 1803 canones
1975 1746 2199 1802 baben-

545 1843 659 1906 tur,
685 1854 790 1895 nec
813 1842 1063 1903 tantum,
1080 1854 1228 1909 quas
1255 1837 1520 1893 moderni
1543 1838 1849 1910 pontifices
1869 1835 2196 1902 ediderunt,

543 1927 644 1984 sed
676 1943 824 1998 quas
865 1926 1192 1982 beatissimi
1244 1944 1405 1999 papae
1438 1927 1683 1983 diversis
1731 1925 2094 1997 temporibus
2127 1925 2199 1980 ab

543 2017 686 2072 urbe
713 2016 897 2072 Roma
927 2016 1234 2072 dederunt.
1256 2016 1438 2072 Dictis
1465 2020 1662 2072 autem
1694 2015 1941 2070 diversis
1967 2019 2199 2086 tempo-

543 2105 728 2174 ribus,
753 2107 930 2162 etiam
962 2105 1063 2161 illa
1087 2109 1354 2178 tempora
1374 2106 1461 2162 vir
1491 2110 1730 2162 sanctus
1759 2103 2201 2177 comprehendit

543 2213 689 2268 quis,
723 2195 1228 2251 crebrescentibus
1269 2211 1630 2268 paganorum
1671 2194 2195 2266 persecutionibus,

540 2286 612 2340 ad
647 2285 847 2340 sedem
881 2284 1262 2357 apostolicam
1294 2284 1504 2340 deferri
1549 2302 1758 2341 causas
1789 2283 2196 2358 episcoporum

537 2373 890 2430 difficillime
919 2373 1356 2446 permittebant.

613 2464 714 2520 His
763 2464 846 2519 ita
873 2463 1070 2519 divina
1119 2464 1344 2519 favente
1391 2463 1584 2536 gratia
1633 2463 1968 2536 praelibatis.
2001 2467 2195 2519 osten-

539 2554 740 2610 dimus
771 2552 994 2608 nullam
1025 2553 1415 2609 differentiam
1459 2569 1588 2608 esse
1637 2554 1792 2608 inter
1849 2571 1917 2609 ea
1967 2553 2198 2608 decreta

540 2659 669 2715 quae
703 2643 761 2697 in
793 2641 991 2698 codice
1021 2658 1314 2698 canonum
1357 2642 1649 2697 habentur
1680 2641 1837 2698 sedis
1867 2641 2197 2714 apostolicae

541 2731 884 2804 prtesulum,
899 2735 955 2787 et
983 2748 1050 2786 ea
1089 2748 1218 2797 quae
1260 2749 1375 2803 prie
1407 2731 1785 2788 multitudine
1822 2731 1914 2786 vix
1945 2749 2047 2804 per
2077 2732 2195 2788 sin-

536 2821 680 2894 gula
708 2821 1076 2877 voluminum
1116 2837 1362 2893 corpora
1395 2820 1781 2893 reperiuntur,
1817 2839 1952 2877 cum
2001 2821 2200 2877 omnia

539 2915 598 2967 et
618 2909 886 2966 omnium
909 2911 1283 2966 decessorum
1309 2926 1551 2966 suorum
1576 2911 1891 2967 decretalis
1913 2911 2198 2967 constitu-

539 3005 812 3072 ta,atque
832 2999 1150 3056 deeretales
1179 2999 1642 3072 epistolas,quas
1677 3000 1997 3056 beatissimi
2034 3018 2196 3074 papae

541 3089 788 3146 diversis
817 3089 1184 3162 temporibus
1214 3090 1286 3145 ab
1312 3090 1456 3146 urbe
1489 3090 1674 3146 Roma
1703 3091 2196 3155 dederunt,vene-

543 3178 804 3235 rabiliter
829 3195 957 3234 esse
987 3178 1391 3252 suscipiendas
1423 3184 1480 3236 et
1509 3180 1924 3236 custodiendas
1954 3180 2196 3236 eximios

2313 590 2370 642 et
2413 585 2472 640 in
2521 583 2780 640 Ecclesia
2810 584 3026 640 Christi
3075 583 3473 652 sublimiores,
3505 589 3847 653 tanto,cum
3901 586 3968 641 de

2316 675 2527 730 horum
2564 678 2720 729 statu
2753 673 2840 728 vel
2875 690 3015 729 casu
3047 674 3258 747 agitur,
3283 675 3509 746 majora
3528 673 3760 746 negotia
3781 679 3840 730 et
3861 673 3967 728 dit-

2314 763 2588 820 ﬁciliores
2610 780 2923 818 causarum
2946 763 3136 819 exitus
3162 761 3368 836 agitari
3390 762 3477 818 vel
3501 761 3701 820 haberi
3723 765 3968 820 credun-

2313 858 2428 908 tur.
2452 853 2567 925 Ipsi
2599 853 2815 925 quippe
2861 852 3035 924 primi
3069 852 3128 907 in
3158 851 3434 922 Ecclesia,
3463 853 3575 924 ipsi
3618 854 3967 909 arundinem

2313 946 2598 1011 tenentes,
2614 941 2941 998 metiuntur
2959 945 3226 997 sanctam
3241 941 3590 1008 Jerusalem,
3607 942 3716 1013 ipsi
3738 943 3966 998 fabrica

2315 1031 2414 1086 Dei
2438 1035 2720 1103 praesunt,
2740 1031 2853 1103 ipsi
2872 1030 3268 1102 speculatores
3285 1030 3532 1087 civilatis
3551 1032 3651 1087 Dei
3675 1037 3835 1098 sunt,
3855 1031 3968 1105 ipsi

2314 1120 2544 1189 arietes,
2570 1121 2680 1193 ipsi
2713 1126 2977 1194 pastores
2998 1119 3192 1192 gregis
3215 1120 3521 1188 Dominici,
3546 1121 3658 1194 ipsi
3681 1121 3967 1177 columnae

2313 1210 2525 1265 domus
2567 1209 2785 1266 summi
2832 1209 2986 1282 regis
3017 1209 3292 1266 existunt.
3324 1212 3410 1265 An
3460 1213 3685 1284 majora
3733 1213 3968 1284 negotia

2312 1315 2523 1354 causas
2550 1299 2895 1354 inferiorum
2927 1298 3270 1354 clericorum
3303 1316 3433 1356 esse
3459 1301 3851 1374 conjicitis,ut
3872 1301 3970 1357 bo-

2313 1406 2444 1443 rum
2477 1405 2686 1445 causas
2734 1389 2924 1458 nobis,
2958 1393 3016 1444 et
3045 1388 3453 1462 episcoporum
3511 1391 3675 1446 vobis
3735 1391 3970 1464 negotia

2310 1477 2625 1533 tribuatis?
2655 1478 2932 1545 Quamvis
2961 1483 3018 1534 et
3048 1478 3338 1535 inferioris
3369 1481 3588 1553 gradus
3619 1479 3967 1536 clericorum

2313 1583 2523 1623 causas
2555 1568 2711 1641 apud
2735 1585 2863 1634 nos,
2888 1585 3024 1623 cum
3057 1573 3289 1640 tempus
3319 1567 3404 1625 vel
3436 1586 3528 1626 res
3549 1570 3821 1643 exegerit,
3839 1589 3970 1628 esse

2313 1656 2621 1724 ﬁniendas,
2645 1674 2676 1714 e
2707 1657 2933 1714 diverso
2973 1657 3173 1730 procul
3208 1657 3384 1714 dubio
3415 1657 3781 1732 colligamus,
3814 1659 3973 1717 sicut

2311 1746 2518 1801 beatus
2541 1763 2692 1819 papa
2712 1746 2855 1802 dicit
2877 1747 3255 1804 Innocentius
3277 1749 3454 1820 (epist.
3489 1749 3558 1804 ad
3591 1751 3967 1823 Victricium):

2311 1835 2370 1890 Si
2403 1853 2530 1907 quea
2562 1840 2756 1891 autem
2788 1853 2978 1892 causae
2998 1835 3085 1892 vel
3112 1836 3513 1894 contentiones
3544 1839 3694 1894 inter
3723 1839 3971 1896 clericos

2308 1928 2430 1980 tam
2454 1925 2774 1997 superioris
2790 1925 3015 1981 ordinis
3033 1943 3210 1998 quam
3237 1925 3529 1983 inferioris
3548 1928 3726 1984 etiam
3751 1930 3972 1986 fuerint

2308 2018 2536 2083 exerte,
2555 2019 2617 2070 ut
2634 2016 2957 2070 secundum
2977 2017 3265 2087 synodum
3282 2015 3574 2073 Nicaanam
3596 2020 3970 2092 congregatis

2306 2104 2572 2174 ejusdem
2605 2104 2914 2177 provincia;
2942 2105 3231 2178 episcopis
3272 2107 3540 2180 jurgium
3581 2109 3968 2178 terminatur;

2307 2209 2412 2248 nec
2439 2192 2613 2248 alicui
2655 2192 2844 2260 liccat,
2880 2195 3006 2250 sine
3053 2194 3391 2267 praajudicio
3439 2201 3636 2252 tamen
3687 2198 3967 2254 Romanis

2309 2281 2594 2350 Ecclesiie,
2615 2282 2832 2338 relictis
2854 2283 2947 2338 his
2976 2285 3378 2340 sacerdotibus
3397 2286 3496 2357 qui
3528 2286 3588 2340 in
3611 2288 3815 2344 eadem
3841 2307 3968 2362 pro-

2305 2371 2497 2426 vincia
2517 2371 2618 2426 Dei
2641 2371 2958 2428 Ecclesiam
2978 2377 3125 2428 nutu
3149 2374 3343 2430 divino
3364 2375 3795 2447 gubernant,ad
3820 2377 3966 2436 alias

2306 2459 2612 2515 convolare
2637 2461 2984 2533 provincias.
3012 2464 3096 2517 An
3121 2464 3347 2534 majora
3368 2465 3600 2537 negotia
3623 2467 3966 2540 metropoli-

2306 2553 2581 2606 tanorum
2614 2555 2845 2606 tantum
2877 2568 3006 2608 esse
3050 2552 3354 2608 fatemini?
3384 2554 3496 2609 Sed
3529 2554 3725 2611 audite
3756 2574 3964 2613 rursus

2307 2639 2449 2710 quid
2483 2639 2553 2694 de
2598 2639 2886 2711 episcopis
2940 2647 3181 2697 sanctus
3228 2647 3519 2699 asseveret
3561 2645 3691 2700 Leo.
3715 2646 3962 2714 Quibus,

2306 2727 2598 2800 inquiens,
2625 2729 2733 2784 etsi
2789 2729 3045 2803 dignitas
3077 2733 3408 2790 communis
3439 2737 3548 2800 est,
3573 2735 3715 2789 ordo
3762 2741 3962 2792 tamen

2306 2818 2596 2891 generalis
2627 2824 2734 2886 est,
2764 2823 2820 2875 et
2860 2837 3056 2876 revera
3087 2837 3241 2877 unus
3281 2821 3350 2877 de
3411 2827 3634 2894 septem
3696 2823 3963 2881 Ecclesiae

2305 2909 2587 2980 gradibus
2617 2913 2725 2975 est,
2763 2909 3344 2982 metropolitanorum
3379 2911 3601 2968 scilicet
3630 2917 3686 2969 et
3716 2913 3964 2988 reliquo-

2307 3015 2438 3053 rum
2457 2998 2866 3070 episcoporum
2884 3000 3287 3071 ordo.thuod
3303 3001 3964 3077 dicitApostolus,opon

2306 3090 2388 3142 tet
2417 3088 2756 3160 episcopum
2816 3087 3390 3160 irreprebensibilem
3447 3107 3596 3158 esse,
3631 3109 3745 3148 non
3793 3094 3963 3151 video

2307 3177 2507 3232 minus
2528 3177 2994 3250 metropolitanis
3017 3195 3193 3251 quam
3218 3178 3439 3236 caeteris
3456 3181 3744 3253 episcopis
3759 3200 3965 3240 conve-

541 3267 842 3342 przesules,
869 3267 1121 3324 Leonem
1153 3267 1375 3324 scilicet
1419 3274 1477 3324 et
1523 3268 1842 3340 Gelasium,
1881 3271 2195 3326 mandasse
2225 3254 2267 3320 C
2308 3266 2452 3322 nire.
2474 3267 2594 3324 Nisi
2620 3269 2764 3324 forte
2785 3268 3122 3341 episcopatu
3145 3285 3208 3326 se
3239 3269 3424 3341 privet
3444 3271 3714 3344 quisquis
3741 3278 3962 3329 metro-

540 3357 939 3430 probavimus.
961 3357 1238 3423 Quamvis
1258 3362 1315 3412 et
1338 3357 1448 3414 hoc
1468 3359 1624 3430 quod
1657 3377 1809 3432 saepe
1839 3375 2196 3416 commemo-

541 3451 704 3502 ratus
753 3448 977 3514 B.Lee,
1012 3447 1347 3519 apostolicae
1398 3447 1554 3504 sedis
1606 3449 1872 3518 antistes,
1921 3450 1992 3505 ad
2043 3451 2197 3504 Ana-

542 3538 790 3593 stasium
823 3536 1409 3592 Thessalonicensem
1449 3537 1949 3611 archiepiscopum
1995 3539 2199 3594 scribit

541 3625 720 3697 (epist.
744 3627 859 3697 82),
880 3626 1272 3696 quorumdam
1312 3632 1638 3683 vestrorum
1681 3629 2194 3700 praesumptionem

542 3715 950 3787 potentissime
984 3714 1132 3782 ferit,
1164 3720 1220 3770 et
1262 3717 1417 3788 quod
1467 3717 1606 3772 talia
1652 3719 1884 3791 negotia
1913 3718 2082 3774 nobis
2111 3719 2198 3773 in-

542 3801 829 3858 consultis
878 3802 1134 3858 difﬁnire
1183 3805 1425 3861 minime
1455 3807 1734 3873 debeatis,
1762 3807 2070 3862 manifeste
2101 3808 2198 3862 de-

543 3892 796 3948 nuntiat.
823 3891 920 3946 Ait
943 3893 1101 3948 enim
1127 3911 1140 3948 :
1169 3894 1314 3948 Nam
1336 3911 1470 3949 cum
1506 3896 1731 3966 majora
1760 3897 1992 3968 negotia
2015 3901 2071 3951 et
2091 3896 2198 3952 dif-

543 3980 814 4037 ﬁciliores
853 3999 1166 4037 causarum
1199 3982 1388 4038 exitus
1437 3983 1687 4040 liberum
1737 3985 1840 4041 tibi
1888 3990 2043 4042 esset
2090 3987 2200 4042 sub

542 4074 753 4126 nostra:
772 4071 1073 4127 sententia:
1093 4073 1523 4143 exspectatione
1537 4075 1913 4146 suspendere,
1931 4092 2036 4132 nec
2052 4077 2199 4132 ratio

539 4159 668 4227 tibi,
696 4177 799 4216 nec
832 4160 1153 4216 necessitas
1175 4161 1302 4228 fuit,
1325 4162 1382 4217 in
1406 4162 1462 4218 id
1494 4164 1648 4236 quod
1674 4181 2012 4220 mensuram
2036 4170 2197 4222 tuam

539 4250 841 4306 excederet
886 4250 1180 4306 deviandi.
1214 4251 1282 4306 Et
1321 4251 1462 4308 item
1493 4254 1764 4326 deinceps
1802 4272 1814 4310 :
1851 4255 2198 4323 Praesertim,

539 4339 753 4411 inquit,
786 4357 921 4395 cum
971 4339 1202 4396 etiamsi
1238 4341 1377 4414 quid
1424 4342 1537 4398 tale
1586 4343 1808 4416 aliquid
1857 4349 2198 4415 mereretur,

539 4430 998 4501 exspectandum
1015 4429 1120 4485 tibi
1147 4431 1318 4487 fuerit
1333 4433 1476 4504 quid
1498 4433 1566 4488 ad
1591 4437 1694 4489 tua
1711 4433 1979 4490 consulta
2000 4435 2203 4491 rescri-

539 4519 757 4576 berem.
782 4521 847 4575 Et
879 4519 1054 4590 paulo
1079 4525 1212 4592 post
1241 4540 1253 4577 :
1279 4521 1389 4577 Sed
1425 4522 1655 4578 etiamsi
1681 4524 1822 4595 quid
1853 4541 2027 4596 grave
2057 4526 2202 4580 into-

2305 3356 2698 3429 politanorum
2725 3358 2796 3413 ad
2823 3375 2883 3414 se
2904 3358 3014 3414 hoc
3034 3359 3294 3431 Apostoli
3318 3360 3540 3416 dictum
3565 3378 3680 3417 non
3714 3364 3965 3419 aestimet

2306 3446 2618 3519 pertinere.
2645 3447 2807 3502 Unde
2838 3464 2946 3503 nos
2976 3464 3092 3504 non
3139 3448 3384 3506 minoris
3420 3453 3648 3506 numeri
3680 3468 3786 3508 nec
3819 3452 3961 3509 alte-

2307 3535 2430 3590 rius
2461 3536 2630 3592 fama
2659 3542 3049 3605 accusatores,
3081 3543 3259 3594 testes
3278 3539 3366 3594 vel
3388 3539 3620 3610 judices
3643 3541 3964 3614 quaerimus

2309 3625 2366 3680 in
2401 3626 2650 3698 negotiis
2679 3627 3110 3699 episcoporum,
3145 3645 3322 3700 quam
3355 3629 3648 3702 exigimus
3678 3631 3737 3686 in
3769 3633 3966 3687 causis

2309 3714 2916 3787 metropolitanorum.
2935 3717 3096 3773 Unde
3118 3722 3236 3774 tam
3257 3717 3490 3774 illorum
3515 3735 3691 3791 quam
3716 3721 3965 3777 istorum

2310 3804 2674 3877 negotiorum
2696 3805 2865 3861 nobis
2883 3807 3072 3862 exitus
3096 3807 3374 3864 reservari
3395 3809 3606 3864 merito
3621 3808 3900 3866 volumus
3917 3814 3970 3865 et

2301 3895 2436 3965 jure
2457 3894 2844 3950 decrevimus.
2864 3896 3068 3952 Totius
3090 3896 3245 3951 enim
3268 3896 3555 3966 Ecclesiae,
3574 3903 3687 3954 Deo
3710 3905 3967 3967 auctore,

2310 3983 2654 4056 generaliter
2685 3983 3145 4041 sollicitudinem
3180 3986 3460 4058 gerimus,
3486 3992 3544 4042 et
3566 3988 3833 4044 omnium
3867 3990 3970 4044 uti-

2311 4091 2425 4146 que
2448 4073 2546 4146 qui
2565 4073 2881 4134 Ecclesiam
2902 4075 3124 4130 faciunt
3140 4091 3281 4131 cura
3299 4077 3779 4150 conslringimur,
3798 4083 3968 4150 atque

2311 4163 2576 4218 omnium
2605 4181 2856 4236 quorum
2888 4181 2998 4220 nos
3041 4164 3300 4221 maxima
3329 4183 3468 4221 cura
3516 4171 3832 4240 exspectat,
3869 4185 3968 4223 no-

2309 4257 2499 4309 strum
2534 4253 2823 4326 prazcipue
2853 4254 3068 4310 debent
3109 4255 3426 4327 promereri
3468 4256 3784 4328 judicium,
3821 4258 3968 4313 sicut

2310 4342 2685 4398 Innocentius
2719 4344 2790 4398 ad
2816 4342 3212 4401 Alexandrum
3245 4345 3510 4402 scribens
3538 4346 3964 4402 Antiochenam

2308 4434 2485 4504 (epist.
2519 4434 2635 4503 20),
2667 4449 2781 4488 non
2825 4433 3048 4490 scilicet
3106 4433 3296 4490 solum
3356 4435 3962 4507 metropolitanorum,

2311 4521 2412 4578 sed
2446 4526 2500 4576 et
2533 4522 2799 4578 omnium
2833 4523 3072 4579 omnino
3113 4524 3501 4593 sacerdotum,
3536 4525 3806 4597 quinimo
3838 4527 3964 4582 uni-

538 4605 967 4681 lerandumque
998 4611 1412 4676 committeret,
1435 4615 1637 4667 nostra
1659 4617 1783 4667 erat
1813 4615 2201 4686 exspectanda
2229 4634 2276 4698 Ι)
2308 4628 2609 4666 versorum
2641 4612 2742 4685 qui
2789 4629 2850 4668 se
2881 4613 2951 4668 de
2981 4613 3186 4669 ovibus
3236 4613 3639 4688 principaliter
3685 4615 3964 4671 divinitus

539 4713 809 4764 censura,
833 4702 898 4754 ut
931 4698 1074 4753 nihil
1107 4715 1236 4754 esse
1270 4699 1432 4770 prius
1469 4700 1812 4757 decerneres
1847 4719 2023 4774 quam
2057 4703 2197 4776 quid

539 4785 708 4842 nobis
731 4785 985 4859 placeret
1013 4804 1382 4860 agnosceres.
1407 4787 1568 4850 Quod
1598 4806 1704 4845 nos
1730 4807 1963 4863 quoque
1985 4794 2055 4848 de
2086 4794 2198 4850 Ro-

537 4875 715 4931 tbado
745 4877 910 4933 vobis
961 4894 1075 4932 non
1108 4876 1571 4933 irrationabilius
1621 4879 1809 4936 dicere
1858 4899 2194 4954 possumus,

538 4965 677 5036 quia
707 4967 848 5022 dum
895 4970 1022 5021 octo
1074 4965 1189 5020 fere
1219 4982 1406 5022 annos
1434 4966 1872 5035 ventilaveritis,
1899 4988 2004 5027 nec
2050 4973 2197 5029 ratio

536 5055 701 5111 vobis
735 5072 842 5111 nec
876 5053 1193 5110 necessitas
1226 5054 1335 5110 luit
1364 5055 1421 5111 in
1455 5055 1511 5112 id
1542 5061 1695 5130 quod
1731 5077 2069 5116 mensuram
2100 5080 2196 5118 ve-

537 5148 718 5199 stram
753 5145 1058 5199 excederet
1097 5144 1387 5201 deviandi.
1415 5148 1524 5202 Sed
1571 5149 1804 5206 etiamsi
1835 5135 1975 5223 quid
2024 5167 2198 5222 grave

537 5233 1094 5304 intolerandumque
1143 5236 1554 5305 committeret,
1605 5244 1808 5296 nostra
1853 5245 1976 5296 erat
2025 5258 2194 5313 expe-

536 5322 748 5378 ctanda
775 5339 1043 5388 censura,
1078 5327 1141 5378 ut
1190 5323 1331 5379 nihil
1382 5325 1546 5397 prius
1597 5329 1986 5385 decerneretis
2016 5346 2193 5401 quam

537 5411 677 5484 quid
704 5411 875 5466 nobis
899 5410 1148 5482 placeret
1169 5417 1582 5487 agnosceretis.
1604 5418 1714 5473 Sed
1749 5419 1948 5474 dicitis
1968 5419 2195 5490 judicia

535 5500 943 5572 episcoporum
969 5519 1081 5556 non
1105 5519 1232 5560 esse
1254 5506 1477 5577 majora
1500 5505 1752 5578 negotia,
1778 5523 1882 5562 nec
1907 5508 2189 5565 difﬁcilio-

537 5606 628 5645 res
661 5605 973 5647 causarum
1005 5593 1214 5651 exitus.
1247 5597 1319 5650 At
1350 5612 1456 5651 nos
1489 5595 1701 5651 horum
1734 5596 1940 5653 merito
1963 5599 2191 5670 judicia

537 5678 764 5752 maiora
811 5683 1042 5759 negotia
1072 5684 1347 5756 dicimus,
1380 5690 1437 5743 et
1486 5685 1844 5746 difﬁciliores
1875 5704 2188 5748 causarum

2309 4700 2475 4756 Petro
2507 4703 2932 4758 commendatis
2965 4719 3092 4759 esse
3138 4720 3254 4760 non
3287 4703 3558 4760 nesciunt
3590 4721 3602 4760 :
3640 4703 3696 4759 id
3730 4711 3821 4761 est
3853 4722 3961 4761 non

2308 4790 2499 4846 solum
2532 4797 2878 4848 cunctorum
2913 4793 3011 4865 qui
3065 4794 3135 4848 de
3166 4793 3402 4849 illorum
3453 4810 3699 4850 numero
3728 4800 3866 4851 sunt
3899 4795 3962 4849 de

2309 4880 2526 4952 quibus
2549 4881 2836 4938 Dominus
2857 4882 3106 4955 principi
3130 4881 3531 4955 apostolorum
3553 4884 3698 4939 dixit
3723 4901 3735 4939 :
3765 4886 3838 4940 Tu
3860 4885 3961 4940 ali-

2307 4970 2522 5042 quando
2567 4988 2854 5027 conversus
2900 4972 3163 5043 conﬁrma
3209 4975 3414 5044 fratres
3471 4982 3586 5029 tuos
3619 4973 3767 5046 (Luc.
3801 4977 3958 5042 xxu),

2307 5059 2406 5114 sed
2441 5061 2617 5117 etiam
2652 5061 2750 5134 qui
2784 5062 2854 5118 de
2887 5060 2980 5116 his
3020 5062 3281 5134 piscibus
3313 5067 3473 5131 sunt,
3505 5063 3604 5136 qui
3635 5063 3790 5118 intra
3824 5070 3957 5130 rete,

2306 5150 2461 5220 quod
2486 5151 2556 5206 ab
2587 5151 2713 5224 ipso
2738 5152 2809 5207 ad
2841 5150 3007 5207 littus
3029 5151 3182 5206 trahi
3206 5152 3536 5225 specialiter
3556 5153 3818 5225 jussum,
3837 5168 3958 5209 esse

2307 5255 2368 5294 se
2402 5247 2851 5313 rocognoscunt.
2883 5241 3088 5296 Adhuc
3128 5246 3324 5298 tamen
3370 5242 3696 5315 percontari
3727 5249 3958 5316 propter

2305 5330 2699 5386 contentiosos
2725 5330 2864 5387 libet
2890 5347 3161 5403 quaenam
3177 5332 3424 5404 judicia,
3442 5331 3529 5389 vel
3551 5349 3801 5405 quorum
3835 5347 3954 5388 esse

2304 5419 2527 5491 majora
2561 5420 2795 5493 negotia
2845 5421 3193 5492 praedicatis,
3219 5421 3268 5476 si
3301 5421 3710 5494 episcoporum
3751 5437 3953 5478 causas

2303 5525 2416 5564 non
2433 5509 2584 5564 inter
2600 5510 2892 5582 praecipua
2905 5514 3280 5582 computatus
3297 5510 3556 5584 negotia?
3571 5513 3658 5566 An
3675 5510 3950 5567 laicorum

2301 5603 2356 5652 et
2369 5597 2698 5671 vulgarium
2718 5599 3306 5673 populorumjudicia
3321 5602 3473 5658 inter
3487 5603 3713 5674 majora
3731 5601 3952 5675 negotia

2299 5687 2538 5765 ponitis,
2565 5706 2713 5766 quos
2743 5706 2891 5768 pene
2923 5691 3180 5770 quotidie
3211 5709 3346 5751 cum
3376 5692 3586 5751 vestris
3616 5696 3674 5753 et
3702 5692 3830 5754 sine
3859 5709 3950 5750 ve-
