4098 6466
184 388 306 448 905

1406 392 1807 455 EPISTOLIE
1849 393 1950 455 ET
1995 392 2351 457 DECRETA
2367 441 2381 454 .

3481 402 3600 464 906

185 520 325 577 stris
346 526 403 577 et
423 523 551 579 sine
570 524 778 581 vestris
803 523 1069 598 epistolis
1091 526 1163 582 ad
1181 525 1581 583 discutiendos
1603 526 1832 597 etjudi-
1862 529 1917 595 Α
1948 527 2268 599 plurimum
2287 532 2681 598 commendat,
2700 549 2899 588 verum
2922 532 3096 589 etiam
3116 550 3236 590 rem
3256 535 3326 590 de
3344 552 3459 607 qua
3482 534 3600 608 agi-

182 611 404 668 eandos
435 613 815 686 suscipimus,
847 619 903 669 et
932 614 1252 681 discussos,
1286 615 1370 670 vel
1398 616 1716 687 judicatus,
1752 616 1839 671 vel

180 700 487 757 absolutos
507 701 892 758 dimittimus?
905 702 1167 776 Denique
1187 708 1289 759 aut
1304 705 1671 760 saecularium
1686 705 1842 776 judi-

182 791 273 847 cia
293 791 446 846 inter
470 793 712 864 majora,
728 798 785 848 et
808 793 1218 865 episcoporum
1241 793 1392 849 inter
1414 794 1642 850 minora
1673 810 1844 867 nego-

180 880 264 936 tia
293 880 677 950 collocabitis,
710 886 769 938 et
796 881 962 938 vobis
990 882 1421 956 episcoporum,
1456 884 1627 939 nobis
1659 883 1840 939 laico—

181 987 313 1026 rum
337 969 563 1042 judicia
594 971 963 1027 reservabitis
984 988 996 1026 :
1019 977 1120 1028 aut
1151 977 1326 1040 certe,
1350 973 1398 1028 si
1430 973 1838 1045 episcoporum

171 1059 403 1130 judicia
433 1063 575 1116 sunt
597 1059 820 1130 majora
848 1060 1101 1132 negotia,
1120 1062 1292 1133 juxta
1314 1062 1565 1117 Leonem
1588 1060 1838 1117 liberum

180 1148 345 1204 vobis
373 1164 501 1203 esse
531 1147 733 1203 debuit
760 1147 883 1203 hac
912 1149 1022 1204 sub
1052 1154 1264 1204 nostra
1295 1149 1595 1205 sententia
1637 1163 1841 1221 exspe-

181 1239 434 1294 ctatione
466 1237 861 1309 suspendere;
897 1243 999 1293 aut
1028 1237 1077 1293 si
1111 1254 1359 1310 persona
1380 1237 1689 1309 judicandi
1725 1237 1841 1294 tale

181 1327 405 1401 aliquid
438 1333 778 1393 mereretur,
811 1328 1267 1399 exspectandum
1293 1328 1458 1383 vobis
1488 1328 1675 1383 fuerat
1696 1325 1837 1398 quid

180 1419 254 1474 ad
277 1422 471 1473 vestra
501 1415 770 1472 consulta
793 1416 1546 1473 rescriberem.Absurdum
1570 1422 1658 1473 est
1679 1415 1837 1471 enim

181 1512 247 1564 ut
274 1507 453 1563 laicos
482 1521 747 1577 quosque
776 1509 835 1561 et
866 1505 1144 1560 minimos
1172 1506 1272 1577 qui
1305 1511 1444 1561 sunt
1474 1506 1533 1560 in
1580 1504 1840 1561 ecclesiis

176 1596 408 1663 vestris,
434 1600 633 1650 nostro
657 1594 903 1650 mittatis
917 1595 1293 1665 judicandos,
1318 1600 1375 1651 et
1395 1594 1623 1651 addatis
1646 1593 1839 1666 quoti-

177 1688 352 1745 diano
383 1683 603 1753 labori;
638 1688 696 1739 et
733 1684 1163 1756 episcoporum,
1193 1685 1293 1756 qui
1327 1685 1616 1757 praeipua
1646 1682 1839 1739 Eccle-

175 1777 276 1832 sia
318 1773 583 1830 membra
627 1777 785 1841 sunt,
835 1778 1037 1829 vestra
1088 1774 1356 1830 subdatis
1403 1772 1840 1829 deliberationis

174 1864 439 1920 arbitria.

248 1954 349 2009 His
379 1969 512 2008 vero
545 1951 780 2006 tandem
811 1951 1071 2020 omissis,
1102 1953 1218 2008 Deo
1253 1953 1419 2018 duce,
1454 1953 1659 2031 scitote
1706 1968 1836 2034 nos,

173 2045 333 2119 quod
355 2043 681 2099 temeritate
702 2042 986 2114 magistra
1009 2059 1308 2115 perperam
1336 2060 1370 2097 a
1388 2042 1549 2098 vobis
1569 2041 1840 2098 commis-

174 2151 311 2191 sum
339 2137 447 2202 est,
479 2136 537 2188 et
567 2132 722 2203 quod
749 2130 1097 2186 inconsultis
1129 2131 1298 2187 nobis
1330 2133 1389 2187 in
1423 2131 1687 2187 Rothado
1721 2131 1838 2185 fra-

172 2228 266 2279 tre
316 2226 374 2277 et
418 2220 761 2293 coepiscopo
808 2226 1006 2275 nostro
1055 2237 1417 2292 praepropere
1459 2218 1838 2293 perpetrastis

175 2311 429 2384 (etiamsi
461 2325 767 2380 nunquam
797 2309 996 2364 sedem
1028 2309 1407 2381 apostolicam
1440 2308 1836 2383 appellasset),

175 2402 282 2459 Dei
320 2398 686 2465 auctoritate,
735 2402 791 2453 et
837 2398 1312 2454 beatissimorum
1362 2399 1517 2454 Petri
1563 2415 1629 2454 ac
1673 2396 1837 2454 Pauli

178 2489 513 2565 principum
546 2486 967 2560 apostolorum,
998 2504 1096 2542 seu
1142 2489 1404 2543 omnium
1459 2488 1834 2543 decessorum

176 2596 469 2645 meorum,
496 2594 721 2633 necnon
751 2582 809 2632 et
839 2581 1177 2632 sanctorum
1208 2583 1596 2634 trecentorum
1634 2578 1832 2633 decem

174 2674 237 2726 et
266 2673 394 2725 octo
427 2668 664 2722 Patrum
697 2666 796 2738 qui
829 2667 983 2739 apud
1020 2667 1266 2722 Nicaam
1301 2669 1409 2723 sub
1451 2667 1832 2723 Canstantino

175 2760 275 2832 pio
305 2756 568 2830 principe
598 2760 1013 2823 convenerunt,
1048 2757 1283 2829 penitus
1314 2761 1661 2812 evacuantes
1693 2761 1751 2812 et
1771 2757 1830 2810 in

175 2848 412 2903 irritum
444 2847 744 2911 ducentes,
761 2846 1065 2916 pral'atum
1086 2844 1416 2901 Rothadum
1442 2846 1689 2919 pristino
1710 2863 1835 2919 gra-

173 2937 299 3005 dui,
333 2934 593 3008 pristina
626 2933 922 3005 dignitati,
954 2934 1200 3007 pristino
1232 2936 1555 2991 reddidisse
1590 2951 1831 3007 prorsus

175 3024 383 3082 honori
409 3041 423 3091 ;
458 3023 542 3078 ita
573 3027 639 3078 ut
668 3022 865 3078 divina
895 3024 1173 3096 mysteria
1203 3025 1547 3080 conficiendi
1577 3023 1830 3096 priorem

177 3114 517 3171 facultatem
550 3112 817 3184 adeptus,
849 3112 1127 3184 omnique
1158 3113 1500 3169 sacerdotali
1525 3114 1830 3169 restitutus

176 3203 394 3268 officio,
413 3203 540 3257 sine
570 3200 881 3272 cujuslibet
911 3201 1388 3267 contradictione,
1414 3202 1658 3274 propria
1680 3219 1832 3257 rece-

1870 1915 1917 1979 B

1948 620 2044 671 tur
2067 616 2122 672 in
2146 618 2350 689 paucis
2373 620 2585 675 astruit
2606 626 2661 676 et
2684 622 3135 687 ostendit,nobis
3154 624 3415 679 videlicet
3439 622 3599 679 brevi

1948 721 2221 761 sermone
2253 707 2574 780 prepinans
2605 711 2758 782 quod
2792 712 2862 766 dc
2894 711 3213 767 multorum
3234 712 3602 768 voluminum

1946 794 2215 852 fontibus
2248 796 2466 852 hausit.
2500 798 2773 855 Scribens
2806 800 2961 855 enim
3008 800 3295 873 episcopis
3328 818 3430 873 per
3461 806 3602 857 Dar-

1955 883 2191 940 daniam
2235 886 2591 953 constitutis,
2644 888 2797 944 inter
2845 894 3050 945 eatera
3095 893 3273 962 (epist.
3311 890 3395 962 11)
3431 907 3444 945 :
3490 890 3607 945 Nec

1947 972 2142 1044 plane,
2156 974 2555 1045 ait,tacemus,
2574 978 2728 1049 quod
2760 984 2971 1034 cuncta
3001 996 3105 1051 per
3133 980 3423 1033 mundum
3447 978 3607 1035 novit

1948 1062 2223 1128 Ecclesia,
2240 1065 2517 1135 quoniam
2535 1066 2931 1137 quorumlidet
2949 1066 3255 1123 sententiis
3272 1067 3451 1139 ligata
3467 1084 3607 1140 pon-

1948 1150 2176 1207 tiﬁcum
2210 1152 2376 1208 sedes
2408 1153 2556 1209 beati
2586 1155 2734 1209 Petri
2761 1155 3007 1228 apostoli
3026 1157 3129 1227 jus
3160 1155 3373 1211 habeat
3420 1154 3601 1212 resol-

1946 1239 2138 1306 vendi,
2176 1244 2378 1312 utpote
2400 1259 2526 1314 qua
2549 1242 2620 1298 de
2642 1244 2799 1299 omni
2822 1244 3080 1300 Ecclesia
3100 1245 3188 1300 fas
3211 1245 3422 1301 habeat
3444 1245 3603 1316 judi-

1948 1328 2140 1384 candi.
2161 1333 2299 1385 ltem
2316 1331 2386 1386 ad
2411 1331 2715 1405 episcopos
2737 1332 3076 1402 Orientales,
3092 1339 3225 1407 post
3245 1334 3599 1407 quingentos

1949 1416 2159 1488 inquit,
2176 1435 2363 1474 annos
2387 1421 2707 1476 constituta
2719 1420 2929 1477 Christi
2958 1439 3056 1478 eos
3076 1421 3220 1479 velle
3243 1423 3595 1492 subvertere,

1948 1521 2081 1560 eum
2104 1507 2346 1579 triginta
2377 1526 2445 1563 an
2457 1526 2663 1564 norum
2694 1509 2783 1565 lex
2816 1510 3124 1566 hominum
3146 1528 3261 1566 non
3285 1512 3471 1584 possit
3490 1512 3598 1568 ab-

1947 1595 2453 1668 rumpi,sanctum
2474 1598 2859 1655 Athanasium
2891 1599 3019 1655 ideo
3053 1617 3168 1655 non
3200 1601 3541 1657 damnatum
3566 1618 3601 1658 a

1948 1686 2170 1756 synodo
2194 1685 2469 1756 Orientis,
2486 1688 2626 1759 quia
2646 1689 2815 1744 sedes
2837 1689 2951 1744 ista
2972 1706 3089 1745 non
3114 1690 3492 1759 consenserit,
3509 1690 3599 1747 vel

1948 1778 2218 1828 sanctum
2250 1775 2539 1831 Joannem
2570 1776 3305 1849 Constantinopolitanum,
3322 1778 3409 1834 vel
3432 1795 3601 1833 sane-

1947 1866 2074 1917 tum
2104 1864 2461 1919 Flavianum.
2479 1865 2537 1921 Si
2560 1881 2696 1937 ergo
2719 1866 2828 1921 hac
2850 1884 2966 1921 non
2990 1868 3388 1923 sonsentiente
3411 1867 3603 1935 sola,ii

1950 1950 2210 2007 damnati
2235 1969 2268 2007 a
2290 1954 2511 2025 synodo
2525 1954 2794 2023 Orientis,
2812 1972 2926 2010 non
2953 1962 3268 2028 potuerunt
3288 1974 3414 2012 esse
3441 1957 3605 2013 dam-

1948 2040 2093 2107 nati,
2145 2059 2509 2115 consequens
2555 2048 2641 2100 est
2686 2045 2883 2110 etiam,
2918 2045 3019 2117 qui
3048 2045 3251 2101 eadem
3281 2045 3405 2101 sola
3435 2047 3601 2102 dam-

1949 2135 2143 2198 nante,
2176 2131 2303 2186 sine
2332 2133 2551 2205 synodo
2582 2134 2899 2189 damnatus
2932 2134 3124 2202 fuerit,
3157 2135 3472 2191 damnatus
3502 2135 3597 2191 sit.

1948 2220 2010 2273 In
2042 2236 2158 2291 quo
2192 2221 2342 2275 inter
2372 2226 2579 2277 catera
2611 2224 2932 2278 notandum
2974 2228 3062 2279 est
3090 2222 3229 2296 quia
3259 2224 3307 2279 si
3337 2224 3445 2281 hos
3495 2225 3596 2297 qui

1946 2315 2079 2380 post
2094 2309 2449 2382 quingentos
2465 2328 2650 2366 annos
2667 2316 2889 2367 statuta
2901 2312 3110 2367 Christi
3131 2313 3438 2368 tantabant
3457 2314 3597 2369 sub-

1944 2403 2184 2462 vertere,
2218 2403 2384 2453 tanta
2413 2398 2500 2453 vir
2544 2404 2784 2455 sanctus
2832 2400 3228 2473 increpatione
3276 2401 3595 2475 redarguit,

1944 2503 2080 2541 cum
2112 2487 2351 2559 triginta
2382 2505 2670 2543 annorum
2700 2487 2787 2545 lex
2809 2489 3114 2545 hominum
3142 2507 3257 2545 non
3278 2491 3465 2563 possit
3492 2492 3597 2547 ab-

1944 2575 2158 2648 rumpi,
2176 2580 2394 2648 quanto
2418 2577 2607 2649 magis
2627 2579 3014 2650 exprobrandi
3037 2579 3298 2651 suntqui
3327 2596 3395 2635 ea
3417 2580 3594 2635 etiam

1946 2670 2079 2736 post
2110 2666 2474 2738 octingentos
2506 2672 2651 2739 eteo
2674 2668 2930 2740 amplius
2952 2685 3138 2723 annos
3162 2669 3430 2723 nituntur
3449 2669 3597 2725 evel-

1948 2752 2112 2808 lere?
2162 2756 2296 2820 Qua
2352 2771 2483 2810 vero
2532 2759 2753 2811 statuta
2801 2755 3009 2812 Christi
3067 2756 3293 2825 dixerit,
3352 2756 3597 2814 inferius

1945 2842 2279 2911 declaravit,
2314 2862 2447 2899 eum
2483 2844 2606 2899 sola
2637 2846 2773 2901 sede
2824 2845 3151 2917 apostolica
3193 2863 3308 2902 non
3352 2863 3596 2903 consen-

1942 2933 2121 2988 tiente
2156 2933 2450 2987 neminem
2485 2950 2656 3005 posse
2687 2935 2978 3002 damnari,
3009 2939 3066 2990 et
3098 2934 3221 2991 sola
3249 2952 3317 2992 ea
3350 2953 3594 2992 consen-

1938 3022 2137 3085 tiente,
2172 3023 2271 3093 qui
2306 3023 2619 3076 damnatus
2647 3023 2854 3089 fuerat,
2889 3024 3233 3080 damnatum
3273 3024 3476 3080 haberi
3508 3042 3598 3081 ex-

1940 3111 2155 3182 posuit.
2184 3112 2416 3165 Statuta
2447 3112 2642 3183 itaque
2667 3111 2879 3167 Christi
2913 3113 3058 3168 dixit
3087 3119 3219 3185 post
3241 3115 3594 3187 quingentos

1939 3217 2122 3256 annos
2144 3200 2477 3255 subvertere
2502 3217 2514 3267 ;
2540 3199 2679 3271 quia
2692 3202 2814 3273 jam
2841 3202 3153 3274 quinquies
3174 3207 3409 3259 centum
3427 3203 3594 3259 circi-

179 3298 293 3366 pta
324 3291 502 3346 libere
533 3290 729 3362 prasit
757 3288 1048 3355 Ecclesia,
1073 3307 1104 3343 a
1136 3308 1252 3362 qua
1284 3291 1631 3347 inconsultis
1662 3292 1831 3347 nobis
1862 3282 1903 3348 Ε
1942 3294 2030 3344 ter
2059 3288 2196 3344 anni
2227 3287 2882 3360 praterierant,quando
2900 3290 3246 3346 venerabilis
3266 3308 3416 3364 papa
3449 3290 3594 3347 dixit

179 3379 461 3454 expulsus
478 3384 585 3434 est.
603 3379 861 3451 Denique
883 3395 1016 3434 cum
1041 3384 1174 3434 ante
1197 3379 1498 3435 biennium
1523 3381 1759 3453 scriptis
1780 3387 1837 3436 et

177 3470 374 3527 verbis
403 3468 693 3524 instanter
722 3468 1036 3540 egissimus
1069 3474 1133 3523 ut
1178 3470 1331 3524 idem
1382 3470 1684 3526 Rothadus
1733 3475 1836 3526 aut

180 3558 445 3633 propria‘
462 3558 805 3614 redderetur
824 3556 1114 3623 Ecclesia,
1129 3564 1230 3613 aut
1261 3563 1413 3614 certe
1433 3560 1673 3615 Romam
1698 3577 1834 3615 cum

178 3648 417 3704 vicariis
442 3646 651 3703 vestris
682 3651 739 3701 et
768 3646 955 3718 ipsius
1004 3649 1444 3704 accusatoribus
1496 3650 1567 3705 ad
1617 3649 1833 3705 exami-

181 3738 449 3793 nandum
481 3740 537 3792 et
557 3735 945 3806 judicandum
978 3736 1146 3792 nobis
1177 3737 1569 3804 destinaretis,
1601 3745 1657 3795 et
1688 3738 1835 3794 nihil

181 3828 339 3899 apud
372 3843 475 3882 vos
507 3825 822 3898 impetrare
851 3827 1271 3898 potuissemus,
1304 3829 1447 3883 dum
1482 3831 1654 3885 modo
1704 3829 1832 3897 hoc,

181 3916 357 3972 modo
386 3915 533 3969 illud
563 3915 635 3970 ad
666 3916 1030 3971 excusandas
1059 3923 1460 3973 excusationes
1491 3919 1548 3973 in
1583 3918 1836 3991 peccatis

180 4004 551 4077 objiceretis;
584 4004 821 4059 tandem
854 4003 1191 4076 aliquando,
1240 4006 1355 4062 Deo
1406 4007 1750 4079 inspirante,
1782 4012 1839 4064 et

180 4095 427 4151 Nicana
458 4092 629 4149 nobis
661 4094 864 4166 synodi
898 4093 1126 4150 decreto
1148 4095 1526 4168 suffragante,
1552 4114 1666 4169 quo
1688 4097 1841 4153 inter

182 4188 392 4241 catera
411 4182 746 4256 pracipitur
767 4187 831 4238 ut
847 4182 971 4240 suis
994 4182 1296 4257 privilegia
1323 4190 1628 4242 serventur
1645 4186 1839 4243 Eccle-

187 4273 314 4341 siis,
335 4277 527 4328 ratum
559 4272 835 4328 duximus
856 4273 983 4344 jam
1006 4273 1227 4328 factum
1255 4274 1606 4343 Rothadum,
1628 4292 1843 4332 memo-

186 4380 283 4418 res
314 4360 538 4418 scilicet
568 4360 1006 4435 privilegiorum
1037 4362 1370 4435 apostolica
1398 4364 1623 4431 sedis,a
1643 4365 1840 4422 vincu-

186 4452 265 4508 lis
280 4451 498 4524 quibus
514 4439 702 4518 illum,
719 4468 791 4507 ne
814 4456 1076 4508 uteretur
1093 4453 1284 4509 ofﬁcio
1307 4470 1411 4509 nec
1433 4471 1551 4509 sua
1568 4458 1845 4527 praesset

188 4539 481 4608 Ecclesia,
515 4539 855 4614 eolligastis,
888 4541 1028 4612 quia
1058 4558 1163 4598 nos
1194 4559 1307 4598 non
1341 4544 1700 4611 censuimus,
1736 4546 1842 4601 ab-

1943 3378 2141 3433 sedem
2163 3376 2540 3448 apostolicam
2565 3376 2683 3432 hac
2708 3382 2924 3435 statuta
2938 3379 3150 3435 Christi
3174 3380 3587 3452 promeruisse.

1944 3466 2247 3539 Privilegia
2277 3467 2433 3522 enim
2466 3483 2575 3522 sua
2604 3484 2637 3522 a
2668 3467 2895 3523 Christo
2918 3467 3174 3524 Ecclesia
3205 3470 3466 3524 Romana
3486 3486 3592 3542 per

1944 3556 2177 3612 Petrum
2209 3560 2525 3611 consecuta
2554 3560 2660 3623 est,
2675 3562 2730 3612 et
2759 3557 2887 3629 ipsa
2918 3564 3057 3613 sunt
3086 3562 3308 3614 statuta
3328 3557 3541 3614 Christi
3571 3576 3584 3614 :

1945 3661 2073 3717 qua
2104 3644 2346 3717 quidam
2375 3648 2516 3700 tunc
2541 3649 2672 3717 post
2689 3645 3049 3719 quiugintos,
3071 3663 3226 3702 nunc
3248 3653 3382 3720 post
3403 3649 3594 3704 octin-

1945 3738 2150 3807 gentos
2170 3750 2355 3790 annos
2377 3734 2673 3789 exinanire
2704 3740 3008 3791 conantur.
3023 3736 3310 3807 Ecclesia,
3326 3737 3593 3810 inquam,

1946 3826 2221 3880 Romana
2252 3824 2394 3879 adeo
2422 3828 2557 3879 suat
2587 3824 2829 3897 antiqua
2858 3830 2913 3881 et
2938 3831 3136 3882 vetera
3178 3826 3502 3901 privilegia,
3533 3832 3600 3884 ut

1946 3914 2180 3969 Nicana
2208 3913 2487 3986 synodus,
2523 3913 2675 3968 sicut
2698 3917 2719 3937 *
2754 3914 3088 3971 Bonifacius
3126 3916 3341 3987 prasul
3367 3921 3600 3989 aposto-

1946 4004 2096 4059 licus
2125 4002 2413 4075 episeopis
2445 4019 2549 4075 per
2576 4003 2940 4060 Thessaliam
2975 4005 3308 4060 constitutis
3339 4005 3603 4063 scribens

1949 4095 2050 4162 ait,
2084 4110 2200 4149 non
2234 4091 2456 4165 aliquid
2499 4109 2679 4164 super
2726 4110 2855 4148 eam
2904 4111 3051 4150 ausa
3095 4094 3173 4150 sit
3225 4095 3602 4161 constituere,

1951 4201 2084 4238 cum
2106 4183 2401 4238 videretur
2417 4181 2563 4237 nihil
2586 4199 2765 4255 supra
2787 4182 3063 4238 meritum
3087 4201 3261 4239 suum
3284 4200 3455 4255 posse
3474 4200 3607 4240 con-

1951 4272 2122 4328 ﬁteri.
2146 4270 2361 4327 Omnia
2389 4270 2644 4342 denique
2668 4276 2905 4327 noverat
2926 4271 3063 4327 huic
3084 4272 3313 4327 Domini
3337 4288 3606 4329 sermone

1952 4377 2250 4418 concessa.
2287 4359 2346 4415 Si
2380 4359 2596 4427 amnia,
2631 4375 2766 4432 ergo
2806 4365 2863 4415 et
2907 4360 3313 4433 episcoporum
3355 4360 3600 4433 judicia.

1953 4451 2299 4506 Perhibente
2330 4459 2524 4504 autem
2555 4449 2724 4505 beato
2754 4450 3048 4506 Bouil‘acio
3081 4452 3234 4522 quod
3257 4450 3490 4507 Nicana
3510 4469 3605 4526 sy-

1952 4540 2144 4596 nodus
2175 4555 2352 4610 super
2370 4537 2692 4604 eum,haud
2716 4537 2959 4594 dubium
2983 4540 3125 4610 quin
3149 4541 3473 4596 Romanam
3499 4542 3606 4597 Ee-

187 4629 557 4688 solvendum.
589 4631 790 4703 Neque
818 4630 976 4686 enim
1006 4634 1127 4686 tam
1151 4631 1402 4688 stolidus
1423 4637 1614 4689 tamve
1634 4635 1846 4707 poterit
1876 4654 1923 4718 Β
1954 4628 2192 4686 clesiam
2224 4644 2340 4683 non
2373 4644 2518 4682 ausa
2539 4627 2613 4682 sit
2633 4625 2831 4700 aliqua
2852 4629 3366 4696 constituere,cum
3388 4631 3609 4688 videret

182 4719 526 4776 traditionis
558 4718 794 4775 tramite
826 4719 1028 4775 devius
1060 4720 1326 4787 inveniri,
1358 4722 1459 4795 qni
1492 4723 1711 4779 cateris
1742 4725 1845 4780 Ec-

185 4808 384 4866 clesiis
416 4807 724 4881 privilegia
752 4808 969 4865 servari
1017 4812 1074 4865 et
1121 4808 1228 4865 soli
1278 4811 1551 4867 Romana
1583 4813 1849 4870 Ecclesia

188 4897 371 4955 adimi
402 4898 613 4954 debere
645 4897 968 4970 perhibeat,
1003 4914 1131 4970 qua
1164 4899 1429 4954 omnium
1461 4901 1850 4958 Ecclesiarum

194 4987 500 5061 magistra,
532 4991 723 5043 mater
751 4991 809 5042 et
838 4993 1014 5061 caput
1040 4990 1147 5043 est.
1182 4987 1240 5043 Si
1274 4988 1406 5059 quis
1438 4995 1630 5046 autem
1678 4991 1857 5048 tacita

194 5078 363 5143 forte,
398 5076 536 5148 quia
566 5092 684 5131 non
733 5076 912 5132 audet
960 5081 1161 5150 aperta
1210 5077 1618 5134 mussitatione
1668 5079 1854 5147 fateri,

177 5166 471 5235 Romana
504 5164 852 5237 hujusmodi
877 5165 1147 5222 Ecclesia
1178 5166 1477 5240 privilegia
1507 5185 1623 5223 non
1653 5169 1855 5241 fuisse,

199 5254 420 5327 quibus
439 5255 609 5310 sedes
631 5254 950 5327 apostolica
967 5255 1213 5331 aliorum
1240 5255 1418 5329 ligata
1440 5258 1759 5329 prasnlum
1782 5260 1862 5315 fa-

200 5343 483 5400 cultatem
513 5343 787 5399 habuerit
816 5343 1195 5412 dissolvendi,
1228 5350 1437 5417 prater
1467 5347 1621 5419 quod
1668 5348 1861 5419 prisca

201 5449 400 5488 rerum
432 5432 798 5505 probatione,
822 5436 880 5488 et
909 5433 1327 5489 nonnullarum
1359 5433 1694 5491 recitatione
1724 5435 1864 5490 scri-

199 5527 512 5596 pturarum
546 5521 929 5593 convincitur,
973 5522 1141 5578 testis
1185 5528 1273 5579 est
1318 5525 1523 5580 beatus
1571 5524 1859 5593 Gelasius,

200 5628 378 5684 quem
390 5611 607 5667 idcirco
627 5611 698 5667 ad
714 5611 1121 5667 testimonium
1136 5628 1313 5684 super
1328 5613 1421 5670 his
1435 5614 1861 5686 perhibendum

202 5701 612 5778 produximus,
646 5700 787 5775 quia
818 5699 973 5757 hunc
1006 5717 1123 5758 non
1158 5701 1346 5760 solum
1372 5704 1485 5761 vita
1516 5710 1572 5762 et
1600 5704 1864 5763 doctrina

535 5831 802 5897 PATROL.
849 5829 1056 5896 CXIX.

1958 4718 2106 4775 nihil
2137 4734 2315 4789 supra
2344 4716 2621 4772 meritum
2654 4735 2828 4774 suum
2870 4735 3042 4791 posse
3093 4720 3377 4789 conﬁteri,
3411 4722 3611 4778 omnia

1960 4807 2212 4880 denique
2240 4806 2378 4861 huic
2408 4812 2646 4881 noverat
2674 4807 2905 4863 Domini
2965 4825 3234 4865 sermone
3281 4826 3561 4866 concessa
3593 4827 3607 4866 :

1961 4904 2018 4954 et
2049 4897 2398 4970 objurgante
2435 4900 2636 4951 sancto
2693 4896 2922 4952 Gelasio
2977 4914 3075 4953 eos
3134 4898 3234 4970 qui
3292 4899 3615 4955 constituta

1964 4986 2177 5043 Christi
2208 4985 2479 5041 volebant
2508 4986 2862 5053 subvertere,
2897 5003 3027 5042 cum
3064 4985 3361 5059 privilegia
3400 4987 3615 5042 Rema-

1965 5095 2052 5132 na
2082 5076 2239 5131 sedis
2269 5073 2660 5131 moliebantur
2699 5075 3035 5147 infringere,
3088 5075 3396 5130 manifeste
3445 5076 3620 5131 datur

1968 5164 2212 5238 intelligi
2245 5166 2445 5220 eadem
2479 5182 2607 5220 esse
2658 5164 2975 5219 constituta
3021 5163 3234 5219 Christi
3296 5181 3422 5236 qua
3480 5168 3622 5221 sunt

1971 5254 2169 5311 omnia
2198 5253 2300 5309 illa
2331 5272 2457 5326 qua
2490 5254 2626 5308 huic
2658 5252 2924 5308 Ecclesia
2957 5253 3214 5326 synodus
3244 5252 3477 5309 Nicana
3517 5272 3620 5310 no-

1969 5349 2130 5401 verat
2150 5344 2381 5399 Domini
2404 5359 2671 5399 sermone
2712 5343 3074 5398 coneessa.A
3112 5346 3373 5414 tempore
3405 5344 3623 5416 quippe

1972 5451 2087 5507 quo
2118 5432 2375 5506 synodus
2406 5431 2639 5487 Nicana
2666 5431 2856 5488 fuerat
2896 5436 3326 5499 consummata,
3359 5433 3621 5489 nondum

1972 5522 2275 5596 quingenti
2306 5537 2494 5592 usque
2525 5520 2596 5576 ad
2628 5520 2925 5576 Gelasium
2967 5520 3105 5577 anni
3151 5520 3526 5588 transierant,
3557 5525 3626 5578 ut

1971 5613 2297 5670 deNicana
2320 5607 2526 5683 synodi
2548 5609 2784 5664 statutis
2806 5614 3007 5665 tantus
3026 5610 3111 5664 vir
3130 5608 3346 5665 dixisse
3359 5610 3628 5667 videatur

1972 5720 2071 5761 eos
2093 5706 2225 5778 post
2248 5701 2600 5778 quingentos
2623 5716 2808 5756 annos
2831 5705 3051 5758 statuta
3079 5699 3292 5756 Christi
3311 5699 3455 5759 velle
3487 5699 3628 5758 sub-

3233 5830 3311 5901 29
