4098 6458
505 364 625 423 907

1887 356 2203 419 NICOLAI
2246 355 2476 416 PAPJE
2518 356 2569 416 Ι.

3819 350 3947 413 908

505 500 751 553 vertere.
786 494 988 552 Restat
1016 509 1153 567 ergo
1184 496 1250 549 ut
1279 492 1439 549 illius
1469 491 1752 565 temporis
1800 490 2160 547 mentionem
2190 490 2245 558 Α
2276 490 2407 557 dus,
2432 487 2781 546 venerabilis
2803 487 3137 560 episcopus,
3160 490 3404 559 paratus
3434 487 3512 544 sit
3532 486 3691 543 omni
3714 485 3946 559 regula-

512 585 734 655 fecerit,
768 602 802 641 a
830 602 946 657 quo
979 584 1437 656 quingentorum
1470 582 1699 638 circiter
1730 597 2017 637 annorum
2044 598 2172 636 cur-

512 674 698 731 ricula
729 690 919 746 usque
949 674 1020 729 ad
1054 690 1115 728 se
1147 671 1418 728 devoluta
1436 675 1706 745 poterant
1727 668 2166 742 comprehendi.

514 764 784 821 Christus
814 763 972 819 enim
1004 762 1305 836 privilegia
1341 762 1661 818 constituta
1690 760 1748 815 in
1780 761 1948 816 Petro
1980 759 2173 831 dispo-

516 853 631 909 sita
656 853 746 908 vel
778 852 1012 907 firmata
1051 852 1324 907 Romanae
1373 849 1625 905 contulit
1670 848 1961 917 Ecclesiae,
1996 864 2175 920 super

517 960 696 1016 quam
727 942 872 998 nihil
902 941 1161 1014 synodus
1194 939 1469 1012 quaelibet
1497 957 1643 996 ausa
1672 944 1762 995 est
1792 938 2001 994 merito
2033 954 2172 993 con-

515 1031 929 1098 stituere,cum
962 1030 1107 1085 sciat
1136 1030 1336 1085 omnia
1366 1028 1709 1099 illi‘Domini
1740 1044 2007 1084 sermone
2030 1043 2173 1082 con—

515 1137 700 1176 cessa.
719 1120 1231 1192 Dispensationem
1249 1119 1466 1191 quippe
1484 1117 1905 1190 redemptionis
1928 1114 2174 1171 humani

515 1210 747 1282 generis
762 1213 895 1265 ante
906 1212 1173 1281 tempora
1186 1207 1490 1264 saecularia
1500 1207 1787 1263 Dominus
1804 1206 2176 1279 omnipotens

515 1314 694 1372 penes
726 1315 787 1354 se
812 1298 1143 1354 ordinatam
1176 1298 1535 1363 custodiens,
1588 1301 1648 1353 et
1689 1300 1950 1369 tempore
1981 1293 2174 1350 carnis

517 1388 856 1454 ostendens,
893 1404 1249 1444 ascensurus
1280 1388 1352 1443 ad
1385 1387 1576 1454 coctos,
1614 1387 1672 1441 in
1723 1384 1968 1459 apostoli
2000 1384 2173 1450 Petri,

516 1493 620 1550 per
630 1494 808 1550 quam
823 1482 879 1533 et
892 1476 1258 1549 apostolatus
1271 1480 1328 1532 et
1339 1477 1712 1549 episcopatus
1734 1474 1988 1547 sumpsit
2007 1490 2176 1530 exor-

517 1566 1087 1637 dium,confessione
1120 1583 1376 1638 curaque
1407 1565 1695 1639 praecipue
1724 1562 2177 1635 collocavit;qui

517 1661 658 1711 tunc
672 1674 775 1729 per
786 1673 848 1712 se
860 1656 1205 1729 etdeinceps
1220 1674 1322 1728 per
1335 1674 1452 1712 sua:
1466 1655 1883 1711 sollicitudinis
1896 1654 2176 1719 hazredes,

521 1745 677 1802 circa
706 1746 1036 1801 humanum
1068 1763 1276 1819 genus,
1294 1763 1421 1818 quae
1446 1745 1555 1803 sibi
1580 1745 1866 1801 Dominus
1888 1759 2181 1801 commen-

523 1836 701 1901 davit,
736 1852 853 1890 non
900 1834 1125 1891 destitit
1172 1834 1461 1891 exhibere.
1509 1835 1638 1891 Haec
1687 1834 1843 1890 enim
1887 1832 2006 1900 ille,
2057 1832 2180 1940 haec
2207 1874 2255 1940 B

523 1941 895 1980 successores
924 1924 1052 1995 ejus
1082 1939 1151 1979 ex
1178 1928 1320 1979 tunc
1350 1940 1520 1997 agere
1550 1940 1666 1979 non
1689 1922 2178 1990 omittunt,modo

523 2013 737 2081 verbis,
762 2013 936 2069 modo
970 2013 1335 2069 decretorum
1369 2030 1611 2069 suorum
1636 2012 1899 2085 epistolis
1929 2012 2003 2067 ab
2035 2012 2180 2068 urbe

526 2103 791 2158 Romana
818 2101 1064 2157 diversis
1105 2103 1469 2173 temporibus
1517 2103 1692 2169 datis,
1724 2102 2178 2158 commissarum

524 2191 635 2249 sibi
664 2192 859 2248 ovium
903 2191 1328 2263 providentiam
1376 2190 1778 2264 principaliter
1824 2194 2176 2247 exercentes.

526 2282 727 2354 Itaque
758 2280 1092 2337 Rothadum
1126 2279 1488 2353 episcopum,
1514 2282 1586 2336 de
1617 2298 1732 2353 quo
1763 2280 2050 2336 hactenus
2083 2297 2181 2335 no-

523 2371 663 2428 stris
693 2370 1131 2442 contempsistis
1175 2370 1411 2426 obedire
1470 2370 1788 2437 mandatis,
1847 2371 2088 2425 tandem
2148 2387 2182 2426 a

523 2461 712 2529 nobis,
729 2461 848 2517 imo
862 2460 1043 2526 aDeo,
1061 2460 1310 2532 pristino
1332 2461 1541 2533 gradui
1566 2460 1905 2516 restitutum
1928 2459 2182 2532 benigne

522 2550 825 2623 suscipite,
861 2548 1001 2621 quia
1032 2547 1127 2603 ille
1159 2548 1530 2622 evangelicus
1576 2549 1736 2606 ﬁlius
1783 2550 2015 2605 rediens
2064 2566 2180 2605 non

524 2638 718 2694 solum
752 2637 971 2709 suscipi
1005 2635 1239 2706 meruit,
1273 2637 1373 2693 sed
1407 2642 1465 2694 et
1494 2638 1709 2711 dignus
1733 2638 1993 2711 paternis
2023 2655 2181 2694 com-

527 2728 798 2801 plexibus
827 2727 1138 2798 invenitur,
1153 2731 1210 2783 et
1228 2727 1514 2784 annulum
1538 2729 1673 2783 ﬁdei
1704 2729 1930 2801 recipit,
1946 2734 2003 2785 et
2033 2728 2185 2784 stola

534 2816 956 2883 circumdatur,
989 2833 1094 2889 per
1124 2832 1304 2888 quam
1327 2818 1466 2890 quid
1491 2816 1650 2873 aliud
1673 2834 1852 2890 quam
1876 2818 2183 2875 sacerdotii

533 2906 906 2963 declarantur
931 2905 1236 2979 insignia?
1266 2907 1380 2962 Nec
1411 2906 1729 2979 probabilis
1759 2907 1979 2963 exstitit
2026 2908 2184 2981 apud

527 3001 756 3069 patrem
789 2996 984 3053 senior
1013 2995 1192 3065 titius,
1214 2997 1369 3069 quod
1401 2996 1611 3052 invidit
1636 3002 1864 3070 recepto
1886 3015 1898 3052 :
1919 3014 2025 3054 nec
2055 3003 2183 3054 tan-

530 3090 657 3141 tum
677 3085 867 3142 meriti
887 3085 1095 3142 habuit
1112 3103 1290 3159 penes
1306 3092 1533 3159 patrem
1554 3088 2187 3160 perseverando,quan-

533 3180 662 3231 tum
694 3192 853 3231 noxa:
903 3176 1191 3232 contraxit
1247 3194 1364 3233 non
1423 3176 1756 3249 recipiendo
1813 3194 2182 3251 germanum.

2280 579 2420 635 riter
2445 578 2708 652 poscenti
2739 577 2811 633 de
2843 594 2924 645 se,
2959 576 3096 649 quia
3128 581 3243 633 Deo
3288 575 3540 649 propitio
3590 575 3737 632 nulli
3786 574 3945 648 parti

2279 668 2469 725 favere
2498 666 2771 723 volumus
2802 670 3006 723 contra
3025 666 3324 738 justitam,
3354 682 3552 723 coram
3593 664 3749 721 sedis
3799 681 3947 738 apo-

2281 757 2498 814 stolica:
2531 755 2781 829 praesule
2813 756 3055 812 reddere
3085 755 3392 811 rationem.
3422 755 3508 812 Ita
3537 755 3829 810 duntaxat
3857 758 3944 821 ut,

2283 846 2609 902 secundum
2644 845 2938 917 majorum
2972 844 3376 911 diffinitiones,
3408 848 3539 900 snte
3587 842 3787 900 omnia
3816 860 3945 916 quae

2282 935 2448 1008 prius
2477 935 2823 1008 possederat
2853 934 3083 1007 integro
3104 934 3241 1006 jure
3262 933 3695 1006 recipiat;adeo
3716 938 3782 988 ut
3805 932 3947 988 tatis

2283 1024 2360 1080 sit
2391 1024 2451 1080 in
2479 1024 2757 1080 omnibus
2799 1023 2991 1096 qualis
3040 1029 3176 1080 ante
3226 1023 3580 1080 sententiam
3628 1026 3839 1078 contra
3885 1039 3948 1079 se

2284 1112 2571 1187 prolatam
2591 1113 2774 1170 fuisse
2790 1113 3394 1187 dignoscitur.Sicque
3416 1111 3950 1181 demum,Ecclesia

2284 1208 2534 1276 recepta,
2569 1207 2626 1259 et
2667 1203 3007 1276 episcopatu
3052 1202 3239 1259 libera
3285 1202 3597 1259 securitate
3646 1218 3946 1274 possessa,

2285 1293 2567 1365 proximis
2584 1296 2641 1349 et
2661 1292 2888 1361 amicis,
2905 1293 3164 1360 rebus,et
3184 1291 3330 1365 ipsis
3355 1292 3674 1365 resumptis
3694 1291 3949 1357 viribus,

2284 1382 2533 1438 vestitus
2563 1399 2817 1454 quoque,
2836 1387 2894 1438 et
2924 1380 3333 1455 spiritualibus
3360 1381 3531 1437 annis
3554 1386 3952 1450 tectus,accu-

2286 1472 2582 1528 satoribus
2613 1472 2962 1545 respondeat
2990 1470 3136 1538 suis,
3169 1475 3227 1528 et
3266 1472 3421 1527 unde
3463 1470 3786 1545 impetitur,
3825 1470 3953 1544 ple-

2288 1561 2537 1618 nissima
2567 1562 2803 1619 studeat
2831 1561 2940 1617 hos
2973 1561 3074 1634 qui
3108 1560 3250 1618 toris
3281 1563 3459 1633 atque
3482 1558 3645 1617 intus
3675 1565 3822 1616 sunt
3852 1578 3952 1616 sav

2286 1650 2616 1708 tisfactionc
2645 1651 2987 1707 certiﬁcare.

2521 1866 2593 1905 AD
2630 1865 2859 1906 CLERUM
2901 1866 2967 1904 ET
3005 1866 3230 1904 PLEBEM
3269 1863 3700 1905 SUESSIONICM.

2946 1941 3133 2009 (Anno
3162 1939 3291 2007 865)

2293 2030 2354 2085 Ut
2384 2030 2691 2085 restitutum
2719 2031 2832 2085 sibi
2862 2028 3168 2085 Rothadum
3198 2030 3506 2101 episcopum
3552 2029 3705 2085 omni
3749 2027 3954 2100 affectu

2965 2102 3264 2173 excipiant.

2804 2191 2973 2263 Apud
3006 2189 3216 2257 Mansi,
3249 2189 3428 2261 [ibid.]

2361 2279 2522 2336 Clero
2552 2284 2608 2335 et
2639 2279 2793 2353 plebi
2825 2279 3169 2336 consistenti
3202 2277 3525 2335 Suessioni.

2361 2369 2525 2426 Sicut
2556 2369 2817 2442 priorum
2849 2372 3162 2443 parentum
3184 2373 3273 2425 est
3294 2370 3365 2424 de
3391 2369 3640 2424 orbitate
3670 2372 3952 2424 natorum

2291 2459 2407 2514 acri
2432 2459 2599 2515 valde
2629 2458 3046 2516 lamentatione
3088 2458 3310 2532 lugere,
3361 2458 3443 2514 ita
3490 2459 3835 2514 devotorum
3887 2458 3953 2514 li-

2290 2548 2505 2605 liorum
2536 2549 2838 2622 proprium
2863 2553 2953 2605 est
2972 2550 3043 2605 de
3063 2548 3250 2622 patris
3275 2547 3594 2604 amissione
3614 2547 3952 2604 vehementi

2292 2655 2540 2695 maerore
2569 2639 2723 2694 affici
2757 2643 2814 2694 et
2843 2639 3049 2695 ardore
3073 2638 3263 2694 valido
3284 2637 3530 2693 cruciari
3558 2654 3572 2705 ;
3605 2654 3672 2693 ac
3704 2653 3810 2710 per
3842 2638 3954 2693 hoc

2292 2732 2496 2783 contra
2524 2733 2795 2783 naturam
2829 2728 3265 2801 quodammodo
3296 2728 3513 2801 agitur,
3546 2727 3596 2782 si
3643 2743 3761 2783 una
3813 2744 3953 2801 pars

2293 2816 2419 2873 sine
2450 2817 2691 2874 alterius
2721 2818 2905 2891 partis
2936 2817 3212 2874 societate
3243 2816 3512 2873 anxietnr
3532 2820 3589 2872 et
3608 2816 3952 2873 doleat.Sed

2292 2907 2354 2961 in
2386 2905 2496 2963 hoc
2528 2924 2647 2975 vos,
2681 2907 3013 2964 charissimi
3046 2907 3172 2975 filii,
3208 2907 3362 2963 sicut
3389 2906 3459 2961 de
3487 2905 3651 2962 vobis
3675 2906 3954 2978 frequens

2294 3001 2494 3052 narrat
2522 2997 2740 3070 opinio,
2777 3014 3136 3070 nequaqum,
3170 3001 3283 3053 Deo
3323 2994 3562 3069 gratias,
3597 2994 3816 3068 frigidi,
3851 3012 3953 3051 ne-

2295 3102 2593 3159 quaquam
2623 3087 2935 3143 exstitistis
2954 3086 3188 3160 ingrati.
3214 3086 3478 3158 Denique
3498 3084 3697 3141 nullus
3720 3085 3957 3140 dubitat

2296 3193 2446 3249 quas
2477 3177 2702 3232 devotio
2722 3181 2935 3244 vestra,
2956 3176 3188 3249 proprio
3220 3175 3502 3232 destituta
3520 3174 3956 3248 praesidio,ipsa

531 3266 681 3337 Ergo
714 3265 996 3338 suscipite
1022 3265 1194 3322 illum
1226 3270 1293 3321 ut
1319 3249 2184 3340 fratrem,suscipite,inquam,
2214 3249 2261 3321 (ἶ
2295 3271 2583 3339 quantum
2614 3268 2683 3323 ad
2716 3266 3017 3323 hominem
3041 3265 3290 3339 pertinet
3319 3264 3578 3339 orphana
3612 3281 3951 3334 remanens,

528 3354 696 3410 illum
727 3360 791 3411 ut
819 3371 952 3411 mea
978 3356 1219 3412 viscera.
1254 3355 1546 3412 Sollicitos
1576 3360 1771 3413 autem
1796 3374 1899 3413 vos
1938 3374 2041 3430 pro
2088 3376 2182 3414 sa-

526 3442 649 3501 lute
665 3445 915 3501 libenter
933 3445 1106 3501 audio
1124 3462 1135 3499 :
1153 3450 1357 3501 contra
1377 3450 1553 3517 caput
1573 3447 1750 3501 etiam
1773 3447 1820 3501 si
1847 3446 2180 3503 faciendum

526 3538 634 3601 est,
670 3552 785 3591 non
817 3534 1065 3591 libenter
1095 3536 1360 3591 admitto.
1414 3536 1515 3590 Cui
1566 3553 1780 3592 manus
1830 3537 2184 3610 porrigenda

524 3627 633 3691 est,
650 3624 955 3680 vobiscum
978 3625 1336 3697 porrigo,cui
1362 3625 1853 3697 porrigo,mecum
1878 3627 2178 3699 porrigite.

523 3711 585 3766 Si
612 3711 706 3767 cui
736 3716 932 3768 autem
964 3711 1189 3784 aliquid
1219 3713 1501 3782 donastis,
1537 3719 1593 3770 et
1623 3732 1747 3787 ego.
1782 3716 1930 3771 Nam
1964 3720 2022 3770 et
2050 3732 2178 3788 ego,

523 3799 632 3856 etsi
665 3799 805 3872 quid
836 3802 1042 3857 donavi
1078 3808 1314 3874 propter
1342 3821 1466 3870 vos,
1490 3804 1548 3858 in
1583 3822 1833 3876 persona
1862 3805 2182 3873 Christi,ut

522 3906 639 3946 non
671 3890 1081 3962 possideamur
1112 3910 1145 3946 a
1178 3893 1412 3948 Satana.
1449 3893 1574 3949 Non
1625 3895 1781 3949 enim
1835 3888 2180 3967 ignoramus

521 3980 809 4036 versutias
822 3980 1078 4053 ejus,qui
1092 3999 1271 4054 super
1289 3982 1646 4039 discessione
1668 3983 2177 4057 lzetatur.Apostoli

522 4086 656 4125 vero
688 4070 992 4126 declaratze
1016 4072 1398 4145 benignitatis
1421 4072 1602 4128 herba
1626 4079 1784 4142 sunt,
1810 4074 1963 4130 sicut
1985 4092 2053 4131 ea
2071 4075 2178 4130 viri

523 4158 847 4214 beatissimi
870 4159 1203 4231 apostolica:
1226 4159 1381 4216 sedis
1406 4161 1701 4232 praesules,
1724 4163 2102 4219 Innocentius
2124 4170 2181 4221 et

524 4246 1892 4321 Bonifacius,sapientissimereplicarunt,Porro
1907 4253 2179 4326 quisquis

524 4341 729 4393 contra
758 4338 869 4394 hoc
899 4339 1082 4394 nostri
1116 4339 1476 4411 apostolatus
1506 4341 1830 4407 decretum,
1864 4346 1997 4415 post
2026 4344 2180 4399 noti-

521 4427 668 4483 tiam
694 4429 823 4498 ejus
853 4445 915 4483 se
946 4429 1211 4497 efferens,
1246 4446 1397 4502 saepe
1432 4432 1545 4486 fato
1580 4432 1845 4487 Rotbado
1882 4433 2175 4505 episcopo,

524 4518 601 4572 ad
629 4517 1021 4589 recipiendam
1054 4522 1111 4573 et
1138 4522 1451 4591 regendam
1487 4521 1852 4576 Suessonicae
1885 4523 2047 4578 urbis
2073 4524 2177 4578 Ec-

2291 3356 2483 3412 varias
2508 3362 2566 3413 et
2586 3356 2921 3429 multipices
2951 3356 3315 3413 calamitates
3345 3354 3666 3428 pertulerit.
3701 3354 3813 3410 Sed
3856 3354 3954 3411 ille

2293 3446 2393 3518 qui
2425 3446 2699 3503 fidelibus
2729 3446 3035 3520 discipulis
3065 3446 3232 3515 dixit,
3254 3448 3377 3503 Non
3405 3446 3715 3517 relinquam
3742 3460 3836 3500 vos
3866 3461 3953 3501 or-

2286 3535 2501 3607 phanos
2527 3539 2719 3605 (Joan.
2754 3540 2889 3605 xw),
2922 3553 3039 3592 non
3075 3536 3267 3592 solum
3301 3535 3572 3609 praesenti
3605 3550 3712 3590 sua
3761 3536 3951 3607 maje-

2292 3628 2441 3681 state
2472 3626 2742 3697 protexit,
2776 3627 2875 3682 sed
2907 3625 3083 3682 etiam
3114 3625 3387 3699 propitia,
3435 3641 3552 3698 quo
3599 3623 3844 3680 desolati
3896 3626 3953 3679 et

2291 3714 2555 3771 destituti
2578 3716 2777 3784 eratis,
2800 3732 2904 3788 pro
2926 3732 3034 3771 sua
3060 3714 3360 3772 redonavit
3380 3715 3598 3787 pietate
3618 3716 3910 3769 rectorem
3936 3730 3949 3767 :

2292 3805 2462 3861 nobis
2484 3805 2832 3878 scilicet,qui
2855 3806 2915 3861 in
2937 3824 3003 3861 eo
3023 3804 3294 3874 vivimus,
3314 3820 3619 3861 movemur
3638 3808 3693 3859 et
3716 3818 3950 3871 sumus,

2291 3896 2362 3949 ad
2388 3912 2521 3951 eum
2544 3895 2709 3951 vobis
2733 3896 3099 3951 reddendum
3129 3899 3278 3950 nutu
3311 3911 3429 3950 suae
3452 3891 3850 3949 miserationis
3872 3891 3956 3947 in-

2291 3984 2473 4040 terius
2506 3985 2802 4057 imperans
2823 3990 2881 4041 et
2900 3988 3299 4057 competenter
3317 3983 3612 4040 erudiens.
3628 3983 3773 4037 Ecce
3791 3982 3951 4038 enim

2289 4074 2676 4130 venerabilem
2709 4075 2900 4130 virum
2933 4075 3287 4145 Rothadum,
3323 4074 3560 4129 fratrem
3592 4075 3866 4128 nostrum
3899 4075 3958 4125 et

2291 4164 2701 4237 coepiscopum
2735 4169 3027 4233 nostrum,
3050 4169 3314 4221 vestrum
3348 4168 3545 4219 autem
3573 4166 3824 4235 patrem,
3860 4178 3958 4234 pa-

2291 4258 2506 4309 storem
2526 4260 2701 4327 atque
2720 4254 3193 4328 magistrum,cuj
3204 4271 3274 4321 us
3289 4253 3603 4326 longajam
3622 4250 3952 4307 eruditione

2292 4343 2584 4411 instructi,
2616 4346 2787 4416 cujus
2818 4344 2956 4399 olim
2989 4344 3140 4399 sacri
3166 4342 3323 4399 verbi
3356 4358 3505 4415 pane
3536 4340 3753 4410 refecti,
3777 4340 3950 4411 cujus

2291 4432 2587 4489 diuturnis
2628 4434 2933 4490 laboribus
2984 4438 3040 4489 et
3086 4432 3303 4507 vigiliis
3345 4430 3741 4502 circumsepti,
3774 4431 3949 4501 cujus

2290 4523 2625 4596 magisterio
2675 4528 2732 4579 et
2779 4524 3045 4579 doctrina
3093 4527 3207 4579 Deo
3253 4522 3395 4579 estis
3443 4525 3679 4576 auctore
3725 4518 3945 4585 refecti,

523 4604 784 4673 clesiam,
832 4606 1067 4679 aliquod
1118 4608 1311 4681 palam
1361 4608 1447 4663 vel
1498 4609 1721 4665 occulte
1769 4612 2177 4683 przeparaverit
2209 4632 2256 4696 Ι)
2290 4612 2500 4684 prioris
2531 4613 2735 4668 infulis
2766 4611 3074 4670 sacerdotii
3106 4618 3165 4669 et
3194 4611 3460 4685 pristinis
3482 4610 3945 4681 redintegratum

523 4695 1119 4761 oﬂ'endiculum,velsi
1134 4715 1393 4770 personae
1408 4696 1596 4769 ipsius
1609 4715 1723 4769 quo
1735 4701 2028 4770 quomodo
2043 4701 2179 4757 insi-

522 4783 717 4840 diatus
740 4786 1049 4855 exstiterit;
1077 4787 1344 4858 quinimo
1365 4786 1414 4842 si
1439 4785 1572 4857 quis
1593 4793 1849 4845 vestrum
1880 4790 1950 4845 ad
1984 4790 2181 4848 Eccle-

521 4875 669 4932 siam
703 4876 1098 4949 recipiendam
1124 4876 1227 4941 illi,
1244 4881 1527 4947 tanquam
1549 4875 1727 4933 frater
1747 4878 1933 4945 fratri,
1952 4882 2181 4952 adjuto-

521 4965 672 5021 rium
698 4985 809 5021 non
838 4965 1192 5038 praestiterit,
1218 4969 1419 5037 utpote
1442 4965 1541 5036 qui
1563 4965 1719 5022 videt
1739 4968 1977 5025 fratrem
2002 4987 2176 5027 suum

520 5057 928 5111 necessitatem
961 5055 1198 5117 habere,
1232 5058 1289 5108 et
1313 5053 1533 5109 claudit
1560 5055 1780 5113 viscera
1812 5075 1922 5121 sua
1971 5059 2043 5113 ab
2086 5076 2173 5129 eo,

520 5147 577 5200 et
604 5144 781 5199 veluti
816 5146 866 5199 is
899 5145 957 5199 in
986 5161 1100 5215 quo
1132 5143 1387 5197 Charitas
1418 5144 1518 5199 Dei
1551 5162 1665 5201 non
1699 5153 1915 5215 manet,
1946 5148 2018 5203 ab
2048 5147 2178 5221 ipsa

519 5232 821 5300 charitate,
848 5252 975 5305 quae
1025 5234 1179 5288 Deus
1211 5238 1317 5299 est,
1351 5240 1405 5288 et
1437 5252 1470 5289 a
1518 5252 1755 5308 corpore
1786 5242 1842 5293 et
1893 5239 2181 5311 sanguine

519 5321 755 5391 Christi,
776 5327 831 5377 et
853 5341 886 5377 a
908 5324 1077 5377 nobis
1106 5323 1205 5393 qui
1240 5325 1502 5379 membra
1525 5324 1684 5380 illius
1709 5344 1937 5393 sumus,
1962 5326 2178 5384 habea-

520 5416 617 5467 tur
645 5411 1003 5468 omnimodis
1034 5412 1281 5468 alienus.
1318 5414 1498 5469 ΠοΡΓο
1532 5432 1600 5469 ne
1634 5416 1929 5486 justitiam
1980 5434 2177 5490 regere

517 5507 728 5557 nostra:
761 5505 989 5556 tantum
1012 5502 1318 5559 videamur
1336 5504 1654 5559 voluntatis
1687 5505 1951 5570 arbitrio,
1986 5524 2050 5563 ac
2074 5525 2176 5580 per

516 5590 623 5647 hoc
657 5590 1023 5646 aestimemun
1057 5594 1352 5649 canonicis
1386 5593 1613 5665 legibus
1645 5595 2171 5658 contraire.sanci-

513 5698 648 5749 mus
680 5684 858 5755 atque
889 5681 1256 5742 decernimus
1278 5689 1569 5759 quatenus
1593 5686 1939 5759 saepedictus
1966 5689 2171 5745 [letha-

2287 4702 2609 4758 honoribus
2641 4720 2706 4759 ac
2729 4703 3006 4759 omnibus
3028 4702 3398 4775 episcopatus
3419 4699 3631 4757 officiis
3653 4702 3947 4755 restaura-

2286 4795 2436 4859 tum,
2469 4796 2670 4847 vestrae
2698 4791 2874 4847 alacri
2905 4791 3195 4848 devotioni
3226 4795 3283 4848 et
3311 4791 3419 4864 piae
3448 4786 3745 4845 dilectioni
3777 4785 3947 4843 remi-

2288 4880 2751 4937 simus.Habetis
2771 4887 3049 4954 praeterea
3073 4881 3134 4937 in
3166 4881 3276 4938 hoc
3308 4881 3489 4936 beata:
3522 4875 3946 4935 recordationis

2285 4970 2589 5026 Athanasii
2604 4971 3049 5044 prudentissimi
3066 4970 3386 5028 sacerdotis
3404 4967 3758 5041 exemplum:
3775 4967 3946 5037 cujus

2286 5058 2597 5117 tolerantia
2626 5061 2718 5117 cui
2753 5079 2869 5116 non
2898 5060 3283 5117 consolationi
3315 5060 3441 5116 sit?
3464 5059 3559 5115 cui
3609 5073 3726 5113 non
3779 5072 3944 5129 spem

2286 5148 2461 5204 faciat
2490 5151 2618 5220 ejus
2649 5151 3045 5224 inexspectata
3074 5149 3363 5207 reversio?
3384 5148 3633 5220 Ejicitur
3655 5145 3785 5202 Ario
3808 5162 3944 5217 pras-

2290 5243 2595 5310 sequente,
2610 5241 2709 5296 sed
2735 5242 3094 5297 revocandus
3117 5239 3364 5297 Domino
3386 5234 3942 5312 prosequente.Pas-

2289 5346 2390 5385 sus
2420 5334 2510 5385 est
2540 5346 2850 5397 carcerem,
2876 5347 3089 5403 passus
3109 5333 3199 5387 est
3222 5328 3546 5403 angustias,
3572 5342 3677 5382 nec
3700 5324 3936 5390 mirum,

2286 5418 2335 5474 si
2366 5418 2454 5474 vir
2483 5419 2842 5491 apostolicus
2864 5437 2932 5476 ea
2973 5438 3186 5493 passus
3225 5425 3333 5488 est,
3359 5417 3574 5491 quibus
3606 5433 3670 5472 se
3698 5416 3938 5487 Aposto-

2282 5507 2376 5563 lus
2405 5508 2690 5582 gloriatur
2719 5510 3095 5566 exercitatum
3122 5512 3196 5581 (II
3220 5514 3371 5578 σωκ,
3395 5510 3495 5576 xu).
3524 5507 3586 5562 In
3620 5506 3714 5561 his
3746 5510 3939 5559 tamen

2283 5600 2559 5655 omnibus
2589 5604 2828 5656 secutus
2859 5605 2949 5656 est
2973 5601 3160 5669 illum,
3186 5599 3287 5675 qui
3319 5598 3428 5656 sibi
3461 5597 3520 5652 in
3553 5590 3938 5651 tribulationi-

2283 5689 2393 5745 bus
2423 5705 2483 5746 se
2517 5688 2742 5763 placere
2767 5694 3038 5761 testatur,
3074 5691 3313 5767 fugatus
3341 5688 3526 5757 illinc,
3560 5690 3615 5743 ct
3636 5685 3693 5741 in
3722 5680 3938 5741 nostris
