4098 6464
497 360 619 424 919

1876 356 2190 423 NICOLAI
2232 357 2461 424 ΡΑΡιΕ
2504 360 2554 424 Ι.

3800 356 3930 425 910

498 500 612 552 tum
647 514 757 552 non
792 496 1212 553 subtrahemus
1250 496 1347 552 sed
1385 495 1577 566 potius
1610 497 1887 568 tauquam
1922 494 2149 550 caelitus
2184 494 2237 559 Α
2268 494 2486 565 copula:
2507 497 2735 565 obicrit,
2766 495 2913 553 alter
2944 495 3043 570 qui
3076 498 3374 569 superstes
3404 492 3672 561 fuerit,ct
3702 492 3758 548 in
3792 496 3929 549 ade.

500 586 683 661 gratis
716 592 1021 660 acceptum
1055 586 1429 641 donabimus.

1095 719 1275 758 CAPUT
1315 717 1570 757 PRIMUM.

574 810 885 884 Hasigitur
904 828 1031 882 quae
1055 809 1285 865 duobus
1308 808 1589 864 fratribus
1612 806 2037 880 nupserint,vel
2057 808 2158 881 qui

503 901 652 957 duas
671 917 901 956 sorores
923 916 1129 955 uxores
1152 898 1505 971 acceperint,
1531 898 1846 953 concilium
1870 899 2161 954 Neocaesa-

505 991 697 1046 riense
719 1007 827 1060 usq
839 1007 906 1045 ue
927 990 998 1045 ad
1023 992 1273 1044 mortem
1296 987 1492 1058 abjici,
1514 987 1641 1042 etin
1665 987 1821 1043 exitu
1847 1004 1953 1044 suo
1977 987 2159 1060 poeni-

505 1079 699 1135 tentiae
724 1076 1393 1145 remedium,dissolutis
1415 1077 1702 1132 duntaxat
1723 1077 1903 1149 hujus
1922 1077 2163 1148 conjun-

507 1168 719 1225 ctionis
748 1166 1019 1232 vinculis,
1054 1166 1333 1238 consequi
1358 1166 1548 1237 jubet.
1576 1166 1691 1222 Hos
1713 1170 1907 1221 autem
1935 1166 2024 1222 vel
2054 1166 2163 1221 has

507 1258 605 1331 qui
625 1257 714 1313 vel
736 1264 862 1330 quae
885 1260 1018 1329 post
1040 1255 1446 1329 pmnitentiam
1486 1272 1636 1311 nova
1681 1255 1957 1328 conjugia
1985 1260 2040 1311 et
2068 1255 2163 1310 in-

506 1347 724 1404 hibitos
756 1345 1084 1419 appetivere
1116 1344 1709 1412 concubitus,beatus
1739 1361 1891 1417 papa
1918 1343 2162 1401 Siricius

507 1454 541 1493 a
562 1435 877 1493 Dominicze
901 1452 1118 1490 mensae
1142 1433 1402 1489 convivio
1425 1438 1680 1506 separat,
1713 1438 1770 1489 et
1800 1433 1923 1489 solo
1952 1433 2163 1490 viatico

506 1543 642 1583 cum
674 1526 743 1581 ad
779 1524 1092 1581 Dominum
1126 1524 1410 1596 cmperint
1440 1522 1752 1595 proficisci,
1773 1539 1875 1595 per
1905 1540 2166 1578 commu-

508 1615 704 1672 nionis
737 1614 988 1686 gratiam
1031 1613 1215 1669 voluit
1256 1612 1477 1668 talibus
1521 1612 1842 1668 subveniri.
1875 1615 1997 1679 Quo
2029 1628 2165 1685 ergo

508 1709 677 1779 pacto
710 1703 906 1776 aliquo
939 1707 1189 1776 possunt
1218 1702 1302 1757 uti
1333 1701 1862 1775 conjugio,quibus
1886 1719 1989 1758 nec
2020 1700 2169 1757 inhi-

508 1795 666 1850 bitos
695 1794 885 1849 denuo
936 1796 1195 1865 repetere
1243 1792 1612 1857 concubitus,
1647 1809 1753 1848 nec
1783 1808 1990 1847 rursus
2019 1808 2169 1847 nova

511 1882 786 1956 conjugia
817 1882 949 1938 licet
979 1881 1341 1950 contrahere,
1367 1898 1497 1937 cum
1524 1880 1700 1937 etiam
1733 1881 2037 1937 dissolutis
2060 1880 2169 1935 hu-

505 1971 772 2046 jusmcdi
803 1971 1237 2043 conjunctionis
1268 1970 2032 2041 vinculis,nonnisiinexitu
2056 1988 2170 2042 pm-

513 2061 770 2118 nitentiae
783 2060 1109 2118 remedium
1122 2059 1268 2115 tales
1282 2060 1561 2132 consequi
1579 2059 1834 2132 possint?
1846 2060 1969 2115 Non
1988 2059 2167 2126 enim,

513 2155 579 2207 ut
610 2154 812 2207 saneto
842 2150 1121 2204 innuente
1154 2148 1401 2221 prmsule
1431 2149 1641 2205 Siricio
1675 2167 1855 2221 supra
1897 2148 2168 2205 memini-

514 2243 782 2306 mus,aut
802 2256 949 2294 nova
966 2238 1234 2311 conjugis
1248 2242 1369 2303 ,aut
1385 2237 1666 2294 inbibitos
1684 2239 1877 2294 denuo
1899 2242 2171 2310 appetere

515 2328 865 2386 concubitus
896 2328 1002 2382 bos
1021 2326 1116 2399 qui
1143 2327 1548 2399 pmnitrntiam
1583 2343 1876 2382 reservare
1909 2327 2168 2393 student,

515 2422 763 2491 oportet.
785 2417 995 2472 Praeter
1018 2416 1139 2471 haec
1160 2421 1357 2471 autem
1392 2417 1687 2487 quomodo
1720 2420 1921 2487 posset
1941 2416 2171 2471 duabus

515 2508 819 2566 sororibus
846 2507 935 2561 vir
964 2505 1351 2578 quilibet,aut
1381 2505 1612 2560 duobus
1646 2504 1924 2560 fratribus
1959 2504 2172 2577 qumvis

516 2597 730 2654 mulier
760 2595 1042 2667 copulari,
1076 2599 1133 2650 et
1164 2612 1371 2650 rursus
1402 2594 1730 2650 viventibus
1772 2593 1890 2649 illis
1921 2595 1993 2649 ad
2025 2593 2172 2649 alias

514 2685 753 2758 nuptias
782 2682 1108 2749 convolare,
1130 2700 1261 2738 cum
1285 2683 1421 2739 licet
1443 2700 1558 2738 non
1576 2684 1730 2755 jure,
1756 2683 1816 2738 in
1839 2683 2071 2738 duabus
2091 2688 2174 2739 ta-

515 2792 649 2832 men
683 2773 973 2847 personis,
1006 2772 1367 2828 connubium
1405 2777 1773 2828 contractum
1816 2774 1944 2845 jam
1979 2772 2169 2841 fuerit,

520 2869 579 2922 et
598 2864 925 2920 secundum
964 2861 1340 2934 Evangelium
1376 2861 1604 2917 vivente
1633 2880 1751 2918 uno
1772 2879 1841 2918 ex
1862 2862 2170 2917 matrimo-

516 2954 639 3023 nio,
671 2953 816 3009 alter
845 2952 895 3007 si
928 2953 1239 3024 conjugem
1273 2951 1523 3020 duxerit,
1547 2952 1874 3007 moechatur
1895 2953 1921 3007 '?
1941 2953 2102 3017 Quod
2124 2951 2173 3007 si

519 3047 764 3099 mortuae
788 3043 915 3112 jam
944 3046 1086 3097 sunt
1116 3041 1228 3095 illae
1260 3040 1387 3095 duae
1420 3058 1650 3096 sorores
1679 3040 1767 3096 vel
1793 3042 2021 3104 fratres,
2044 3041 2171 3114 qui-

519 3133 633 3189 bus
652 3132 741 3187 vir
769 3130 853 3187 vel
889 3130 1103 3186 mulier
1125 3131 1335 3201 juncta
1367 3128 1497 3198 fuit,
1530 3135 1587 3186 et
1629 3132 1758 3187 ideo
1807 3130 2177 3186 existimatur

515 3222 722 3315 tertias
752 3220 1072 3315 quemlibet
1086 3220 1172 3275 vel
1194 3219 1521 3315 quamlibet
1550 3220 1786 3315 nuptias
1809 3220 2171 3289 contrahere,
2205 3248 2247 3315 C

520 3310 825 3367 sciendum
859 3316 947 3367 est
977 3309 1116 3382 quia
1140 3327 1247 3365 nos
1280 3327 1393 3365 non
1428 3309 1535 3365 hoc
1560 3325 1594 3364 a
1625 3309 1920 3366 Salvatore
1952 3315 2171 3379 nostro,

521 3417 639 3457 non
652 3400 725 3456 ab
738 3398 1040 3473 apostolis,
1057 3416 1173 3455 non
1194 3399 1265 3455 ab
1298 3398 1637 3472 apostolicis
1659 3398 1798 3456 viris
1820 3398 2174 3473 accepimus,

521 3491 624 3547 sed
658 3507 764 3547 nec
796 3489 1205 3562 accipiendum
1238 3488 1674 3543 mandabimus.

1210 3622 1392 3660 CAPUT
1433 3624 1488 3660 II.

593 3714 711 3768 Hos
741 3730 874 3767 vero
906 3709 1005 3783 qui
1055 3712 1125 3765 de
1177 3711 1414 3783 prepria
1458 3712 1967 3784 consanguinitate
2011 3729 2076 3768 ac
2109 3713 2179 3768 de

521 3799 760 3875 propria
789 3800 1133 3873 cognatione
1183 3818 1392 3855 uxores
1442 3801 1759 3872 accipiunt,
1790 3800 1879 3857 vel
1922 3801 2175 3867 nubunt,

521 3886 658 3963 quis
682 3907 797 3944 non
848 3889 1235 3962 reprehendat
1259 3895 1317 3945 et
1337 3889 1585 3960 arguat?
1616 3906 1752 3945 cum
1783 3890 1959 3945 etiam
1989 3890 2176 3946 sancti

519 3979 978 4052 praedecessores
994 3979 1175 4035 nostri
1195 3979 1526 4051 apostolicae
1550 3980 1707 4034 sedis
1728 3979 2181 4047 antistites,Gre-

518 4068 720 4144 gorius
753 4068 978 4124 scilicet
1007 4074 1063 4123 et
1093 4068 1424 4134 Zacharias,
1456 4068 1563 4123 hos
1615 4068 2008 4124 anathematis
2046 4086 2177 4123 mu-

520 4175 695 4215 crone
729 4158 1078 4231 percutiant,
1112 4164 1167 4211 et
1199 4157 1437 4213 dissolvi
1489 4157 1831 4229 bujusmodi
1880 4157 2173 4230 copulam,

519 4250 722 4322 utpote
753 4248 1077 4303 bestiarum
1111 4264 1272 4301 more
1303 4250 1684 4313 contractam,
1717 4247 1955 4302 omnino
1989 4247 2178 4303 volue-

518 4336 655 4393 rint.
681 4338 813 4394 Jam
836 4354 965 4391 vero
998 4340 1312 4408 postquam
1345 4334 1632 4391 dissoluta
1663 4336 1873 4409 copula
1903 4336 2176 4404 fuerit,ab

516 4425 765 4482 invicem
790 4426 1064 4496 separati,
1092 4425 1139 4479 si
1165 4426 1570 4498 possint,quod
1598 4426 1939 4492 sciscitaris,
1957 4425 2028 4481 ad
2054 4442 2175 4481 mc-

517 4513 633 4570 lius
665 4532 994 4570 commeare
1025 4515 1388 4587 conjugium,
1422 4515 1585 4571 nulla
1634 4517 1777 4571 ratio
1811 4519 1986 4586 patet.
2021 4517 2174 4581 Quo-

2266 582 2555 639 lescentiae
2590 586 2761 642 annis
2812 586 3005 643 adhuc
3044 586 3360 653 detinetur,
3395 584 3445 642 si
3480 586 3789 656 ingruente
3821 582 3929 640 ali-

2269 690 2384 745 quo
2415 675 2560 730 forte
2592 676 2935 731 discrimine
2982 675 3102 749 egit
3146 672 3594 747 paenitudinem,
3629 675 3687 727 et
3716 689 3778 728 se
3809 689 3929 729 non

2270 779 2443 835 posse
2474 763 2770 820 continere
2801 766 3205 837 conqueritur,
3237 762 3495 836 conjugii
3540 761 3693 817 valet
3735 777 3932 819 reme-

2269 852 2366 908 dio
2398 852 2718 909 subveniri.
2753 853 2935 925 Cujus
2959 852 3339 926 indulgentia;
3372 852 3624 907 formam
3652 849 3931 908 volumus

2269 942 2445 997 etiam
2479 942 2633 998 circa
2679 942 2930 998 feminas
2976 942 3293 999 observari.
3330 940 3393 997 In
3431 957 3547 1013 quo
3576 944 3775 997 tamen
3811 959 3932 998 non

2271 1030 2533 1104 regulam
2557 1031 2998 1104 constituimus,
3022 1031 3125 1088 sed
3148 1048 3283 1087 cum
3305 1029 3519 1086 eximia
3540 1029 3819 1086 columna
3835 1031 3935 1087 Ec-

2272 1120 2459 1177 clesiae
2490 1122 2660 1177 beato
2694 1122 2881 1178 Leone
2912 1139 3066 1195 papa
3095 1120 3236 1195 quid
3270 1120 3349 1177 sit
3379 1119 3745 1176 tolerabilius
3763 1121 3935 1177 aesti-

2275 1227 2528 1266 mamus.

2950 1317 3136 1357 CAPUT
3166 1317 3250 1356 ΙΙΙ.

2346 1389 2528 1459 (Cone.
2562 1390 2787 1462 Ancyr.,
2821 1407 2871 1445 c.
2898 1391 3012 1459 Π.)
3043 1391 3155 1446 Eos
3179 1393 3375 1445 autem
3400 1388 3660 1462 quicum
3691 1389 3937 1462 pecudi-

2275 1478 2387 1535 bus
2412 1478 2964 1546 miscentur,sancta
2985 1479 3247 1552 synodus
3268 1495 3385 1534 non
3407 1477 3696 1550 nuptialia
3714 1480 3941 1535 foedera

2275 1568 2637 1636 contrahere,
2661 1569 2760 1624 sed
2788 1569 2943 1624 inter
2963 1585 3062 1625 eos
3093 1585 3258 1624 orare
3284 1567 3546 1641 praecipit
3576 1566 3676 1640 qui
3707 1569 3781 1625 ab
3809 1569 3938 1641 spi-

2275 1658 2393 1713 ritu
2415 1662 2697 1713 vexantur
2716 1657 3471 1713 immundo.Verumtamen
3494 1657 3544 1712 si
3565 1657 3667 1730 qui
3692 1660 3837 1713 sunt
3847 1657 3944 1729 ju-

2275 1745 2526 1811 venculi,
2560 1747 2658 1817 qui
2712 1751 2875 1802 tanto
2931 1745 3161 1818 piaculo
3218 1745 3542 1817 constricti,
3587 1745 3941 1804 imminente

2200 1873 2246 1938 Β
2278 1835 2485 1891 mortis
2512 1836 2685 1891 exitio
2709 1836 2796 1891 vel
2827 1836 3184 1907 captivitatis
3214 1834 3504 1902 rxsulatu,
3529 1835 3941 1908 paenitentiam

2277 1930 2609 1999 gesserunt,
2642 1942 2708 1981 ac
2741 1929 3016 1997 paventes
3052 1929 3187 1997 post
3215 1924 3335 1980 haec
3367 1924 3810 1982 incontinentiae
3843 1942 3941 1982 ca-

2278 2014 2513 2081 sum,ad
2538 2014 2869 2088 conjugalis
2883 2015 3158 2071 consortii
3185 2015 3447 2073 remedia
3465 2031 3570 2071 con
3580 2014 3942 2088 fugerint,ne

2280 2105 2341 2160 in
2372 2104 2594 2160 crimen
2632 2104 3035 2160 fornicationis
3069 2103 3335 2161 fortassis
3365 2104 3710 2165 inciderent.
3744 2103 3945 2161 consi-

2277 2193 2425 2249 lium
2455 2192 2885 2266 dignoscuntur
2915 2192 3137 2249 venialc
3158 2192 3606 2265 sumpsisse,ita
3627 2193 3941 2258 duntaxat,

2280 2283 2327 2338 si
2363 2300 2478 2339 non
2508 2284 2679 2339 modo
2712 2282 3133 2339 irrationabilis
3162 2282 3484 2339 animantis
3514 2281 3684 2355 (proh
3717 2283 3940 2355 nefas!)

2280 2371 2352 2427 de.
2383 2376 2587 2426 caetero
2637 2370 3112 2437 contubernium,
3145 2374 3547 2427 verumtamen
3591 2370 3788 2427 omnis
3821 2388 3944 2427 om-

2281 2460 2420 2515 nino
2441 2459 2727 2525 mulieris,
2749 2466 2989 2532 exccpto
3006 2459 3276 2532 conjugis
3289 2459 3941 2532 propriaz,consortium

2281 2548 2687 2605 declinarint.J
2698 2555 2830 2604 ustu
2842 2566 2896 2604 m
2920 2549 3187 2605 videlicet
3203 2549 3308 2605 Lot
3332 2548 3565 2621 imitati,
3582 2549 3680 2622 qui
3698 2555 3762 2606 ut
3776 2555 3945 2607 vasta

2281 2639 2673 2695 Sodomorum
2706 2639 2947 2695 evadere
2982 2638 3270 2712 potuisset
3295 2638 3590 2709 incendia,
3605 2640 3788 2712 Segor
3811 2657 3943 2713 par-

2280 2745 2413 2784 vam
2444 2727 2827 2796 civitatulam,
2863 2732 2930 2783 ut
2983 2726 3072 2783 vel
3127 2728 3187 2782 in
3246 2743 3315 2783 ea
3367 2726 3712 2794 salvaretur,
3738 2728 3940 2803 elegit.

2283 2817 2435 2873 Sane
2466 2833 2579 2872 non
2615 2816 2675 2872 in
2706 2815 2816 2873 hoc
2857 2816 3143 2889 regulam,
3177 2814 3331 2872 sicut
3360 2815 3632 2889 superius
3662 2815 3941 2882 diximus,

2283 2903 2770 2979 promulgamus;
2806 2905 2908 2961 sed
2942 2921 3012 2961 ne
3043 2904 3303 2962 deterius
3348 2908 3640 2978 peccetur,
3655 2898 3835 2978 'quod
3866 2905 3941 2961 le-

2281 2997 2410 3052 vius
2437 2996 2812 3061 arbitramur,
2858 2995 3289 3068 indulgendum
3339 3000 3636 3067 utcunque
3679 2996 3946 3068 praevidi-

2284 3104 2438 3141 mus.
2469 3085 2732 3156 Denique
2753 3086 2926 3157 juxta
2957 3083 3190 3157 plenam
3242 3084 3702 3141 satisfactionem
3742 3084 3829 3140 nil
3863 3084 3945 3141 eis

2285 3173 2724 3231 convenientius
2786 3181 2895 3241 est,
2953 3173 3053 3246 qui
3112 3178 3234 3228 tam
3291 3172 3619 3247 pernicioso
3669 3178 3727 3229 et
3780 3174 3945 3230 omni

2288 3282 2457 3339 poena
2489 3265 2792 3338 plectendo
2819 3263 3035 3320 scelere
3058 3262 3480 3336 pcenitudinem
3511 3267 3943 3337 gerunt,quam

2287 3372 2663 3429 perseverans
2721 3354 2963 3409 castitas
3021 3371 3135 3409 non
3197 3352 3390 3410 solum
3449 3352 3712 3426 corporis
3753 3354 3858 3410 sed
3891 3357 3946 3411 et

2288 3445 2523 3501 mentis.

2971 3548 3148 3589 CAPUT
3187 3549 3262 3587 IV.

2738 3625 2811 3678 De
2837 3625 3084 3695 episcopo
3112 3621 3277 3678 semel
3305 3622 3487 3677 electo.

2361 3713 2497 3767 Post
2528 3717 2774 3767 mortem
2797 3729 2929 3767 vero
2956 3710 3213 3784 episcopi
3239 3711 3338 3784 qui
3362 3709 3541 3766 semel
3565 3710 3624 3764 in
3655 3709 3782 3766 loco
3817 3711 3946 3783 ejus

2288 3802 2508 3858 electus
2542 3802 2734 3869 fuerit,
2761 3801 2808 3857 si
2834 3802 2893 3857 in
2916 3800 3078 3856 nullo
3104 3818 3137 3855 a
3158 3800 3342 3856 sacris
3373 3798 3698 3856 canonibus
3729 3800 3944 3869 deviat,

2288 3896 2345 3946 et
2373 3891 2577 3947 electio
2610 3892 2658 3963 cj
2672 3909 2738 3947 us
2773 3909 2886 3946 non
2916 3908 2951 3946 a
2980 3889 3363 3947 saecularibus
3395 3888 3749 3962 quibusque,
3784 3890 3890 3945 sed
3916 3907 3947 3944 a

2289 3980 2441 4037 clero
2472 3979 2739 4036 Ecclesiae
2772 3998 2905 4036 cum
2952 3996 3242 4036 consensu
3303 3980 3633 4052 primorum
3691 3978 3945 4035 civitatis

2288 4071 2476 4143 ipsius
2506 4071 2680 4125 fuerit
2710 4069 3054 4143 composita,
3080 4075 3137 4125 et
3167 4073 3506 4125 sanctorum
3531 4068 3769 4123 Patrum
3794 4068 3858 4123 in
3882 4085 3946 4123 eo

2288 4160 2659 4214 consentiant
2691 4157 3213 4231 promulgationes,
3245 4163 3302 4214 et
3331 4163 3449 4214 tam
3486 4158 3620 4214 ﬁdei
3652 4158 3942 4231 dogmati-

2288 4248 2399 4303 bus
2432 4265 2609 4320 quam
2639 4248 2806 4304 bonis
2828 4249 3145 4303 concordat
3166 4247 3449 4315 moribus,
3476 4246 3641 4303 nulla
3662 4247 3837 4303 debet
3859 4246 3939 4302 ul-

2286 4337 2469 4394 terius
2502 4338 2726 4392 ratione
2758 4336 3062 4394 removeri.
3085 4336 3358 4409 Alioquin
3383 4341 3447 4393 ut
3474 4337 3941 4409 prevaricatores

2286 4433 2343 4482 et
2362 4427 2840 4501 tergiversatores
2865 4428 2962 4500 qui
2988 4427 3097 4484 hoc
3121 4427 3492 4494 tentaverint,
3518 4444 3551 4482 a
3572 4425 3755 4482 sacris
3776 4442 3939 4498 regu-

2285 4516 2357 4572 lis
2379 4521 2719 4589 arguentur.
2747 4516 2816 4571 Et
2839 4516 3128 4588 prmcipuc
3147 4515 3249 4588 qui
3284 4519 3491 4571 contra
3520 4532 3686 4570 suam
3722 4516 3938 4587 profes-

517 4604 678 4660 niam
713 4621 847 4659 cum
880 4603 937 4660 hi
970 4604 1321 4676 poenitentia:
1356 4604 1739 4660 submittendi
1778 4605 1916 4671 sint,
1938 4622 2041 4660 nec
2068 4605 2173 4659 hos
2205 4625 2252 4691 D
2286 4606 2510 4661 sionem
2543 4605 2629 4661 vel
2662 4605 3153 4677 subscriptionem
3173 4604 3367 4672 ierint,
3388 4604 3688 4660 canonicis
3712 4603 3938 4677 legibus

514 4692 799 4749 inbibitos
830 4692 939 4750 sibi
971 4694 1340 4759 concubitus,
1360 4712 1463 4748 nec
1487 4693 1602 4748 alia
1623 4710 1770 4748 nova
1790 4698 2060 4765 appetere
2079 4694 2175 4749 de~

518 4783 660 4839 bent
680 4782 972 4855 conjugia.
1010 4783 1272 4855 Denique
1305 4783 1353 4838 si
1385 4783 1644 4837 Thamar
1676 4799 1709 4837 a
1742 4783 1936 4851 fratre,
1959 4788 2016 4837 et
2044 4801 2175 4838 con-

513 4871 743 4929 cubinae
772 4872 949 4928 David
985 4891 1019 4927 a
1050 4872 1168 4927 ﬁlio
1200 4873 1327 4943 ejus
1375 4869 1657 4926 violenter
1686 4888 1998 4943 opprcssze,
2034 4890 2167 4944 pro-

511 4962 944 5035 pterinccstum
977 4962 1197 5017 coitum
1223 4959 1415 5014 nullas
1440 4958 1675 5032 nuptias
1708 4962 2064 5018 contraxisse
2088 4980 2164 5017 rc-

511 5050 714 5118 fertur,
749 5057 805 5106 et
853 5050 1107 5106 Adonias
1141 5068 1172 5103 a
1206 5047 1517 5104 Salomone
1577 5055 1761 5105 morte
1822 5049 2064 5122 punitur
2101 5069 2166 5107 co

510 5141 665 5213 quod
684 5139 944 5213 puellam
970 5156 1097 5211 qum
1121 5155 1252 5192 cum
1273 5142 1432 5208 patre
1446 5138 1655 5209 pudice
1672 5144 1896 5195 tantum
1922 5140 2170 5195 dormie-

509 5233 617 5296 rat,
652 5246 891 5284 uxorem
923 5227 1034 5283 sibi
1066 5225 1189 5281 dari
1225 5226 1551 5297 poposcerit
1585 5245 1597 5283 :
1634 5234 1851 5301 quanto
1885 5230 2075 5302 magis
2106 5230 2166 5284 hi

510 5319 609 5391 qui
644 5325 853 5390 sponte
884 5318 1222 5388 junguntur
1252 5320 1308 5370 et
1339 5314 1812 5374 irrationabiliter
1845 5319 2169 5374 miscentur

510 5413 825 5480 postquam
858 5404 1111 5476 separati
1148 5404 1381 5471 fuerint,
1420 5406 1606 5479 digna:
1640 5406 1993 5479 paenitentiae
2026 5410 2163 5465 sub-

511 5496 702 5560 missi,
738 5494 949 5547 debent
982 5492 1173 5547 nullas
1206 5494 1463 5565 nuptias,
1492 5496 1589 5551 sed
1617 5496 1942 5551 castitatem
1972 5497 2165 5567 potius

510 5589 784 5658 appetere
807 5582 875 5637 de
900 5588 1101 5639 caztcro
1135 5585 1349 5639 mentis
1377 5592 1431 5639 et
1454 5586 1716 5657 corporis
1738 5587 1764 5639 2’
1785 5590 1933 5640 Sane
1958 5587 2002 5641 si
2031 5588 2166 5659 qui-

506 5672 649 5730 libet
670 5671 740 5726 dc
758 5669 861 5726 hac
877 5670 1133 5729 infausta
1147 5674 1559 5729 commistione
1575 5673 2162 5745 postdissolutionem

2287 4695 2688 4751 arctabuntur.

2977 4800 3160 4839 CAPUT
3188 4801 3245 4840 V.

2354 4876 2433 4930 De
2465 4872 2919 4946 cborepiscopis,
2949 4873 3021 4929 de
3052 4873 3270 4944 quibus
3299 4870 3560 4930 consulis
3583 4875 3782 4928 utrum
3806 4889 3931 4944 pre-

2279 4966 2544 5037 sbyteros
2566 4969 2621 5019 et
2653 4964 2932 5019 diaconos
2961 4961 3190 5018 valeant
3222 4961 3745 5027 consecrare,sacri
3767 4967 3823 5017 te
3843 4978 3935 5017 ca~

2280 5070 2461 5108 nones
2483 5052 2625 5109 satis
2648 5055 2922 5123 poterunt
2941 5051 3509 5116 edocere.Quomodo
3524 5054 3722 5106 autem
3741 5049 3934 5106 chore-

2278 5142 2549 5215 piscopos
2580 5158 2751 5214 posse
2783 5139 3038 5196 dicimus
3069 5139 3346 5197 ecclesias
3380 5156 3741 5208 consecrare,
3788 5157 3932 5212 quas

2278 5230 2424 5286 nulli
2458 5231 2865 5304 episcoporum
2893 5228 3029 5285 licet
3050 5230 3176 5285 sine
3199 5234 3401 5285 nostro
3423 5234 3711 5301 praecepto
3735 5244 3932 5285 secun-

2278 5321 2419 5376 dum
2452 5327 2686 5377 sanctas
2719 5318 2954 5392 regulas
2986 5318 3302 5375 dedicare?
3334 5318 3459 5375 Non
3492 5334 3628 5390 ergo
3675 5316 3932 5390 chorepi-

2278 5411 2470 5484 scopis
2499 5408 2793 5465 dabimus.
2823 5407 2985 5465 Unde
3017 5425 3117 5464 vos
3148 5407 3478 5480 episcopos,
3511 5412 3796 5479 tanquam
3828 5409 3931 5462 ter-

2277 5500 2469 5555 minos
2490 5516 2524 5554 a
2545 5499 2809 5570 patribus
2828 5498 3046 5569 positos
3069 5496 3491 5554 transferentes
3514 5496 3723 5551 merito
3748 5511 3930 5568 repre-

2276 5589 2610 5645 hendimus.
2630 5588 2910 5641 Praeterea
2931 5586 3064 5659 quis
3083 5586 3336 5643 infantes
3360 5586 3568 5642 debeat
3589 5584 3929 5657 consignarc

2277 5684 2519 5734 sanctus
2553 5672 2925 5732 Innocentius
2971 5674 3250 5744 ostendit,
3284 5674 3485 5731 dicens
3520 5689 3534 5729 :
3571 5697 3598 5724 κ
3630 5672 3711 5731 De
3742 5672 3926 5729 consi-
