4098 6480
163 403 277 470 921

1377 406 1783 474 EPISTOLE
1826 410 1927 473 ET
1971 408 2360 474 DECRETA.

3463 414 3585 477 922

160 542 415 615 gnandis
437 558 569 598 vero
601 541 924 598 infantibus
948 543 1324 598 manifestum
1347 549 1435 599 cst
1459 562 1571 599 non
1602 545 1672 599 ab
1706 544 1816 599 alio
1849 548 1897 612 Α
1933 561 2047 611 rex,
2083 546 2183 616 qui
2218 562 2463 617 regnum
2496 549 2663 600 tuum
2696 562 2796 617 per
2825 544 3145 602 maximum
3178 548 3433 621 spatium
3467 548 3588 605 lon-

161 648 341 705 quam
372 633 445 688 ab
484 631 757 705 episcopo
808 631 933 689 ﬁeri
982 631 1178 689 licere.
1201 654 1230 683 »
1253 634 1322 689 Et
1368 651 1611 690 rursus:
1644 654 1667 683 α
1702 635 1819 690 Hoc

156 710 379 788 autem,
402 721 615 794 inquit,
638 720 781 779 solis
820 722 1193 794 pontiticibus
1233 722 1429 778 deberi
1462 728 1527 777 ut
1556 722 1644 779 vel
1677 740 1814 779 con-

159 810 414 883 signent,
444 810 533 866 vel
565 811 918 867 Paraclitum
960 811 1243 884 Spiritum
1286 813 1541 877 tradant,
1576 830 1691 869 non
1726 830 1818 869 so-

159 899 287 956 lum
305 901 669 957 consuetudo
687 900 1080 957 ecclesiastica
1098 902 1482 970 demonstrat,
1496 919 1697 957 verum
1723 902 1822 958 illa

160 989 334 1045 lectio
373 992 623 1045 Actuum
656 990 1051 1061 apostolorum
1087 1007 1217 1061 quae
1258 992 1468 1046 asserit
1498 992 1733 1047 Petrum
1766 996 1822 1045 et

161 1079 453 1136 Joannem
484 1095 614 1135 esse
651 1080 922 1149 directos,
948 1080 1046 1151 qui
1079 1081 1205 1151 jam
1239 1080 1545 1153 baptizatis
1583 1082 1821 1136 tradant

165 1168 450 1242 Spiritum
482 1173 773 1224 sanctum.
797 1191 824 1218 ››

844 1274 1029 1313 CAPUT
1065 1276 1142 1314 VI.

239 1347 321 1416 (S.
357 1347 550 1419 Greg.,
583 1346 683 1403 lib.
704 1364 807 1416 xu,
831 1347 1035 1403 indict.
1060 1347 1112 1415 l,
1137 1364 1227 1420 ep.
1251 1349 1365 1416 25.)
1390 1349 1563 1404 Porro
1589 1349 1659 1404 de
1691 1363 1820 1420 pre-

165 1436 582 1509 sbytero,quod
602 1453 717 1492 non
736 1437 924 1510 possit
939 1437 1420 1493 restaurationem
1440 1442 1571 1510 post
1586 1438 1820 1511 lapsum

164 1525 442 1598 recipere,
458 1530 524 1581 ut
555 1525 742 1581 multa
771 1531 1205 1599 praetereamus,
1230 1527 1434 1582 beatus
1458 1543 1609 1599 papa
1628 1525 1819 1582 decla-

163 1619 278 1684 rat,
293 1614 607 1688 Gregorius
628 1616 701 1670 ad
734 1615 1119 1671 Sabinianum
1145 1616 1298 1671 inter
1323 1620 1529 1671 caetera
1557 1616 1821 1671 scribens

162 1705 537 1761 Jadertinum
549 1704 889 1777 episcOpum
908 1723 955 1760 ;‹‹
966 1706 1373 1778 Presbyterum
1386 1705 1821 1777 vero,inquiens

162 1795 241 1849 de
261 1811 378 1865 quo
400 1811 507 1850 nos
539 1794 873 1850 fraternitas
903 1799 1005 1849 tua
1034 1793 1236 1849 latoris
1267 1795 1642 1866 praesentium
1672 1793 1820 1850 rela-

160 1884 324 1940 tione
345 1882 617 1951 consulit,
642 1882 803 1938 nulla
833 1884 1058 1939 ratione
1084 1884 1145 1938 in
1167 1900 1331 1939 sacro
1353 1884 1555 1939 ordine
1586 1888 1717 1955 post
1736 1882 1817 1938 la-
1849 1923 1898 1989 B

163 1990 343 2046 psum
365 1977 468 2028 aut
488 1988 851 2045 permanere,
866 1976 968 2027 aut
984 1972 1239 2028 revocari
1256 1989 1426 2045 posse
1443 1989 1820 2045 cognoscas.»

240 2062 373 2118 Haec
393 2061 652 2130 quidem,
671 2062 848 2117 frater
868 2062 1235 2127 cbarissime,
1249 2061 1308 2117 in
1332 2061 1537 2118 multis
1555 2061 1821 2134 occupati

162 2151 262 2207 vix
289 2152 361 2207 ad
394 2156 496 2206 tua
523 2151 789 2206 consulta
830 2150 1262 2223 rescripsimus.
1286 2151 1504 2207 Caetera
1530 2168 1663 2207 vero
1695 2168 1821 2223 quae

161 2240 468 2297 communi
485 2238 798 2296 consulant
812 2239 1224 2308 utilitati,cum
1244 2240 1486 2297 Arsenio
1506 2238 1823 2296 venerabili

158 2330 462 2402 episcopo,
490 2329 867 2402 apocrisiario
911 2332 968 2385 et
1012 2329 1193 2385 misso
1250 2329 1583 2402 apostolicae
1640 2329 1817 2396 sedis,

161 2435 341 2492 quem
374 2418 506 2474 illas
538 2420 596 2474 in
628 2423 824 2491 partes
845 2418 1187 2487 direximus,
1215 2436 1349 2475 cum
1372 2420 1488 2475 Deo
1516 2420 1661 2475 duce
1690 2436 1821 2491 per-

158 2508 405 2572 venerit,
429 2508 573 2563 satis
595 2506 797 2563 valetis
829 2509 1179 2580 abundeque
1212 2513 1482 2576 tractare,
1508 2509 1598 2563 cui
1631 2513 1689 2563 et
1719 2525 1821 2563 no-

161 2602 291 2654 stra
321 2599 573 2663 credere,
599 2602 656 2652 et
686 2602 789 2653 tua
818 2598 986 2653 nobis
1017 2597 1377 2669 exponenda,
1402 2614 1535 2653 cum
1565 2596 1818 2666 redierit,

163 2685 388 2758 poteris
419 2686 544 2741 sine
575 2684 696 2740 ulla
739 2685 1196 2741 contrectatione
1239 2685 1622 2742 committere.
1646 2685 1820 2758 Opta-

164 2791 305 2831 mus
326 2773 747 2830 fraternitatem
779 2779 943 2830 tuam
976 2775 1035 2829 in
1058 2774 1289 2830 Christo
1323 2791 1478 2829 nunc
1508 2778 1564 2829 et
1593 2791 1825 2847 semper

166 2864 318 2920 bene
348 2863 556 2919 valere.

837 2969 1022 3009 CAPUT
1058 2970 1157 3009 VII.

244 3044 303 3100 Si
338 3042 472 3116 quis
501 3058 570 3098 ex
600 3041 833 3115 propria
854 3043 1197 3115 cognatione
1219 3042 1565 3115 sanguinem
1588 3043 1825 3099 occisio-

169 3132 265 3189 nis
295 3132 531 3197 fuderit,
556 3132 705 3188 sacri
737 3149 989 3188 canones
1021 3149 1208 3205 usque
1241 3133 1313 3187 ad
1347 3136 1597 3188 mortem
1624 3132 1819 3204 abjici,

165 3225 227 3278 et
251 3222 403 3277 inter
432 3219 677 3277 rebelles
707 3221 973 3294 deputari
1007 3224 1343 3277 sanxerunt.

855 3337 1142 3393 LXXXIII.

161 3444 241 3483 AD
272 3442 603 3483 LUDOVICUM
634 3442 943 3482 GERMANIE
972 3444 1038 3482 EF
1058 3442 1329 3483 CAROLUM
1360 3441 1590 3482 CALVUM
1622 3443 1820 3482 REGES.

807 3516 994 3589 (Anno
1032 3517 1182 3588 865.)

166 3606 525 3679 Reprehendit
555 3606 696 3679 quod
723 3606 1087 3679 episcoposjn
1104 3604 1302 3679 Urbem
1325 3604 1396 3660 ad
1424 3604 1695 3677 synodum
1714 3622 1824 3661 non

235 3676 506 3734 miserint.
547 3676 609 3735 Ut
638 3676 958 3733 Lotharium
986 3677 1051 3731 de
1080 3676 1314 3732 divortio
1345 3676 1679 3732 conimonere
1704 3694 1823 3748 per-

235 3758 389 3820 gant.
425 3755 503 3805 De
527 3750 792 3821 episcopis
822 3751 883 3804 in
915 3749 1231 3805 Coloniensi
1257 3756 1307 3804 et
1331 3748 1710 3804 Cameracensi
1735 3766 1820 3805 ec-

238 3823 404 3877 clesia
434 3820 835 3878 consecrandis.
867 3828 920 3876 et
944 3819 1010 3875 de
1042 3820 1278 3876 Rothado
1312 3822 1712 3876 Suessionensi.

821 3863 835 3888 ,
867 3861 918 3876 νυ
944 3861 1009 3875 νυν
1042 3861 1275 3876 ιινυσνισυυυ
1312 3861 1712 3876 υυννυυιννιῑυιιυνο

703 3918 887 3989 [Apud
921 3917 1126 3984 Mansi,
1161 3916 1323 3988 ibid.]

236 4026 527 4082 NICOLAUS
572 4025 904 4098 episcopus,
949 4040 1152 4079 servus
1199 4039 1499 4078 servorum
1532 4022 1820 4090 Dei,dile-

162 4114 448 4171 ctissimis
478 4112 616 4169 ﬁliis
636 4114 925 4170 Luoovmo
956 4116 1013 4168 et
1043 4111 1265 4167 CAROLO
1297 4110 1702 4184 glorisissimis
1732 4128 1820 4168 re-

164 4203 359 4276 gibus.

235 4292 543 4348 Credimus
573 4307 643 4347 ex
662 4290 764 4347 Dei
786 4288 1070 4353 dono,filii
1094 4288 1818 4363 charissimi,processisse

162 4382 323 4455 quod
353 4380 664 4437 unanimos
704 4378 891 4435 etl'ecti
919 4396 1023 4435 vos
1071 4379 1142 4435 de
1186 4379 1359 4435 corde
1409 4396 1556 4452 puro
1597 4384 1652 4434 et
1682 4395 1820 4434 con-

162 4468 412 4527 scientia
440 4469 615 4536 bona,
642 4473 700 4524 et
729 4468 844 4523 ﬁde
882 4484 999 4523 non
1034 4468 1168 4523 ticta
1206 4467 1510 4540 junxistis.
1537 4467 1701 4523 Unde
1733 4469 1816 4535 ﬁt,

162 4563 232 4616 ut
258 4576 375 4614 nno
405 4557 624 4624 animo,
651 4561 709 4614 et
736 4574 854 4613 uno
883 4574 981 4613 ore
1014 4574 1116 4630 per
1141 4574 1245 4613 vos
1274 4557 1635 4630 gloriﬁcetur
1662 4556 1819 4613 Deus

162 4652 222 4704 et
252 4648 423 4703 Pater
449 4647 682 4703 Domini
729 4645 914 4703 nostri
943 4646 1082 4702 Jesu
1114 4644 1352 4713 Christi,
1375 4651 1433 4703 et
1488 4647 1560 4702 ad
1606 4650 1818 4702 sanctae
1850 4668 1897 4733 D

160 4736 460 4793 catholicae
499 4742 558 4792 et
605 4734 935 4808 apostolicae
986 4734 1275 4803 Ecclesiae,
1311 4734 1592 4809 regnique
1639 4735 1816 4791 vestri

158 4825 340 4881 decus
371 4824 703 4896 conjunctio
744 4828 938 4880 vestra
977 4822 1241 4896 proﬁciat
1298 4824 1371 4879 ad
1430 4824 1701 4880 salutem.
1735 4824 1816 4879 De

157 4911 424 4986 epistolis
456 4917 652 4970 autem
685 4913 1087 4985 nostris,quas
1116 4911 1505 4984 suscipientes
1530 4912 1815 4987 archiepi-

157 5002 354 5075 scopis
383 5007 442 5059 et
468 5003 781 5075 episc0pis,
813 5018 1129 5075 regnorum
1187 5004 1537 5068 vestrorum,
1587 5002 1705 5059 imo
1761 5009 1819 5060 et

160 5091 421 5149 Lotharii
451 5092 615 5167 regni
646 5092 866 5165 pariter
902 5089 1354 5163 archiepiscopis
1400 5095 1457 5147 et
1503 5091 1814 5165 episcopis,

159 5183 488 5238 secundum
528 5186 790 5238 tenorem
834 5180 1068 5237 illarum
1110 5179 1379 5251 dedistis,
1403 5184 1599 5251 grates
1637 5181 1819 5237 excel-

158 5270 354 5327 lentiae
374 5275 579 5328 vestrae
609 5271 1063 5327 retulimus.Sed
1090 5269 1240 5342 quia
1268 5286 1367 5325 eos
1412 5269 1484 5325 ad
1526 5271 1815 5343 synodum

161 5364 447 5428 nostram,
470 5364 528 5416 et
575 5377 679 5432 pro
710 5359 987 5431 angustia
1012 5358 1316 5432 temporis,
1342 5362 1401 5414 et
1448 5375 1552 5432 pro
1601 5359 1817 5431 injuria

158 5447 786 5517 transitus,oceurrere
816 5465 933 5503 non
954 5447 1143 5504 valere
1174 5446 1426 5513 dixistis,
1445 5447 1651 5504 merito
1673 5449 1818 5505 dure

158 5537 428 5607 tulimus,
447 5555 584 5593 cum
614 5540 779 5593 tanta
795 5536 1076 5608 temporis
1107 5537 1381 5609 angustia
1411 5553 1526 5592 non
1552 5536 1821 5594 immine-

160 5632 267 5696 ret,
292 5631 352 5683 at
381 5627 591 5683 saltem
641 5627 713 5682 de
760 5625 1063 5682 vobiscum
1114 5626 1597 5683 conversantibus
1646 5627 1818 5684 binos

160 5716 392 5774 mittere
436 5714 870 5788 nequivissetis,
919 5714 1208 5787 praecipue
1252 5718 1340 5785 tu,
1372 5715 1454 5771 ﬁli
1506 5715 1586 5773 mi
1618 5717 1818 5775 Carole

1927 634 2060 706 qius
2091 650 2268 705 quam
2304 633 2501 690 fratris
2548 634 2634 690 tui
2678 635 2952 692 Ludovici
2984 635 3179 694 dilecti
3236 638 3341 694 filii
3399 640 3586 696 nostri

1928 722 2167 795 gloriosi
2200 723 2353 796 regis
2384 724 2457 779 ab
2490 723 2597 780 hac
2628 729 2832 780 sancta
2862 726 3001 782 sede
3034 726 3094 791 in
3126 727 3585 813 occideptalibus

1928 812 2194 884 partibus
2217 829 2388 869 secus
2412 830 2571 869 mare
2587 814 2883 870 Odeanum
2908 816 3199 889 disparari
3218 812 3436 875 fateris.
3458 820 3583 875 Non

1927 900 2085 956 enim
2116 900 2396 955 credibile
2428 906 2618 973 potest
2646 902 2999 968 existere,ut
3028 904 3171 959 adeo
3203 904 3437 979 longius
3465 907 3587 962 dis-

1928 993 2168 1062 paretur
2197 1006 2444 1062 regnum
2477 995 2667 1057 tuum,
2702 995 2785 1060 ut,
2813 990 2969 1047 sicut
3008 1009 3189 1064 supra
3227 995 3588 1052 meminibus

1927 1078 2081 1146 (edit.
2120 1079 2265 1134 Rom.
2298 1080 2490 1135 inserit
2517 1097 2535 1134 :
2568 1078 2775 1135 saltem
2810 1080 2880 1136 de
2908 1082 3212 1138 vobiscum
3244 1100 3588 1141 conversan-

1931 1167 2110 1234 tibus,
2135 1168 2244 1235 vel,
2270 1170 2426 1236 etc.),
2451 1167 2538 1223 vel
2569 1168 2739 1224 binos
2764 1171 2961 1238 unius,
2979 1176 3081 1227 aut
3101 1171 3352 1228 duarum
3377 1178 3588 1229 metro-

1933 1255 2137 1328 poleon
2173 1255 2396 1329 legatos
2426 1256 2690 1313 omnium
2731 1257 2885 1314 vices
2918 1264 3156 1332 agentes
3188 1260 3437 1334 dirigere
3468 1280 3586 1319 non

1928 1343 2232 1401 valuisses.
2250 1344 2726 1417 Reprehensibile
2742 1347 2995 1420 denique
3005 1348 3172 1405 valde
3189 1367 3316 1406 esse
3333 1355 3583 1421 constat,

1931 1433 2086 1505 quod
2120 1433 2509 1503 subintulisti,
2537 1434 2782 1491 dicendo
2815 1438 3095 1509 majorem
3122 1444 3345 1511 partem
3366 1441 3589 1513 episco-

1930 1538 2140 1595 porum
2174 1525 2439 1579 omnium
2471 1524 2565 1581 die
2596 1531 2913 1599 noctuque,
2945 1544 3080 1583 cum
3132 1527 3264 1585 aliis
3314 1531 3586 1589 fidelibus

1928 1611 2068 1678 tuis,
2093 1617 2298 1668 contra
2326 1612 2549 1685 piratas
2588 1615 2918 1671 maritimos
2959 1616 3281 1689 invigilare,
3306 1619 3379 1674 ob
3409 1620 3587 1693 idque

1929 1700 2188 1774 episcopi
2220 1701 2619 1774 impediantur
2646 1703 2841 1759 venire
2868 1720 2880 1760 :
2914 1721 3050 1760 cum
3082 1705 3339 1763 militum
3370 1707 3587 1765 Christi

1931 1789 2009 1845 sit
2028 1789 2256 1846 Christo
2288 1792 2522 1860 servire,
2549 1791 2805 1848 militum
2832 1810 2967 1849 vero
2998 1794 3216 1863 seculi,
3240 1796 3481 1866 saculo;
3508 1798 3586 1855 si—

1931 1884 2030 1935 cut
2050 1880 2334 1951 scriptum
2366 1885 2456 1936 est
2480 1898 2492 1936 :
2516 1882 2681 1939 Nemo
2703 1884 2957 1939 militans
2989 1888 3102 1940 Deo
3133 1886 3383 1957 implicat
3407 1903 3464 1943 se
3490 1903 3587 1943 ne-

1930 1971 2091 2038 gotiis
2120 1970 2484 2026 saecularibus
2525 1971 2595 2043 (II
2639 1973 2773 2027 Tim.
2814 1976 2899 2041 II).
2928 1973 3091 2039 Quod
3124 1973 3173 2030 si
3204 1975 3399 2031 saeculi
3433 1976 3588 2032 mili-

1929 2063 2018 2114 tes
2048 2058 2311 2114 saeculari
2343 2059 2563 2115 militiae
2606 2061 2867 2128 student,
2890 2061 3029 2134 quid
3074 2064 3145 2118 ad
3196 2064 3500 2138 episcopos
3531 2070 3590 2122 et

1930 2147 2148 2203 milites
2170 2146 2403 2216 Christi,
2430 2149 2542 2204 nisi
2567 2154 2630 2204 ut
2650 2155 2853 2205 vacent
2876 2151 3164 2208 orationi?
3193 2154 3588 2226 Sperabamus

1930 2239 2007 2306 te,
2032 2236 2114 2292 fili
2139 2237 2504 2304 cbarissime,
2532 2239 2587 2293 in
2609 2239 2751 2295 talia
2772 2258 2886 2296 non
2911 2258 3310 2315 prorumpere,
3327 2244 3447 2317 qui.
3469 2245 3586 2302 Deo

1930 2326 2169 2399 gratias,
2194 2326 2388 2383 clarus
2414 2328 2473 2383 in
2498 2329 2727 2385 cunctis
2757 2329 3010 2385 haberis.
3035 2332 3243 2388 Aditus
3274 2337 3469 2389 autem
3491 2352 3585 2391 ve-

1930 2417 2129 2471 niendi
2160 2416 2232 2471 ad
2264 2422 2496 2472 tantum
2531 2419 2831 2490 negotium
2865 2420 3233 2477 antistitibus
3263 2422 3381 2479 illis
3411 2424 3586 2481 dene-

1931 2504 2055 2578 gari
2087 2521 2202 2561 non
2233 2506 2455 2561 debuit.
2491 2507 2557 2562 Et
2586 2507 2636 2562 si
2671 2507 2816 2563 forte
2856 2509 3142 2581 denegare
3172 2510 3407 2580 vellent,
3440 2529 3586 2585 quo-

1932 2595 2311 2666 quomodo,si
2344 2596 2583 2651 monitis
2607 2596 2824 2652 nostris
2850 2613 3053 2669 parere
3075 2597 3446 2672 delegissent,
3469 2601 3587 2657 adi-

1930 2686 2028 2739 tus
2057 2682 2175 2739 illis
2195 2689 2251 2739 et
2278 2685 2569 2741 transitus
2598 2686 2917 2758 pateﬁeret.
2935 2687 2993 2742 Si
3012 2686 3310 2744 venissent
3331 2689 3589 2746 collectis

1931 2774 2236 2845 operariis,
2255 2773 2363 2829 hoc
2388 2773 2588 2847 utique
2619 2792 2691 2829 ne
2714 2775 2876 2831 fleret
2898 2775 3108 2833 melius
3138 2778 3585 2852 corrigeremus.

1932 2863 2081 2929 Quia
2108 2861 2225 2918 illis
2255 2862 2410 2932 inde,
2434 2869 2492 2920 et
2522 2865 2691 2920 nobis
2722 2863 2861 2920 hinc
2892 2865 3047 2921 Deus
3079 2867 3140 2921 in
3170 2872 3456 2924 conventu
3490 2886 3590 2925 no-

1932 2956 2055 3007 stro
2087 2952 2318 3007 medius
2350 2952 2657 3025 tribuerat,
2682 2956 2747 3008 ut
2777 2958 2835 3008 et
2864 2954 3082 3010 nostris
3114 2958 3170 3010 et
3196 2957 3401 3013 vestris
3432 2958 3591 3014 dein-

1932 3055 2069 3112 ceps
2090 3040 2284 3097 aditus
2305 3041 2579 3115 denegari
2604 3059 2721 3098 non
2746 3047 2963 3115 posset.
2983 3044 3130 3100 Nam
3154 3062 3259 3101 nec
3281 3046 3352 3102 de
3372 3046 3590 3104 nostris

1932 3127 2145 3185 melius
2175 3129 2365 3186 dicere
2396 3147 2738 3203 possumus,
2761 3147 2870 3186 nec
2901 3133 3069 3205 pejus
3095 3134 3166 3189 de
3190 3136 3420 3203 vestris,
3452 3135 3591 3209 quia

1936 3216 2077 3289 quid
2108 3218 2276 3274 nobis
2305 3218 2588 3292 impediat
2617 3219 2859 3293 longum
2893 3224 2981 3276 est
3017 3238 3312 3278 enarrare.
3342 3226 3502 3290 Quod
3538 3226 3588 3282 si

1851 3292 1894 3360 C
1930 3304 2364 3380 intercapedine
2406 3309 2689 3381 temporis
2720 3292 2790 3364 ad
2822 3308 3030 3366 Clusas
3068 3327 3171 3382 pro
3213 3311 3330 3368 Deo
3363 3312 3586 3386 aliquid

1932 3395 2302 3464 tolerassent,
2326 3396 2558 3452 lucrum
2583 3415 2686 3470 pro
2706 3398 3129 3455 tentationibus
3150 3404 3207 3455 et
3230 3399 3531 3458 laboribus
3554 3419 3590 3458 a
3682 3430 3685 3433 -

1932 3485 2181 3542 Domino
2231 3503 2513 3559 magnum
2557 3488 2901 3559 reciperent.
2935 3488 3046 3543 Sed
3097 3488 3236 3561 quia
3281 3490 3587 3547 occasione

1932 3575 2219 3631 transitus
2246 3576 2461 3647 suffugi
2472 3581 2578 3631 unt
2604 3593 2711 3633 nos
2744 3575 2879 3632 licet
2900 3577 3082 3632 coacti
3105 3577 3298 3635 adhuc
3320 3576 3440 3635 haec
3461 3596 3584 3653 gra-

1930 3665 2167 3720 vamina
2195 3666 2620 3721 sustinebimus
2645 3684 2657 3721 :
2684 3683 2787 3721 vos
2816 3670 3015 3722 tamen
3044 3667 3337 3723 videbitis.
3368 3669 3479 3724 Sed
3505 3668 3584 3725 in-

1931 3752 2115 3827 telligi
2147 3755 2323 3809 datur
2351 3770 2451 3811 eos
2492 3753 2734 3810 monitis
2776 3755 2994 3812 nostris
3038 3772 3154 3811 non
3184 3755 3332 3812 velle
3360 3774 3585 3829 parere,

1932 3848 2169 3914 propter
2186 3841 2329 3897 illud
2354 3842 2511 3914 quod
2534 3842 2593 3895 in
2616 3840 2825 3897 litteris
2840 3841 3049 3898 vestris
3067 3842 3359 3899 subditur.
3376 3842 3590 3900 Dicunt

1931 3931 2087 3986 enim
2121 3936 2253 4003 post
2281 3930 2686 4003 aliquanta,ut
2715 3930 3020 4004 episcopos
3050 3932 3121 3987 de
3152 3933 3349 4005 regnis
3378 3932 3588 3990 vestris

1930 4020 2003 4075 ad
2027 4021 2316 4094 synodum
2340 4021 2585 4075 Romam
2610 4020 2877 4075 mittendi
2901 4020 3221 4076 necessitas
3249 4038 3363 4076 non
3392 4026 3587 4094 postu-

1930 4108 2027 4164 let.
2047 4110 2210 4165 Unde
2231 4110 2278 4165 si
2302 4126 2401 4165 vos
2428 4110 2674 4165 fortasse
2703 4109 2873 4165 aliter
2893 4109 3112 4181 dicitis,
3137 4126 3245 4166 nos
3274 4109 3417 4165 illud
3443 4111 3587 4167 dici-

1930 4200 2258 4271 mus,quod
2286 4198 2566 4254 divinitus
2599 4198 3066 4270 revelatur,quia
3097 4215 3230 4254 cum
3264 4200 3586 4256 novitatum

1930 4287 2088 4343 mala
2108 4287 2488 4359 multiplicari
2506 4288 2826 4353 videamus,
2844 4287 2893 4343 si
2914 4304 2983 4343 ex
3004 4287 3248 4344 diversis
3272 4289 3588 4360 provinciis

1928 4378 2138 4433 fratres
2168 4377 2227 4431 in
2257 4377 2504 4432 invicem
2541 4376 2948 4432 convenissent
2969 4377 3139 4447 juxta
3170 4376 3428 4449 priscum
3460 4395 3585 4435 mo-

1930 4482 2075 4531 rem,
2100 4470 2158 4521 et
2188 4482 2297 4521 nos
2341 4481 2631 4521 consensu
2680 4464 2938 4533 illorum,
2973 4464 3266 4522 revelante
3314 4466 3583 4534 Domino,

1931 4572 2057 4627 quae
2085 4555 2449 4611 decernenda
2472 4559 2611 4609 sunt
2632 4555 3032 4623 decernemus,
3058 4560 3115 4611 et
3138 4554 3249 4628 ipsi
3274 4557 3587 4614 necessita-

1927 4649 2014 4700 tes
2038 4662 2177 4701 suas
2209 4645 2543 4710 referentes,
2567 4648 2625 4699 et
2655 4660 2762 4699 nos
2793 4648 3025 4701 nostras
3055 4650 3430 4718 exponentes,
3457 4664 3585 4719 qua:

1928 4735 2160 4790 decreta
2176 4734 2426 4790 fuissent
2443 4733 2656 4789 melius
2675 4734 2733 4788 in
2753 4734 3022 4789 omnium
3040 4735 3312 4790 notitiam
3332 4736 3588 4791 facerent

1925 4824 2350 4896 pervenire,qui
2376 4840 2608 4896 semper
2628 4822 2968 4897 synodalem
2989 4828 3336 4880 conventum
3362 4841 3396 4879 a
3418 4824 3586 4879 nobis

1926 4913 2227 4987 aggregari
2250 4912 2570 4985 petierant:
2592 4911 2792 4985 sicque
2815 4912 2999 4983 fleret,
3012 4916 3079 4968 ut
3101 4913 3425 4968 secundum
3450 4928 3588 4984 qua-

1927 5002 2151 5058 litatem
2174 5002 2362 5058 morbi
2395 5002 2689 5057 medicina
2709 5002 3113 5067 conficeretur,
3135 5005 3194 5056 et
3227 5000 3299 5055 ad
3322 5001 3586 5055 sananda

1924 5091 2167 5147 vulnera
2183 5089 2353 5165 longe
2369 5090 2600 5163 lateque
2617 5091 3030 5146 effunderetur.
3047 5088 3323 5145 Salomon
3343 5088 3582 5160 quidem

1925 5180 2118 5237 verbis
2150 5181 2367 5237 nostris
2399 5180 2712 5248 consentit,
2728 5196 2862 5235 cum
2889 5179 3045 5234 dicat
3069 5194 3082 5232 :
3106 5178 3273 5235 Salus
3293 5178 3393 5233 ubi
3410 5179 3584 5233 multa

1924 5271 2159 5327 consilia
2178 5272 2363 5338 (Prov.
2388 5271 2595 5337 x1).An
2618 5267 2856 5325 nescitis
2889 5266 3203 5323 nonnullos
3233 5282 3302 5322 ex
3331 5267 3583 5322 nonnul-

1925 5359 1998 5416 lis
2028 5358 2341 5432 provinciis
2391 5357 2672 5431 praasules
2721 5357 2803 5412 ita
2850 5356 3101 5413 fecisse?
3137 5356 3299 5421 Quod
3351 5355 3583 5412 facilius

1926 5447 2074 5504 scire
2104 5447 2368 5520 potestis,
2392 5447 2441 5502 si
2472 5445 2678 5515 vultis;
2714 5445 2847 5501 licet
2874 5462 2997 5512 vos,
3032 5444 3083 5501 si
3114 5443 3311 5512 vultis,
3338 5443 3582 5499 minime

1924 5537 2121 5593 lateat.
2146 5536 2407 5608 Denique
2438 5539 2559 5591 tam
2591 5536 2927 5608 prudentes,
2962 5539 3203 5606 tamque
3235 5533 3580 5606 praecipuos,

1926 5632 1981 5684 et
2012 5625 2338 5700 praeclaros,
2358 5642 2422 5681 ac
2445 5642 2593 5697 quos
2613 5625 2769 5682 Deus
2792 5626 2849 5680 in
2874 5625 3155 5681 charitate
3175 5639 3310 5680 vera
3330 5624 3583 5695 cunjun-

1926 5717 2028 5786 xit,
2051 5716 2207 5773 viros
2239 5714 2662 5788 reprehendere
2684 5713 2962 5773 nolumus
2986 5731 2999 5771 :
3026 5714 3168 5788 quin
3189 5712 3385 5787 potius
3407 5716 3473 5770 ut
3493 5712 3583 5770 di-
