4098 6482
516 389 640 456 923

1900 380 2214 449 NICOLAI
2257 383 2488 446 PAPJE
2530 381 2578 447 Ῑ.

3844 382 3972 445 824

522 523 875 581 lectissimos
902 522 1054 579 ﬁlios
1085 527 1325 595 paterno
1357 538 1554 578 amore
1575 519 1916 587 excolimus,
1935 524 1992 575 et
2021 522 2086 574 ut
2118 519 2175 573 in
2211 519 2264 585 Α
2299 524 2411 576 tem
2441 520 2570 588 ejus
2594 522 2792 575 nostro
2815 517 3044 589 judicio
3068 522 3429 575 reservantes
3460 517 3901 584 statuimus,ut
3923 518 3971 573 si

524 614 749 671 unitate
766 613 901 670 ﬁdei
920 611 1796 686 permaneatis,cunctipotentis
1813 609 2184 665 clementiam

525 721 858 762 exoramus.
884 704 1047 769 Quod
1080 703 1130 759 si
1163 702 1256 758 cui
1288 718 1357 757 ex
1387 700 1780 756 confratribus
1816 698 2033 755 nostris
2064 697 2185 770 epi-

525 794 719 867 scopis
751 793 894 849 talia
923 792 1093 848 nobis
1141 791 1463 861 misissent,
1508 789 1906 845 habueramus
1935 787 2188 862 qualiter

523 884 659 941 illos
681 882 1102 956 reprehendere
1120 886 1177 937 et
1194 881 1544 953 redarguere
1565 880 1932 945 deberemus,
1947 880 2185 950 excepto

526 974 576 1030 si
610 972 863 1047 regalem
916 970 1387 1043 magnitudinem
1436 973 1691 1025 vestram
1742 967 1853 1023 sibi
1903 966 2187 1040 impedire

525 1064 832 1129 dixissent,
857 1062 915 1117 in
937 1061 1099 1116 vobis
1124 1060 1231 1114 hoc
1265 1060 1517 1131 pendere
1548 1063 1608 1115 et
1637 1057 1848 1129 corrigi
1871 1058 2082 1113 debere
2102 1054 2185 1111 vi-

525 1154 779 1209 deretur.
803 1152 946 1207 Ecce
976 1148 1270 1221 episcopis
1302 1159 1617 1222 regnorum
1647 1152 1970 1203 vestrorum
2002 1145 2186 1218 impe-

524 1242 854 1298 dimentum
885 1244 1249 1312 praeparatur
1289 1254 1359 1292 ne
1396 1237 1670 1293 veniant:
1700 1235 1958 1293 Lotharii
1989 1240 2185 1291 autem

522 1329 916 1404 episcopi,qui
948 1330 1128 1385 frater
1159 1328 1330 1384 Istius
1357 1331 1447 1383 est
1469 1327 1609 1399 quid
1642 1325 1897 1396 obsistit,
1912 1324 2026 1381 nisi
2047 1325 2193 1397 quia

523 1421 594 1477 de
625 1420 833 1476 vestris
873 1422 1115 1474 sumant
1163 1416 1553 1484 occasionem,
1589 1420 1646 1471 et
1675 1416 1830 1472 sicut
1872 1413 2068 1481 vestri,
2103 1414 2189 1469 ita

522 1514 580 1566 et
608 1509 768 1565 illius
803 1508 1166 1581 negligentes
1198 1506 1557 1579 appareant?
1585 1504 1730 1561 Nam
1780 1505 1933 1559 inter
1982 1508 2188 1560 caetera

523 1599 849 1673 plurimum
883 1614 1039 1652 nunc
1070 1597 1132 1651 in
1165 1612 1343 1651 causa
1371 1595 1638 1667 ejusdem
1672 1593 2039 1658 Lotharii,de
2071 1608 2186 1664 quo

523 1688 986 1755 subinferemus,
1012 1685 1310 1758 profuerat
1339 1684 1387 1740 si
1420 1684 1718 1740 venissent
1750 1701 1762 1738 :
1799 1681 1937 1755 quia
1968 1681 2187 1738 auditis

523 1776 775 1833 decretis
798 1780 855 1832 et
878 1774 1168 1830 institutis
1190 1773 1445 1829 lucidius
1470 1777 1680 1829 cuncta
1700 1773 2001 1838 referrent,
2022 1771 2105 1827 ita
2123 1775 2189 1826 ut

526 1865 797 1922 nubilum
814 1864 1037 1937 aliquid
1064 1862 1306 1919 minime
1327 1863 1951 1919 remaneret.F‘ortasse
1968 1861 2182 1917 etenim
2217 1898 2264 1963 Β

525 1956 648 2012 ιιωο
694 1955 931 2011 illorum
962 1953 1188 2023 dilatio,
1215 1957 1274 2009 et
1302 1952 1571 2008 absentia
1627 1952 1818 2025 magis
1878 1951 2068 2007 obfuit
2123 1950 2185 2005 in

524 2046 654 2117 ejus
674 2042 1102 2109 emendatione,
1124 2059 1302 2114 quam
1325 2040 1661 2108 obstinatio,
1686 2039 1826 2113 quia
1847 2040 1897 2096 si
1920 2038 2188 2096 absentia

524 2138 584 2191 et
613 2132 815 2190 dilatio
847 2149 963 2188 non
995 2136 1172 2197 esset,
1205 2130 1521 2187 obstinatio
1552 2130 1755 2202 utique
1799 2130 1926 2201 jam
1975 2128 2184 2186 saltem

525 2227 725 2280 coacta
756 2224 1030 2278 cessaret.
1056 2221 1169 2277 Sed
1199 2219 1293 2276 his
1324 2219 1582 2286 omissis,
1607 2220 1680 2275 ad
1703 2224 1896 2275 vestra
1915 2217 2188 2275 consulta

526 2312 749 2386 stylum
782 2314 1051 2368 nostrum
1084 2310 1477 2365 reﬂectamus.
1501 2308 1705 2364 Dicitis
1730 2307 1887 2365 enim
1916 2326 2018 2365 vos
2039 2325 2186 2380 prae-

527 2402 712 2458 fatum
747 2398 1185 2457 commonuisse
1219 2398 1581 2455 Lotharium.
1603 2398 1767 2454 Sicut
1785 2398 1846 2453 in
1868 2399 2188 2454 commoni-

524 2491 675 2548 torio
703 2490 874 2547 nobis
905 2508 941 2547 a
966 2489 1132 2546 vobis
1164 2488 1383 2544 directo
1415 2486 1607 2561 legere
1637 2486 2182 2560 przevaluissemus;

526 2585 584 2637 et
612 2580 887 2636 eumdem
920 2595 1074 2650 saepe
1101 2577 1267 2633 vobis
1296 2578 1611 2633 mandasse
1643 2577 2184 2650 asseveratis,quod

525 2671 775 2726 Romam
796 2684 1035 2740 pergere
1056 2666 1213 2734 velit,
1229 2671 1286 2722 et
1315 2684 1419 2739 per
1448 2671 1711 2723 nostram
1734 2666 2185 2739 dispositionem

526 2759 598 2814 de
627 2773 807 2813 causa
836 2756 929 2812 sui
976 2755 1235 2828 conjugii
1266 2756 1474 2811 facere.
1510 2756 1622 2811 Sed
1672 2754 1821 2811 heu!
1855 2755 2028 2811 dictis
2062 2758 2183 2829 [al.,

526 2847 620 2903 his
644 2846 835 2913 dictis,
853 2846 1062 2917 Hann]
1087 2862 1236 2918 opus
1259 2862 1374 2900 non
1398 2843 2055 2917 accommodastis,quia
2081 2863 2187 2901 sae-

526 2936 660 3010 pius
675 2935 746 2990 de
759 2935 1078 2991 directione
1091 2933 1525 2990 commonitorii
1538 2934 1838 2989 mentione
1861 2933 2012 2989 facta
2031 2933 2186 2992 idem

525 3023 1044 3082 commonitoriiJm
1074 3023 1283 3093 abfuit,
1317 3027 1374 3079 et
1422 3022 1592 3080 nobis
1638 3023 1936 3080 frustratis
1967 3040 2186 3096 nequa-

527 3131 707 3187 quam
740 3112 1087 3186 comparuit.
1124 3114 1286 3179 Quod
1321 3112 1370 3168 si
1409 3112 1849 3181 habuissemus,
1891 3119 2186 3170 certamen

526 3209 788 3260 vestrum
827 3220 1004 3276 super
1043 3202 1136 3258 his
1164 3219 1691 3274 cognosceremus:
1718 3204 1819 3259 sed
1860 3220 1995 3259 cum
2037 3204 2180 3260 illud

527 3292 796 3359 defuerit,
820 3292 1119 3348 nescimus
1150 3292 1199 3347 si
1231 3291 1396 3348 labor
1440 3298 1631 3348 vester
1677 3292 2020 3349 fructuosus
2052 3294 2180 3350 iuit.
2214 3271 2258 3339 Ο

527 3381 659 3455 Ipse
688 3381 924 3451 quidem
957 3380 1270 3437 Lotharius
1302 3380 1493 3449 nobis,
1527 3386 1592 3437 ut
1620 3382 1804 3451 vobis,
1827 3382 2053 3439 vicibus
2084 3402 2188 3457 per

526 3470 863 3544 imperiales
894 3470 1118 3545 legatos
1170 3471 1489 3539 mandavit,
1513 3471 1670 3543 quod
1720 3472 1967 3528 Romam
2014 3472 2188 3529 vellet

526 3561 741 3616 venire.
775 3559 879 3615 Cui
925 3559 1359 3628 interdiximus,
1397 3564 1454 3615 et
1485 3560 1724 3617 omnino
1755 3561 2185 3631 interdicimus,

528 3654 595 3704 ut
625 3650 737 3705 iter
764 3649 901 3704 talis
932 3649 1127 3720 qualis
1169 3666 1325 3705 nunc
1355 3654 1446 3705 est
1486 3667 1601 3705 non
1643 3651 1906 3723 arripiat,
1933 3669 1998 3708 eo
2030 3654 2185 3724 quod

530 3744 735 3795 sancta
762 3739 1027 3793 Romana
1056 3737 1314 3793 Ecclesia
1352 3738 1529 3795 talem
1567 3745 1807 3812 respuat
1835 3746 1894 3796 et
1923 3747 2186 3798 contem-

530 3831 726 3893 nat,et
755 3827 813 3881 in
845 3826 955 3882 hoc
985 3829 1502 3900 perseveret,quod
1527 3827 1643 3885 late
1672 3828 1730 3884 in
1759 3833 1878 3885 toto
1903 3830 2186 3887 diffusum

528 3920 618 3972 est
647 3917 804 3972 orbe.
829 3916 975 3972 Nam
1007 3932 1172 3973 verso
1205 3917 1303 3974 diu
1335 3917 1560 3974 lumine
1588 3936 1694 3990 per
1723 3919 1918 3991 apices
1938 3924 2184 3990 vestros,

529 4005 857 4063 anhelando
888 4006 1374 4078 praestolabamur
1402 4006 1597 4062 locum
1619 4007 1925 4080 attingere,
1947 4010 2043 4082 qui
2080 4028 2186 4067 nos

525 4095 615 4152 vel
646 4096 820 4153 verbo
852 4094 1050 4168 aliquo
1100 4097 1273 4152 modo
1298 4097 1394 4167 [aL
1429 4098 1577 4152 abest
1607 4113 1735 4163 vox,
1759 4098 1952 4166 modo,
1975 4099 2186 4172 Hann]

527 4185 656 4257 opis
678 4189 985 4253 annueret,
1011 4201 1125 4258 quo
1147 4201 1460 4257 possemus
1481 4184 1741 4257 aliquam
1766 4186 2026 4243 laetitiam
2045 4206 2187 4262 prae-

527 4274 904 4331 sumere.Sed
928 4274 1311 4346 perscrutatis
1332 4275 1628 4341 omnibus,
1651 4292 1716 4331 ac
1738 4277 1811 4331 ad
1832 4276 2053 4333 calcem
2085 4296 2185 4335 us-

529 4381 644 4437 que
674 4363 926 4433 relectis,
952 4369 1085 4436 post
1112 4362 1420 4421 lectionem
1451 4365 1581 4438 ipsa
1611 4382 1738 4438 quae
1770 4366 1959 4422 inerat
1988 4367 2187 4425 laetitia

528 4454 835 4519 abscessit,
850 4457 909 4509 et
929 4470 1037 4510 nos
1055 4453 1220 4510 dolor
1241 4455 1559 4511 continuus
1582 4453 1738 4511 illico
1762 4456 2188 4531 possedit,quia

527 4541 588 4595 in
621 4540 849 4596 cunctis
872 4557 1080 4597 sumus
1101 4542 1387 4610 frustrati,
1415 4548 1471 4598 et
1491 4544 1647 4614 quod
1671 4560 1787 4599 non
1810 4546 2183 4616 optabamus,

2298 610 2585 682 praedictae
2616 609 2998 683 Theutbergae
3030 609 3290 680 captiose
3317 607 3520 681 aliqua
3547 608 3663 664 alia
3683 607 3969 676 crimina,

2296 703 2613 773 postquam
2656 715 2785 755 eam
2818 716 2852 754 a
2882 715 2944 755 se
2994 698 3229 770 repulit,
3255 698 3509 770 objicere
3546 697 3823 767 voluerit,
3861 697 3973 754 hoc

2295 792 2653 862 expurgetur
2673 791 3062 855 sacramento,
3078 787 3128 843 si
3145 787 3227 843 ita
3249 786 3568 844 necessitas
3586 785 3969 861 compulerit.

2296 879 2460 945 Quod
2492 878 2542 933 si
2574 878 2822 949 innupta
2855 894 3092 933 manere
3121 877 3443 934 decreverit
3469 882 3529 933 et
3556 877 3679 934 viro
3720 894 3837 933 suo
3885 893 3973 932 re-

2296 966 2597 1023 conciliari
2615 965 2889 1039 noluerit,
2905 965 3206 1023 sancimus
3224 973 3290 1022 ut
3308 971 3548 1039 cogatur
3568 967 3629 1021 in
3652 966 3974 1039 amplexus

2296 1056 2533 1113 uxorios
2554 1057 2773 1125 redire;
2799 1056 2940 1129 quia
2959 1055 3268 1129 utriusque
3292 1073 3354 1111 se
3377 1055 3690 1128 separandi
3714 1073 3838 1111 non
3866 1055 3977 1111 fuit

2294 1149 2585 1202 voluntas.
2605 1147 2753 1202 Nam
2786 1146 2834 1202 si
2882 1146 3117 1218 utrique
3149 1145 3210 1201 in
3241 1146 3487 1202 divortio
3527 1144 3976 1213 consenserint,

2296 1241 2353 1292 et
2384 1236 2696 1292 Lotharius
2717 1237 2846 1308 jam
2878 1236 3121 1292 omnino
3152 1234 3423 1307 copulam
3462 1235 3819 1291 concubitus
3854 1251 3976 1290 non

2296 1326 2614 1398 repetierit,
2634 1325 2744 1381 hoc
2765 1325 2889 1380 fieri
2920 1342 3038 1381 non
3070 1324 3485 1397 prohibemus:
3508 1324 3647 1397 quia
3672 1323 3977 1385 Dominus

2297 1414 2368 1470 de
2399 1413 2748 1470 dimittenda
2777 1430 2955 1470 uxore
2997 1431 3238 1470 causam
3268 1417 3502 1470 tantum
3551 1412 3975 1470 fornicationis

2295 1504 2541 1576 excepit.
2568 1504 2753 1577 Igitur
2772 1504 2822 1559 si
2846 1503 3178 1572 Lotharius,
3195 1520 3372 1577 quem
3395 1503 3680 1560 hactenus
3700 1503 3976 1559 converti

2296 1592 2613 1665 praestolati
2645 1597 2954 1659 sumus,et
2981 1592 3301 1648 vindictam
3334 1592 3393 1647 in
3425 1608 3581 1662 eum,
3615 1609 3687 1649 ne
3720 1593 3980 1666 sanguis

2296 1682 2715 1751 effunderetur,
2730 1687 2788 1738 et
2810 1699 2883 1738 ne
2905 1682 3056 1738 bella
3077 1682 3493 1749 excitarentur,
3518 1681 3836 1755 propalare
3859 1682 3981 1738 dis-

2295 1772 2570 1841 tulimus,
2591 1790 2773 1828 cornu
2805 1770 3100 1838 extulerit,
3131 1775 3190 1827 et
3217 1771 3437 1827 nostris
3478 1770 3812 1844 vestrisque
3847 1788 3978 1828 mo-

2296 1861 2439 1919 nitis
2469 1862 2706 1919 obedire
2736 1861 3082 1935 neglexerit;
3116 1862 3188 1917 de
3228 1866 3434 1918 caetero
3477 1859 3615 1917 talis
3655 1860 3979 1917 habendus

2295 1955 2404 2019 est,
2424 1950 2663 2024 qualem
2686 1949 2855 2007 illum
2877 1968 2979 2023 per
3000 1949 3311 2023 epistolam
3335 1954 3598 2007 nostram
3622 1949 3978 2007 Rhadoaldo

2294 2040 2521 2096 dudum
2545 2040 2841 2113 episcopo,
2857 2044 2915 2096 et
2929 2039 3142 2096 Joanni
3166 2039 3442 2112 episcopo
3466 2039 3713 2095 missam
3738 2056 3855 2095 nos
3878 2038 3979 2095 ha-

2294 2130 2429 2187 bere
2446 2131 2575 2202 jam
2598 2129 2974 2203 cognovistis.
2992 2130 3106 2186 Sed
3125 2128 3254 2199 filii,
3279 2128 3669 2197 dilectissimi,
3684 2133 3742 2186 et
3767 2128 3978 2203 singu‘

2294 2218 2496 2275 lariter
2518 2237 2552 2275 a
2572 2220 2742 2276 nobis
2765 2217 3068 2293 diligendi,
3082 2235 3214 2275 ecce
3232 2218 3548 2275 Arsenium
3568 2218 3974 2276 venerabilem

2294 2308 2639 2382 episcopum
2669 2309 2742 2364 ad
2776 2308 2885 2364 hoc
2907 2307 3213 2364 vobiscum
3236 2308 3737 2381 pertractandum,
3757 2313 3823 2364 et
3846 2325 3971 2364 mo-

2295 2398 2622 2454 nitionibus
2667 2397 3102 2471 corrigendum,
3122 2414 3259 2453 cum
3307 2396 3645 2470 apostolicis
3695 2396 3972 2470 epistolis

2295 2487 2432 2543 illuc
2463 2487 2910 2544 destinavimus.
2937 2489 3198 2553 Quarum
3223 2485 3599 2560 exemplaria,
3624 2503 3696 2542 ne
3718 2486 3972 2543 authen-

2294 2577 2421 2633 ticaa
2451 2576 2723 2645 istarum,
2750 2581 2853 2633 aut
2882 2575 3238 2648 interceptae,
3263 2581 3367 2632 aut
3397 2594 3431 2631 a
3460 2576 3679 2649 quibus
3711 2577 3969 2633 fortasse

2296 2667 2715 2735 dehonestatae,
2745 2671 2850 2722 aut
2897 2665 3157 2739 perditae,
3181 2669 3284 2721 aut
3311 2664 3487 2722 etiam
3533 2670 3772 2738 propter
3807 2666 3966 2739 quod

2294 2756 2461 2813 vobis
2489 2755 2763 2811 dubietas
2793 2755 3070 2812 credendi
3100 2760 3497 2828 generaretur,
3521 2772 3625 2828 pro
3658 2754 3839 2811 libitu
3863 2755 3967 2812 ali-

2295 2849 2384 2902 ter
2414 2845 2628 2901 habitaa
2673 2845 2945 2901 fuissent.
2971 2843 3367 2918 magnitudini
3395 2850 3599 2900 vestrae
3648 2861 3752 2916 per
3805 2844 3968 2900 hunc

2296 2935 2569 3009 gerulum
2600 2935 3064 2992 transmisimus.
3093 2937 3258 2991 Tunc
3291 2935 3342 2992 si
3385 2936 3756 2993 authenticas
3788 2934 3878 2992 ita
3906 2952 3966 2991 se

2297 3025 2510 3081 habere
2539 3024 2897 3098 repereritis,
2920 3041 3203 3081 assensus
3232 3030 3426 3081 vester
3470 3024 3660 3081 eidem
3711 3025 3962 3082 Arsenio

2296 3115 2643 3187 praebeatur.
2667 3114 2771 3171 Sin
2793 3120 3010 3183 autem,
3034 3118 3271 3187 excepto
3295 3115 3367 3171 de
3397 3114 3665 3171 Rothado
3687 3099 3744 3171 et
3761 3114 3963 3172 Albui—

2296 3221 2392 3271 no,
2419 3203 2504 3259 illi
2536 3221 2637 3260 vos
2669 3204 2903 3260 credere
2953 3221 3068 3259 non
3116 3208 3364 3276 oportet.
3397 3205 3467 3260 Et
3499 3204 3789 3277 quidquid
3847 3204 3962 3260 illis

2297 3295 2357 3350 in
2380 3293 2648 3367 partibus
2670 3297 2866 3349 actum
2892 3293 3087 3359 fuerit,
3107 3294 3219 3349 sub
3240 3297 3539 3367 gestorum
3561 3293 3963 3350 insinuatione

2295 3383 2489 3451 nobis,
2504 3387 2821 3455 antequam
2842 3381 2986 3438 illud
3005 3399 3109 3455 per
3124 3381 3271 3439 alios
3290 3383 3966 3457 cognoscamus,optime

2297 3472 2616 3539 munitum,
2637 3477 2703 3528 ut
2725 3470 2937 3527 melius
2972 3469 3239 3528 laborare
3260 3471 3579 3544 possimus,
3595 3471 3852 3546 dirigere
3872 3489 3965 3545 pe-

2296 3564 2498 3629 timus,
2517 3578 2894 3633 nequaquam
2913 3560 3182 3618 omittite.
3201 3562 3351 3617 Sunt
3371 3565 3428 3618 et
3443 3560 3582 3619 aliia
3597 3561 3964 3635 quampluri-

2296 3670 2413 3718 ma,
2438 3669 2565 3723 quae
2596 3651 2760 3706 vobis
2804 3667 2911 3706 nos
2944 3652 3226 3707 mandare
3254 3651 3421 3708 valde
3450 3655 3828 3724 oportuerat:
3858 3651 3956 3707 sed

2297 3740 2435 3814 quia
2462 3744 2584 3796 tam
2616 3739 2962 3796 clarissimis
2992 3744 3050 3796 et
3081 3740 3562 3813 prudentissimis
3588 3758 3775 3814 pauca
3799 3740 3966 3797 sufﬁ-

2297 3831 2546 3900 ciunt,et
2566 3830 2661 3886 hic
2685 3829 2928 3903 gerulus
2950 3829 3120 3886 nobis
3136 3835 3262 3886 erat
3279 3829 3637 3904 incognitus,
3654 3834 3836 3902 atque
3856 3829 3960 3885 hoc

2295 3937 2431 3978 eum
2463 3918 2700 3985 latebat,
2724 3922 2933 3991 praeter
2973 3918 3096 3975 hinc
3138 3920 3395 3976 scribere
3436 3918 3745 3976 desiimus.
3780 3922 3960 3976 Porro

2295 4012 2367 4067 de
2388 4008 2647 4065 Ecclesia
2664 4007 3017 4076 Coloniensi,
3044 4008 3115 4065 de
3147 4025 3266 4082 qua
3296 4026 3404 4066 nos
3436 4008 3848 4077 consuluistis,
3868 4008 3961 4064 de-

2295 4099 2593 4156 cernimus
2624 4101 2689 4152 ut
2730 4096 2811 4151 ibi
2859 4102 3232 4153 consecretur
3281 4097 3548 4155 antistes.
3572 4098 3652 4154 De
3692 4098 3959 4155 Camera-

2295 4186 2455 4245 censi
2476 4203 2630 4257 vero,
2656 4186 2812 4259 quod
2834 4189 3123 4242 statutum
3145 4187 3455 4256 habemus,
3471 4187 3744 4243 volumus
3766 4188 3960 4244 obser-

2292 4278 2415 4334 vari
2449 4293 2463 4333 :
2495 4276 2767 4333 videlicet
2797 4279 2863 4331 ut
2911 4274 2961 4332 si
3014 4275 3122 4331 tibi
3179 4275 3384 4333 electio
3416 4277 3701 4334 canonica
3759 4276 3954 4343 fuerit,
3985 4330 3994 4339 ,

2295 4365 2626 4424 consecrari
2658 4365 2872 4421 debeat
2900 4363 2962 4419 in
3010 4381 3080 4420 ea
3123 4365 3457 4439 episcopus.
3490 4367 3577 4422 Ad
3609 4371 3955 4434 extremum,

2296 4457 2452 4530 quod
2485 4454 2656 4512 silere
2704 4471 2822 4510 non
2868 4470 3210 4525 possumus,
3244 4455 3389 4527 quin
3421 4455 3538 4512 imo
3580 4472 3759 4528 super
3788 4454 3957 4512 dictis

2294 4545 2504 4603 vestris
2521 4542 3021 4616 obstupescimus,
3036 4544 3109 4599 de
3131 4544 3507 4601 Suessionica
3527 4544 3753 4602 scilicet
3772 4544 3958 4601 Eccle-

529 4628 810 4686 derelicti.
841 4630 1255 4687 Verumtamen
1287 4631 1567 4703 quoniam
1600 4632 1754 4688 circa
1799 4634 2044 4690 missam
2068 4638 2188 4708 [hoc
2216 4649 2263 4715 D
2295 4637 2404 4705 sia,
2429 4635 2500 4691 de
2530 4650 2666 4707 qua,
2696 4632 2782 4688 ﬁli
2811 4634 2893 4688 mi
2924 4632 3149 4701 Carole,
3172 4634 3327 4706 quod
3370 4633 3705 4707 loquimini,
3747 4652 3855 4708 per
3895 4650 3955 4690 os

528 4727 605 4775 est
627 4719 782 4774 circa
815 4719 1052 4787 festum,
1072 4720 1281 4791 Hann]
1305 4719 1491 4776 sancti
1521 4721 1788 4789 Joannis,
1813 4723 1883 4778 de
1905 4740 2019 4795 quo
2042 4725 2186 4782 dixi-

532 4826 687 4878 mus,
709 4808 1073 4881 Lotbarium,
1090 4810 1444 4882 dispositum
1470 4809 1699 4866 habetis
1721 4812 1912 4867 denuo
1934 4830 2190 4872 commo-

532 4916 687 4966 nere,
737 4916 852 4955 non
894 4899 1139 4955 moleste
1196 4896 1464 4953 tulimus.
1499 4898 1765 4955 Forsitan
1818 4903 2187 4976 omnipotens

532 4988 687 5044 Deus
709 5005 808 5045 cor
828 4989 958 5059 ejus
980 4989 1052 5044 ad
1076 4988 1186 5043 sibi
1213 4987 1426 5059 placita
1446 4987 1727 5045 inclinare
1749 4989 2108 5065 dignabitur,
2133 5000 2190 5051 et

534 5078 603 5133 de
634 5078 1075 5149 praevaricatore
1105 5077 1346 5133 tandem
1388 5076 1557 5133 faciet
1594 5082 1978 5138 convertenda
2010 5082 2187 5141 dilec-

534 5172 682 5222 tum.
706 5167 765 5222 Si
800 5171 997 5223 autem
1042 5165 1287 5222 subdole
1315 5166 1765 5241 Theutbergam,
1798 5174 1863 5225 ut
1892 5188 2020 5227 eam
2053 5190 2188 5244 per-

537 5255 815 5324 dat,velle
837 5259 1095 5326 repetere
1124 5253 1362 5323 dicitur,
1389 5255 1438 5311 si
1468 5255 1599 5329 ipsa
1627 5256 1774 5314 tales
1804 5258 2064 5331 elegerit,
2090 5276 2194 5334 per

536 5362 685 5416 quos
716 5344 829 5399 sibi
878 5344 1164 5399 securitas
1194 5345 1523 5403 certissima
1553 5347 1675 5413 fiat,
1706 5364 1837 5403 ecce
1886 5348 2052 5405 bene.
2088 5350 2188 5407 Sin

538 5440 756 5501 autem,
778 5432 935 5487 idem
968 5432 1278 5490 Lotharius
1310 5436 1562 5508 praebeat
1591 5441 2050 5507 sacramentum,
2076 5458 2190 5512 quo

538 5521 887 5595 polliceatur
916 5538 1044 5578 eam
1084 5522 1258 5597 digno
1308 5524 1682 5581 matrimonio
1733 5524 2010 5598 recipere,
2043 5536 2098 5585 et
2129 5535 2193 5585 ut

540 5626 778 5667 uxorem
821 5608 1142 5682 legitimam
1176 5614 1447 5670 decenter
1473 5613 1736 5669 venerari
1782 5619 1839 5669 et
1884 5616 2091 5685 colere,
2126 5635 2192 5676 ac

540 5700 815 5773 deinceps
846 5700 1176 5759 incolumen
1217 5720 1578 5760 conservare.
1604 5703 1683 5759 De
1724 5704 2064 5776 poenitentia
2095 5725 2193 5765 au-

2300 4724 2543 4784 alterius
2572 4722 3100 4795 loquimini,quam
3124 4727 3301 4779 etiam
3335 4740 3440 4796 per
3459 4723 3702 4798 triginta
3732 4723 3957 4780 eirciter

2296 4831 2483 4872 annos
2506 4813 2578 4869 ab
2609 4812 2977 4869 infructuosa
3005 4811 3261 4869 ficulnea
3289 4813 3555 4869 Rothado
3579 4814 3700 4885 [al.,
3726 4811 3955 4869 Rothal-

2298 4906 2392 4973 do,
2416 4912 2467 4960 et
2494 4904 2575 4959 sic
2602 4902 2805 4974 ubique
2836 4903 3095 4974 inferius,
3130 4902 3340 4975 HABD.]
3376 4902 3663 4959 inutiliter
3710 4919 3950 4975 occupa-

2296 4995 2692 5064 tam,excepto
2724 4989 2847 5047 solo
2893 4989 3151 5058 nomine,
3176 4990 3456 5063 pastorali
3496 4990 3693 5047 dicitis
3720 5005 3953 5048 vacasse

2299 5080 2693 5138 sollicitudine
2719 5095 2733 5136 :
2759 5079 3048 5136 miramur
3068 5097 3174 5136 cur
3193 5085 3394 5137 tantus
3416 5097 3517 5137 rex
3538 5079 3822 5137 suasoriis
3842 5095 3952 5135 ver-

2300 5171 2392 5227 bis
2414 5171 2585 5238 cedit,
2602 5173 2797 5226 etnon
2820 5169 3010 5243 magis
3034 5187 3151 5227 non
3173 5170 3428 5243 qualiter
3445 5171 3518 5227 de
3540 5169 3807 5227 Rbotado
3826 5169 3950 5227 obe-

2302 5259 2426 5317 diat
2454 5259 2747 5315 letiﬁcare
2777 5264 3070 5332 procurat.
3105 5261 3316 5316 Desine
3353 5276 3514 5335 ergo,
3539 5260 3646 5330 fili,
3667 5264 3722 5316 et
3752 5260 3946 5333 depre-

2301 5349 2521 5407 catoria
2547 5349 2725 5405 verba
2753 5347 2905 5421 pelle
2927 5366 2961 5405 a
2981 5350 3174 5417 corde,
3195 5349 3506 5423 incipeque
3535 5349 3755 5407 nostris
3776 5346 3948 5405 moni-

2301 5440 2378 5497 tis
2409 5455 2632 5512 parere,
2654 5442 2719 5494 ut
2748 5437 3241 5497 excellentissima
3271 5439 3459 5513 gloria
3485 5444 3680 5496 vestra
3704 5456 3839 5495 cum
3870 5453 3949 5495 ex-

2302 5528 2618 5586 sultatione
2642 5528 2972 5597 fructiﬁcet,
2996 5534 3053 5585 et
3080 5545 3215 5585 cum
3248 5530 3462 5604 gaudio
3491 5528 3829 5603 manipulos
3848 5525 3948 5585 col-

2300 5619 2463 5691 ligat.
2487 5619 2710 5673 Tamen
2743 5618 2993 5691 qualiter
3022 5620 3093 5676 de
3126 5618 3224 5676 illo
3250 5620 3674 5677 sublimitatem
3703 5625 3943 5677 vestram

2301 5710 2566 5781 oporteat
2587 5706 2795 5775 facere,
2810 5707 2942 5765 aliis
2974 5707 3183 5767 litteris
3205 5710 3424 5767 nostris
3444 5709 3729 5783 liquidius
3750 5723 3946 5782 cogno-
