4098 6470
546 342 666 409 927

1925 338 2236 405 ΝιιαοιΑι
2277 339 2509 405 ΡΑΡιΕ
2550 340 2600 404 Ῑ.

620 481 1118 554 Proposueramus
1150 476 1407 551 quidem,
1441 465 1754 549 anu-quain
1789 475 2035 532 Michael
2077 474 2206 549 glo-
2235 475 2293 542 Α
2321 476 2528 531 benter
2554 475 3104 548 ferimus.Discipuli
3133 474 3291 533 enim
3319 493 3529 534 sumus
3558 476 3740 541 illius,
3759 477 3844 533 de
3877 493 3997 549 quo

549 570 741 628 riosus
754 567 1700 644 protospathariuslegatusvester
1710 566 1957 623 Romam
1970 566 2209 624 veniens

548 659 856 734 epistolam
885 658 1058 715 nobis
1090 656 1373 714 claritatis
1401 659 1606 712 vestrae
1627 654 2103 722 detulisset,talia
2119 672 2211 712 vo-

548 749 640 807 bis
689 750 909 823 scripta
941 766 1044 822 per
1072 746 1287 805 missos
1318 750 1574 812 nostros,
1610 763 1737 818 quae
1756 745 1884 817 jam
1917 749 1975 802 et
2005 749 2212 818 parata

549 834 1368 909 erant,transmittere,qualia
1397 833 2209 909 gravissimus(gratissimus)

550 928 708 985 ﬁlius
738 945 773 984 a
803 927 1081 1000 diligente
1109 929 1275 997 patre
1295 941 1359 980 ac
1385 923 1488 980 Dei
1518 923 2151 996 cultore,imperatores
2178 940 2213 980 a

550 1017 707 1075 sedis
738 1016 1066 1090 apostolicae
1099 1012 1452 1087 praesulibus
1500 1011 1657 1069 soliti
1694 1016 1860 1069 erant
1889 1013 2208 1085 suscipere.

546 1108 620 1163 At
647 1123 779 1163 vero
809 1105 1046 1179 praefato
1074 1103 1197 1159 viro
1228 1102 1622 1174 perveniente,
1656 1100 2083 1175 epistolamque
2107 1120 2209 1158 no-

548 1195 638 1252 bis
667 1200 870 1251 vestrae
904 1191 1122 1269 gloria},
1157 1208 1285 1263 qua:
1318 1196 1441 1248 tota
1472 1189 1880 1263 hlasphemiis,
1917 1194 2040 1247 tota
2087 1194 2212 1247 erat

546 1283 781 1357 injuriis
810 1280 1366 1356 plena,porrigente,
1401 1284 1629 1336 mutata
1658 1284 1747 1335 est
1776 1278 1837 1334 in
1864 1278 2091 1336 luctum
2135 1279 2211 1335 ci-

546 1374 716 1431 thara
742 1378 944 1429 nostra
972 1371 1189 1445 (Thren.
1223 1373 1302 1439 v),
1336 1373 1393 1426 et
1423 1385 1708 1441 organum
1743 1374 2011 1426 nostrum
2039 1369 2098 1425 in
2119 1386 2211 1426 vo-

546 1481 673 1520 cem
730 1460 997 1518 ﬂentium
1051 1465 1185 1527 (Ιριτι.
1247 1459 1323 1532 v).
1395 1457 1681 1523 Quoniam
1742 1458 2209 1531 exspectavimus

544 1556 830 1624 tanquam
859 1551 928 1605 de
960 1550 1114 1604 bona
1142 1548 1254 1605 vite
1286 1565 1449 1613 uvas,
1482 1547 1855 1619 suscepimus
1887 1552 2085 1603 autem
2119 1547 2208 1603 la-

546 1641 793 1701 bruscas
825 1656 840 1694 :
874 1639 1123 1711 ideoque
1176 1636 1536 1693 mutavimus
1580 1635 1823 1710 stylum,
1871 1640 1929 1691 et
1973 1640 2208 1693 ostenso

544 1728 775 1786 vulneri
798 1745 1058 1802 congrua
1080 1726 1454 1800 praevidimus
1468 1725 1746 1782 adhibere
1759 1724 2205 1782 medicamenta.

548 1819 736 1893 Igitur
759 1818 832 1874 ad
858 1815 1180 1890 potentiam
1199 1820 1451 1872 vestram
1469 1814 1793 1887 inspirante
1809 1813 2057 1871 Domino
2071 1814 2210 1871 scri-

546 1908 724 1982 pturi,
759 1912 1090 1978 nostraque
1138 1905 1319 1962 menti
1370 1905 1616 1961 aﬂ‘ectus
1668 1903 1976 1960 industriae
2007 1909 2213 1961 vestrae

545 1995 1111 2061 reseraturi,necnon
1145 1997 1203 2051 et
1236 2010 1342 2067 pro
1379 1996 1584 2049 sancta
1630 1990 1889 2050 Ecclesia
1932 1993 2218 2051 catholica

547 2090 605 2143 et
633 2083 957 2159 apostolica
986 2083 1179 2157 (cujus
1223 2100 1330 2139 nos
1380 2081 1671 2156 pracipue
1720 2099 1884 2151 cura,
1916 2086 1975 2138 et
2021 2083 2213 2156 quoti-

545 2175 721 2232 diana
750 2174 1078 2231 secundum
1110 2170 1451 2246 Apostolum
1483 2170 1818 2228 sollicitudo
1839 2172 2212 2245 constringit)

545 2265 701 2340 apud
733 2280 835 2321 vos
866 2260 1336 2331 interventuri,et
1356 2260 1619 2336 epistola:
1643 2264 1849 2317 vestrae
1880 2262 2217 2318 assertioni-

544 2355 656 2411 bus
689 2354 885 2427 (prout
914 2351 1202 2409 Dominus
1232 2367 1405 2424 posse
1426 2354 1483 2406 et
1504 2366 1677 2406 nosse
1698 2350 1949 2420 dederit)
1982 2368 2221 2424 respon.

544 2444 689 2511 suri,
721 2441 868 2499 nihil
901 2438 1471 2515 opportunius,nihil
1505 2440 1724 2512 aptius,
1761 2439 1909 2495 nihil
1956 2440 2214 2514 profecto

545 2532 849 2591 sulubrius
879 2529 1402 2599 arbitramur(licet
1427 2547 1529 2585 vos
1561 2546 1596 2585 a
1625 2528 1905 2585 conviciis
1941 2529 2214 2588 inchoas-

545 2622 707 2695 setis)
724 2636 902 2694 quam
935 2637 1052 2692 prae
1084 2619 1361 2676 omnibus
1393 2618 1654 2691 ﬂagitare
1686 2617 2033 2691 suppliciter
2055 2636 2212 2690 eum,

545 2729 650 2785 per
680 2726 855 2784 quem
890 2725 1054 2782 reges
1085 2711 1353 2782 regnant,
1390 2712 1447 2764 et
1478 2707 1675 2781 legum
1708 2708 2041 2764 conditores
2049 2709 2217 2781 justa

544 2802 887 2867 decernunt,
921 2802 978 2854 et
1008 2798 1069 2853 in
1099 2798 1272 2870 cujus
1305 2814 1486 2854 manu
1524 2797 1701 2853 corda
1730 2802 1871 2854 sunt
1901 2815 2127 2872 regum,
2160 2802 2216 2855 et

544 2907 613 2947 ex
639 2907 757 2963 quo
789 2892 998 2962 regnat
1020 2888 1217 2945 omnis
1246 2887 1345 2961 qui
1370 2886 1464 2961 pie
1485 2890 1718 2961 regnat;
1744 2891 1800 2944 et
1822 2887 2072 2960 imperat
2092 2906 2219 2950 om.

545 2978 768 3052 nis,qui
800 2976 990 3034 eidem
1024 2975 1166 3050 Regi
1199 2992 1406 3050 regum
1433 2979 1491 3032 et
1509 2975 1758 3032 Domino
1779 2977 2213 3034 dominantium

544 3086 662 3126 non
695 3070 1006 3140 repugnat,
1037 3065 1355 3122 Dominum
1388 3065 1658 3122 videlicet
1706 3070 1976 3122 nostrum
2007 3068 2214 3124 Jesum

542 3155 959 3227 Christum,cui
984 3154 1176 3211 omnis
1195 3155 1562 3212 rationabilis
1593 3142 1862 3212 creatura
1884 3155 2209 3214 ministrat:

2319 565 2717 638 apostolorum
2758 565 3031 638 princeps
3062 565 3143 622 ait
3174 582 3187 621 :
3218 566 3326 635 Qui
3370 582 3498 623 cum
3538 567 3995 635 malediceretur,

2318 671 2430 713 non
2473 655 2831 712 maledicebat
2858 673 2871 710 :
2904 663 2956 712 et
2983 672 3108 711 cum
3130 663 3432 728 pateretur,
3465 672 3578 713 non
3603 656 3997 714 comminaba-

2320 753 2412 801 tur
2443 747 2494 815 (Ι
2513 751 2663 802 Petr.
2698 748 2782 814 ιι).
2817 745 2897 802 De
2926 744 3145 801 talibus
3174 745 3332 802 enim
3382 745 3611 802 Veritas
3652 745 3936 819 loquitur
3975 761 3988 801 :

2318 834 2382 891 Si
2446 835 2910 907 patrem/emines
2947 835 3273 891 Beelzebuth
3334 844 3663 892 vocaverunt
3701 854 3721 893 :
3780 844 3999 910 quanto

2317 925 2496 994 magis
2548 922 2863 980 domesticos
2910 924 3063 995 ejus?
3093 922 3308 995 (Matth.
3358 926 3442 994 κ.)
3494 923 3561 979 Et
3607 941 3825 980 rursus
3869 940 3995 989 eos,

2320 1011 2423 1084 qui
2454 1016 2690 1085 propter
2733 1028 2946 1068 nomen
2997 1011 3158 1069 illius
3189 1013 3676 1085 persecutionem,
3711 1016 3771 1069 et
3804 1012 4002 1069 male-

2320 1101 2477 1159 dicta
2506 1101 2808 1158 toleraturi
2839 1104 3027 1169 erant,
3068 1102 3270 1158 beatos
3318 1118 3450 1159 esse
3498 1103 3881 1174 pronuntiat,
3918 1102 4002 1158 di-

2320 1208 2458 1248 cens
2492 1208 2504 1248 :
2537 1193 2693 1247 Beati
2714 1191 2844 1247 estis
2871 1206 2999 1246 eum
3022 1189 3417 1247 maledixerint
3444 1192 3617 1260 vobis,
3637 1199 3689 1249 et
3713 1193 4004 1264 persecuti

2319 1296 2411 1337 vos
2437 1281 2726 1353 fuerint,et
2756 1279 3010 1336 dixerint
3029 1297 3189 1336 omne
3206 1282 3422 1337 malum
3451 1280 3713 1338 adversus
3732 1299 3831 1338 vos
3853 1298 4007 1337 men-

2318 1372 2512 1427 tientes
2538 1377 2758 1441 propter
2784 1385 2872 1426 me
2901 1369 3107 1443 (Matth.
3132 1373 3209 1438 v).
3222 1369 3330 1427 Ubi
3355 1373 3667 1443 ergo,teste
3687 1370 4004 1427 conscien-

2318 1457 2421 1525 tia,
2451 1456 2606 1515 Deus
2657 1456 2718 1512 in
2766 1473 2951 1515 causa
2975 1460 3086 1526 est,
3122 1456 3203 1513 ibi
3235 1456 3476 1515 omnino
3522 1457 3833 1515 beatitudo
3867 1473 4004 1530 spe-

2319 1547 2505 1603 randa
2537 1563 2550 1603 :
2584 1549 2643 1603 et
2674 1546 2773 1602 ubi
2807 1546 3182 1603 mendacium
3216 1546 3397 1614 saevit,
3430 1546 3511 1603 ibi
3542 1545 3808 1605 convicia
3832 1545 4007 1603 nulla

2318 1636 2602 1693 timenda.
2636 1634 2800 1692 Sicut
2833 1652 2971 1708 ergo
3003 1652 3111 1692 nos
3140 1640 3378 1709 propter
3405 1635 3589 1693 Deum
3615 1635 3795 1693 etiam
3821 1653 3863 1693 a
3888 1653 4006 1692 non

2315 1742 2453 1782 vera
2482 1722 2816 1780 dicentibus
2842 1723 3095 1795 injurias
3141 1725 3318 1783 nobis
3358 1723 3555 1782 illatas
3583 1724 4009 1798 azquanimiter

2319 1813 2594 1882 ferimus;
2624 1813 2707 1870 ita
2735 1830 2970 1886 quoque
3018 1818 3250 1887 oportet
3302 1814 3579 1887 pietatem
3609 1818 3879 1872 vestram
3915 1832 4007 1872 sa-

2323 1903 2680 1976 cerdotibus,
2708 1902 3151 1976 qualescunque
3180 1904 3568 1978 sint,propter
3596 1921 3731 1960 eum
3761 1904 3870 1961 cui
3905 1905 4005 1961 de-

2323 1994 2607 2061 serviunt,
2639 1984 3023 2049 réverentiam
3056 1993 3276 2067 potius,
3309 2009 3489 2066 quam
3536 1993 3791 2066 injurias
3845 1993 4007 2052 exhi-

2323 2083 2480 2140 bere.
2508 2082 2620 2140 Sed
2652 2082 2724 2139 de
2754 2081 2849 2139 his
2870 2083 2995 2154 jam
3023 2099 3162 2139 cum
3194 2087 3396 2139 sancto
3428 2099 3582 2155 papa
3599 2083 3767 2140 vobis
3792 2082 4003 2156 loqua-

2325 2189 2461 2228 mur
2488 2171 2766 2244 Gregorio
2797 2172 3180 2244 (Epist.lib.1v,
3211 2188 3295 2245 ep.
3327 2172 3417 2245 31)
3453 2188 3466 2227 :
3500 2173 3647 2229 Nam
3679 2171 3741 2231 in
3772 2172 4002 2233 divinis

2325 2261 2575 2335 eloquiis
2605 2261 2938 2317 sacerdotes
2966 2260 3285 2334 aliquando
3315 2260 3417 2331 dii,
3451 2261 3770 2335 aliquando
3795 2261 3998 2336 angeli

2324 2355 2626 2408 vocantur.
2658 2351 2807 2407 Nam
2838 2354 2897 2406 et
2925 2367 3028 2424 per
3057 2351 3297 2425 Moysen
3351 2352 3424 2407 de
3470 2368 3559 2420 eo,
3588 2350 3688 2424 qui
3722 2351 3799 2408 ad
3823 2353 3996 2424 jura-

2324 2445 2593 2498 mentum
2624 2440 3002 2497 deducendus
3031 2444 3140 2508 est,
3175 2440 3423 2498 dicitur:
3454 2442 3695 2514 Applica
3725 2442 3903 2498 illum
3930 2440 3998 2498 ad

2323 2531 2447 2588 deos
2475 2530 2835 2602 (Exodxxn),
2859 2528 3130 2587 videlicet
3159 2530 3231 2586 ad
3263 2531 3614 2587 sacerdotes.
3646 2530 3719 2588 Et
3747 2547 3995 2591 rursum

2324 2620 2613 2693 scriptum
2645 2624 2733 2675 est
2764 2636 2778 2675 :
2812 2619 2931 2676 Diis
2957 2636 3070 2676 non
3097 2619 3347 2677 detrahas
3397 2619 3599 2691 (ibid.),
3633 2619 3866 2678 scilicet
3904 2638 3998 2677 sa-

2324 2709 2757 2767 cerdotibus.Et
2788 2709 3074 2783 propheta
3101 2708 3184 2765 ait
3217 2727 3229 2766 :
3261 2712 3436 2766 Labia
3471 2708 3762 2767 sacerdotis
3812 2719 3997 2767 custo-

2323 2801 2476 2857 dient
2501 2800 2809 2866 scientiam,
2855 2807 2910 2856 et
2950 2800 3121 2872 legem
3164 2801 3448 2872 requirent
3473 2816 3544 2857 ea:
3570 2816 3664 2857 ore
3686 2800 3831 2873 ejus,
3866 2802 3997 2874 quia

2323 2890 2551 2963 angelus
2579 2889 2803 2946 Domini
2828 2890 3172 2946 exercituum
3197 2896 3278 2946 est
3298 2888 3556 2959 (Malach.
3581 2889 3667 2961 ιι.)

2396 2978 2546 3046 Quid
2576 2994 2714 3051 ergo
2747 2977 3044 3045 mirum,si
3065 2977 3199 3034 illos
3232 2977 3555 3053 imperialis
3584 2978 3773 3051 pietas
3803 2978 3995 3035 hono-

2324 3073 2430 3140 ret,
2466 3066 2685 3141 quibus
2714 3066 2775 3122 in
2806 3084 2913 3124 suo
2946 3066 3179 3140 eloquio
3229 3066 3512 3125 honorem
3560 3067 3858 3137 tribuens,
3894 3084 3991 3123 eos

2324 3161 2427 3217 aut
2454 3155 2716 3231 angelos,
2750 3159 2852 3212 aut
2898 3157 3038 3214 deos
3082 3156 3210 3229 ipse
3257 3156 3437 3213 etiam
3486 3154 3744 3230 appellat
3788 3153 3992 3213 Deus?

542 3245 825 3305 nimirum
858 3244 953 3301 cui
984 3250 1041 3301 et
1071 3244 1443 3301 insensibiles
1488 3245 1667 3312 venti,
1701 3248 1759 3301 et
1812 3262 1973 3302 mare
2022 3247 2208 3320 impe.
2239 3228 2285 3297 Ο
2322 3228 2730 3307 Ecclesiastica
2761 3262 2996 3319 quoque
3020 3228 3275 3303 testatur
3301 3228 3800 3317 historia—(Ruﬁn.
3843 3247 3988 3303 Hist.

542 3336 699 3394 ranti
729 3335 1032 3403 obediunt,
1052 3340 1347 3408 quatenus
1369 3338 1427 3391 et
1465 3333 1623 3391 labia
1652 3338 1856 3391 nostra
1885 3336 1957 3391 ad
1984 3353 2210 3392 annun-

540 3426 811 3485 tiandum
828 3425 1064 3481 laudem
1079 3442 1248 3480 suam
1263 3423 1873 3498 aperiens,dilatatum
1897 3441 2128 3499 quoque
2141 3443 2207 3484 os

540 3521 814 3574 nostrum
846 3518 1021 3588 pastu
1053 3513 1331 3570 doctrinae
1358 3512 1635 3569 salutaris
1652 3513 2056 3586 adimpleat,et
2077 3533 2205 3590 qua;

539 3623 644 3679 per
659 3604 844 3661 nostri
864 3601 1228 3676 apostolatus
1259 3602 1520 3657 officium
1551 3601 1794 3658 auribus
1824 3604 2034 3660 vestris
2057 3609 2209 3661 exte-

540 3694 665 3750 rius
694 3692 968 3756 dicimus,
1003 3708 1107 3764 per
1137 3708 1199 3747 se
1230 3707 1464 3763 quoque
1495 3696 1643 3747 nutu
1676 3709 1794 3747 suae
1827 3693 2206 3765 aspirationis

537 3782 789 3840 interius
839 3778 1139 3837 mentibus
1186 3779 1394 3837 vestris
1439 3781 1676 3854 aspiret.
1709 3781 1857 3848 Quia
1902 3782 2204 3839 incassum

539 3877 697 3929 terra
717 3870 910 3928 cordis
929 3886 1163 3927 vomere
1184 3875 1396 3928 nostra:
1418 3869 1631 3945 lingua:
1661 3870 2207 3943 proscinditur,nisi

541 3961 796 4019 ccelestis
844 3961 993 4019 roris
1046 3961 1386 4034 aspersione
1445 3961 1801 4017 intrinsecus
1836 3961 2201 4019 infundatur.

539 4052 697 4109 Deus
722 4055 812 4109 est
841 4050 1021 4120 enim,
1051 4049 1152 4123 qui
1179 4050 1610 4105 incrementum
1651 4050 1752 4105 dat
1782 4052 1833 4121 (I
1855 4051 1976 4108 Cor.
2010 4052 2115 4125 ιιι),
2148 4056 2207 4109 et

539 4142 639 4215 qui
670 4142 840 4198 docet
870 4141 1172 4197 hominem
1204 4138 1512 4195 scientiam
1543 4140 1719 4213 (Psal.
1751 4141 1968 4214 xcxui).

609 4232 810 4297 Putas,
861 4231 1200 4304 imperator,
1235 4246 1350 4287 non
1404 4229 1553 4285 bene
1601 4229 1891 4287 facimus?
1919 4233 2072 4302 quod
2100 4250 2203 4290 vos

537 4322 610 4378 ab
643 4320 877 4394 injuriis
908 4319 1231 4376 scribentes
1261 4318 1694 4388 inchoaveritis,
1730 4337 1836 4377 nos
1889 4322 1962 4377 ab
1989 4322 2202 4379 oratio-

538 4411 715 4467 nibus
750 4428 763 4465 :
795 4426 897 4466 vos
928 4427 963 4465 a
993 4409 1271 4465 conviciis
1301 4409 1362 4464 in
1393 4426 1521 4477 nos,
1557 4410 1674 4466 imo
1707 4414 1912 4467 contra
1950 4411 2201 4483 primam

538 4504 597 4556 et
628 4499 976 4572 magistram
1008 4498 1401 4556 Ecclesiarum
1428 4499 1696 4555 omnium
1717 4498 2025 4572 loquentes
2046 4518 2205 4559 exor-

2314 3337 2467 3406 eccl.,
2501 3336 2599 3392 lib.
2632 3353 2672 3404 1,
2707 3351 2826 3407 cap.
2856 3337 2934 3403 2),
2969 3333 3109 3407 quia
3150 3351 3286 3391 cum
3334 3335 3442 3407 piae
3492 3334 3788 3392 memoria
3836 3335 3988 3392 Con~

2315 3425 2576 3486 stantino
2605 3423 2855 3497 principi
2887 3423 3105 3496 scripto
3129 3421 3338 3481 oblatae
3356 3423 3761 3480 accusationes
3779 3427 3990 3481 contra

2314 3515 2623 3588 episcopos
2654 3511 3163 3581 fuissent,1ibellos
3190 3512 3431 3586 quidem
3461 3512 3701 3586 accepit,
3749 3516 3810 3569 et
3860 3530 3986 3570 eos—

2315 3607 2451 3662 dem
2480 3603 2581 3678 qui
2614 3603 2871 3660 accusati
2904 3603 3156 3670 fuerant,
3186 3603 3495 3676 episcopos
3536 3619 3891 3673 convocans,
3928 3602 3985 3658 in

2314 3712 2519 3752 eorum
2549 3696 2867 3766 conspectu
2896 3690 3148 3762 libellos,
3179 3709 3328 3765 quos
3358 3697 3681 3767 acceperat,
3711 3692 3979 3753 incendit

2315 3785 2558 3842 dicens:
2587 3782 2704 3840 Vos
2750 3781 2831 3839 dii
2881 3781 3044 3852 estis,
3076 3799 3111 3838 a
3155 3798 3291 3839 vero
3338 3782 3455 3840 Deo
3486 3782 3832 3851 constituti;
3883 3783 3983 3848 ite,

2313 3879 2373 3932 et
2401 3874 2552 3930 inter
2578 3890 2682 3929 vos
2707 3889 2919 3929 causas
2946 3876 3173 3929 vestras
3202 3872 3498 3946 deponite,
3545 3871 3686 3946 quia
3732 3872 3985 3946 dignum

2313 3980 2432 4019 non
2458 3967 2568 4029 est,
2600 3966 2666 4017 ut
2695 3978 2800 4018 nos
2823 3960 3165 4032 judicemus
3210 3961 3372 4017 deos.
3410 3963 3473 4019 In
3524 3978 3644 4034 qua
3687 3960 3985 4018 sententia

2314 4053 2426 4109 sibi
2450 4051 2640 4125 magis
2662 4068 2733 4107 ex
2753 4050 3296 4123 bumilitate,quam
3318 4049 3437 4107 illis
3455 4050 3677 4124 aliquid
3699 4049 3977 4124 praestitit

2312 4159 2383 4199 ex
2411 4140 2734 4198 reverentia
2762 4139 3205 4212 impensa.Ante
3233 4156 3370 4197 eum
3421 4140 3641 4214 quippe
3669 4140 3889 4213 pagani
3918 4138 3976 4195 in

2313 4228 2617 4305 republica
2646 4228 2943 4303 principes
2972 4229 3223 4297 fuerant,
3272 4229 3373 4303 qui
3405 4246 3606 4287 verum
3656 4229 3845 4285 Deum
3878 4245 3977 4285 ne-

2313 4319 2584 4390 scientes,
2618 4319 2759 4374 deos
2790 4316 3014 4391 ligneos
3062 4322 3119 4374 et
3163 4316 3428 4391 lapideos
3478 4317 3771 4390 colebant,
3801 4322 3863 4374 et
3900 4323 3977 4373 ta-

2312 4427 2446 4466 men
2466 4425 2668 4466 eorum
2692 4408 3097 4464 sacerdotibus
3114 4408 3391 4465 honorem
3411 4408 3735 4464 maximum
3758 4407 3977 4465 tribue-

2311 4500 2473 4557 bant.
2507 4497 2653 4564 Quid
2686 4497 2869 4571 igitur
2896 4498 3138 4568 mirum,
3172 4497 3223 4555 si
3252 4497 3626 4554 Christianus
3656 4497 3975 4570 imperator

538 4588 703 4644 dium
739 4587 1024 4655 feceritis;
1059 4604 1166 4644 nos
1202 4588 1262 4644 in
1315 4587 1614 4656 laudibus,
1646 4594 1705 4645 et
1735 4589 1794 4644 in
1824 4590 2061 4647 nomine
2091 4592 2205 4648 Do-
2236 4610 2284 4676 D
2312 4588 2430 4645 veri
2460 4587 2563 4644 Dei
2596 4588 2926 4644 sacerdotes
2955 4586 3224 4656 honoret,
3260 4588 3403 4644 dum
3450 4587 3688 4662 pagani,
3721 4592 3785 4643 ut
3836 4603 3975 4661 pra-

541 4676 684 4733 mini
718 4678 790 4732 ad
830 4678 1151 4748 potentiam
1181 4681 1435 4733 vostram
1467 4694 1799 4734 sermonem
1849 4679 2107 4737 habituri
2141 4701 2204 4739 os
2237 4675 2268 4676 ί
2315 4676 2896 4751 diximus,principes
2911 4675 3196 4735 honorem
3217 4677 3558 4751 impendere
3574 4676 3974 4734 sacerdotibus

541 4765 988 4839 aperuerimus?
1011 4764 1296 4820 Videmus
1317 4765 1473 4821 enim
1506 4765 1802 4839 gigantem
1836 4767 2198 4843 allophylum

544 4862 747 4913 contra
794 4872 1045 4928 puerum
1092 4858 1387 4923 sanctum,
1419 4859 1477 4911 et
1519 4855 1901 4915 citharaedum
1931 4864 2199 4917 nostrum

538 4945 720 5003 David
753 4945 947 5001 furore
977 4942 1240 5017 plenum,
1294 4949 1353 4999 et
1398 4944 1796 5018 blasphemias
1838 4955 2200 5006 eructantem

539 5034 730 5107 primo
761 5035 986 5106 impetu
1017 5031 1233 5106 populo
1280 5032 1382 5090 Dei
1427 5038 1709 5092 terrorem
1754 5053 1870 5093 non
1905 5038 2201 5095 modicum

2310 4771 2616 4837 noverunt,
2649 4766 2752 4839 qui
2784 4766 2909 4822 dies
2939 4765 3152 4840 ligneis
3200 4771 3259 4823 et
3302 4767 3551 4840 lapideis
3602 4763 3973 4823 serviebant?

2311 4859 2442 4915 Haec
2496 4874 2633 4930 ergo
2685 4873 2801 4912 non
2843 4860 3075 4912 tantum
3126 4856 3475 4930 specialiter,
3526 4861 3816 4930 quantum
3877 4872 3969 4929 ge-

2310 4948 2588 5005 neraliter
2634 4962 2739 5020 pro
2795 4946 3074 5003 omnibus
3125 4947 3449 5004 asserimus
3501 4945 3907 5004 sacerdotibus
3954 4959 3966 4997 :

2313 5036 2594 5112 quoniam
2645 5036 2840 5092 adhuc
2897 5036 3217 5104 nescimus,
3273 5037 3407 5111 quis
3455 5036 3515 5092 in
3569 5033 3816 5093 terribili
3875 5031 3967 5091 Dei

540 5123 815 5180 intulisse
850 5125 893 5195 (ι
927 5123 1061 5195 Reg.
1093 5125 1246 5192 xvu).
1282 5123 1394 5180 Sed
1445 5129 1717 5198 exspecta
1764 5126 2095 5198 paululum,
2147 5133 2205 5185 et
2303 5126 2531 5201 judicio
2591 5124 2786 5199 qualis
2830 5124 3068 5183 futurus
3110 5125 3207 5181 sit.
3260 5127 3491 5184 Etenim
3551 5123 3770 5182 Paulus
3820 5138 3971 5197 egre-

540 5229 672 5270 ecce
701 5210 925 5267 videbis
955 5210 1124 5267 illum
1175 5212 1233 5268 in
1283 5214 1521 5270 nomine
1561 5214 1793 5271 Domini
1829 5232 2199 5289 percussum,

541 5306 600 5358 et
622 5302 750 5374 jam
782 5318 816 5356 a
839 5301 992 5357 dicto
1025 5301 1363 5374 hymnidico
1390 5308 1447 5361 et
1478 5303 1684 5360 laudes
1730 5309 1788 5359 et
1818 5304 2102 5378 psalmos,
2137 5326 2203 5366 ac

541 5389 838 5448 orationes
870 5388 1103 5446 Domini
1151 5393 1446 5464 majestati
1499 5391 1806 5448 humiliter
1849 5394 2202 5467 eﬁ‘undente,

541 5479 737 5553 gladio
767 5495 874 5535 suo
902 5483 1357 5552 prostratum.Et
1381 5481 1619 5553 quidem
1639 5498 1745 5537 nos
1764 5482 2012 5555 injurias
2035 5488 2204 5545 nobis

541 5567 876 5641 specialiter
903 5567 1211 5645 irrogatas,
1245 5575 1302 5626 et
1333 5569 1587 5625 maxime
1629 5587 1732 5643 pro
1772 5572 2014 5644 justitia
2042 5576 2204 5634 labo-

544 5657 833 5733 rantibus,
865 5665 921 5718 et
951 5678 985 5716 a
1008 5661 1254 5734 justitiae
1282 5659 1798 5733 impugnatoribus
1830 5664 2109 5739 ingestas,
2143 5668 2207 5724 li-

2312 5217 2445 5290 gius
2474 5213 2822 5289 praedicator
2853 5214 2995 5270 dicit
3026 5231 3039 5272 :
3072 5215 3250 5273 Nolite
3287 5215 3545 5288 judicare
3589 5221 3714 5273 ante
3745 5219 3968 5285 tempus,

2311 5307 2479 5363 donec
2521 5306 2705 5361 veniat
2745 5306 3030 5372 Dominus,
3063 5307 3161 5379 qui
3188 5314 3239 5363 et
3269 5306 3619 5363 illuminabit
3662 5302 3970 5359 abscondita

2313 5396 2685 5467 tenebrarum,
2710 5402 2763 5452 et
2789 5395 3170 5468 manifestabit
3214 5397 3451 5453 consilia
3496 5394 3746 5454 sordium
3775 5393 3824 5461 (1
3853 5392 3965 5449 Cor.

2314 5487 2398 5558 ιι).
2435 5485 2552 5541 Hoc
2602 5488 2798 5541 tamen
2848 5484 3102 5542 breviter
3149 5486 3425 5556 dicimus,
3456 5484 3615 5559 quia,
3661 5482 3799 5539 licet
3843 5496 3966 5555 pec-

2316 5581 2541 5633 catores
2572 5578 2630 5629 et
2660 5572 2911 5648 indigni,
2943 5573 3080 5647 plus
3112 5579 3311 5633 tamen
3366 5577 3437 5633 de
3481 5572 3714 5632 venturi
3744 5565 3967 5627 Domini

2317 5663 2739 5734 misericordia,
2766 5681 2943 5738 quam
2975 5665 3048 5723 de
3078 5671 3271 5724 vestra
3290 5666 3505 5741 pietate
3532 5660 3963 5740 praesumimus.
