4098 6470
152 416 273 483 949
288 457 297 465 α

1368 412 1776 480 ΕΡΙΞΤΟῙΛΕ
1817 411 1923 478 ET
1964 412 2351 480 DECIlE'l‘A.

3449 416 3569 479 950
3586 424 3589 427 “

153 553 353 611 addita
372 556 461 610 est
480 550 728 611 societas
747 550 1075 611 beatissimi
1102 550 1285 617 Pauli,
1303 551 1460 608 vasis
1482 550 1803 617 electionis,
1836 548 1892 615 Α
1921 550 2208 608 consistit.
2241 553 2323 607 Ex
2351 551 2480 623 ejus
2509 550 2665 607 enim
2702 549 3097 609 ecclesiastica
3128 550 3440 624 disciplina
3468 568 3572 624 per

154 643 423 719 magistri
454 643 734 711 veritatis,
768 643 861 700 cui
892 643 1119 717 jugiter
1150 642 1497 699 imminebat
1538 638 1805 697 omnium

151 732 547 792 Ecclesiarum
578 730 909 789 sollicitudo
941 732 1016 806 (ΙΙ
1047 733 1167 791 Cor.
1198 735 1315 801 xv).

222 822 291 879 Hi
322 838 479 896 ergo,
504 826 790 895 tanquam
832 823 949 879 duo
995 821 1313 879 luminaria
1342 837 1557 895 magna
1586 819 1714 877 coeli
1742 819 1803 875 in

149 911 410 969 Ecclesia
439 911 704 967 Romana
732 909 1015 967 divinitus
1040 911 1363 977 constituti,
1391 914 1580 966 totum
1603 909 1804 966 orbem

149 1000 461 1074 splendore
512 998 759 1073 fulgoris
788 1000 880 1056 sui
931 1000 1280 1057 mirabiliter
1325 999 1715 1063 illustrarunt,
1749 1001 1807 1055 et

148 1090 430 1148 Occidens
451 1105 654 1146 eorum
675 1090 1005 1162 prasentia,
1018 1088 1196 1146 veluti
1224 1088 1502 1146 rutilante
1524 1089 1665 1155 sole,
1680 1092 1803 1145 tam

148 1196 253 1253 per
282 1195 345 1235 se
375 1177 628 1235 nitorem
658 1178 834 1234 dante
872 1195 1052 1251 quam
1112 1196 1215 1252 per
1261 1178 1583 1251 discipulos
1639 1194 1800 1248 suos,

148 1269 321 1342 quasi
366 1267 653 1340 quosdam
711 1266 906 1324 radios
963 1267 1135 1335 lucis,
1167 1266 1437 1337 micante,
1470 1267 1661 1323 factus
1716 1270 1806 1323 est

149 1357 385 1426 Oriens;
422 1356 643 1430 quique
689 1371 807 1411 non
865 1360 1177 1430 postquam
1225 1356 1441 1413 mortui
1499 1360 1655 1424 sunt,
1691 1356 1803 1412 Ilo-

148 1463 310 1503 mam
339 1463 374 1503 a
400 1444 768 1519 principibus
799 1448 938 1501 sunt
981 1445 1179 1513 delati,
1204 1450 1270 1502 ut
1302 1446 1576 1503 Romana
1605 1443 1803 1501 Eccle-

148 1536 250 1593 sia
270 1536 552 1608 majorem
573 1534 906 1591 conferrent
927 1534 1367 1609 privilegiorum
1397 1535 1700 1603 honorem,
1726 1535 1803 1590 si-

145 1630 250 1682 cut
276 1625 429 1698 apud
469 1641 575 1681 vos
623 1640 740 1680 non
789 1624 1237 1691 rationabiliter,
1261 1626 1362 1681 sed
1411 1623 1807 1701 potentialiter

146 1718 345 1772 actum
367 1713 762 1782 est,videlicct
784 1718 848 1769 ut
864 1713 1130 1771 Ecclesia
1150 1718 1366 1771 catera
1394 1714 1657 1788 patronis
1679 1713 1805 1771 suis

145 1805 539 1878 privarentur,
555 1808 611 1860 et
641 1802 769 1860 sola
790 1802 1328 1878 Constantinopolis
1358 1803 1564 1878 spoliis
1594 1807 1651 1860 et
1679 1804 1805 1876 opi-

1915 658 2119 697 omnes
2151 640 2459 707 Ecclesiae,
2495 640 2793 715 religionis
2823 643 2952 713 jam
2988 643 3284 698 ’crcsccnte
3313 640 3564 710 cultura,

1916 730 2046 788 fons
2077 730 2389 788 emanavit.
2414 731 2657 787 Nicana
2689 731 2897 805 synodi
2935 748 3052 788 non
3081 730 3238 787 aliud
3279 735 3569 804 pracepta

1911 823 2233 888 testantur;
2267 822 2412 877 adeo
2443 824 2509 877 ut
2540 838 2656 876 non
2686 821 2907 894 aliquid
2949 837 3126 893 super
3154 837 3283 876 eam
3314 838 3459 876 ausa
3488 820 3567 877 sit

1914 909 2437 978 constituere,cum
2465 910 2686 966 videret
2709 909 2854 965 nihil
2885 927 3064 982 supra
3089 910 3366 966 meritum
3389 928 3565 967 suum

1912 1016 2085 1073 posse
2106 1000 2376 1056 conferri.
2401 1000 2613 1056 Omnia
2631 999 2883 1072 denique
2907 998 3042 1054 huic
3072 1003 3311 1055 noverat
3338 999 3564 1055 Domini

1913 1077 2183 1145 sermone
2212 1105 2508 1146 concessa.
2534 1088 2594 1145 Si
2617 1089 2833 1157 omnia,
2857 1104 2993 1161 ergo
3022 1088 3209 1145 defuit
3237 1088 3385 1143 nihil
3408 1088 3563 1162 quod

1912 1194 2030 1233 non
2061 1176 2144 1233 illi
2177 1177 2546 1233 concesserit.

1984 1266 2245 1339 Denique
2276 1266 2325 1323 si
2357 1266 2627 1323 instituta
2651 1266 2891 1325 Nicana
2913 1268 3118 1341 synodi
3142 1268 3452 1342 diligenter
3472 1269 3562 1326 in-

1913 1355 2255 1429 spiciantur,
2276 1355 2603 1412 invenietur
2629 1356 2885 1429 profecto
2908 1357 3048 1430 quia
3073 1358 3346 1415 Romana
3368 1360 3563 1416 Eccle-

1912 1445 2011 1502 sia
2034 1444 2264 1501 nullum
2297 1446 2501 1502 eadem
2534 1446 2792 1519 synodus
2818 1445 3067 1503 contulit
3094 1446 3518 1506 incrementum
3546 1467 3559 1506 :

1914 1534 2015 1592 sed
2045 1534 2242 1608 potius
2273 1550 2343 1591 ex
2371 1535 2500 1607 ejus
2528 1534 2735 1603 forma,
2753 1535 2907 1607 quod
2937 1534 3336 1593 Alexandrina
3367 1539 3561 1595 Eccle-

1913 1623 2012 1681 sia
2032 1623 2320 1681 tribueret
2338 1623 2790 1697 particulariter,
2804 1625 3061 1698 sumpsit
3075 1628 3564 1699 exemplum.Hac

1912 1713 2111 1787 igitur,
2135 1717 2193 1769 et
2222 1713 2319 1769 his
2351 1712 2586 1781 similia,
2612 1730 2720 1770 nos
2750 1730 2855 1786 pro
2878 1714 3105 1772 cunctis
3123 1715 3420 1783 Ecclesiis,
3449 1717 3565 1774 sol-

1912 1802 2104 1859 licitos
2135 1803 2416 1871 reddunt;
2452 1802 2572 1857 hac
2612 1803 2786 1859 etiam
2821 1804 2894 1859 de
2925 1804 3568 1878 Constantinopolitana

144 1893 281 1961 bus,
296 1907 444 1965 quas
473 1889 755 1947 violenter
785 1889 1050 1958 abstulit,
1076 1890 1392 1960 ditaretur;
1420 1892 1521 1947 sed
1556 1891 1802 1947 Romam
1834 1927 1881 1991 B
1911 1891 2171 1949 Ecclesia
2200 1891 2516 1964 impigram
2543 1908 2745 1948 curam
2767 1892 3023 1965 arripere
3043 1893 3419 1951 vehementer
3436 1895 3569 1951 hor-

144 1982 210 2038 in
250 1996 423 2038 carne
459 1979 923 2047 venientes,vita
951 1980 1192 2036 verbum
1224 1980 1709 2054 evangelizantes,
1731 1980 1803 2036 ab

144 2089 218 2129 ea
254 2069 468 2128 erroris
523 2068 834 2142 caliginem
883 2072 1238 2139 amoventes,
1270 2069 1531 2126 veritatis
1581 2068 1805 2125 lumine

144 2163 377 2219 mentes
407 2158 713 2216 hominum
748 2157 1134 2225 illustrantes,
1160 2163 1218 2214 et
1245 2157 1306 2214 in
1338 2175 1407 2215 ea
1432 2176 1548 2215 uno
1578 2159 1806 2215 eodem-

145 2266 263 2323 que
292 2248 387 2305 die
411 2246 759 2320 martyrium
787 2251 1287 2315 consummantes,
1311 2251 1576 2304 sanctam
1599 2249 1806 2303 Roma-

143 2356 287 2396 nam
317 2335 635 2394 Ecclesiam
666 2353 833 2393 roseo
878 2353 1085 2393 cruore
1133 2354 1241 2393 suo
1290 2341 1804 2405 consecraverunt;

142 2432 208 2485 et
235 2428 388 2484 hanc
426 2443 542 2482 non
592 2426 876 2482 habentes
932 2425 1251 2493 maculam,
1284 2429 1387 2482 aut
1444 2442 1675 2499 rugam,
1707 2429 1809 2482 aut

142 2516 373 2591 aliquid
403 2514 749 2588 hujusmodi
778 2514 1136 2583 evhibentes,
1158 2515 1275 2572 Deo
1297 2515 1544 2571 Domino
1575 2514 1805 2571 dedica-

144 2611 378 2665 verunt.
429 2605 643 2677 Sicque
692 2604 933 2661 demum
988 2603 1440 2660 Alexandrinam
1489 2603 1808 2660 Ecclesiam

146 2713 322 2755 suam
350 2696 633 2762 fecerunt,
666 2710 769 2767 per
799 2694 1036 2750 beatum
1067 2693 1289 2750 scilicet
1320 2694 1603 2760 Marcum,
1632 2693 1809 2750 unius

144 2788 365 2845 horum
397 2783 588 2840 ﬁlium
620 2800 685 2839 ac
715 2782 1094 2856 discipulum.
1114 2783 1433 2840 Hareditas
1457 2782 1673 2856 quippe
1704 2782 1809 2838 filii

146 2878 213 2934 in
244 2878 529 2949 potestate
559 2871 821 2944 parentis
864 2871 1081 2944 existit,
1116 2876 1172 2928 et
1201 2871 1387 2945 gloria
1434 2871 1707 2944 discipuli
1736 2871 1809 2927 ad

150 2964 506 3039 magistrum
539 2962 666 3018 sine
696 2961 1067 3019 cunctatione
1095 2962 1362 3017 refertur.

231 3055 467 3112 Fecerat
485 3055 682 3108 autem
707 3050 1089 3107 beatissimus
1120 3050 1324 3107 Petrus
1345 3050 1656 3123 prasentia
1686 3067 1811 3106 cor-

156 3142 346 3219 porali
376 3145 433 3199 et
461 3140 780 3198 Ecclesiam
822 3139 1244 3196 Antiochenam
1276 3141 1403 3212 jam
1435 3157 1628 3207 suam,
1661 3158 1809 3213 qua,

157 3234 317 3291 sicut
346 3232 555 3288 beatus
603 3247 754 3304 papa
802 3228 943 3285 dicit
991 3229 1366 3286 Innocentius
1399 3231 1483 3303 (in
1511 3232 1669 3303 epist.
1695 3230 1808 3301 21),

1910 1985 2141 2049 tantur;
2174 1981 2317 2046 hac,
2352 1981 2618 2052 inquam,
2645 1980 2933 2053 Ignatium
2976 1982 3371 2054 patriarcham
3404 1985 3567 2041 nulla

1912 2070 2116 2144 regula
2147 2069 2428 2142 nulloque
2458 2069 2662 2125 ordine
2704 2069 3098 2127 ecclesiastico
3128 2073 3387 2130 dictante
3415 2075 3567 2146 deje-

1914 2163 2094 2226 ctum,
2127 2164 2410 2231 tanquam
2435 2159 2675 2214 fratrem
2705 2160 2984 2231 adjuvare
3012 2161 3391 2234 compellunt.
3414 2165 3562 2219 Nam

1915 2253 1972 2306 et
2002 2250 2155 2305 inter
2183 2252 2388 2305 catera
2442 2247 2494 2303 is
2551 2265 2655 2320 per
2682 2265 2856 2320 quem
2891 2250 3061 2306 nobis
3110 2253 3400 2324 pracipue
3452 2252 3568 2309 ista

1915 2344 2054 2396 sunt
2084 2337 2387 2411 privilegia
2416 2336 2662 2394 collata:
2690 2340 2764 2394 Tu
2791 2340 3090 2411 aliquando
3119 2358 3429 2410 conversus,
3462 2360 3564 2399 au-
3636 2390 3639 2391 ν

1916 2428 2059 2484 divit
2090 2445 2124 2483 a
2152 2427 2421 2496 Domino,
2446 2426 2715 2500 conﬁrma
2741 2431 2945 2500 fratres
2976 2438 3094 2486 tuos
3126 2432 3276 2503 (Luc.
3308 2433 3468 2504 xxn).

1988 2517 2047 2574 Si
2073 2516 2312 2590 quidem
2337 2520 2395 2572 et
2415 2516 2543 2573 ideo
2574 2517 2633 2572 in
2656 2516 2889 2590 culpam
2914 2518 3124 2574 cecidit
3143 2524 3207 2575 ut
3228 2520 3403 2577 sciret
3423 2539 3567 2594 qua-

1916 2607 2049 2663 liter
2079 2606 2326 2662 aliorum
2374 2605 2735 2678 inﬁrmitatis
2783 2607 3047 2664 misereri
3088 2608 3405 2665 debuisset.
3444 2612 3569 2667 Hac

1917 2695 2225 2768 Privilegia
2246 2694 2539 2763 Photium,
2557 2695 2783 2751 vivente
2809 2697 3052 2769 Ignatio,
3078 2697 3137 2753 in
3163 2699 3360 2755 caulas
3380 2700 3573 2756 Domi-

1917 2785 2082 2840 nicas
2113 2800 2229 2840 non
2263 2801 2366 2856 per
2397 2782 2636 2853 ostium,
2662 2785 2760 2841 sed
2785 2784 3023 2842 aliunde
3052 2789 3488 2855 ascendentem,
3514 2793 3574 2846 et

1917 2878 2214 2946 pastorem
2243 2872 2664 2945 impellentem,
2689 2877 2746 2928 et
2775 2890 2909 2930 oves
2941 2875 3375 2949 dispergentem
3401 2878 3572 2935 nobis

1917 2968 1974 3019 et
2017 2962 2089 3019 ab
2138 2961 2377 3031 honore,
2402 2978 2578 3034 quem
2637 2962 3034 3035 irregulariter
3091 2966 3415 3038 usurpavit,
3450 2971 3508 3023 et
3538 2986 3573 3024 a

1919 3051 2332 3109 communione
2361 3051 2824 3108 Christianorum
2866 3070 3133 3110 amovere
3177 3055 3456 3112 divinitus
3487 3057 3573 3112 in-

1920 3142 2139 3213 spirata
2160 3140 2488 3212 jusserunt.
2513 3141 2674 3205 Quod
2706 3145 2902 3197 autem
2937 3143 3202 3214 perhibet
3229 3145 3574 3201 excellentia

1919 3234 2113 3288 vestra
2141 3229 2401 3286 noluisse
2420 3246 2522 3286 vos
2550 3234 2614 3285 ut
2634 3247 2668 3285 a
2686 3230 2887 3287 missis
2904 3231 3120 3288 nostris
3142 3234 3403 3305 lgnatius
3414 3235 3573 3305 judi-

158 3322 328 3380 urbis
377 3321 572 3377 Roma
604 3301 744 3376 ﬁsedi
793 3335 908 3374 non
949 3319 1197 3375 cederet.
1232 3318 1347 3376 nisi
1395 3301 1551 3392 quod
1601 3319 1703 3376 illa
1752 3319 1812 3374 in
1845 3301 1887 3368 C
1926 3324 2177 3386 caretur,
2199 3337 2265 3375 eo
2289 3320 2443 3392 quod
2475 3319 2650 3375 fuerit
2667 3320 2794 3391 jam
2817 3320 3121 3391 judicatus
3152 3301 3209 3378 et
3234 3301 3583 3379 condemna-

156 3411 418 3469 transitu
450 3408 685 3478 meruit,
720 3408 835 3464 ista
854 3413 1196 3481 susceptum
1217 3407 1433 3481 quippe
1464 3409 1700 3466 beatum
1724 3409 1822 3465 Pe-

160 3507 324 3560 trum
355 3499 512 3573 apud
544 3515 608 3555 se
637 3501 1233 3570 consummatumque
1253 3499 1553 3571 gauderet.
1578 3499 1684 3555 Per
1713 3498 1821 3554 has

162 3592 348 3666 igitur
378 3594 497 3645 tres
527 3587 851 3662 pracipuas
889 3586 1195 3656 Ecclesias,
1222 3588 1487 3644 omnium
1536 3587 1822 3644 Ecclesia-

164 3698 300 3738 rum
332 3677 666 3735 sollicitudo
697 3677 1002 3733 beatorum
1041 3676 1442 3750 apostolorum
1490 3677 1822 3750 principum

166 3769 322 3829 Petri
344 3785 409 3825 ac
429 3766 595 3825 Pauli
629 3765 833 3840 procul
857 3766 1034 3822 dubio
1075 3767 1453 3823 moderamen
1507 3770 1822 3838 exspectat.

165 3862 279 3917 Pro
301 3857 520 3932 quibus
553 3855 818 3930 patribus
850 3872 957 3911 nos
982 3854 1284 3923 divinitus,
1309 3855 1670 3912 incremento
1700 3872 1828 3929 gra-

168 3950 267 4007 tia
298 3948 650 4013 ministrato,
684 3945 807 4001 nati
849 3962 1058 4001 sumus
1086 3944 1193 4001 ﬁlii
1238 3950 1294 4001 et
1341 3944 1662 4014 constituti,
1696 3944 1830 4000 licet

176 4038 331 4108 [licet
360 4035 609 4109 indigni,
636 4034 790 4101 licet,
814 4036 947 4107 etc.]
980 4035 1065 4091 eis
1094 4034 1265 4108 longe
1295 4033 1519 4091 meritis
1548 4033 1825 4107 impares,

172 4126 470 4202 principes
509 4141 686 4197 super
723 4140 959 4180 omnem
990 4127 1228 4190 terram,
1263 4122 1320 4177 id
1352 4125 1441 4178 est
1487 4139 1664 4195 super
1694 4121 1830 4177 uni-

172 4232 405 4274 versam
435 4213 775 4272 Ecclesiam.
809 4214 989 4269 Terra
1018 4211 1175 4269 enim
1204 4211 1463 4268 Ecclesia
1491 4212 1724 4280 dicitur,
1759 4211 1832 4267 si-

175 4309 275 4363 cut
306 4305 595 4378 scriptum
637 4308 728 4361 est
759 4320 773 4359 :
805 4303 926 4359 Non
954 4304 1033 4359 sic
1062 4292 1242 4374 impii,
1274 4318 1388 4358 non
1414 4304 1496 4357 sic
1526 4321 1544 4356 :
1575 4301 1667 4357 sed
1710 4308 1830 4356 tan-

174 4412 344 4470 quam
395 4395 601 4467 pulvis,
653 4410 814 4466 quem
862 4393 1088 4465 projz'cit
1140 4399 1326 4447 ventus
1382 4408 1417 4446 α
1470 4392 1614 4464 facie
1671 4398 1834 4447 terra?

177 4485 354 4556 (Psal.
388 4485 450 4555 ι).
484 4484 640 4550 Qua,
674 4481 828 4538 sicut
874 4485 1114 4538 sanctus
1159 4480 1528 4553 Augustinus
1577 4479 1831 4552 exponit,

177 4571 440 4632 Ecclesia
459 4571 827 4644 intelligitur.
852 4571 1121 4627 Haredes
1141 4569 1357 4643 quippe
1387 4569 1597 4625 horum
1622 4568 1830 4637 effecti,

1929 3415 2056 3478 tus;
2092 3409 2344 3466 fatemur
2372 3408 2655 3464 veraciter
2684 3409 2825 3482 quia
2855 3426 2961 3466 nec
2992 3410 3140 3466 illud
3171 3411 3293 3468 ulla
3321 3429 3390 3468 ex
3418 3416 3585 3485 parte

1930 3500 2162 3555 videtur
2180 3498 2360 3554 fuisse
2375 3497 2744 3565 canonicum,
2760 3515 2865 3555 nec
2883 3499 2990 3555 hoc
3010 3500 3273 3572 ipsorum
3287 3501 3584 3572 judicium

1932 3589 2055 3645 ﬁeri
2089 3586 2493 3661 pracepimus,
2526 3603 2630 3642 nec
2677 3586 2894 3643 factum
2940 3589 3311 3647 admisimus.
3343 3590 3590 3646 Verum-

1932 3683 2132 3734 tamen
2164 3676 2254 3732 cui
2280 3676 2469 3749 magis
2492 3675 2710 3748 placuit
2731 3676 3029 3735 evidenter
3059 3679 3425 3754 intelligitur,
3450 3697 3588 3737 cum

1935 3770 2231 3841 patratum
2251 3781 2353 3821 vos
2366 3765 2673 3821 scribendo
2695 3766 3266 3840 roborassetis,quod
3291 3786 3590 3842 nusquam

1935 3854 2252 3928 aliquando
2278 3855 2493 3909 factum
2517 3853 2588 3909 ab
2613 3854 2962 3927 imperatore
2992 3856 3286 3925 rccolitur,
3303 3862 3361 3914 et
3385 3874 3590 3915 omnes

1936 3944 1996 3999 in
2028 3961 2094 4000 eo
2128 3943 2383 4000 scribere
2415 3942 2834 4015 imperassetis.
2861 3945 2976 4000 Nos
3019 3949 3218 4001 autem
3249 3964 3365 4002 non
3398 3949 3590 4004 solum

1938 4034 2159 4090 factum
2192 4032 2434 4087 minime
2466 4032 2817 4105 recepimus,
2841 4050 3044 4089 verum
3065 4033 3240 4090 etiam
3271 4036 3589 4106 doluimus,

1939 4126 1996 4179 et
2025 4139 2060 4178 a
2089 4125 2288 4178 nostro
2320 4138 2611 4178 consensu
2666 4123 2869 4195 procul
2916 4123 3273 4191 amovimus;
3324 4125 3591 4196 quinimo

1940 4211 2285 4268 auctoritate
2314 4216 2373 4267 et
2402 4211 2666 4283 exemplo
2697 4214 3132 4269 antecessorum
3166 4218 3501 4269 nostrorum
3531 4216 3593 4270 in

1940 4302 2176 4358 irritum
2207 4300 2506 4356 duximus.
2533 4301 2694 4366 Quod
2718 4301 2767 4356 si
2798 4305 3030 4373 tempus
3059 4301 3409 4376 indulgeret,
3435 4305 3593 4376 quod

1944 4390 2199 4447 dicimus
2229 4389 2397 4444 facile
2428 4390 2674 4461 probare
2705 4406 2772 4445 ex
2816 4392 3216 4448 monumentis
3258 4395 3598 4464 poteramus

1942 4479 2373 4536 ecclesiasticis.
2399 4478 2726 4533 Patratores
2762 4484 2959 4535 autem
2991 4481 3335 4554 prasumpti
3361 4482 3594 4554 judicii,

1936 4567 2161 4641 judicio
2182 4566 2243 4622 in
2266 4584 2381 4638 quo
2395 4565 2806 4637 judicaverunt
2820 4569 3074 4640 judicati
3095 4574 3253 4637 sunt,
3275 4572 3599 4627 secundum
3692 4562 3695 4567 ’

179 4662 519 4720 facultatem
539 4660 1061 4734 potestatis,quam
1088 4676 1123 4715 a
1151 4658 1398 4715 Domino
1429 4661 1833 4732 perceperunt,
1867 4677 1915 4741 D
1946 4656 2355 4729 Evangelium;
2388 4660 2444 4710 et
2474 4672 2754 4711 mensura
2786 4657 2845 4711 in
2878 4674 2997 4729 qua
3023 4659 3213 4715 mensi
3244 4660 3483 4716 fuerunt
3513 4660 3602 4715 di-

182 4757 242 4810 et
271 4768 421 4810 onus
470 4748 886 4808 sollicitudinis
918 4748 1102 4805 nihilo
1152 4747 1351 4805 minus
1400 4763 1704 4820 capessere
1733 4763 1840 4803 nos
1949 4763 2222 4804 mensum
2255 4749 2344 4801 est
2372 4744 2458 4801 eis
2487 4746 2638 4814 (Luc.
2662 4750 2758 4813 vn).
2782 4746 2899 4802 Nos
2930 4747 3149 4821 quippe
3197 4748 3351 4818 illos,
3392 4767 3509 4805 non
3541 4753 3607 4805 ut

186 4844 434 4914 oportet.

1951 4835 2161 4911 Ignatii
2192 4835 2263 4891 ad
2313 4832 2763 4907 patriarchalem
2814 4835 3013 4890 sedem
3060 4839 3487 4908 promotionem
3518 4837 3606 4895 vel

261 4929 506 4987 Proinde
537 4927 1120 4985 animadvertendum
1149 4929 1240 4982 est
1270 4925 1408 4998 quia
1438 4943 1552 4981 non
1583 4925 1841 4992 Niemna,

188 5038 307 5078 non
337 5018 589 5092 denique
617 5017 738 5075 ulla
757 5018 1037 5092 synodus,
1054 5016 1394 5090 quodquam
1416 5015 1690 5071 Romana
1713 5033 1847 5072 con-

190 5109 331 5167 tulit
357 5107 625 5165 Ecclesia
672 5107 1208 5182 privilegium,qua
1257 5106 1317 5160 in
1367 5104 1533 5160 Petro
1587 5109 1846 5174 noverat,

190 5215 322 5257 eam
348 5197 531 5255 totius
551 5199 691 5270 jura
714 5198 1021 5270 potestatis
1041 5195 1287 5271 pleniter
1305 5194 1612 5262 meruisse,
1628 5198 1684 5251 et
1704 5211 1847 5250 cun-

1951 4927 2286 5000 ingressum
2310 4923 2789 4996 inquirerentaut
2800 4924 3136 4996 judicarent
3156 4927 3603 4997 destinavimus,

1954 5016 2056 5071 sed
2088 5018 2155 5070 ut
2184 5011 2690 5069 circumstantiam
2731 5012 3071 5085 dejectionis
3102 5014 3230 5085 ejus
3259 5016 3605 5086 ediscerent,

1955 5104 2241 5176 nobisque
2251 5101 2555 5158 veritatem
2574 5104 2863 5173 repertam
2882 5103 3227 5175 repedantes
3243 5102 3607 5173 intimarent,

1957 5193 2300 5250 direximus.

193 5292 424 5346 ctarum
445 5287 659 5343 Christi
681 5286 877 5343 ovium
907 5288 1169 5361 regimen
1194 5284 1517 5357 accepisse;
1543 5283 1694 5340 sicut
1712 5284 1850 5340 bea-
2030 5283 2195 5349 Quod
2224 5284 2457 5349 nostra,
2480 5281 2596 5337 Deo
2641 5282 2882 5353 gratias,
2915 5280 3139 5355 liquido
3169 5285 3461 5339 testantur
3490 5284 3612 5354 epi-

190 5383 293 5435 tus
307 5376 521 5451 prasul
539 5376 870 5433 Bonifacius
889 5380 1199 5433 attestatur
1214 5373 1616 5449 (a),unlversis
1633 5372 1855 5446 episco-
1961 5372 2143 5440 stola,
2178 5388 2325 5443 quas
2353 5375 2552 5426 ternas
2586 5386 2689 5442 per
2714 5369 3051 5425 Zachariam
3085 5374 3142 5425 et
3171 5375 3408 5426 Petrum
3439 5376 3618 5443 atque

194 5467 287 5542 pis
318 5482 422 5540 per
450 5464 816 5523 Thessaliam
847 5465 1186 5522 constitutis
1216 5465 1478 5522 scribens
1507 5479 1520 5518 ε
1556 5462 1853 5518 Institutio
1962 5464 2237 5530 Leonem,
2263 5460 2379 5516 Deo
2411 5458 2695 5515 amabiles
2727 5458 3067 5515 scriniarios
3098 5463 3310 5515 sancta
3343 5461 3617 5517 Romana

196 5555 550 5613 universalis
570 5553 1153 5612 nascentisEcclesia
1170 5552 1411 5610 debeati
1430 5551 1578 5608 Petri
1599 5552 1857 5625 sumpsit
1963 5551 2255 5619 Ecclesia,
2293 5567 2410 5605 uno
2440 5552 2602 5605 textu
2662 5547 2839 5605 scribi
2900 5549 3283 5621 praecepimus
3321 5553 3378 5605 et
3422 5566 3618 5605 coram

199 5646 419 5702 honore
448 5645 827 5718 principium,
851 5642 914 5699 in
939 5660 1054 5716 quo
1087 5643 1346 5715 regimen
1374 5643 1502 5713 ejus
1532 5645 1591 5697 et
1620 5659 1858 5698 summa
1966 5646 2171 5697 sancta
2198 5639 2475 5706 Ecclesia,
2507 5656 2633 5710 qua
2666 5639 2819 5711 apud
2871 5656 2977 5694 nos
3024 5642 3134 5708 est,
3179 5638 3468 5712 dispertiti
3522 5656 3618 5695 su-

272 5754 348 5826 (a)
380 5753 443 5811 In
476 5751 726 5827 epistola
755 5770 881 5827 qua
912 5749 1189 5809 recitatur
1218 5750 1277 5805 in
1309 5749 1556 5806 concilio
1586 5751 1865 5821 Romano,
1902 5751 2058 5824 quod
2088 5747 2426 5805 Holstenius
2457 5744 2637 5802 edidit
2668 5745 2729 5801 in
2758 5747 3044 5818 Boni/acto
3073 5747 3144 5803 II.
3180 5746 3364 5804 Hann.
