4098 6472
500 382 620 449 951

1883 384 2205 450 NICOLAI
2243 385 2475 453 PA’PE
2513 385 2564 450 Ῑ.

501 539 663 589 mus;
699 525 755 577 et
798 538 976 576 unum
1009 520 1246 594 quidem
1292 522 1443 592 apud
1496 538 1602 576 nos
1653 520 2002 575 reliuuimus
2054 537 2155 591 pro
2190 521 2239 588 Α
2271 519 2459 592 ipsius
2483 519 2635 575 vasis
2657 514 3943 590 cunetzeff.,eunctas.,H.\nn.]dignoscatu‘r

508 613 705 667 futura
737 610 959 667 scilicet
990 612 1236 679 cautela,
1274 616 1327 665 et
1368 616 1603 683 prOpler
1634 613 2014 683 qumstionem
2043 628 2168 681 ques

503 702 640 758 oriri
675 706 903 776 poterat
934 702 993 757 in
1026 706 1346 774 posterum.
1372 701 1529 766 Quod
1580 717 1710 756 ecce
1745 698 2170 773 impraesentia-

502 810 659 861 rum,
696 792 841 865 proh
874 790 1072 847 dolor!
1107 791 1431 858 cernimus;
1464 790 1640 846 aliam
1664 808 1796 846 vero
1829 789 2054 846 dilectae
2078 807 2176 846 su-

504 882 736 938 blimati
783 886 985 937 vestris
1045 880 1387 936 direximus.
1414 881 1588 936 Porro
1648 880 1885 935 tertiam
1946 880 2168 935 eisdem

508 972 717 1046 legatis
748 970 965 1027 nostris
1014 970 1351 1037 tribuimus,
1387 975 1452 1025 ut
1482 969 1645 1025 illam
1686 969 1846 1025 velut
1900 968 2171 1041 specular

509 1081 626 1136 prae
660 1061 844 1118 oculis
876 1060 1177 1129 habentes,
1199 1061 1257 1115 in
1282 1078 1349 1116 ea
1380 1060 1808 1116 meditarentur
1830 1060 1968 1132 quid
2001 1075 2173 1132 agere

511 1152 874 1218 debuissent,
907 1154 1083 1223 atque
1125 1151 1575 1206 recordarentur
1605 1149 1745 1222 quid
1793 1148 1905 1205 sibi
1936 1167 1970 1205 a
2000 1149 2171 1204 nobis

512 1240 853 1296 constiterat
881 1256 1009 1295 esse
1037 1244 1418 1312 praeceptum.

580 1332 649 1386 Et
675 1330 726 1385 si
754 1330 1004 1386 fortasse
1021 1333 1216 1385 vestra
1244 1329 1587 1402 magnitudo
1611 1330 2026 1401 dedignaretur
2058 1328 2171 1385 sibi

510 1419 755 1475 missam
789 1418 1098 1492 epistolam
1132 1419 1189 1473 in
1222 1418 1629 1491 episcoporum
1663 1420 1967 1474 ostendere
1999 1424 2170 1488 coetu,

503 1510 800 1581 jussimus
822 1509 908 1564 eis
929 1513 997 1564 ut
1018 1508 1399 1581 illam,quam
1434 1508 1545 1563 sibi
1579 1508 1912 1581 specialiter
1940 1510 2175 1565 dedera-

474 1596 475 1599 “
514 1615 986 1671 mus,quamque
1038 1599 1216 1654 unius
1248 1599 1447 1653 formae
1480 1615 1614 1654 cum
1664 1598 1909 1671 reliquis
1940 1599 2172 1655 duabus

514 1705 645 1743 esse
678 1692 976 1755 noverant,
1002 1688 1061 1742 in
1089 1705 1153 1743 eo
1187 1692 1493 1755 conventu,
1520 1688 1721 1760 inquo
1753 1706 1992 1745 causam
2016 1689 2171 1760 deje-

516 1775 728 1831 ctionis
751 1776 958 1849 Ignatii
984 1792 1446 1848 prazceperamus
1468 1775 1765 1847 inquirere
1782 1794 1847 1831 ac
1866 1775 2175 1848 diligenter

2281 610 2339 665 in
2374 626 2435 666 se
2462 610 2756 665 continere
2779 610 3181 664 universormn
3207 607 3553 662 animalium
3577 611 3729 678 (qua:
3750 604 3945 659 homi.

2280 717 2386 755 nes
2432 699 2849 773 intelliguntur
2895 696 3303 771 spiritualiter)
3336 697 3624 753 nationes.
3668 696 3950 768 Suscepit

2280 805 2416 862 ergo
2448 806 2515 845 ac
2545 789 2805 845 continet
2833 788 2894 843 in
2928 804 2988 844 se
3019 788 3166 843 Rom
3191 805 3284 843 na
3306 786 3752 858 Ecclesia,quod
3788 790 3945 840 Deus

2281 878 2673 935 universalem
2695 877 3016 934 Ecclesium
3048 876 3349 949 suscipere
3377 892 3441 932 ac
3473 875 3775 932 continere
3800 892 3950 946 prae-

2280 967 2453 1040 cepit.
2478 967 2972 1024 Decentissimum
3015 965 3342 1039 quippe‘est
3381 970 3556 1037 atque
3593 964 3949 1020 convenien-

2278 1057 2577 1114 tissimum
2614 1062 2676 1112 ut
2705 1058 2859 1129 apud
2900 1074 2963 1113 se
3006 1058 3213 1112 Petrus
3240 1056 3397 1128 quod
3447 1054 3561 1111 sibi
3608 1053 3951 1126 specialiter

2280 1152 2583 1204 ostensum
2634 1152 2809 1219 atque
2860 1154 3219 1219 praeceptum
3264 1150 3373 1213 est,
3404 1145 3706 1213 exhibeat;
3738 1144 3952 1216 sicque

2281 1238 2521 1294 demum
2553 1238 2708 1309 quod
2736 1236 2795 1292 in
2826 1236 3087 1310 generali
3135 1235 3399 1292 Ecclesia
3442 1233 3672 1292 facilius
3702 1234 3952 1290 credam

2280 1328 2424 1383 dum
2456 1327 2552 1396 sit,
2596 1328 2824 1382 innuat.
2851 1327 3002 1383 Sane
3041 1326 3395 1383 intuendum
3426 1330 3515 1381 est
3545 1325 3683 1397 quia
3732 1329 3797 1380 et
3841 1323 3953 1379 hoc

2278 1434 2402 1485 vas,
2426 1417 2486 1471 in
2519 1433 2634 1489 quo
2663 1416 2864 1473 omnia
2884 1430 3110 1489 genera
3139 1419 3308 1472 erant
3336 1414 3754 1481 animantium,
3778 1413 3952 1469 Petro

2281 1506 2613 1579 specialiter
2636 1510 2942 1562 ostensum
2974 1510 3091 1575 est;
3116 1511 3175 1562 et
3197 1510 3262 1562 ut
3282 1522 3351 1561 ea
3380 1507 3666 1561 mactaret
3690 1508 3748 1559 et
3779 1521 3954 1559 man-

2282 1598 2542 1663 ducaret,
2568 1595 2653 1651 illi
2678 1595 2786 1652 soli
2811 1597 3053 1667 jussum
3078 1601 3188 1652 est.
3212 1597 3283 1651 Et
3305 1598 3436 1668 post
3456 1594 3956 1650 resurrectionem

2281 1691 2346 1741 ut
2380 1690 2498 1742 rete
2530 1685 2767 1757 plenum
2821 1684 3069 1741 diversis
3098 1685 3367 1757 piscibus
3417 1685 3489 1740 ad
3536 1683 3703 1739 littus
3750 1683 3953 1740 trahe-

2283 1781 2390 1845 ret,
2426 1793 2460 1831 a
2502 1774 2748 1831 Domino
2809 1775 2924 1847 ipsi
2980 1774 3211 1847 proprie
3268 1774 3377 1831 soli
3431 1778 3791 1846 praeceptum
3840 1778 3953 1839 est,

514 1863 886 1938 investigare,
920 1865 1396 1937 impraetermisse
1441 1864 1718 1937 legerent,
1743 1869 1800 1920 et
1838 1865 1897 1919 in
1929 1864 2173 1921 auribus
2207 1901 2254 1966 Β
2285 1867 2462 1938 (Joan.
2497 1870 2634 1934 xm).
2661 1866 2863 1938 Ipsum
2898 1865 3081 1932 enim,
3109 1865 3282 1934 cujus
3312 1881 3441 1932 nos,
3474 1863 3610 1920 licet
3637 1862 3956 1927 immeriti,

517 1955 783 2013 omnium
819 1955 1151 2024 recitarent,
1199 1954 1334 2010 licet
1387 1953 1500 2027 ipsi
1551 1954 1824 2010 contrarii
1876 1955 2010 2009 facti
2060 1955 2179 2010 sint

516 2059 718 2099 eorum
753 2043 1020 2099 omnium
1051 2060 1178 2115 quae
1225 2043 1337 2100 sibi
1373 2044 1603 2100 fuerant
1635 2044 1940 2116 imperata.
1965 2046 2182 2111 Quam-

516 2133 716 2188 obrem
740 2138 797 2189 et
818 2150 993 2199 nunc,
1023 2132 1162 2206 quia
1187 2134 1453 2206 quaedam
1483 2134 1703 2206 scripta
1724 2134 2004 2189 dicuntur
2025 2134 2179 2205 apud

512 2239 615 2278 vos
640 2227 1085 2295 esse,tanquam
1109 2240 1174 2277 ex
1201 2222 1435 2279 nomine
1460 2228 1660 2279 nostro
1692 2223 1896 2291 missa,
1923 2241 2051 2295 quae
2076 2242 2183 2281 nos

514 2312 755 2368 omnino
790 2330 906 2367 non
940 2312 1236 2379 misimus,
1264 2312 1482 2367 idcirco
1513 2316 1570 2368 et
1600 2312 1777 2379 hanc,
1802 2330 1981 2385 quam
2014 2331 2181 2368 man-

514 2402 810 2458 suetudini
856 2407 1058 2458 vestra:
1108 2403 1442 2475 dirigimus,
1478 2404 1535 2457 in
1584 2402 1767 2458 altero
1813 2408 1970 2458 tonio
2003 2396 2181 2461 scribi

515 2494 935 2565 praecepimus;
960 2497 1017 2548 et
1041 2493 1193 2548 hanc
1217 2492 1454 2565 quidem
1479 2494 1705 2560 Petrus,
1724 2493 1820 2565 qui
1845 2492 2022 2549 unius
2042 2511 2182 2566 prae-

517 2583 811 2637 dictarum
842 2583 1025 2637 trium
1057 2582 1306 2653 scriptor
1337 2583 1589 2651 exstitit;
1624 2600 1804 2654 quam
1834 2600 1969 2638 vero
2000 2600 2180 2654 penes

518 2689 627 2727 nos
659 2672 1004 2735 retinemus,
1030 2671 1306 2743 praefatus
1340 2673 1471 2735 Leo,
1497 2671 1615 2726 Deo
1641 2670 1925 2728 amabiles
1945 2673 2182 2729 scrinia-

518 2760 589 2816 rii
619 2766 834 2816 sanctae
887 2761 1157 2816 Romanae
1208 2761 1499 2827 Ecclesiae,
1532 2778 1783 2833 quorum
1819 2762 1961 2817 ﬁdes
2010 2763 2179 2819 nobis

520 2851 768 2923 probata
791 2854 900 2912 est,
924 2849 1231 2923 scripsisse
1259 2854 1604 2906 noscuntur.

588 2946 766 2996 Porro
798 2940 1035 3012 scripsit
1068 2940 1236 2996 nobis
1268 2940 1582 3011 imperium
1609 2945 1867 2996 vestrum
1901 2948 1967 2997 ut
1999 2942 2180 2999 Theo-

516 3034 815 3103 gnostum,
841 3030 942 3102 qui
975 3048 1010 3085 a
1040 3031 1216 3084 fratre
1245 3034 1303 3084 et
1333 3029 1675 3101 coepiscopo
1722 3036 1919 3086 nostro
1952 3032 2176 3105 Ignatio

515 3137 695 3191 super
724 3120 1011 3192 quasdam
1045 3119 1373 3192 provincias
1423 3120 1770 3194 exarehatus
1820 3122 2051 3193 pondus
2080 3139 2174 3178 ac-

516 3210 742 3281 cepisse
772 3208 1153 3282 dignoscitur,
1175 3226 1400 3265 necnon
1433 3214 1491 3264 et
1533 3208 1678 3265 alios
1711 3211 2029 3267 monachos
2060 3212 2171 3267 sibi

515 3303 797 3372 tanquam
819 3304 1023 3355 vestrae
1055 3299 1405 3371 augustialis
1423 3299 1799 3371 injuriatores
1821 3300 2173 3357 excellentiae
2205 3279 2247 3345 C

516 3389 901 3445 destinamus.
935 3391 997 3445 In
1048 3408 1163 3463 quo
1196 3408 1329 3445 cum
1372 3394 1569 3445 tamen
1629 3389 1742 3462 ipsi
1802 3390 2174 3461 injuriatores

515 3480 693 3535 vestri
724 3498 839 3535 non
874 3480 1108 3546 fuerint,
1134 3479 1274 3552 quid
1322 3479 1480 3535 aliud
1516 3479 1627 3535 nisi
1662 3483 1723 3535 ut
1755 3484 1976 3551 quanta
2005 3498 2177 3553 pmna

518 3570 775 3641 [quantae
820 3587 1021 3641 poenae,
1056 3570 1266 3640 Hann]
1299 3573 1355 3625 et
1386 3569 1604 3641 quibus
1635 3569 1943 3626 tormentis
1989 3571 2172 3642 subji-

515 3659 746 3714 ciantur
774 3659 834 3713 hi
867 3659 968 3731 qui
999 3676 1066 3714 ex
1098 3663 1260 3730 parte
1282 3659 1491 3731 Ignatii
1523 3662 1681 3728 sunt,
1707 3664 1764 3715 et
1795 3661 1947 3732 apud
1981 3678 2082 3716 vos
2113 3662 2170 3717 in

515 3748 735 3804 ditione
774 3753 968 3803 vestra
1015 3748 1364 3817 consistunt,
1417 3748 1703 3820 liquidius
1757 3766 2168 3822 agnoscamus.

512 3838 756 3904 Quando
795 3836 851 3892 hi
900 3854 1015 3892 non
1065 3836 1268 3909 utique
1300 3838 1369 3892 ad
1406 3838 1629 3909 epulas,
1663 3855 1777 3893 non
1830 3840 1901 3894 ad
1954 3839 2171 3896 infulas

511 3927 764 4000 alicujus
796 3927 1035 3983 honoris
1068 3928 1474 3999 percipiendas
1517 3928 1772 3999 profecto
1806 3933 2167 4000 quaeruntur,

510 4018 611 4073 sed
644 4017 840 4090 potius
880 4017 953 4072 ad
998 4018 1387 4089 puniendum,
1425 4033 1573 4088 quos
1608 4017 1752 4073 forte
1783 4034 1887 4073 nec
1916 4018 2168 4087 vidistis,

508 4124 614 4163 nec
644 4109 816 4179 cujus
849 4107 1027 4163 moris
1072 4107 1191 4161 sint
1238 4106 1474 4178 penitus
1535 4107 1873 4179 agnovistis.
1914 4109 2170 4181 Denique

510 4198 750 4269 quidam
786 4214 986 4252 eorum
1020 4198 1092 4252 ab
1124 4196 1363 4251 ineunte
1394 4200 1560 4251 aetate
1593 4197 1787 4253 Romae
1820 4198 2034 4254 divinis
2065 4201 2167 4254 ob-

511 4286 735 4359 sequiis
768 4286 1033 4341 famulati
1068 4290 1226 4352 sunt,
1251 4290 1309 4341 et
1340 4303 1455 4341 non
1479 4286 1712 4357 justum
1737 4286 2034 4344 credimus
2064 4288 2169 4343 hu-

501 4375 767 4449 jusmodi
800 4376 1110 4432 tormentis
1161 4376 1281 4431 fore
1330 4376 1689 4431 subdendos.
1725 4376 2165 4449 Theognostum

511 4470 708 4521 autem
742 4483 857 4520 non
892 4466 963 4520 de
994 4463 1158 4520 vobis
1189 4465 1449 4533 sinistra,
1475 4465 1575 4520 sed
1610 4466 1803 4536 potius
1835 4469 2000 4539 grata
2030 4484 2171 4538 pra:-

434 4568 445 4579 ‘
509 4555 703 4610 dicare
734 4560 1037 4610 testamur.
1063 4556 1450 4621 Quamobrem
1501 4571 1638 4624 ergo
1696 4572 1829 4609 eum
1891 4557 2165 4627 qumratis

2289 1956 2473 2011 vicem
2505 1955 2896 2028 suscepimus,
2925 1954 3326 2028 principaliter
3354 1972 3422 2011 ac
3451 1954 3790 2028 specialiter
3823 1955 3953 2011 nni-

2288 2046 2534 2102 versalis
2564 2045 2835 2102 Ecclesiae
2867 2062 3069 2101 curam
3111 2044 3392 2100 divinitus
3437 2044 3753 2117 accepisse,
3770 2045 3949 2100 etiam

2290 2135 2462 2192 nobis
2508 2136 2856 2199 tacentibus,
2891 2136 3189 2191 credimus
3221 2135 3375 2207 quod
3418 2138 3614 2191 vestra
3658 2133 3954 2207 sapientia

2283 2225 2409 2295 jam
2455 2225 2900 2281 animadvertat.
2935 2225 3188 2281 Putasne
3246 2240 3403 2297 ergo,
3437 2223 3781 2296 imperator,
3827 2225 3955 2295 jus-

2291 2316 2419 2367 tum
2451 2329 2580 2368 esse
2611 2318 2677 2367 ut
2706 2313 3011 2368 tradamus
3057 2312 3311 2384 aliquem
3351 2328 3576 2377 eorum,
3611 2328 3761 2384 quos
3794 2330 3955 2368 nunc

2290 2403 2907 2471 commemoravimus,
2939 2401 3336 2475 principibus;
3371 2417 3621 2473 quorum
3651 2399 3850 2469 aulas,
3873 2402 3954 2456 di-

2289 2492 2565 2564 gnitates,
2592 2491 2843 2549 honores
2892 2497 2949 2548 et
2996 2491 3281 2548 beneﬁcia
3327 2496 3836 2562 contempserunt,
3866 2490 3953 2547 vel

2291 2598 2547 2654 quorum
2577 2583 2723 2638 forte
2753 2580 3188 2654 indignationes
3217 2584 3320 2636 aut
3350 2579 3789 2652 persecutiones
3822 2598 3951 2637 sus-

2286 2671 2636 2727 tinuerunt?
2660 2671 2845 2727 Absit.
2879 2670 3169 2726 Nolumus
3198 2669 3380 2736 enim,
3402 2670 3520 2726 Deo
3551 2674 3821 2739 auctore,
3849 2687 3953 2726 nec

2287 2761 2452 2817 Judae
2506 2761 2787 2833 proditori
2834 2759 3059 2816 similes
3114 2758 3384 2827 inveniri,
3419 2776 3525 2815 nec
3580 2776 3951 2832 paganorum

2287 2851 2561 2907 excedere
2590 2851 2847 2922 profecto
2899 2849 3248 2922 nequitiam.
3273 2849 3390 2920 Ipsi
3420 2849 3581 2905 enim
3630 2848 3778 2905 nihil
3838 2849 3951 2905 tale

2286 2956 2456 3013 agere
2488 2940 2723 3012 penitus
2773 2939 3099 3013 patiuntur.
3125 2937 3301 3012 quale
3332 2955 3438 2994 nos
3487 2943 3827 3011 perpetrare
3857 2956 3949 2996 co-

2285 3028 2605 3085 hortamini
2630 3047 2753 3086 vos.

2357 3120 2619 3192 Denique
2650 3136 2786 3175 cum
2832 3119 3073 3192 quidam
3124 3122 3567 3175 antecessorum
3616 3122 3947 3175 vestrorum

2285 3210 2602 3281 quemdam
2632 3208 3021 3265 venerabilem
3043 3208 3235 3265 virum
3267 3209 3339 3265 ab
3361 3210 3758 3281 Agarenorum
3784 3210 3946 3281 prin-

2286 3299 2432 3371 cipe,
2452 3299 2654 3354 multis
2671 3299 2886 3355 oblatis
2903 3299 3273 3364 muneribus,
3289 3297 3399 3354 sibi
3416 3298 3571 3354 mitti
3589 3299 3945 3371 poposcerit,

2285 3406 2403 3443 non
2451 3387 2643 3445 solum
2695 3388 2940 3444 minime
2999 3387 3355 3460 impetravit,
3387 3404 3589 3443 verum
3648 3387 3853 3457 etiam,
3888 3392 3949 3442 ut

2284 3478 2488 3545 fertur,
2511 3478 2584 3533 ab
2614 3494 2681 3532 eo
2713 3493 2888 3548 quem
2922 3477 3240 3549 quaerebat,
3269 3478 3555 3550 pudorem
3584 3477 3946 3535 conferentia

2282 3566 2501 3639 scripta
2532 3565 2766 3639 recepit.
2792 3566 3095 3633 Quumvis,
3120 3566 3236 3622 Deo
3278 3565 3523 3641 gratias,
3548 3575 3603 3623 el
3632 3583 3735 3638 per
3778 3567 3944 3638 prino

2283 3656 2528 3728 cipalem
2563 3657 2866 3711 beatorum
2898 3655 3298 3728 apostolorum
3340 3655 3492 3712 Petri
3536 3673 3605 3712 ac
3654 3656 3842 3725 Pauli,
3875 3656 3943 3711 de

2283 3762 2401 3818 qua
2440 3763 2580 3801 sura
2638 3746 2851 3818 partim
2901 3746 3304 3817 exposuimus,
3338 3750 3689 3818 potestatem
3733 3749 3794 3802 et
3843 3747 3942 3817 jus

2282 3835 2626 3904 habeamus,
2648 3852 2765 3890 non
2788 3834 2981 3890 solum
3001 3835 3548 3902 monachos,verum
3571 3835 3748 3891 etiam
3771 3853 3944 3908 quos-

2280 3924 2425 3981 libet
2454 3924 2697 3980 clericos
2726 3926 2797 3981 de
2837 3941 3191 3997 quacunque
3234 3925 3497 3994 dioecesi,
3524 3942 3658 3981 cum
3705 3942 3941 3983 necesse

2279 4015 2455 4071 fuerit
2475 4016 2546 4071 ad
2582 4032 2687 4071 nos
2709 4032 3045 4083 convocare,
3073 4019 3249 4087 atque
3279 4013 3691 4071 ecclesiasticis
3711 4014 3939 4089 exigen-

2278 4105 2438 4161 tibus
2485 4104 3023 4177 opportunitatibus
3075 4104 3339 4161 invitare.
3376 4106 3491 4162 Hoc
3531 4105 3767 4178 quidem
3834 4123 3936 4162 no-

2279 4199 2500 4261 strum;
2526 4199 2783 4250 vestrum
2817 4199 3011 4249 autem
3035 4198 3091 4250 et
3113 4194 3343 4266 piorum
3378 4194 3802 4267 imperatorum
3824 4212 3936 4251 non

2278 4288 2368 4341 est
2393 4283 2577 4338 ullum
2603 4284 2837 4356 penitus
2858 4284 3151 4355 quati-undi
3178 4284 3499 4341 monachos
3520 4283 3935 4352 ministerium,

2279 4373 2395 4428 nisi
2430 4373 2501 4428 ad
2537 4372 2964 4441 miserandum,
2995 4379 3053 4428 et
3083 4374 3378 4429 orationes
3408 4386 3609 4430 eorum
3644 4374 3936 4432 submisse

2276 4462 2658 4534 poscendum.
2685 4462 2847 4527 Quod
2879 4462 2929 4516 si
2963 4461 3209 4518 forsitan
3253 4462 3581 4535 opinamini
3629 4463 3933 4536 Theogno-

2276 4556 2438 4608 stum
2462 4552 2616 4624 apud
2642 4569 2748 4607 nos
2782 4551 2983 4607 Photio
3006 4551 3330 4621 detrahere,
3356 4552 3767 4625 Ignatiumque
3785 4552 3936 4626 jugi-

508 4644 870 4717 ignoramus,
897 4644 1009 4700 nisi
1043 4646 1189 4700 forte
1229 4645 1370 4715 quia
1402 4641 1563 4699 illiuc
1593 4644 1852 4717 fugatus,
1876 4645 1971 4700 hic
2011 4646 2164 4718 apud
2197 4658 2243 4721 D
2275 4646 2363 4697 ter
2401 4642 2834 4707 commendare,
2860 4642 3065 4697 scitote
3113 4641 3397 4697 veraciter
3423 4642 3564 4714 quia
3612 4642 3762 4698 nihil
3812 4641 3933 4716 ipse

508 4750 616 4788 nos
648 4732 1449 4805 requiem,quemadmodu1n
1497 4732 1791 4787 innumeri
1826 4733 2160 4802 Christiani,

507 4821 937 4893 aliquantulam
971 4821 1204 4893 reperit.

579 4911 883 4984 Siquidem
916 4914 1082 4966 tanta
1124 4908 1312 4964 millia
1341 4908 1649 4963 hominum
1702 4910 2044 4981 protectioni
2096 4928 2162 4966 ac

505 5000 911 5056 intercessioni
944 4999 1095 5055 beati
1140 4997 1540 5069 apostolorum
1574 4997 1855 5070 principis
1889 5000 2061 5065 Petri,
2092 5017 2162 5056 ex

507 5091 784 5145 omnibus
806 5090 1022 5144 ﬁnibus
1058 5092 1220 5142 terra;
1255 5086 1715 5159 prOperantium,
1741 5105 1867 5145 sese
1900 5089 2163 5161 quotidie

507 5181 835 5249 conferunt,
869 5184 925 5233 et
951 5193 1138 5248 usque
1186 5176 1244 5230 in
1279 5177 1455 5230 ﬁnem
1488 5177 1614 5231 vitae
1671 5196 1787 5233 suae
1845 5179 1997 5249 apud
2033 5180 2161 5249 ejus

506 5269 714 5324 limina
742 5273 929 5322 semet
973 5282 1254 5320 mansura
1280 5271 1632 5337 proponunt,
1668 5272 1731 5323 ut
1765 5272 1969 5339 praeter
2017 5266 2162 5321 illud

505 5377 621 5432 quo
646 5376 744 5413 vas
765 5374 795 5411 e
817 5357 959 5412 coelo
982 5355 1368 5422 submissum,
1392 5356 1447 5411 in
1471 5374 1587 5429 quo
1605 5362 1951 5413 cunctorum
1973 5361 2164 5412 osten-

505 5466 570 5503 sa
609 5452 748 5502 sunt
778 5445 965 5501 eidem
998 5445 1164 5499 beato
1196 5446 1361 5501 Petro
1394 5446 1601 5501 horum
1636 5446 1901 5501 omnium
1954 5446 2160 5501 rectori

504 5535 893 5591 animantium
930 5552 1159 5607 genera,
1188 5535 1535 5591 catholicam
1569 5537 1765 5607 signat
1796 5534 2112 5591 Ecclesium
2141 5554 2153 5592 :

504 5626 681 5680 etiam
714 5624 840 5695 ipsa
863 5625 987 5680 sola
1011 5625 1407 5681 Romanorum
1442 5626 1601 5688 urbs,
1622 5625 1777 5696 apud
1807 5642 1980 5696 quam
2009 5627 2162 5697 ejus-

505 5714 636 5768 dem
670 5713 914 5784 apostoli
945 5714 1263 5788 corporalis
1296 5713 1606 5785 przesentia
1627 5715 1828 5770 sedule
1852 5720 2161 5771 veneratur

2275 4733 2346 4787 de
2376 4735 2622 4802 utroque
2649 4729 2908 4802 loquitur
2932 4730 3047 4785 nisi
3069 4731 3225 4803 quod
3250 4730 3309 4786 in
3333 4730 3645 4803 propatulo
3666 4736 3758 4787 est
3777 4730 3929 4805 quod

2272 4821 2534 4875 mundus
2564 4820 2728 4886 dicit,
2758 4820 2913 4891 quod
2964 4820 3158 4876 omnis
3205 4819 3463 4875 Ecclesia
3510 4819 3746 4889 clamat,
3779 4821 3927 4893 quod

2272 4910 2383 4982 ipsi
2414 4927 2518 4982 per
2536 4908 2879 4965 innumeros
2908 4909 3178 4965 homines
3201 4910 3444 4965 Romam
3470 4910 3543 4965 ab
3562 4909 3927 4977 Alexandria,

2273 5000 2344 5054 ab
2378 4998 2817 5071 Hierosolymis,
2868 5016 2902 5054 a
2951 4997 3476 5071 Constantinopoli,
3519 5017 3555 5055 a
3602 5000 3928 5058 conﬁnibus

2272 5089 2422 5158 ejus,
2439 5088 2508 5143 ab
2533 5088 2778 5161 Olympo
2802 5093 3021 5155 monte,
3043 5092 3219 5161 atque
3242 5106 3276 5144 a
3305 5090 3529 5147 caeteris
3560 5090 3767 5146 mundi
3800 5107 3924 5162 par-

2270 5178 2432 5232 tibus
2454 5178 2834 5233 adventantes
2859 5164 3240 5250 agnovimus:
3262 5179 3333 5234 ad
3354 5183 3679 5235 extremum
3699 5193 3925 5253 quoque

2274 5266 2427 5338 quod
2462 5284 2567 5321 nos
2599 5284 2703 5339 per
2731 5266 2948 5323 missos
2976 5270 3199 5324 vestros
3230 5271 3288 5323 et
3317 5267 3548 5325 diversa
3574 5268 3795 5340 scripta
3824 5286 3921 5340 pa-

2273 5360 2461 5412 tenter
2505 5355 2918 5412 intelleximus.
2945 5356 3094 5421 Quid
3143 5373 3279 5430 ergo
3337 5357 3472 5429 quis
3525 5363 3747 5428 peccat,
3781 5359 3922 5414 sica

2272 5445 2413 5501 dicit
2441 5464 2567 5518 quae
2620 5463 2718 5501 vos
2768 5446 2987 5501 dixisse
3027 5449 3298 5502 constat?
3329 5448 3473 5503 Ecce
3502 5446 3659 5503 enim
3712 5447 3920 5518 scripta

2269 5541 2464 5592 vestra
2494 5534 2677 5591 missa
2706 5536 2776 5590 ad
2819 5540 3247 5592 antecessorem
3279 5540 3571 5601 nostrum,
3600 5554 3718 5609 qua
3751 5552 3917 5610 penes

2269 5643 2378 5682 nos
2407 5625 2705 5680 recondita
2734 5631 3059 5693 servantur,
3095 5627 3383 5698 quosdam
3434 5626 3619 5698 partis
3665 5624 3916 5699 Gregorii

2276 5713 2650 5787 Syracusani,
2684 5714 3055 5789 congregatis
3099 5715 3410 5788 episcopis,
3462 5717 3641 5773 etiam
3688 5717 3917 5773 absente
