4098 6468
175 418 306 482 953

1398 415 1805 483 EPISTOLIE
1845 416 1953 480 ET
1991 415 2377 482 DECRETA.

3472 419 3614 487 951.

175 554 362 610 fratre
384 557 583 609 nostro
615 552 861 627 Ignatio,
893 571 995 610 vos
1037 553 1564 610 anathematizasse
1614 555 1831 608 testan-
1864 551 1916 617 Α
1947 552 2384 623 spcnsationem
2419 552 2588 609 nobis
2605 553 2888 610 creditam
2911 555 3600 625 exercebimus,anteces-

176 646 300 700 tur.
328 643 476 711 Quid
500 660 636 717 ergo
664 644 961 717 quispiam
993 644 1278 716 delinquit
1298 643 1325 698 ‘2
1353 642 1441 699 vel
1474 660 1582 699 nos
1614 643 1669 697 in
1695 658 1833 714 quo,

178 749 487 807 rogamus,
511 732 867 789 offendimus
899 733 1057 807 (licet
1072 750 1175 790 vos
1189 750 1358 789 versa
1374 733 1498 789 vice
1529 748 1678 806 quos
1694 736 1836 788 tunc

179 822 499 893 laudastis,
532 839 691 878 nunc
719 822 1083 896 vituperetis,
1115 827 1171 878 et
1201 839 1352 896 quos
1405 827 1548 878 tunc
1599 839 1728 878 reos
1779 826 1838 878 et

180 912 497 968 damnatos
532 912 978 985 pronuntiastis,
1014 930 1170 969 nunc
1197 911 1362 968 miris
1394 911 1674 984 praeconis
1700 910 1834 967 effe-

181 1001 354 1073 ratis)
379 1001 428 1056 si
447 1002 598 1074 quod
626 1001 951 1074 scripsistis
971 1002 1412 1067 credidimus,et
1428 1002 1584 1073 quod
1604 1001 1838 1058 dixistis

182 1108 296 1147 nos
325 1107 561 1164 quoque
592 1107 750 1146 nunc
779 1090 1071 1148 dicimus?
1096 1093 1412 1157 Postremo,
1435 1091 1549 1146 nisi
1581 1107 1838 1147 correxe-

182 1181 377 1236 rimus
408 1180 723 1235 consilium
765 1185 1055 1249 nostrum,
1097 1180 1366 1236 videlicet
1395 1184 1461 1235 ut
1496 1180 1637 1236 illud
1669 1181 1839 1251 juxta

185 1267 505 1323 consilium
534 1272 795 1324 vestrum
828 1269 1274 1341 dirigamus,vel
1308 1268 1358 1324 si
1390 1286 1515 1324 non
1538 1269 1723 1325 effecti
1754 1269 1836 1325 si-

186 1356 360 1413 miles
388 1358 574 1424 vobis,
605 1358 761 1413 sicut
788 1358 899 1431 ipsi
932 1363 1128 1431 caput,
1150 1358 1234 1414 ita
1265 1375 1498 1431 quoque
1520 1376 1627 1414 nos
1653 1376 1838 1414 mem-

184 1445 296 1501 bra
324 1446 649 1514 tradamus,
681 1446 1258 1503 interminationibus
1288 1448 1510 1503 crebris
1549 1449 1839 1504 deterrere

185 1553 316 1602 nos,
350 1538 409 1591 et
440 1536 699 1591 minitari
731 1536 1033 1605 videmini,
1064 1540 1349 1610 tanquam
1394 1537 1523 1593 sitis
1554 1537 1754 1610 patriae
1783 1541 1840 1593 et

185 1625 321 1681 urbi
349 1629 561 1681 nostrae
583 1624 859 1681 ultimum
881 1626 1294 1682 exterminium
1316 1625 1553 1682 illaturi.
1575 1627 1709 1691 Quae
1731 1643 1839 1683 nos

187 1713 420 1770 Christo
443 1714 695 1787 propitio
716 1719 892 1787 atque
914 1716 1156 1771 custode
1176 1716 1272 1779 (de
1288 1733 1405 1789 quo
1421 1716 1704 1789 scriptum
1718 1720 1834 1772 est:

186 1806 319 1862 Nisi
340 1806 613 1860 Dominus
641 1805 959 1861 custodierit
980 1807 1273 1873 civitatem,
1300 1808 1361 1861 in
1381 1823 1585 1861 vanum
1602 1806 1842 1875 vigilant

189 1895 288 1966 qui
340 1894 654 1951 custodiunt
707 1910 827 1950 eam
876 1896 1049 1964 [PsaL
1081 1895 1328 1967 cxxv1]),
1363 1895 1516 1952 sicut
1555 1896 1840 1952 hactenus

189 2000 310 2039 non
340 1983 671 2053 timuimus,
688 2001 793 2040 nec
817 1985 991 2040 modo
1020 1985 1321 2053 timemus,
1341 1986 1642 2041 credentes
1665 2002 1843 2058 super

184 2089 394 2128 muros
418 2073 548 2144 ejus
567 2073 909 2147 angelorum
931 2074 1288 2142 custodiam;
1305 2075 1422 2130 imo
1437 2091 1571 2130 vero
1589 2075 1840 2131 scientes

188 2160 349 2233 quod
381 2160 646 2217 Salvator
672 2160 899 2233 positus
931 2161 1010 2217 sit
1034 2161 1095 2216 in
1130 2178 1199 2217 ea
1228 2178 1436 2217 murus
1485 2166 1544 2216 et
1572 2167 1840 2217 antemu-

188 2250 314 2306 rale
345 2252 473 2324 (Isa.
504 2251 680 2317 xxv1),
713 2250 773 2306 id
805 2255 896 2306 est
948 2251 1349 2323 apostolorum
1403 2250 1841 2307 munimentum

187 2338 702 2395 intercessionum.
727 2341 924 2412 Neque
945 2340 1099 2396 enim
1123 2356 1239 2395 non
1260 2338 1532 2412 legimus,
1556 2345 1658 2395 aut
1679 2339 1841 2394 obliti

188 2444 405 2484 sumus
433 2428 731 2483 minarum
761 2428 1156 2484 Sennacherib
1188 2428 1341 2501 regis
1371 2428 1764 2501 Assyriorum,
1786 2433 1844 2483 et

189 2533 493 2573 servorum
520 2518 649 2588 ejus
678 2521 885 2573 contra
910 2517 1116 2573 urbem
1133 2517 1460 2573 Jerusalem
1479 2522 1535 2573 et
1556 2517 1839 2591 populum

186 2607 340 2678 ejus,
367 2624 494 2679 quae
526 2623 640 2661 non
671 2607 929 2661 minores
949 2623 1056 2661 nec
1083 2606 1387 2679 pauciores
1428 2606 1603 2662 minis
1632 2606 1843 2663 vestris

188 2696 447 2751 fuerunt.
482 2697 553 2750 Et
592 2713 799 2751 rursus
830 2696 1275 2751 miserationum
1307 2696 1536 2751 Domini
1569 2697 1841 2753 recorda-

189 2802 345 2856 mur,
377 2790 434 2840 ct
462 2784 712 2857 qualiter
754 2789 990 2841 centum
1039 2786 1336 2859 octoginta
1366 2785 1627 2859 quinque
1659 2785 1845 2841 millia

191 2874 499 2930 hominum
533 2875 605 2930 de
626 2875 837 2931 castris
856 2875 1228 2949 Assyriorum
1254 2875 1585 2931 interierint
1607 2876 1695 2939 (IV
1711 2882 1839 2947 Reg.

193 2968 337 3033 nx),
370 2969 427 3020 et
455 2964 598 3020 urbs
644 2980 777 3019 cum
828 2963 1431 3020 habitatoribussuis
1480 2965 1748 3034 evaserit,
1780 2965 1841 3020 in

194 3058 393 3109 mente
424 3053 756 3114 recolimus,
777 3057 836 3108 et
864 3053 1083 3124 gratias
1115 3053 1439 3126 agimus,et
1466 3070 1631 3126 spem
1663 3054 1845 3110 sumi-

195 3160 349 3211 mus,
388 3159 455 3198 ac
504 3142 854 3198 ﬁducialiter
883 3141 952 3197 de
997 3142 1170 3197 domo
1201 3141 1452 3207 Domini,
1487 3143 1535 3196 si
1565 3142 1842 3198 virtutem

193 3232 319 3305 ipse
350 3232 669 3297 donaverit,
703 3230 927 3286 cultum
964 3229 1094 3285 Baal
1147 3247 1412 3286 amovere
1455 3230 1789 3286 curavimus
1826 3247 1839 3285 :

1871 1930 1919 1995 B

1947 659 2144 697 eorum
2175 642 2422 715 vestigia
2450 648 2783 699 nostrorum
2809 644 3188 713 sectabimur,
3214 647 3594 707 ecclesiarum

1945 735 2289 788 cunctarum
2304 731 2760 789 sollicitudinem
2774 733 3179 805 bajulabimus
3195 736 3253 792 in
3271 739 3465 811 eo,qui
3485 757 3594 796 nos

1945 821 2298 877 confortabit
2324 822 2571 879 Domino
2617 827 2818 879 nostro
2850 824 2990 880 Jesu
3023 824 3275 881 Christo.
3307 827 3455 891 Quid
3487 846 3595 884 saa-

1942 909 2110 965 viunt
2138 910 2447 967 homines?
2479 912 2619 984 quid
2654 912 2790 967 mali
2821 913 3070 970 fecimus
3103 916 3259 972 nos?
3282 916 3446 974 Certe
3477 936 3594 976 non

1945 999 2176 1055 Cretam
2206 999 2549 1068 invasimus,
2582 1017 2698 1057 non
2740 1002 3000 1059 Siciliam
3049 1006 3594 1076 exterminavimus,

1946 1095 2062 1144 non
2083 1089 2424 1145 innumeras
2446 1090 2659 1147 Graecis
2681 1092 2981 1163 subjectae
3004 1094 3332 1165 provincias
3348 1097 3601 1153 obtinui-

1947 1195 2082 1234 mus
2109 1195 2121 1234 :
2147 1182 2444 1250 postremo
2464 1197 2581 1235 non
2603 1180 2880 1237 ecclesias
2901 1187 3258 1252 sanctorum,
3274 1184 3598 1245 interfectis

1946 1268 2278 1323 numerosis
2295 1267 2655 1336 hominibus,
2676 1286 2741 1326 ac
2758 1271 3099 1327 suburbana
3115 1272 3598 1350 Constantinopo-

1945 1355 2088 1425 leos,
2124 1374 2253 1429 quae
2283 1362 2341 1413 et
2371 1358 2557 1414 muris
2586 1360 2715 1430 ejus
2746 1376 2893 1432 pene
2924 1362 3201 1434 contigua
3230 1364 3601 1429 sunt,incen-

1946 1446 2241 1502 dimus.Et
2258 1463 2390 1502 vere
2412 1448 2483 1503 de
2499 1446 2630 1503 istis
2646 1448 2810 1505 nulla
2826 1449 2890 1504 ﬁt
2906 1449 3050 1505 ultio
3081 1451 3179 1523 qui
3200 1453 3412 1525 pagani
3435 1458 3594 1521 sunt,

1947 1535 2047 1607 qui
2079 1535 2322 1592 alterius
2353 1536 2486 1592 ﬁdei
2519 1542 2679 1604 sunt,
2704 1538 2803 1610 qui
2828 1538 3049 1595 inimici
3082 1540 3295 1596 Christi
3328 1545 3596 1616 sunt,qui

1944 1624 2208 1681 veritatis
2224 1625 2513 1682 ministris
2525 1625 2750 1699 jugiter
2769 1626 3156 1685 adversantur
3179 1647 3192 1698 ;
3224 1634 3281 1686 et
3297 1632 3595 1706 nobis,qui

1947 1714 2137 1786 gratia
2165 1714 2265 1771 Dei
2289 1714 2605 1783 Christiani
2626 1717 2963 1789 sumus,qui
2986 1734 3053 1773 ex
3077 1720 3423 1791 parentibus
3439 1721 3600 1777 Chri-

1949 1804 2159 1860 stianis
2189 1803 2516 1874 existimus,
2550 1809 2723 1878 atque
2753 1806 3078 1874 catholicis,
3112 1807 3212 1880 qui
3240 1809 3420 1866 unius
3449 1812 3602 1882 ejus.

1949 1893 2198 1964 demque
2226 1892 2361 1948 fidei
2393 1894 2671 1966 dogmata
2700 1896 3017 1961 credimus,
3049 1897 3149 1970 qui
3191 1898 3338 1954 servi
3386 1899 3599 1957 Christi

1947 1998 2242 2050 vocamur,
2260 1982 2360 2055 qui
2380 1982 2639 2041 veritatis
2670 1984 2945 2053 cultores,
2963 1991 3250 2059 quantum
3281 2004 3600 2060 possumus

1949 2088 2086 2139 esse,
2099 2071 2504 2128 desideramus
2520 2091 2534 2140 ;
2550 2073 2722 2129 minae
2734 2075 3460 2146 praetendunturﬁerrores
3473 2097 3601 2151 pro-

1949 2160 2469 2228 mittuntur,etiam
2493 2162 2787 2219 nonnullae
2807 2163 3034 2220 molesti
3043 2183 3087 2220 ae
3109 2166 3599 2240 irrogantur.Non

1949 2255 2040 2306 est
2087 2250 2198 2306 iste
2243 2251 2385 2306 ordo
2435 2250 2771 2321 laudabilis,
2805 2270 2921 2309 non
2953 2258 3045 2310 est
3074 2255 3188 2311 ista
3215 2258 3599 2315 commutatio

1947 2337 2345 2405 imitabilis,ut
2367 2340 2463 2411 qui
2496 2339 2811 2397 innumera
2841 2341 2999 2398 mala
3018 2343 3598 2419 ingerunt,impuniti

1949 2428 2236 2497 evadant;
2269 2432 2325 2483 et
2356 2429 2456 2500 qui
2487 2428 2633 2484 nihil
2667 2429 2806 2485 mali
2837 2436 3169 2503 gesserunt,
3201 2449 3306 2506 pro
3337 2434 3431 2491 his
3460 2435 3602 2492 talia

1950 2516 2272 2590 recipiant;
2306 2522 2363 2572 et
2392 2518 2491 2589 qui
2515 2517 2810 2574 Christum
2841 2519 3272 2592 blasphemant,
3306 2522 3604 2581 dimittan-

1949 2610 2083 2674 tur;
2116 2611 2174 2662 et
2218 2605 2321 2677 qui
2363 2606 2665 2662 Christum
2705 2606 3022 2677 celebrant,
3055 2608 3398 2681 bujusmodi
3424 2613 3604 2670 minis

1951 2695 2306 2767 subjiciantu
2316 2696 2478 2750 r.Sed
2494 2694 2706 2751 habem
2717 2713 2784 2751 us
2795 2697 2866 2751 ad
2881 2713 3057 2768 quem
3072 2698 3459 2771 respiciamus
3472 2718 3599 2770 nos,

1951 2786 2237 2841 habemus
2268 2785 2329 2839 in
2363 2801 2480 2856 quo
2510 2785 2900 2842 consolemur.
2924 2787 3205 2843 Fecerunt
3233 2789 3391 2845 enim
3422 2789 3532 2846 hoc
3548 2795 3607 2847 et

1950 2873 2156 2939 Judaei,
2184 2874 2474 2930 latronem
2506 2873 2889 2946 dimittentes,
2922 2879 2980 2930 et
3011 2875 3369 2933 Salvatorem
3399 2882 3599 2934 tenen-

1950 2967 2076 3031 tes;
2110 2963 2428 3019 occisorem
2468 2963 2887 3033 justiticantes,
2921 2972 2972 3019 et
2999 2964 3419 3022 viviﬁcatorem
3463 2984 3599 3024 con-

1952 3052 2296 3108 demnantes
2311 3068 2326 3119 ;
2341 3051 2666 3107 Barabbam
2688 3051 3088 3123 liberantes,et
3109 3054 3407 3112 Christum
3427 3057 3599 3114 morti

1952 3141 2271 3197 subdentes
2303 3142 2517 3213 (Matth.
2549 3145 2707 3209 xvn).

2021 3230 2129 3285 Sed
2153 3229 2249 3285 bis
2271 3230 2508 3285 tandem
2541 3231 2780 3287 omissis
2802 3232 2872 3286 ad
2897 3248 2984 3302 ea,
3006 3249 3133 3304 quas
3164 3222 3299 3289 cum
3330 3234 3603 3292 universa

195 3302 476 3394 quoniam
502 3320 629 3392 ipse
658 3323 746 3375 est
775 3337 933 3375 nunc
963 3319 1064 3391 qui
1094 3324 1234 3375 tunc
1264 3319 1390 3391 ipse
1415 3323 1472 3376 et
1500 3320 1559 3375 in
1586 3319 1835 3388 saecula;
1870 3302 1914 3367 C
1954 3324 2158 3375 sancta
2185 3318 2461 3387 Ecclesia,
2494 3335 2622 3392 quae
2672 3321 2827 3392 apud
2876 3338 2985 3377 nos
3024 3302 3142 3393 ‘est,
3176 3322 3601 3395 dispensatorie

190 3427 302 3467 nec
333 3408 527 3465 minor
556 3408 978 3475 misericordia,
1022 3425 1127 3464 nec
1157 3408 1449 3464 inﬁrmior
1476 3409 1843 3481 omnipoten-

193 3499 298 3555 tia.
322 3500 493 3571 Ergo,
518 3515 591 3554 ne
610 3497 750 3553 velit
788 3497 998 3553 minari
1023 3497 1214 3570 pulvis
1236 3502 1293 3553 et
1312 3497 1526 3553 vermis
1556 3498 1841 3570 scriptum

191 3591 316 3644 est:
347 3588 486 3656 Quid
526 3589 775 3659 superbit
820 3595 969 3644 terra
1001 3595 1052 3643 et
1081 3589 1223 3642 cinis
1245 3590 1273 3641 Σ)
1302 3589 1498 3651 (Eccli.
1532 3592 1610 3661 x.)
1638 3588 1721 3644 Ne
1746 3605 1845 3643 ve-

191 3677 262 3733 lit
292 3675 555 3749 ampulla
584 3676 643 3731 in
676 3675 846 3749 aquis
876 3676 1088 3745 inﬂari,
1113 3676 1252 3749 quia
1283 3681 1414 3749 post
1446 3677 1768 3748 pauxillum
1789 3681 1847 3733 et

192 3783 327 3823 ecce
353 3782 468 3820 non
498 3769 608 3821 est.
644 3764 784 3834 Quid
822 3765 1106 3838 gloriatur
1151 3767 1212 3821 in
1260 3767 1500 3832 malitia,
1531 3769 1629 3840 qui
1656 3774 1845 3839 potens

191 3858 355 3913 estin
385 3857 681 3928 iniquitate
701 3854 729 3909 ?
759 3855 927 3918 (Psal.
961 3856 1099 3917 xxx.)
1132 3854 1280 3920 Quid
1303 3855 1567 3911 facturus
1598 3860 1687 3913 est
1709 3874 1723 3911 ι
1748 3873 1845 3911 oc-

194 3945 427 4003 cisurus
475 3949 565 4001 est
593 3948 680 4010 (ut
728 3944 888 4000 verbi
946 3943 1135 4016 gratia
1181 3944 1466 4005 dicamus)
1494 3944 1842 4001 hominem?

193 4037 458 4109 quoniam
504 4035 745 4106 amplius
791 4050 900 4089 non
952 4034 1112 4089 habet
1153 4034 1285 4104 quid
1312 4035 1487 4105 faciat
1515 4036 1664 4101 (Luc.
1693 4052 1790 4090 mi
1827 4052 1841 4091 :

192 4126 306 4182 hoc
327 4128 384 4180 et
409 4140 566 4180 unus
597 4123 815 4197 fungus
838 4122 979 4178 facit
1000 4122 1213 4178 malus.
1229 4122 1274 4177 Ο
1296 4123 1616 4196 imperator
1635 4124 1694 4178 in
1712 4124 1846 4180 hoc-

194 4214 325 4270 cine
356 4213 591 4269 redacta
619 4217 710 4268 est
754 4210 981 4267 malitia
1027 4210 1286 4267 hominis
1312 4212 1371 4266 in
1404 4211 1711 4284 iniquitate
1743 4231 1845 4286 po-

194 4302 396 4373 tentis,
419 4306 484 4357 ut
506 4302 684 4375 fungo
707 4300 861 4356 malo
890 4301 1298 4373 comparetur?
1320 4301 1441 4357 Heu
1466 4318 1644 4373 quam
1665 4302 1847 4358 inuti-

194 4391 313 4449 lem
345 4394 663 4463 potentem,
696 4390 810 4446 heu
841 4406 1199 4461 supervacue
1224 4389 1609 4463 gloriantem!

268 4482 443 4538 Porro
475 4484 665 4537 vestra
693 4483 900 4552 potens
927 4478 1113 4535 virtus
1141 4479 1202 4534 in
1232 4479 1477 4536 Domino
1505 4482 1702 4553 potius
1723 4481 1847 4552 glo-

194 4570 399 4639 rietur,
432 4570 493 4625 in
524 4568 783 4625 bonitate
812 4568 1106 4639 laudetur,
1140 4568 1199 4623 in
1225 4569 1464 4641 justitia
1511 4570 1798 4628 exaltetur
1829 4589 1842 4628 :

1952 3408 2697 3482 consideravimus,stylum
2714 3410 2841 3480 jam
2863 3409 3272 3483 dirigemus,et
3283 3428 3415 3467 cum
3433 3414 3602 3469 beato

1951 3497 2180 3554 Gelasio
2213 3501 2425 3553 nostra:
2458 3498 2615 3554 sedis
2664 3498 2927 3555 antistite
2976 3500 3242 3557 consulte
3287 3502 3552 3557 dicemus
3586 3518 3599 3559 :

1952 3587 2295 3645 Necessaria
2344 3604 2541 3643 rerum
2597 3587 2982 3660 dispositione
3029 3589 3512 3664 constringimur,
3546 3595 3605 3647 et

1953 3676 2286 3749 apostolicae
2311 3677 2467 3731 sedis
2492 3676 2893 3734 moderamine
2918 3679 3297 3735 convenimur
3317 3679 3399 3736 sic
3429 3696 3603 3736 cano-
3668 3666 3671 3667 ν

1953 3783 2097 3821 num
2120 3770 2499 3837 paternorum
2512 3765 2988 3836 decretalibrare,
3009 3772 3067 3824 et
3086 3774 3239 3825 retro
3259 3769 3600 3841 praesulum,

1954 3855 2448 3926 decessorumque
2478 3859 2817 3910 nostrorum
2851 3861 3140 3929 praecepta
3168 3859 3605 3933 metiri,utquaa

1954 3944 2330 4017 praesentium
2363 3944 2685 4000 necessitas
2714 3949 3050 4017 temporum
3083 3949 3487 4005 restaurandis
3516 3967 3605 4007 ec-

1954 4033 2149 4090 clesiis
2160 4033 2476 4089 relaxanda
2486 4033 2763 4105 deposcit,
2773 4033 3037 4090 adhibita
3047 4035 3513 4095 consideratione
3526 4040 3608 4095 di-

1953 4122 2180 4195 ligenti,
2206 4126 2497 4195 quantum
2521 4127 2715 4196 potest
2736 4123 2884 4190 ﬁeri,
2909 4128 3306 4196 temperemus
3333 4128 3515 4198 (epist.
3546 4129 3602 4194 6,

1953 4211 2026 4268 ad
2053 4214 2218 4284 episc.
2250 4228 2349 4283 per
2381 4212 2679 4267 Lucaniam
2706 4219 2759 4267 et
2788 4213 3054 4276 Brittios).
3084 4214 3156 4268 Et
3200 4215 3481 4286 quoniam
3535 4218 3606 4273 de

1954 4318 2206 4373 persona
2227 4301 2461 4372 Ignatii,
2491 4304 2664 4372 atque
2688 4299 2875 4355 Photii
2896 4300 3042 4356 nihil
3075 4301 3406 4370 discretius,
3429 4308 3605 4377 atque
3672 4316 3677 4319 ‘

1956 4389 2182 4458 mitius,
2227 4404 2452 4444 necnon
2482 4392 2541 4442 et
2569 4387 2867 4443 salubrius
2915 4388 3297 4458 arbitramur,
3329 4407 3509 4464 quam
3540 4397 3607 4447 ut

1955 4482 2202 4550 uterque
2249 4478 2492 4532 Romam
2527 4477 2600 4533 ad
2630 4477 3030 4537 renovandum
3088 4495 3331 4535 examen
3388 4479 3603 4548 veniat,

1955 4567 2068 4623 hoc
2089 4582 2443 4639 magnopere
2462 4565 2756 4633 volumus,
2773 4569 2832 4622 et
2852 4570 2918 4621 ut
2936 4582 3038 4623 vos
3059 4568 3336 4624 annuatis
3358 4568 3606 4626 salubri-

195 4678 315 4717 non
337 4660 531 4716 minas
560 4658 754 4725 nobis,
776 4674 893 4714 non
915 4662 1169 4713 terrores
1188 4658 1327 4714 velit
1345 4658 1625 4715 incutere.
1644 4660 1846 4716 Nesci-
1878 4677 1924 4741 D
1955 4660 2044 4713 ter
2072 4655 2480 4711 admonemus.
2515 4654 2628 4710 Sed
2662 4655 2771 4711 hoc
2802 4655 3129 4712 secundum
3172 4655 3605 4732 indulgentiam

196 4750 277 4807 tis
305 4748 461 4806 enim
493 4748 820 4805 ecundum
851 4746 1227 4803 Salomonem
1254 4748 1395 4819 quid
1427 4753 1850 4820 superventura

198 4839 390 4911 pariat
419 4838 549 4895 dies
566 4839 745 4899 (Prov.
765 4838 939 4900 xxvu)
964 4852 976 4892 :
1002 4840 1061 4891 et
1075 4836 1247 4908 juxta
1273 4836 1798 4911 psalmographum
1832 4857 1845 4895 :

197 4930 462 4985 Dominus
494 4927 729 5000 dissipat
767 4926 1004 4983 consilia
1047 4927 1312 4994 gentium,
1364 4928 1617 4998 reprobat
1668 4936 1852 4984 autem

198 5019 549 5088 cogitationes
574 5017 931 5090 populorum,
946 5022 1002 5072 et
1013 5015 1264 5087 reprobat
1282 5017 1517 5072 consilia
1532 5020 1853 5091 principum

202 5108 374 5180 (Psal.
401 5107 574 5168 mu)
601 5124 615 5176 ;
650 5106 972 5178 prasertim
1012 5122 1147 5162 cum
1196 5104 1351 5161 inter
1378 5122 1485 5161 nos
1516 5110 1574 5161 et
1599 5124 1702 5163 vos
1731 5125 1849 5164 non

200 5196 434 5253 modica
463 5195 540 5252 sit
568 5195 966 5268 intercapedo,
998 5212 1125 5268 quae
1165 5193 1425 5266 quotidie
1453 5195 1702 5268 populos
1731 5214 1849 5253 non

199 5285 490 5357 pauxillas
518 5285 685 5341 vobis
716 5284 984 5357 injurias,
1018 5285 1135 5347 imo
1163 5283 1508 5340 discrimina
1534 5285 1849 5342 inferentes

200 5375 492 5447 producit,
527 5379 584 5431 et
613 5375 685 5431 de
712 5373 806 5431 his
834 5391 937 5430 vos
968 5373 1278 5431 conveniat
1322 5374 1519 5447 potius
1568 5392 1745 5448 quam
1778 5377 1852 5431 de

199 5464 375 5520 nobis
400 5463 627 5521 ulcisci.
661 5463 779 5520 Nos
825 5462 983 5518 enim
1043 5462 1194 5534 apici
1253 5461 1451 5536 gloriae
1494 5469 1698 5521 vestrae
1732 5482 1850 5521 non

201 5554 447 5621 damna,
462 5571 583 5610 non
602 5552 878 5620 convicia,
905 5568 1020 5606 non
1042 5568 1284 5623 prorsus
1307 5552 1478 5623 ullas,
1495 5556 1648 5627 quod
1672 5555 1845 5622 absit,

199 5641 450 5714 injurias
481 5642 889 5715 irrogavimus.
920 5640 1339 5697 Verumtamen
1372 5644 1634 5715 quandiu
1662 5645 1850 5711 subsi-

202 5736 457 5802 stemus,
484 5730 883 5789 ministerium
914 5732 1185 5786 nostrum
1216 5728 1851 5807 honoriﬁcabimus,di-

1959 4745 2357 4811 concedimus,
2390 4761 2506 4800 non
2554 4743 2852 4800 licentiam
2884 4745 2943 4801 id
2975 4745 3265 4803 efﬁciendi
3305 4765 3409 4821 pro
3440 4748 3606 4806 libito

1959 4833 2276 4907 cujuslibet
2302 4834 2643 4889 tribuimus.

2031 4923 2318 4992 Quoniam
2350 4940 2485 4979 cum
2515 4924 2847 4980 secundum
2873 4925 3270 4992 canones,ubi
3299 4930 3390 4981 est
3420 4928 3609 4998 major

1959 5013 2297 5082 auctoritas,
2313 5011 2609 5084 judicium
2642 5013 2984 5069 inferiorum
3007 5015 3086 5070 sit
3107 5014 3508 5087 deferendum,
3532 5018 3605 5072 ad

1959 5103 2400 5160 dissolvendum
2449 5101 2692 5170 scilicet,
2724 5102 2812 5158 vel
2850 5103 2922 5159 ad
2968 5103 3364 5159 roborandum
3400 5119 3415 5158 :
3448 5109 3610 5176 patet

1959 5193 2215 5264 profecto
2259 5190 2415 5247 sedis
2460 5190 2811 5263 apostolicae,
2845 5191 3016 5263 cujus
3047 5191 3392 5248 auctoritate
3421 5195 3610 5264 major

1961 5299 2077 5339 non
2097 5283 2206 5348 est,
2223 5279 2516 5351 judicium
2540 5297 2574 5336 a
2595 5280 2828 5335 nemine
2862 5280 2984 5336 fore
3016 5281 3473 5350 retractandum,
3504 5300 3606 5339 nc-

1959 5387 2074 5443 que
2103 5369 2380 5441 cuiquam
2403 5369 2473 5425 de
2495 5370 2624 5440 ejus
2646 5366 2817 5424 liceat
2836 5368 3104 5441 judicare
3127 5369 3377 5439 judicio.
3412 5370 3606 5443 Siqui-

1960 5460 2092 5516 dem
2122 5460 2194 5515 ad
2225 5457 2389 5513 illam
2416 5458 2488 5515 de
2509 5456 2770 5531 qualibet
2797 5458 3004 5514 mundi
3035 5462 3201 5531 parte
3231 5476 3487 5516 canones
3506 5478 3606 5534 ap-

1959 5547 2163 5624 pellari
2187 5545 2514 5614 voluerunt,
2546 5547 2618 5602 ab
2650 5546 2753 5602 illa
2780 5551 2975 5603 autem
3011 5564 3183 5604 nemo
3212 5548 3288 5603 sit
3315 5548 3610 5621 appellare

1958 5637 2306 5713 permissus.
2328 5636 2502 5691 Juxta
2526 5637 2683 5708 quod
2707 5643 2763 5693 et
2783 5637 3324 5710 Bonifacius,atque
3341 5637 3610 5696 Gelasius

1960 5724 2322 5787 sanctissimi
2345 5723 2646 5797 praesules,
2664 5743 2780 5782 non
2811 5727 2936 5784 suis
2965 5727 3607 5799 adinventionihus,sed
