4098 6470
514 414 645 483 939

1890 408 2205 475 NICOLAI
2247 408 2479 473 PAPJE
2519 407 2571 473 Ῑ.

3825 405 3964 473 960

517 559 607 612 est
636 554 802 609 Nero.
846 548 1259 618 Diocletianus,
1311 547 1750 613 Constantinus,
1801 544 2169 612 Anastasius,
2206 549 2252 613 Α
2289 543 2587 601 ctantibus
2619 542 2881 600 fidelium
2914 543 3181 601 convenit
3201 544 3378 601 corda
3399 544 3961 618 submitti;quanto

515 649 575 703 et
605 643 794 701 centeri
827 641 1011 699 moris
1042 658 1244 697 eorum
1265 638 1719 712 pertulerunt,et
1740 634 1840 691 ubi
1859 635 2033 691 modo
2054 634 2175 690 sint

516 731 799 791 attendite
828 730 1157 804 diligenter,
1173 734 1232 784 et
1262 731 1550 801 quantum
1582 725 1661 782 sit
1690 726 1751 781 in
1784 724 2041 781 Ecclesia
2069 723 2170 780 Dei

514 822 889 881 exsecrabilis
922 823 1077 877 fama
1106 834 1327 886 eorum,
1360 821 1418 873 et
1447 833 1661 873 nomen
1700 814 2044 872 detestabile
2074 831 2174 870 sa-

514 914 742 988 pienter
770 910 1069 968 advertite.
1104 908 1333 973 Quanta
1374 912 1570 963 autem
1599 905 1699 961 Dei
1733 904 2027 961 cultorum
2054 905 2172 958 Au-

514 1007 848 1078 gustorum,
867 1001 963 1072 qui
985 997 1378 1054 Ecclesiarum
1398 995 1499 1052 Dei
1522 994 1926 1051 exaltaverunt
1946 997 2005 1049 et
2026 1010 2171 1065 prm-

515 1093 682 1165 cipue
701 1084 1423 1153 Romanam,Constantini
1444 1084 1714 1140 videlicet
1731 1087 1788 1139 et
1809 1081 2169 1151 Constantis,

514 1179 825 1238 Theodosii
851 1193 1087 1251 quoque
1116 1176 1359 1247 majoris
1388 1178 1445 1230 et
1470 1170 1888 1239 Valentiniani,
1920 1175 1977 1227 et
2005 1175 2172 1226 caete-

512 1287 712 1328 rorum
742 1268 874 1325 laus
904 1267 964 1322 in
999 1265 1313 1322 universali
1345 1262 1605 1319 Ecclesia
1632 1261 1941 1335 polleat,et
1967 1276 2171 1316 eorum

510 1358 801 1434 przeconia
833 1356 1051 1429 ubique
1080 1358 1415 1428 personent,
1447 1356 1504 1409 et
1531 1369 1744 1408 nomen
1792 1366 1994 1406 eorum
2020 1350 2174 1405 inter

512 1466 680 1507 sacra
708 1446 989 1521 mysteria
1014 1443 1492 1517 impraetermisse
1530 1444 2043 1505 commemoretur,
2076 1442 2172 1494 at-

508 1539 731 1596 tentius
760 1542 817 1593 et
844 1535 1046 1591 sedule
1097 1531 1485 1589 recordamini
1516 1548 1530 1587 :
1565 1531 1766 1603 sicque
1815 1546 1923 1585 nos
1970 1528 2173 1585 audire

511 1628 645 1686 illos
675 1627 979 1683 imitantes
1006 1624 1254 1697 satagite
1284 1639 1298 1678 :
1322 1620 1523 1677 Patres
1543 1621 1700 1677 enim
1722 1619 1897 1676 vestri
1921 1635 2025 1691 per
2042 1633 2172 1691 gra-

511 1717 657 1775 tiam
689 1714 902 1771 Christi
942 1729 1175 1780 sumus,
1206 1716 1265 1767 et
1308 1728 1411 1767 vos
1455 1714 1739 1782 tanquam
1787 1707 2172 1764 charissimos

513 1806 821 1880 diligimus
854 1803 1009 1860 filios
1033 1820 1046 1859 :
1074 1819 1181 1858 nec
1206 1817 1525 1875 possumus
1552 1799 1719 1855 vobis
1745 1797 1861 1854 nisi
1889 1796 2045 1853 viam
2075 1813 2170 1853 vc-

514 1895 707 1952 ritatis
737 1894 1046 1951 ostendere
1070 1910 1083 1948 :
1107 1896 1402 1947 terrenam
1425 1888 1671 1963 gloriam
1692 1893 1945 1944 vestram
1968 1886 2168 1960 augeri

515 1984 799 2043 divinitus
830 1981 1317 2056 exoptamus.Sed
1349 1978 1487 2052 quid
1522 1994 1855 2051 peccamus,
1888 1975 1938 2033 si
1969 1974 2169 2032 caeles-

513 2080 654 2145 tem,
688 2091 758 2131 ac
789 2078 1064 2129 aeternam
1100 2088 1204 2128 vos
1252 2085 1557 2143 capessere
1600 2067 1989 2125 nihilominus
2032 2082 2170 2123 exo-

513 2182 719 2222 ramus
734 2164 763 2219 ‘I

586 2256 952 2327 Quapropter
995 2251 1259 2308 attendat
1306 2247 1619 2305 clementia
1661 2250 1875 2311 vestra,
1910 2248 2170 2318 quantus

512 2347 704 2403 fuerat
729 2360 868 2417 erga
896 2341 1053 2398 sedis
1083 2338 1414 2413 apostolica
1464 2337 1848 2393 reverentiam
1902 2338 2171 2391 anteces-

511 2450 710 2492 sorum
742 2435 1070 2488 vestrorum
1103 2429 1335 2502 piorum
1357 2428 1643 2483 duntaxat
1664 2426 2171 2499 imperatorum,et

510 2524 801 2599 prmoipue
833 2537 981 2594 quos
1013 2519 1185 2592 longe
1213 2517 1483 2590 superius
1509 2514 2171 2581 memoravimus,amor

511 2618 570 2671 et
599 2612 863 2670 studium
898 2626 913 2665 ε
949 2608 1199 2682 qualiter
1224 2624 1353 2663 eam
1386 2605 1632 2661 diversis
1663 2603 1981 2678 privilegiis
2002 2608 2167 2659 extu-

511 2702 709 2768 leri‘nt,
740 2699 911 2756 donis
967 2696 1298 2765 ditaverint,
1350 2695 1651 2753 beneﬁciis
1711 2692 2162 2768 ampliaverint:

513 2790 769 2865 qualiter
796 2787 959 2844 illam
990 2786 1203 2843 litteris
1235 2787 1360 2842 suis
1389 2784 1806 2841 honoraverint
1837 2783 1987 2858 (ejus
2015 2781 2165 2838 votis

510 2879 847 2950 annuerint,
872 2876 1141 2933 instituta
1170 2875 1522 2949 perﬁcienda
1552 2872 2002 2953 mandaverint),
2033 2888 2164 2928 ora-

506 2971 697 3028 tiones
727 2965 1238 3043 petiverintJldem
1258 2965 1595 3021 sectandam
1613 2963 1901 3021 deereveri
1910 2966 1973 3018 nt
1993 2979 2006 3017 :
2026 2978 2165 3034 qua-

506 3060 640 3117 liter
669 3058 844 3116 etiam
875 3056 1106 3130 legibus
1136 3053 1261 3111 suis
1291 3071 1394 3127 pro
1426 3054 1758 3110 adunandis
1796 3052 1847 3109 ei
1898 3050 2165 3108 ecclesiis

506 3145 1147 3224 promulgaverint,pro
1173 3143 1519 3218 colligendis
1548 3142 1832 3211 conciliis,
1865 3159 1931 3198 ac
1965 3141 2160 3215 profe-

506 3237 705 3296 rendis
736 3234 1047 3294 sententiis
1078 3250 1193 3290 non
1228 3233 1647 3306 imperaverint
1673 3249 1687 3289 :
1723 3233 1823 3289 sed
1856 3230 2071 3304 precati
2103 3235 2161 3287 et

2282 634 2479 708 potius
2509 634 2667 690 sedis
2694 633 2855 690 illius
2888 633 3151 707 pontiﬁci
3181 651 3508 692 consensus
3539 639 3626 692 est
3660 635 3959 691 adhiben-

2282 725 2415 793 dus,
2448 741 2625 798 quem
2657 728 2880 781 cuncta:
2911 722 3183 781 Ecclesiae
3206 723 3499 799 generalis
3510 724 3737 799 jugitcr
3757 724 3959 799 pietas

2282 813 2637 871 celebravit?
2667 813 2776 870 Ubi
2808 812 3121 870 clementia
3140 817 3335 871 vestra
3354 814 3652 871 evidenter
3671 815 3954 881 advertit,

2282 920 2583 977 nunquam
2619 903 2826 976 quovis
2857 903 3092 976 penitus
3123 902 3385 960 humano
3428 903 3672 961 consilio
3718 903 3957 960 elevare

2283 1008 2347 1049 se
2377 1009 2736 1066 quemquam
2769 1009 2940 1065 posse
2972 996 3177 1049 contra
3221 992 3383 1049 illius
3431 992 3827 1067 privilegium,
3859 993 3957 1050 vel

2281 1082 2730 1150 confessionem,
2754 1099 2929 1157 quem
2960 1082 3175 1139 Christi
3202 1099 3312 1140 vox
3342 1083 3599 1159 praetulit
3628 1083 3952 1151 universis,

2282 1188 2460 1245 quem
2491 1171 2749 1229 Ecclesia
2788 1173 3120 1229 veneranda
3163 1173 3435 1230 confessa
3483 1189 3716 1247 semper
3742 1179 3857 1241 est,
3894 1178 3961 1231 et

2281 1261 2461 1319 habet
2485 1262 2691 1319 devota
2719 1262 3033 1336 primatem
3067 1279 3080 1317 :
3112 1261 3334 1335 impelli
3369 1277 3485 1319 non
3514 1263 3709 1320 valent
3735 1263 3960 1320 huma-

2282 1352 2375 1408 nis
2406 1351 2966 1425 prtesumptionihus
2996 1369 3124 1425 quae
3155 1352 3352 1409 divino
3383 1357 3524 1409 sunt
3542 1353 3768 1426 judicio
3804 1371 3956 1411 con-

2282 1441 2507 1497 stituta.
2533 1441 2813 1498 Desinant
2837 1457 2974 1515 ergo
3004 1458 3304 1516 rogamus,
3336 1443 3699 1516 temporibus
3729 1443 3957 1501 vestris

2280 1530 2522 1603 quidam
2553 1548 2657 1603 per
2680 1531 3045 1588 occasionem
3070 1532 3570 1605 perturbationem
3594 1532 3958 1590 ecclesiasti-

2281 1636 2409 1676 cam
2467 1620 2898 1694 praacipitanter
2953 1626 3249 1694 appetere,
3300 1626 3357 1678 et
3407 1640 3536 1695 qua;
3593 1639 3710 1679 non
3769 1621 3958 1680 liceat

2280 1709 2506 1767 ambire
2539 1726 2554 1766 :
2587 1709 2849 1784 alioquin
2888 1714 2945 1767 et
2975 1711 3132 1784 quod
3184 1710 3336 1767 male
3380 1710 3788 1785 appetiveriut,
3824 1729 3953 1768 non

2279 1799 2675 1873 perfruentur,
2698 1805 2756 1857 et
2785 1800 2977 1872 ipsam
3009 1816 3244 1873 quoque
3274 1799 3798 1866 Christianitatem,
3826 1802 3955 1858 nisi

2278 1889 2654 1961 resipuerint,
2690 1907 2931 1963 prorsus
2962 1889 3257 1956 amittent,
3289 1890 3408 1946 Vos
3456 1894 3674 1960 autem,
3703 1908 3955 1964 quasu-

2281 1978 2622 2045 mus,nolite
2648 1979 3055 2052 prejudicium
3086 1979 3188 2036 Dei
3221 1978 3488 2035 Ecclesia:
3517 1980 3779 2054 irrogare
3804 1997 3819 2037 :
3842 1980 3957 2038 illa

2280 2069 2498 2142 quippe
2529 2068 2759 2125 nullum
2792 2069 3041 2142 imperio
3070 2074 3265 2126 vestro
3296 2068 3705 2142 praejudicium
3735 2070 3947 2139 infert,

2279 2173 2415 2213 cum
2445 2158 2635 2232 magis
2667 2175 2770 2231 pro
2800 2157 3121 2215 stabilitate
3149 2158 3337 2231 ipsius
3360 2165 3640 2216 aeternam
3670 2160 3954 2218 divinita-

2276 2250 2396 2303 tem
2427 2251 2642 2315 exoret,
2671 2251 2729 2303 et
2757 2264 2863 2320 pro
2912 2247 3317 2304 incolumitate
3343 2252 3539 2305 vestra
3568 2254 3627 2305 et
3655 2256 3955 2323 perpetua

2279 2334 2471 2393 salute
2491 2337 2623 2411 jngi
2654 2336 2957 2394 devotione
2986 2337 3473 2410 precetur.Nolite
3503 2355 3632 2412 qua;
3663 2356 3776 2397 sua
3799 2347 3953 2397 sunt

2277 2442 2565 2498 usurpare
2598 2445 2611 2482 :
2643 2425 2821 2483 nolite
2850 2443 2979 2499 quae
3011 2426 3123 2499 ipsi
3153 2426 3263 2484 soli
3295 2428 3617 2486 commissa
3635 2434 3778 2486 sunt
3794 2430 3952 2488 velle

2278 2514 2572 2586 surripere
2606 2532 2617 2569 :
2654 2515 2929 2584 scientes,
2980 2515 3121 2589 quia
3163 2519 3329 2573 tanto
3377 2515 3658 2573 nimirum
3692 2535 3725 2574 a
3752 2520 3949 2576 sacris

2277 2604 2450 2660 debet
2465 2604 2661 2662 omnis
2678 2605 3112 2662 mundanarum
3133 2623 3330 2662 rerum
3350 2607 3799 2665 administrator
3811 2625 3951 2666 esse

2277 2698 2790 2767 remotus,quanto
2822 2694 3146 2767 quemlibet
3172 2713 3242 2752 ex
3269 2695 3533 2770 catalogo
3563 2696 3944 2768 clericorum,

2275 2786 2334 2840 et
2364 2783 2743 2839 militantium
2776 2789 2890 2840 Deo
2920 2784 3103 2841 nullis
3132 2785 3404 2841 convenit
3425 2787 3677 2859 negotiis
3698 2788 3947 2845 secula-

2274 2873 2439 2929 ribus
2468 2873 3047 2947 implicari.Denique
3068 2874 3375 2948 hi,quibus
3397 2878 3628 2932 tantum
3653 2876 3945 2935 humanis

2273 2963 2449 3019 rebus
2478 2967 2538 3019 et
2567 2980 2685 3019 non
2716 2963 2930 3019 divinis
2961 2979 3209 3037 praeesse
3252 2964 3610 3037 permissum
3640 2971 3752 3039 est,
3787 2984 3943 3041 quo-

2272 3053 2447 3109 modo
2478 3053 2551 3109 de
2579 3052 2805 3126 his,per
2829 3070 2980 3127 quos
3010 3053 3207 3109 divina
3226 3052 3939 3129 ministrantur,iudicare

2270 3146 2652 3216 prtesumaut,
2683 3143 2923 3216 penitus
2952 3142 3316 3216 ignoramus.

2342 3233 2602 3289 Fuerunt
2628 3232 2752 3289 haec
2782 3236 2918 3289 ante
2964 3233 3283 3289 adventum
3318 3233 3554 3305 Christi,
3588 3239 3654 3291 ut
3680 3236 3930 3309 quidam

504 3328 723 3385 hortati
753 3326 947 3383 solum
994 3322 1343 3391 exstiterint,
1378 3328 1435 3378 et
1465 3340 1593 3395 quae
1624 3319 1709 3377 illi
1757 3323 2159 3387 decreverunt,
2191 3309 2235 3375 C
2266 3322 2458 3395 typice
2486 3338 2653 3396 reges
2683 3321 2861 3378 simul
2892 3326 2951 3378 et
2989 3322 3321 3379 sacerdotes
3371 3323 3687 3381 existerent
3718 3342 3732 3380 :
3767 3328 3929 3399 quod

503 3417 617 3492 ipsi
677 3413 1106 3480 consenserint,
1149 3416 1207 3468 et
1253 3429 1383 3485 quae
1431 3411 1515 3467 illi
1565 3412 2014 3479 damnaverunt,
2048 3409 2162 3484 ipsi

504 3506 858 3581 respuerint.
892 3503 988 3560 Sic
1019 3518 1178 3575 ergo,
1208 3501 1290 3557 fili
1324 3501 1692 3567 charissima,
1726 3501 1811 3556 sic
1842 3503 1900 3556 et
1928 3504 2033 3557 tua
2062 3518 2162 3557 su-

504 3596 766 3653 blimitas
797 3611 913 3650 non
944 3610 1013 3649 ex
1042 3595 1207 3665 parte
1237 3591 1600 3663 ingratorum
1622 3594 1680 3646 et
1697 3589 2162 3646 inobedientium

504 3685 761 3742 filiorum
793 3681 1069 3747 existens,
1103 3680 1258 3753 quod
1290 3678 1571 3746 absit,sed
1602 3679 1710 3735 bos
1740 3678 1894 3734 inter
1922 3682 2163 3733 caeteros

504 3774 607 3832 Dei
638 3772 892 3830 cultores
922 3773 1219 3844 Augustos
1248 3769 1500 3839 imitata,
1534 3785 1663 3841 quae
1694 3767 2060 3824 decrevimus
2089 3768 2163 3823 de

503 3860 1151 3933 Constantin0politana
1179 3857 1455 3928 Ecclesia,
1490 3857 1828 3914 obedienter
1875 3857 2158 3913 attendat.

502 3957 624 4009 Ista
654 3966 996 4025 quesumus
1018 3948 1403 4006 suadentibus
1424 3947 1641 4020 saepius
1665 3947 1839 4003 nobis
1859 3946 2047 4019 pietas
2064 3962 2161 4002 ve-

503 4048 625 4101 stra
659 4059 766 4098 nos
796 4040 1041 4096 minime
1072 4042 1455 4112 spernat,prze
1479 4037 1665 4093 oculis
1687 4036 1904 4092 habitis
1927 4036 2161 4091 Domini

500 4133 715 4199 verbis,
737 4130 987 4201 dicentis
1019 4145 1033 4184 :
1069 4130 1176 4198 Qui
1204 4128 1363 4184 audit
1405 4145 1517 4197 vos,
1551 4144 1637 4183 me
1664 4127 1839 4194 audit,
1865 4134 1916 4182 et
1943 4128 2042 4198 qui
2070 4142 2160 4182 vos

498 4224 728 4297 spernit,
758 4237 846 4276 me
874 4220 1103 4292 spernit,
1137 4225 1189 4274 et
1234 4219 1331 4290 qui
1379 4234 1464 4273 me
1507 4218 1721 4289 spernit
1752 4217 1900 4289 (Luc.
1933 4218 2012 4285 x),
2045 4219 2155 4271 etc.

499 4312 764 4384 Denique
794 4314 852 4365 et
882 4308 1243 4365 coneordans
1272 4306 1587 4380 Apostolus
1626 4305 1875 4361 Domino
1915 4309 2112 4361 nostro
2143 4321 2156 4360 :

502 4403 857 4474 Quapropter,
891 4396 1102 4470 ihquit,
1136 4399 1235 4470 qui
1279 4398 1398 4453 hanc
1440 4397 1667 4468 spernit,
1715 4412 1828 4450 non
1884 4396 2162 4451 hominem

498 4493 727 4564 spernit,
754 4490 844 4546 sed
870 4490 1059 4557 Deum,
1093 4490 1192 4560 qui
1220 4486 1366 4541 dedit
1394 4486 1666 4558 Spiritum
1701 4501 1865 4541 suum
1909 4493 2161 4541 sanctum

499 4583 563 4637 in
590 4580 746 4636 nobis
775 4581 825 4648 (I
856 4579 1029 4634 Thess.
1066 4577 1161 4649 IV).
1189 4576 1409 4630 Verum
1442 4574 1488 4631 si
1518 4592 1619 4631 vos
1649 4592 1757 4631 nos
1796 4575 2157 4648 spernendos

500 4684 630 4725 esse
657 4666 1007 4734 ducitis,nos
1039 4670 1234 4721 tamen
1263 4680 1380 4719 non
1422 4680 1741 4736 possumus
1770 4681 1858 4732 ea,
1893 4681 2018 4738 quae
2051 4664 2154 4720 Dei
2186 4686 2229 4754 ρ

501 4762 941 4830 sunt,spernere
968 4761 1025 4811 et
1057 4753 1367 4826 negligere,
1388 4769 1503 4825 quo
1535 4752 1735 4809 minus
1768 4757 1825 4809 et
1855 4755 2028 4810 saluti
2058 4772 2152 4811 ve-

500 4852 633 4904 strae
664 4845 1134 4915 consulamus,et
1154 4843 1225 4899 de
1247 4841 1583 4914 acceptione
1606 4841 1810 4899 talenti
1834 4844 2038 4900 crediti
2061 4861 2159 4900 no-

500 4940 688 4993 strum
723 4933 1050 5009 periculum
1083 4931 1468 5000 declinemus,
1505 4931 1940 5005 dispensatione
1985 4935 2155 4991 nobis

500 5026 758 5083 coalestis
789 5022 1035 5081 seminis
1068 5022 1338 5093 injuncta
1361 5037 1375 5076 :
1397 5021 1493 5077 Vas
1515 5022 1703 5079 sinon
1726 5023 2149 5097 sparserimus!

498 5134 579 5171 vae
612 5116 661 5172 si
690 5113 1086 5171 tacuerimusl
1123 5113 1173 5184 (I
1196 5114 1323 5169 Cor.
1357 5112 1456 5185 Ix).

570 5204 735 5269 Quod
779 5220 915 5260 cum
964 5199 1266 5258 electionis
1313 5218 1416 5258 vas
1475 5202 1751 5260 formidet
1807 5206 1864 5258 et
1919 5202 2150 5272 clamet,

500 5299 721 5368 quanto
751 5292 942 5365 magis
972 5290 1211 5347 cuilibet
1236 5291 1441 5365 exiguo
1465 5294 1847 5350 metuendum
1871 5294 2002 5348 est?
2023 5298 2157 5350 Pro-

499 5383 817 5451 inde,sicut
846 5398 961 5437 non
987 5380 1107 5437 leve
1129 5381 1444 5439 discrimen
1470 5382 1760 5439 incumbit
1781 5383 2157 5455 pontiﬁcibus

499 5473 736 5533 siluisse
762 5488 866 5544 pro
896 5470 1219 5529 divinitatis
1249 5472 1411 5529 cultu
1434 5477 1492 5529 et
1511 5471 1779 5527 Ecclesiae
1802 5473 2156 5530 correctione

501 5564 655 5636 quod
689 5561 977 5634 congruit,
1013 5561 1093 5616 ita
1135 5561 1249 5627 his,
1282 5564 1439 5635 quod
1489 5561 1666 5629 absit,
1698 5578 1814 5618 non
1865 5564 2156 5621 mediocre

499 5651 826 5727 periculum
858 5652 1071 5725 est,qui
1105 5668 1240 5709 cum
1272 5652 1526 5708 debeant
1557 5653 2152 5726 parere,despiciunt.

499 5744 571 5800 Et
599 5741 646 5800 si
712 5741 903 5800 unctis
950 5741 1301 5815 generaliter
1351 5740 1754 5800 sacerdotibus
1803 5742 2001 5800 divina
2038 5749 2155 5802 tra-

2273 3416 2539 3468 sanctum
2575 3410 3003 3468 Melchisedech
3026 3412 3213 3469 fuisse
3233 3429 3402 3469 sacra
3422 3414 3616 3486 prodit
3636 3414 3890 3473 historia
3913 3434 3929 3472 :

2272 3502 2547 3574 quodque
2578 3502 2636 3557 in
2669 3501 2954 3559 membris
2975 3501 3101 3558 suis
3125 3502 3395 3560 diabolus
3418 3503 3778 3575 imitatus,ut
3796 3510 3938 3579 pote

2273 3590 2373 3664 qui
2406 3607 2640 3664 semper
2670 3607 2795 3663 qua:
2828 3590 3028 3647 divino
3058 3591 3243 3648 cultui
3283 3593 3655 3663 conveniunt,
3692 3594 3942 3652 sibimet

2269 3679 2574 3754 tyrannica
2607 3680 2820 3752 spiritu
2850 3680 3147 3737 vindicare
3177 3681 3570 3749 contendit,ut
3592 3683 3805 3757 pagani
3827 3684 3941 3740 im-

2270 3774 2569 3842 peratores
2599 3767 2778 3826 iidem
2822 3774 2880 3826 et
2926 3770 3167 3826 maximi
3221 3771 3526 3845 pontifices
3574 3772 3935 3830 dicerentur.

2271 3859 2384 3917 Sed
2416 3875 2548 3915 cum
2582 3859 2655 3915 ad
2703 3876 2907 3915 verum
2934 3860 3167 3933 [nempe,
3195 3860 3522 3929 Christum,
3553 3862 3764 3935 Hann]
3790 3880 3936 3920 ven-

2269 3952 2398 4005 tum
2442 3953 2551 4017 est,
2585 3950 2861 4006 eumdem-
2910 3965 3106 4024 regem
3157 3954 3335 4023 atque
3380 3951 3739 4024 pontiﬁcem,
3772 3952 3934 4010 ultra

2270 4040 2382 4096 sibi
2415 4056 2521 4095 nec
2551 4039 2872 4113 imperator
2905 4039 3046 4112 jura
3091 4040 3466 4113 pontiﬁcatus
3515 4042 3786 4116 arripuit,
3820 4060 3934 4101 nec

2268 4128 2529 4202 pontifex
2556 4144 2771 4185 nomen
2802 4129 3248 4203 imperatorium
3281 4131 3604 4204 usurpavit.
3638 4131 3931 4198 Quoniam

2269 4218 2425 4275 idem
2457 4218 2748 4275 mediator
2776 4219 2877 4275 Dei
2904 4222 2962 4275 et
2989 4218 3297 4275 hominum
3328 4219 3504 4277 homo
3535 4220 3808 4277 Christus
3836 4222 3934 4279 Je-

2269 4325 2372 4364 sns
2404 4307 2488 4364 sic
2512 4308 2744 4365 actibus
2775 4308 3048 4381 propriis,
3083 4313 3142 4365 et
3169 4308 3563 4382 dignitatibus
3607 4310 3929 4378 distinctis,

2268 4398 2464 4453 ofﬁcia
2491 4397 2799 4471 potestatis
2829 4398 3140 4470 utriusque
3169 4397 3707 4472 discrevit,propria
3724 4399 3934 4457 volens

2269 4486 2604 4544 medicinali
2635 4486 2972 4543 humilitate
2999 4503 3238 4543 sursum
3278 4488 3491 4556 efferri,
3524 4506 3641 4544 non
3672 4488 3941 4546 humana

2269 4576 2547 4650 superbia
2578 4593 2784 4633 rursus
2814 4575 2872 4631 in
2902 4575 3135 4633 inferna
3164 4577 3447 4651 demergi,
3471 4583 3537 4634 ut
3565 4584 3624 4634 et
3652 4578 3941 4637 Christia-

2267 4666 2327 4723 ni
2359 4667 2742 4740 imperatores
2770 4681 2876 4739 pro
2904 4670 3121 4723 interna
3145 4666 3266 4723 vita
3293 4667 3672 4740 pontificibus
3694 4668 3938 4744 indige-

2267 4761 2415 4824 rent,
2450 4761 2507 4813 et
2536 4755 2847 4830 pontifices
2875 4772 2980 4829 pro
3011 4771 3189 4813 cursu
3212 4756 3630 4830 temporalium
3662 4762 3933 4815 tantum-

2266 4848 2440 4903 modo
2474 4862 2672 4902 rerum
2703 4844 3115 4918 imperialibus
3144 4845 3376 4920 legibus
3405 4851 3748 4903 uterentur:
3780 4864 3936 4921 qua-

2264 4940 2441 4993 tenus
2462 4935 2745 5009 spiritalis
2766 4935 2915 4992 actio
2937 4935 3277 4993 carnalibus
3296 4935 3543 4993 distaret
3561 4937 3929 4996 incursibus.

2336 5026 2407 5082 Et
2436 5026 2566 5082 ideo
2587 5024 2852 5082 militans
2875 5026 2989 5082 Deo
3010 5025 3256 5083 minime
3280 5042 3344 5082 se
3364 5026 3614 5101 negotiis
3636 5027 3935 5086 ancillari-

2262 5117 2375 5173 bus
2404 5114 2734 5189 implicaret
2766 5115 2848 5189 (11
2880 5117 3014 5172 Tim.
3047 5119 3132 5186 ιι),
3167 5131 3236 5172 ac
3265 5115 3527 5173 vicissim
3558 5134 3674 5174 non
3706 5116 3808 5174 ille
3839 5136 3932 5176 re-

2262 5206 2375 5261 bus
2403 5204 2617 5262 divinis
2646 5204 2965 5278 praesidere
2989 5205 3307 5274 videretur,
3338 5204 3440 5278 qui
3466 5210 3625 5264 esset
3670 5208 3930 5281 negotiis

2266 5294 2648 5353 saecularibus
2678 5294 3038 5368 implicatus,
3071 5300 3139 5351 ut
3166 5299 3226 5352 et
3272 5296 3565 5353 modestia
3612 5297 3930 5372 utriusque

2266 5384 2489 5443 ordinis
2520 5388 2924 5451 curaretur,ne
2952 5383 3326 5442 extolleer
3352 5388 3602 5459 utroque
3622 5387 3928 5457 suffultus,

2266 5480 2325 5533 et
2354 5479 2693 5549 competens
2713 5473 3099 5547 qualitatibus
3125 5474 3424 5531 actionum
3444 5470 3780 5549 specialiter
3798 5494 3933 5550 pro-

2267 5566 2440 5623 fessio
2472 5568 2791 5638 aptaretur.
2807 5565 3033 5630 Quibus
3064 5564 3342 5622 omnibus
3371 5566 3481 5622 rite
3511 5564 3794 5635 collectis,
3829 5584 3929 5625 sa-

2267 5655 2344 5713 tis
2371 5653 2670 5710 evidenter
2697 5654 3030 5711 ostenditur
3060 5672 3095 5712 a
3118 5654 3390 5712 seculari
3423 5659 3714 5729 potestate
3735 5672 3845 5714 nec
3866 5658 3933 5713 li-

2266 5744 2393 5819 gari
2426 5759 2807 5817 prorsus,nec
2835 5744 2981 5803 solvi
3011 5761 3185 5819 posse
3213 5743 3753 5819 pontiﬁcem,quam
3787 5762 3930 5805 con-
