4098 6460
585 380 705 442 963

1963 370 2247 433 NICOLA

2363 369 2553 430 'APZE
2596 366 2644 429 Ι.
3900 358 3999 418 964

583 519 741 568 teros
764 509 1128 584 judicamur.
1151 506 1401 565 Pallium
1434 511 1633 564 autem
1667 504 2018 561 fraternitati
2038 507 2151 560 tua
2175 503 2248 561 ad
2278 504 2335 572 Α
2364 507 2745 574 tuam,quam
2772 497 2933 569 intus
2953 495 3217 570 epistolis
3248 494 3499 552 breviter
3517 490 3851 566 ascripsisti
3890 489 4001 547 licet

586 603 910 658 missarum
942 598 1230 656 solemnia
1260 596 1610 654 celebranda
1657 594 2058 661 concedimus,
2093 594 2250 666 quod

585 688 691 746 tibi
724 706 840 747 non
875 688 1064 758 aliter,
1084 686 1355 744 Ecclesia
1381 691 1491 741 tua
1513 684 1834 758 privilegiis
1860 683 1920 738 in
1955 698 2063 738 suo
2093 687 2251 738 statu

590 778 991 846 manentibus,
1026 776 1113 832 uti
1142 775 1451 849 largimur,
1478 774 1593 830 nisi
1626 773 1999 831 sommmodo
2049 772 2110 826 in
2159 771 2253 827 die

588 873 804 926 sancta
838 884 903 923 ac
933 866 1274 923 veneranda
1301 862 1748 921 resurrectionis
1780 860 2013 919 Domini
2065 860 2251 916 nostri

586 957 726 1015 Jesu
757 955 992 1024 Christi,
1024 972 1127 1012 seu
1159 953 1219 1010 in
1247 952 1530 1010 natalitiis
1564 957 1910 1010 sanctorum
1958 947 2252 1022 apostolo-

589 1064 746 1113 rum,
780 1050 952 1118 atque
981 1043 1136 1101 beati
1167 1042 1441 1116 Baptista
1482 1041 1748 1108 Joannis,
1781 1057 2007 1097 necnon
2055 1039 2116 1094 in
2164 1055 2252 1095 as-

589 1135 926 1208 sumptione
956 1134 1137 1190 beatae
1161 1133 1263 1189 Dei
1285 1131 1587 1206 genitricis
1628 1128 2162 1202 Maria,simulque
2191 1128 2253 1183 in

586 1222 902 1281 Dominica
935 1221 1163 1279 Domini
1186 1222 1288 1278 Dei
1316 1220 1501 1277 nostri
1526 1219 1848 1276 nativitatis
1876 1219 1990 1289 die,
2014 1218 2256 1291 pariter-

586 1330 700 1386 que
726 1314 786 1369 in
817 1311 1210 1369 solemnitatis
1244 1309 1509 1367 Ecclesia
1542 1314 1655 1365 tua
1686 1309 1801 1378 die,
1829 1326 2033 1364 verum
2075 1306 2251 1364 etiam

584 1407 641 1459 et
668 1402 726 1458 in
759 1400 1151 1458 ordinationis
1182 1404 1296 1457 tua
1321 1399 1585 1456 natalitio
1618 1398 1999 1456 concedimus
2031 1398 2147 1467 die,
2182 1397 2254 1453 si-

585 1492 707 1548 cuti
734 1509 768 1548 a
795 1491 1138 1547 beatissimo
1170 1490 1597 1562 pradecessore
1628 1492 1828 1544 nostro
1852 1486 2090 1544 domino
2113 1490 2250 1542 Gre-

582 1580 876 1652 gorio,huj
888 1598 957 1636 us
978 1579 1147 1636 alma
1171 1578 1328 1636 sedis
1349 1577 1912 1651 prasuli,sancitum
1942 1582 2048 1634 est.
2071 1581 2138 1632 In
2156 1593 2253 1632 se—

585 1669 832 1727 cretario
853 1687 986 1726 vero
1011 1668 1253 1724 induere
1276 1674 1377 1724 tua
1399 1667 1735 1725 fraternitas
1757 1666 2000 1740 pallium
2020 1666 2249 1736 debeat,

586 1765 644 1816 et
672 1759 758 1816 ita
784 1759 857 1815 ad
885 1758 1203 1816 missarum
1236 1757 1523 1814 solemnia
1544 1757 1859 1830 proﬁcisci,
1884 1761 1940 1813 et
1960 1755 2104 1811 nihil
2138 1755 2251 1812 sibi

589 1847 847 1922 amplius
865 1865 1015 1904 ausu
1036 1847 1357 1903 temeraria
1380 1846 1857 1920 prasumptionis
1878 1861 2251 1919 arrogare,ne

586 1937 730 1993 dum
763 1937 822 1992 in
853 1936 1121 1993 exteriori
1154 1936 1359 1993 habitu
1392 1936 1722 1993 inordinate
1743 1935 1965 2009 aliquid
2005 1933 2248 2007 arripia-

584 2032 702 2095 tur,
724 2026 990 2097 ordinate
1012 2026 1345 2099 etiam,qua
1368 2025 1540 2082 licere
1562 2030 1852 2099 poterant,
1880 2025 2247 2080 amittantur.

585 2115 768 2188 Cujus
798 2115 1078 2189 quoniam
1101 2115 1433 2171 indumenti
1464 2115 1654 2171 honor
1696 2116 1965 2171 modesta
2011 2118 2253 2171 actuum

590 2205 897 2261 vivacitate
930 2205 1254 2261 servandus
1285 2209 1392 2273 est,
1416 2205 1726 2260 hortamur
1747 2209 1810 2259 ut
1831 2208 1889 2259 et
1919 2207 2131 2259 cuncta
2162 2220 2252 2258 or-

590 2298 869 2351 namenta
898 2294 1265 2362 conveniant,
1302 2300 1595 2367 quatenus
1645 2300 1881 2350 auctore
1930 2295 2047 2350 Deo
2098 2298 2250 2350 recte

582 2384 896 2456 utrobique
929 2384 1122 2456 possis
1153 2400 1283 2440 esse
1305 2384 1679 2456 conspicuus.
1699 2387 1902 2455 Itaque
1931 2383 2050 2438 vita
2070 2388 2174 2438 tua
2190 2384 2252 2438 ﬁ-

583 2472 680 2529 liis
702 2473 820 2529 tuis
852 2473 931 2529 sit
957 2471 1188 2546 regula;
1214 2473 1276 2527 in
1300 2473 1449 2545 ipsa,
1467 2473 1515 2528 si
1549 2490 1667 2545 qua
1698 2473 1979 2528 fortitudo
2017 2472 2134 2528 illis
2166 2472 2250 2528 in-

577 2564 737 2636 jecta
755 2562 1181 2635 est,dirigatur,
1202 2562 1263 2617 in
1294 2578 1382 2633 ea,
1398 2563 1553 2634 quod
1576 2562 1903 2629 imitentur,
1926 2562 2245 2636 aspiciant;

572 2652 643 2721 in
676 2651 807 2724 ipsa
836 2668 898 2707 se
931 2667 1164 2723 semper
1190 2651 1616 2707 considerando
1642 2651 2244 2723 proﬁciant,uttuum,

582 2745 720 2815 post
751 2739 1091 2808 Dominum,
1123 2740 1389 2795 videatur
1438 2758 1588 2808 esse,
1617 2741 1765 2796 bene
1816 2741 1971 2812 quod
2007 2742 2094 2813 [[2,
2121 2758 2249 2797 esse

584 2829 811 2886 bonum
845 2830 982 2903 quo]
1005 2829 1274 2886 vixerint.
1290 2832 1398 2886 Cor
1427 2846 1564 2904 ergo
1588 2846 1778 2902 neque
1817 2846 2100 2903 prospera
2120 2846 2247 2902 qua

583 2918 989 2992 temporaliter
1018 2918 1421 2987 blandiuntur,
1447 2918 1750 2986 extollant,
1784 2936 1974 2991 neque
2005 2920 2249 2975 adversa

583 3006 880 3076 deﬁciant,
896 3008 998 3064 sed
1026 3008 1313 3080 quidquid
1338 3007 1482 3064 illud
1504 3008 1699 3077 fuerit,
1718 3009 1932 3064 virtute
1954 3007 2247 3081 patientia

585 3097 944 3153 devincatur.
966 3096 1207 3153 Nullum
1233 3099 1386 3170 apud
1420 3102 1475 3154 te
1505 3097 1701 3154 locum
1733 3099 1886 3167 odia,
1910 3096 2139 3154 nullum
2163 3098 2247 3154 fa-

584 3204 686 3243 vor
716 3186 1073 3243 indiscretus
1103 3186 1431 3256 inveniant;
1466 3188 1800 3243 districtum
1834 3187 1975 3243 mali
2026 3204 2246 3261 cogno-

585 3240 1102 3346 eameam
1128 3240 1295 3350 an
1306 3240 2248 3350 1'.‘.;ui,;;.a1‘..;.‘;magna.
2277 3264 2319 3330 C
2357 3240 2637 3314 synodum
2661 3258 2762 3314 ρνο

585 3384 699 3423 non
733 3366 925 3435 faciat,
942 3371 1247 3423 nocentem
1279 3367 1468 3440 gratia
1498 3383 1614 3423 non
1641 3372 1905 3437 excuset;
1927 3367 2245 3424 remissum

583 3460 641 3512 te
667 3455 1146 3529 delinquentibus
1178 3474 1294 3513 non
1328 3457 1623 3527 ostendas,
1645 3473 1719 3512 ne
1749 3458 1904 3530 quod
1938 3456 2099 3514 ultus
2130 3475 2247 3514 non

586 3544 785 3612 fueris,
801 3546 1121 3618 perpetrari
1153 3546 1478 3618 permittas.
1510 3546 1597 3601 Sit
1624 3546 1685 3601 in
1717 3551 1772 3603 te
1796 3552 1852 3603 et
1884 3546 2023 3602 boni
2045 3552 2249 3618 pasto-

583 3635 665 3691 ris
699 3633 967 3702 dulcedo,
1002 3634 1080 3690 sit
1113 3635 1415 3706 etjudicis
1463 3653 1664 3692 severa
1712 3635 2022 3703 districtio,
2059 3654 2246 3692 unum

586 3723 810 3779 scilicet
840 3723 995 3794 quod
1028 3723 1369 3779 innocenter
1397 3726 1658 3781 viventes
1690 3726 2064 3794 foveat,aliud
2089 3727 2245 3798 quod

586 3812 882 3884 inquietos
916 3812 1206 3868 feriendos
1237 3831 1271 3868 a
1300 3814 1585 3886 pravitate
1603 3816 2083 3887 compescat.Sed
2110 3832 2249 3887 quo-

585 3901 745 3957 niam
779 3891 1207 3974 nonnunquam
1249 3905 1699 3976 prapositorum
1748 3904 1931 3973 zelus,
1965 3905 2108 3960 dum
2157 3904 2245 3960 di-

585 3990 823 4047 strictus
857 3990 1146 4048 malorum
1196 3991 1321 4047 vult
1366 3993 1576 4049 vindex
1605 3993 1871 4061 existere,
1904 3994 2138 4050 transiit
2185 3994 2245 4050 in

581 4080 987 4138 crudelitatem
1009 4082 1481 4155 correptio,iram
1505 4083 1732 4155 judicio
1763 4083 1993 4140 refrena
2022 4087 2079 4140 et
2110 4101 2244 4140 cen-

581 4187 721 4226 sura
751 4168 1075 4242 disciplina
1109 4171 1194 4227 sic
1225 4176 1411 4238 utere,
1450 4176 1515 4228 ut
1544 4177 1601 4228 et
1643 4171 1847 4246 culpas
1895 4172 2091 4239 ferias,
2125 4178 2182 4229 et
2212 4191 2248 4231 a

580 4258 891 4316 dilectione
922 4276 1331 4332 personarum,
1365 4278 1515 4334 quas
1542 4262 1810 4336 corrigis,
1842 4279 1958 4319 non
1983 4264 2241 4319 recedas.

580 4349 1017 4407 Misericordem
1048 4353 1127 4418 te,
1162 4355 1337 4422 prout
1375 4351 1561 4408 virtus
1603 4351 1846 4426 patitur,
1884 4353 2244 4426 pauperibus

580 4438 807 4507 exhibe,
824 4438 1122 4511 oppressis
1145 4440 1406 4497 defensio
1430 4445 1533 4497 tua
1552 4441 1880 4510 subveniat,
1906 4441 2244 4514 opprimen-

579 4528 741 4584 tibus
775 4528 1040 4585 modesta
1070 4530 1348 4587 correctio
1379 4531 1759 4599 contradicat,
1788 4530 2013 4588 nullius
2034 4531 2241 4588 faciem

580 4620 796 4708 contra
807 4617 1105 4708 justitiam
1136 4620 1414 4693 aspicias,
1449 4620 1680 4676 nullum
1704 4625 2050 4692 querentem
2073 4622 2243 4693 justa
2271 4643 2320 4708 Ι)

580 4705 890 4779 despicias.
924 4707 1201 4764 Custodia
1231 4708 1290 4763 in
1322 4712 1378 4764 te
1408 4709 1704 4781 aequitatis
1730 4709 1991 4779 excellat,
2025 4714 2091 4767 ut
2139 4727 2245 4767 nec

578 4794 819 4851 divitem
852 4796 1111 4868 potentia
1137 4814 1245 4851 sua
1276 4796 1501 4869 aliquid
1528 4798 1682 4869 apud
1732 4816 1836 4855 vos
1884 4803 2045 4856 extra
2087 4800 2243 4856 viam

578 4885 823 4940 suadeat
868 4885 1112 4941 rationis
1156 4886 1391 4953 audere,
1422 4903 1527 4941 nec
1579 4904 1899 4961 pauperem
1946 4889 2017 4945 de
2045 4906 2106 4944 re
2136 4906 2245 4945 sua

579 4972 752 5030 faciat
779 4973 1085 5031 humilitas
1108 4975 1440 5046 desperare.
1461 4976 1759 5042 Quatenus
1783 4982 1897 5033 Deo
1922 4978 2242 5035 miserante

577 5062 712 5121 talis
734 5063 927 5136 possis
949 5063 1459 5135 existere,qualem
1477 5083 1645 5124 sacra
1676 5067 1847 5124 lectio
1879 5068 2143 5140 pracipit
2158 5069 2242 5124 di-

578 5168 716 5209 cens
751 5169 764 5207 :
802 5153 1024 5224 Oportet
1051 5155 1359 5225 episcopum
1389 5156 1927 5227 irreprehensibilem
1965 5174 2098 5213 esse.
2125 5157 2237 5213 Sed

580 5240 675 5297 his
718 5240 997 5298 omnibus
1048 5241 1133 5297 uti
1185 5243 1497 5302 salubriter
1538 5247 1777 5319 poteris,
1811 5246 1861 5301 si
1893 5245 2239 5319 magistram

579 5329 930 5386 charitatem
988 5330 1287 5402 habueris,
1322 5351 1501 5408 quam
1546 5336 1647 5409 qui
1701 5340 1939 5393 secutus
1988 5336 2164 5392 fuerit
2210 5353 2244 5391 a

578 5424 736 5475 recto
783 5417 1103 5491 aliquando
1150 5423 1383 5481 tramite
1431 5442 1550 5481 non
1590 5426 1830 5482 recedit.
1864 5425 2028 5494 Ecce,
2064 5426 2244 5482 frater

577 5506 970 5578 charissime,i
980 5516 1108 5567 nter
1128 5513 1314 5570 multa
1334 5514 1452 5570 alia
1470 5515 1589 5571 ista
1609 5520 1751 5571 sunt
1774 5514 2107 5581 sacerdotii,
2130 5515 2244 5572 ista

579 5599 721 5653 sunt
750 5595 932 5670 pallii,
967 5618 1094 5674 qua
1126 5602 1175 5659 si
1208 5603 1472 5661 studiose
1521 5602 1859 5674 servaveris,
1894 5604 2049 5677 quod
2100 5604 2243 5663 foris

580 5687 877 5765 accepisse
905 5692 1255 5766 ostenderis,
1288 5692 1450 5754 intus
1491 5692 1758 5754 habebis.
1795 5692 1995 5753 Fidem
2047 5698 2244 5756 autem

2358 589 2538 646 latius
2570 587 2883 662 explanare
2915 587 3224 652 debueras,
3257 584 3626 656 Redemptori
3672 586 3877 638 tamen
3918 598 3998 636 no-

2360 683 2491 741 stro
2512 679 2765 752 gratiam
2783 675 3204 750 agimus,quod
3222 691 3352 731 eam
3373 673 3431 729 in
3450 673 3581 746 ipsa
3592 673 3720 743 jam
3743 670 3999 726 brevitate

2360 773 2579 824 rectam
2611 784 2741 823 esse
2770 764 3172 838 cognovimus.
3207 764 3423 820 Sancta
3452 761 3712 818 Trinitas
3754 756 3999 815 fraterni-

2358 862 2543 914 tatem
2574 861 2829 914 vestram
2859 854 3059 929 gratia
3091 872 3210 910 sua
3260 852 3620 926 protectionc
3669 849 3999 914 circumdet,

2361 951 2538 1019 atque
2568 945 2652 1001 ita
2680 945 2740 1002 in
2766 944 2999 1001 timoris
3030 942 3122 1000 sui
3151 944 3246 999 via
3276 959 3382 999 nos
3413 940 3721 1014 dirigat,ut
3748 936 4003 1012 postvita

2361 1035 2541 1108 hujus
2571 1033 2997 1092 amaritudines
3046 1033 3121 1089 ad
3169 1036 3448 1088 aternam
3497 1027 3676 1086 simul
3722 1026 4005 1102 pervenire

2360 1123 2733 1181 dulcedinem
2763 1139 3115 1179 mereamur.

2436 1213 2734 1287 Scriptum
2764 1230 2868 1286 per
2890 1229 3132 1268 manum
3157 1209 3466 1279 Zacharia,
3493 1208 3792 1265 scriniarii
3816 1212 4005 1263 sancte

2362 1304 2638 1360 Romana
2682 1302 2973 1370 Ecclesia,
3007 1303 3067 1358 in
3127 1318 3330 1358 mense
3386 1299 3724 1365 Decembre,
3763 1297 4005 1353 indictio-

2362 1410 2434 1450 ne
2462 1410 2577 1449 XIV.

3022 1526 3362 1583 LXXXVIII.

2358 1643 2431 1683 AD
2484 1643 2835 1683 BERNARDL’M
2884 1643 3205 1683 ILLUSTREM
3248 1642 3435 1681 VIRUM
3481 1641 3681 1680 FILIUM
3727 1639 4004 1680 BEBNABDI

2673 1716 2955 1762 QUONDAM
2986 1714 3433 1754 BARCINONENSIS
3458 1713 3685 1753 COMITIS
3695 1737 3707 1751 ο

2650 1816 3090 1889 Fragmentum.
3150 1846 3218 1856 —-
3282 1815 3493 1886 (Anno
3554 1815 3724 1884 865.)

2576 1933 2744 1989 Illum
2773 1935 2838 1989 ob
2868 1932 3302 2006 depradationes
3331 1932 3535 1988 multa:
3563 1932 3820 2003 corripit.

2880 2058 3065 2131 [Apud
3103 2057 3312 2128 Mansi,
3346 2057 3508 2129 ἰὸίᾱ.]

2431 2202 2594 2258 Cura
2623 2218 2802 2274 quam
2836 2219 2939 2274 pro
2971 2202 3200 2258 cunctis
3235 2202 3336 2259 Dei
3375 2200 3651 2257 Ecclesiis
3683 2201 4002 2258 circumdu-

2361 2291 2554 2348 cimus
2588 2292 2847 2347 officium
2881 2309 2989 2348 nos
3017 2292 3171 2365 cogit
3191 2310 3295 2365 pro
3322 2292 3733 2348 universorum
3750 2289 4004 2346 Christia-

2366 2398 2581 2438 norum
2614 2380 2805 2438 salute
2849 2382 2970 2437 fore
3001 2381 3304 2437 sollicitos.
3339 2381 3737 2446 Quamobrem
3770 2385 3831 2436 et
3872 2380 3939 2435 de
3962 2383 4003 2433 te

2362 2488 2597 2544 quoque
2627 2470 3055 2543 providentiam
3089 2477 3351 2544 agentes,
3379 2470 3678 2537 audimus,
3714 2470 3878 2542 quod
3909 2484 4001 2523 non

2358 2561 2731 2633 optabamus,
2770 2561 2852 2616 ita
2881 2564 2936 2616 te
2966 2566 3169 2617 contra
3196 2560 3380 2616 Deum
3411 2559 3602 2615 efferri
3639 2564 3701 2615 ut
3742 2559 4001 2615 Christia-

2359 2667 2502 2706 num
2522 2649 2807 2722 populum
2831 2650 3176 2721 dopradans
3200 2650 3259 2704 in
3284 2665 3460 2722 regno
3484 2647 3586 2703 filii
3612 2647 4003 2721 nostriglorio-

2359 2740 2407 2795 si
2440 2739 2593 2812 regis
2619 2738 2807 2795 Caroli
2839 2756 3156 2795 numerosa
3186 2737 3343 2794 mala
3371 2754 3661 2805 exerceas,
3695 2738 3911 2793 adeo...

3050 2909 3333 2965 LXXXIX.

2481 3025 2554 3064 AD
2595 3025 2939 3066 HINCMARUM
2977 3024 3481 3064 ARCBIEPISCOPUM
3522 3023 3897 3064 RHEMENSEM.

3000 3125 3186 3197 (Anno
3217 3125 3368 3194 866.)

2804 3259 2967 3298 causa
3022 3241 3242 3315 Wlfadi,
3274 3249 3326 3298 et
3369 3243 3642 3298 sociorum
3689 3243 3835 3315 ejus,
3877 3238 3996 3314 apud

2767 3314 3110 3371 Suessionem
3139 3315 3429 3371 convocari
3447 3314 3621 3386 jubet.

2427 3461 2716 3513 NICOLAUS
2746 3456 3078 3530 episcopus,
3113 3474 3317 3514 servus
3354 3474 3654 3514 servorum
3706 3457 3832 3527 Dei,
3863 3473 3997 3513 reve-

2357 3546 2593 3602 rentissi
2603 3564 2693 3602 mo
2713 3552 2769 3602 et
2790 3546 3167 3604 sanctissimo
3189 3547 3469 3604 confratri
3490 3552 3689 3603 nostro
3715 3549 3997 3604 “meamne

2358 3635 2794 3708 archiepiscopo
2827 3635 3164 3692 Rhemensi.

2432 3725 2750 3781 Multorum
2797 3744 2831 3782 a
2883 3726 3147 3798 partibus
3200 3725 3521 3783 Galliarum
3570 3727 3642 3783 ad
3694 3725 3901 3783 limina
3924 3724 3993 3778 vel

2358 3815 2556 3871 sedem
2588 3816 3014 3872 confluentium
3047 3816 3429 3888 apostolicam
3478 3815 3763 3873 relatione
3813 3813 3990 3871 didici-

2356 3922 2511 3972 mus,
2541 3905 2914 3962 sanctitatem
2962 3912 3128 3963 tuam
3175 3907 3464 3979 quosdam
3516 3905 3784 3973 clericos,
3817 3904 3910 3978 qui
3937 3903 3992 3957 de

2356 3994 2795 4052 consecratione
2812 3996 3044 4053 fuerant
3064 3995 3323 4052 Ebbonis
3345 3996 3642 4069 quondam
3666 3990 3990 4053 Rhemensis

2356 4084 2612 4153 antistis,
2645 4084 2899 4158 propriis
2929 4085 3211 4159 gradibus
3242 4085 3840 4159 pepulisse.Quorum
3862 4084 3990 4154 deje-

2356 4174 2608 4230 ctionem
2640 4175 2964 4244 audientes,
2990 4175 3129 4248 quia
3148 4173 3378 4232 etiamsi
3400 4174 3561 4231 nullo
3583 4174 3825 4247 speciali
3847 4170 3990 4246 privi-

2355 4262 2507 4337 legio
2538 4265 2611 4319 ad
2642 4263 2794 4322 hanc
2825 4265 3147 4322 curandam
3170 4263 3573 4338 principaliter
3610 4264 3988 4322 incitaremur.

2353 4353 2651 4425 oppressis
2674 4358 2872 4411 tamen
2894 4353 3291 4422 subvenire,et
3311 4354 3383 4411 ad
3404 4352 3739 4426 exemplum
3766 4349 3991 4410 Domini-

2352 4460 2487 4498 cum
2508 4442 2685 4501 elisos
2714 4444 2936 4517 erigere
2966 4448 3020 4501 et
3052 4439 3414 4516 compeditos
3447 4442 3667 4500 solvere
3696 4460 3809 4498 nos
3845 4456 3986 4512 opor-

2352 4534 2616 4606 tet(Psat.
2641 4550 2710 4588 cx
2723 4534 2832 4604 LV),
2856 4550 3044 4607 opera
3074 4533 3326 4605 pretium
3359 4532 3639 4589 duximus
3666 4531 3729 4588 in
3763 4528 3987 4589 archivis

2352 4626 2566 4678 sancta
2600 4622 2900 4689 Romana,
2930 4623 3024 4678 cui
3055 4623 3172 4679 Deo
3220 4627 3458 4679 auctore
3505 4621 3888 4686 deservimus,
3909 4620 3987 4674 Ec»

2353 4711 2542 4767 clesia
2576 4712 2901 4769 studiosius
2923 4717 3265 4785 quarere,et
3294 4711 3344 4768 si
3375 4712 3594 4785 scripto
3619 4711 3771 4767 forte
3792 4724 3985 4767 memo-

2353 4800 2442 4856 ria
2471 4799 2745 4873 qualibet
2776 4802 2933 4875 apud
2965 4818 3094 4869 nos,
3113 4801 3234 4858 sive
3264 4802 3335 4858 de
3361 4801 3502 4871 illis,
3532 4800 3652 4857 sive
3680 4801 3755 4857 de
3785 4800 3985 4858 ordina-

2351 4893 2475 4945 tore
2494 4890 2761 4962 ipsorum
2783 4896 2939 4948 esset
2960 4891 3278 4959 recondita,
3305 4889 3618 4963 diligenter
3637 4889 3983 4962 investigare.

2352 4980 2507 5049 quod
2538 4985 2595 5035 et
2626 4980 2893 5037 fecimus.
2924 4981 3225 5055 Siquidem
3258 4998 3328 5037 ex
3355 4981 3450 5036 his
3487 4979 3845 5053 quibusdam
3890 4978 3982 5033 Deo

2351 5068 2648 5126 revelante
2679 5071 3348 5143 repertis,nihitominus
3380 5071 3557 5127 etiam
3597 5070 3831 5127 concilii
3853 5063 3981 5140 quod

2349 5157 2521 5213 nobis
2551 5158 2674 5230 ipse
2696 5160 2933 5228 misisti,
2949 5160 3216 5217 videlicet
3238 5161 3296 5216 in
3319 5177 3435 5233 quo
3459 5160 3795 5233 prasignati
3817 5153 3981 5215 clerici

2349 5246 2650 5321 degradati
2683 5254 2840 5319 sunt,
2861 5255 2991 5306 acta
3022 5250 3362 5323 relegimus.
3382 5251 3495 5308 Sed
3524 5250 3617 5306 his
3649 5241 3981 5307 omnibus,id

2350 5342 2440 5393 est
2470 5342 2588 5394 tam
2622 5337 2739 5395 illis
2771 5341 3195 5419 monumentis,
3214 5358 3342 5414 qua
3364 5358 3543 5413 penes
3564 5357 3671 5396 nos
3698 5339 3980 5397 habentur,

2353 5443 2529 5500 quam
2565 5427 2659 5485 his
2692 5446 2820 5502 qua
2851 5431 3134 5488 sanctitas
3164 5436 3270 5488 tua
3322 5430 3493 5488 nobis
3543 5429 3875 5495 destinavit,
3898 5424 3981 5481 rite

2352 5516 3132 5593 collectis,enucleanterque
3162 5519 3764 5588 recensitis,nondum
3783 5513 3975 5589 liquido

2353 5610 2513 5680 patet
2532 5609 2771 5666 eosdem
2803 5608 3047 5669 clericos
3069 5609 3417 5685 regulariter
3434 5611 3623 5684 gradu
3654 5608 3883 5684 proprio
3908 5619 3977 5659 ca-

2354 5695 2566 5757 ruisse.
2581 5696 2796 5763 Verum
2832 5718 2939 5761 nos
2963 5718 3068 5761 nec
3089 5701 3197 5761 hos
3220 5700 3457 5763 interim
3476 5700 3976 5777 justiﬁcamus,nec
