4098 6468
150 387 281 447 969

1376 388 1786 450 EPISTOLIE
1825 380 1925 451 ET
1968 382 2323 451 DECRETA
2337 437 2351 450 .

3461 396 3579 460 970

148 518 376 579 sentire
406 517 593 576 solius
621 535 742 579 sue
767 519 1130 577 auctoritatis
1152 537 1302 576 ausu
1332 522 1656 589 veretur,ad
1678 538 1812 577 con-
1843 523 1896 590 Α
1929 539 2043 579 non
2077 523 2419 592 detrectent,
2453 524 2605 580 sicut
2635 540 2697 581 se
2728 524 2947 581 habent
2977 531 3356 585 monumenta
3387 529 3581 586 deces-

148 609 488 666 vocandum
519 612 809 665 statutum
841 609 1134 666 sententia
1164 616 1364 666 nostra
1386 611 1512 680 jam
1546 611 1815 684 designa-

149 701 289 754 tum
319 697 654 766 concilium,
673 697 954 771 epistolas
988 704 1216 756 nostras
1245 700 1357 755 sibi
1390 699 1611 756 delatas
1632 701 1814 767 vobis,

148 786 378 860 quibus
397 805 431 843 a
453 786 620 845 nobis
638 787 937 844 destinata:
960 788 1360 856 sunt,mittere
1377 794 1623 862 satagat.
1644 790 1817 854 Quid-

149 876 300 949 quid
329 894 464 933 vero
493 876 553 932 in
586 876 830 933 concilio
861 878 1036 933 fuerit
1065 895 1100 934 a
1129 879 1293 934 vobis
1318 878 1713 935 examinatum
1739 884 1819 935 at—

149 984 273 1040 que
305 971 626 1039 repertum,
649 966 761 1023 sub
792 971 1094 1041 gestorum
1126 968 1275 1023 serie
1304 968 1645 1024 discretioni
1678 986 1814 1025 nos-

145 1060 278 1124 trae,
312 1055 466 1112 sicut
511 1056 844 1112 veneranda
892 1056 1124 1112 decreta
1170 1061 1461 1125 statuunt,
1492 1057 1724 1126 mittite,
1760 1062 1817 1114 et

145 1151 366 1202 nostrae
394 1145 726 1201 auctoritati
760 1162 889 1217 quae
940 1145 1198 1202 salubria
1249 1146 1605 1202 videbuntur
1644 1149 1814 1203 robo—

146 1234 343 1290 randa
389 1233 561 1306 plena
607 1233 885 1306 ﬁdelique
918 1234 1198 1291 relatione
1235 1234 1486 1307 dirigite.
1528 1235 1812 1307 Optamus

143 1324 577 1379 fraternitatem
607 1327 864 1380 vestram
914 1323 976 1380 in
1022 1323 1250 1379 Christo
1299 1340 1456 1380 nunc
1498 1328 1554 1380 et
1583 1342 1815 1398 semper

143 1413 302 1469 bene
329 1411 541 1469 valere.
565 1412 714 1469 Data
742 1430 802 1469 III
833 1413 1027 1469 Nonas
1056 1413 1306 1486 Apriles,
1338 1406 1659 1470 indictione
1694 1432 1808 1471 xxv.

143 1502 217 1557 Et
243 1502 342 1559 hoc
374 1509 558 1559 tenore
606 1509 914 1558 constantes
958 1503 1148 1560 missae
1194 1510 1325 1559 sunt
1368 1504 1500 1559 aliis
1548 1505 1812 1576 episcopis

140 1591 493 1647 diversarum
519 1593 957 1664 provinciarum.

375 1820 448 1860 AD
488 1820 879 1861 FESTINIANUM
916 1821 1241 1861 EPISCOPUM
1283 1822 1593 1862 DOLENISEM.

800 1894 988 1967 (Anno
1017 1895 1169 1964 866.)

142 1992 447 2063 Redarguit
475 2008 601 2047 eum
630 1992 771 2064 quod
799 1993 912 2048 sibi
945 2009 1069 2048 cum
1115 1992 1298 2049 debita
1344 1994 1651 2049 reverentia
1693 2011 1809 2049 non

218 2065 516 2135 scripserit,
573 2064 906 2136 mandatque
961 2073 1024 2120 ut
1082 2066 1442 2120 Turonensem
1510 2066 1805 2121 Ecclesium

217 2136 699 2209 metropolitanum
732 2145 1009 2206 agnoscat,
1042 2139 1157 2192 nisi
1202 2138 1545 2192 contrarium
1590 2139 1809 2209 scriptis

223 2208 555 2264 authenticis
577 2208 784 2280 probet.

671 2296 861 2370 [Apud
895 2295 1102 2365 Mansi,
1136 2297 1296 2369 ibid.]

222 2393 561 2452 Dilectionis
606 2398 835 2465 vestrae,
867 2406 1214 2467 quanquam
1260 2395 1390 2450 sine
1419 2394 1808 2468 impressione

149 2482 447 2559 signaculi
476 2482 734 2539 nominis
756 2482 1027 2554 alicujus,
1047 2484 1337 2556 susceptis
1368 2482 1809 2557 apicibus,mul—

145 2579 215 2631 to
243 2573 413 2630 aliter
440 2590 619 2645 quam
640 2571 1003 2644 apostolatus
1035 2572 1221 2628 nostri
1251 2589 1671 2629 monueramus
1712 2572 1806 2628 lit-

145 2662 319 2734 teris,
341 2662 401 2717 in
432 2661 515 2717 eis
546 2679 648 2717 vos
678 2661 1009 2734 scripsisse,
1040 2662 1157 2717 imo
1187 2662 1376 2734 egisse
1406 2662 1804 2736 cognovimus.

145 2753 301 2808 Nam
354 2752 415 2807 in
447 2752 635 2807 fronte
680 2751 905 2823 pagina:
952 2755 1157 2807 vestris
1196 2755 1456 2806 vestrum
1491 2751 1808 2825 apostolico

146 2841 379 2898 nomini
406 2854 526 2897 non
547 2840 713 2896 veriti
734 2840 876 2896 estis
905 2841 1592 2913 praaponere,temeritate
1618 2842 1808 2914 potius

145 2924 330 3003 quam
363 2929 739 3002 simplicitate
780 2946 1024 3001 prorsus
1056 2933 1307 2985 utentes.
1341 2930 1452 2986 Sed
1501 2947 1636 2985 cum
1679 2932 1806 3002 jam

145 3036 257 3094 pro
290 3019 399 3076 hoc
428 3018 559 3091 ipso
592 3018 812 3075 factum
833 3023 1095 3074 vestrum
1119 3019 1808 3091 reprehenderimus,val-

146 3110 223 3165 de
253 3109 541 3164 miramur
570 3124 674 3163 cur
704 3124 820 3163 non
854 3106 1223 3180 resipiscitis,
1256 3108 1497 3163 modum
1546 3113 1808 3164 vestrum

146 3198 396 3255 minime
416 3197 978 3263 transcendentes,et
994 3213 1109 3269 quo
1128 3213 1242 3252 non
1272 3196 1807 3270 congruit,gressus

1841 1893 1889 1959 B

1928 629 2128 667 serum
2162 617 2496 669 nostrorum
2530 614 2873 686 pontificum
2907 619 2963 671 et
3005 616 3268 688 priorum
3311 618 3580 691 exempla

1927 702 2227 757 evidenter
2255 703 2592 758 ostendunt.
2627 702 2771 769 Quia
2801 721 2926 770 vos,
2958 703 3058 776 qui
3092 709 3318 761 tantum
3351 712 3575 780 septem

1927 789 2232 862 episcopos
2262 791 2656 864 habetis,qute
2681 808 2861 849 causa
2887 793 3291 849 ecclesiasticae
3322 795 3577 851 traditio-

1926 879 2019 935 nis
2040 896 2140 935 vos
2164 880 2316 935 sinat
2341 880 2554 936 habere
2577 880 3352 955 metropolim,ignoramus;
3377 884 3575 955 praeci-

1926 985 2039 1041 pue
2070 986 2204 1024 cum
2238 970 2548 1043 episcopus
2576 988 2693 1026 non
2724 988 2757 1026 a
2789 975 3034 1043 septem,
3067 972 3166 1027 sed
3203 990 3237 1026 a
3266 972 3575 1029 duodecim

1925 1057 2116 1113 audiri
2148 1058 2545 1130 praecipiatur;
2580 1063 2636 1114 et
2675 1076 2808 1113 cum
2860 1058 3113 1131 alicujus
3162 1060 3379 1134 negotii
3426 1061 3579 1118 inter

1921 1164 2024 1204 vos
2073 1165 2251 1203 causa
2296 1148 2634 1204 ventilanda
2681 1149 3002 1216 emerserit,
3048 1167 3175 1222 quae
3217 1151 3577 1207 duodenario

1922 1225 2168 1293 numero
2199 1237 2607 1310 episcoporum
2638 1238 2845 1294 debeat
2889 1239 3101 1307 audiri,
3136 1256 3269 1295 cum
3316 1240 3389 1295 ob
3429 1239 3577 1297 divi-

1920 1326 2146 1383 sionem
2180 1327 2345 1400 regni
2373 1326 2548 1382 vicini
2580 1343 2692 1382 non
2727 1329 2955 1399 possint
3001 1328 3193 1383 vocari
3242 1328 3572 1399 antistites;

1921 1416 2077 1470 unde
2102 1417 2167 1471 ﬁt
2196 1421 2259 1471 ut
2289 1417 2507 1471 damna
2534 1415 2804 1471 Ecclesiae
2828 1433 2929 1488 pro
2952 1415 3169 1472 talibus
3199 1420 3572 1490 generentur,

1920 1505 2424 1576 quemadmodum
2485 1504 2707 1560 factum
2758 1504 2819 1560 in
2878 1504 2997 1562 illis
3047 1506 3118 1561 de
3166 1505 3574 1581 episcoporum

1922 1593 2243 1666 dejectione
2272 1593 2707 1650 reminiscimur
2735 1594 3096 1667 regionibus.
3129 1593 3244 1650 Vos
3273 1598 3470 1661 tamen
3506 1611 3576 1650 ne

1919 1682 2206 1739 vocemini
2240 1683 2747 1756 metropolitanus,
2780 1700 3089 1755 quousque
3120 1683 3341 1756 scripta
3378 1684 3574 1740 deces-

1921 1789 2126 1828 sorum
2176 1776 2505 1828 vestrorum
2567 1772 3063 1845 praesulum,quae
3122 1772 3181 1827 in
3241 1772 3577 1845 acceptione

1921 1860 2083 1933 pallii
2114 1861 2290 1917 vestri
2310 1865 2698 1934 perceperunt
2714 1861 3171 1933 praedecessores
3192 1860 3360 1917 nobis
3382 1861 3578 1917 mitta-

1918 1951 1993 2005 tis
2021 1967 2033 2005 :
2066 1950 2207 2023 quia
2236 1951 2284 2007 si
2318 1950 2480 2023 pallii
2503 1968 2721 2006 munus
2753 1951 2825 2005 ab
2856 1948 2965 2005 hac
2996 1955 3198 2006 sancta
3230 1950 3363 2006 sede
3386 1954 3579 2007 vestra

1919 2040 2242 2112 promeruit
2292 2039 2568 2107 Ecclesia,
2603 2040 2729 2095 sine
2783 2038 3099 2110 scriptione
3149 2038 3364 2111 aliqua,
3398 2056 3575 2111 quam

1917 2128 1977 2184 in
2010 2128 2260 2185 archivis
2290 2129 2498 2185 vestris
2529 2129 2840 2183 recondere
2862 2127 3172 2197 debuistis,
3190 2133 3362 2183 tantae
3393 2127 3578 2201 digni-

1918 2218 2057 2273 tatis
2112 2218 2334 2273 donum
2386 2234 2730 2272 conccssum
2773 2216 3017 2272 minime
3065 2216 3231 2273 vobis
3263 2215 3392 2272 fuit.
3427 2216 3576 2273 Scri-

1918 2307 2123 2379 psistis
2154 2312 2431 2380 praeterea
2481 2306 2653 2363 nobis
2702 2310 2769 2361 ut
2826 2305 3005 2378 hujus
3057 2305 3330 2362 Romanze
3361 2309 3576 2362 sanctas

1918 2395 2187 2452 Ecclesiae
2218 2395 2430 2467 praesul
2463 2395 2773 2452 Severinus
2797 2393 3176 2450 Restoaldum
3209 2395 3577 2451 decessorem

1917 2490 2199 2553 vestrum,
2233 2485 2385 2541 sicut
2412 2485 2470 2539 in
2506 2486 2722 2540 nostris
2752 2483 2967 2556 legitur
3012 2482 3214 2556 gestis,
3245 2483 3305 2539 in
3351 2483 3577 2539 archie-

1918 2575 2224 2647 piscopum
2256 2577 2675 2643 consecrasset,
2699 2578 2757 2628 et
2786 2571 3079 2629 Adrianus
3109 2573 3346 2629 cuidam
3376 2572 3574 2629 Juthi-

1918 2663 2086 2719 naleo
2119 2662 2364 2735 pallium
2396 2662 2804 2719 dedisset.Sed
2835 2679 2943 2717 nos
2975 2666 3363 2734 utrorumque
3391 2660 3573 2735 gestis

1918 2752 2195 2809 revolutis
2227 2751 2373 2807 nihil
2407 2752 2465 2806 in
2498 2752 2584 2808 eis
2633 2768 2812 2824 super
2860 2751 2955 2807 his
3003 2753 3238 2823 penitus
3279 2748 3571 2807 valuimus

1917 2841 2189 2914 reperire.
2221 2842 2441 2898 Tamen
2474 2846 2537 2896 ut
2568 2858 2781 2913 anceps
2812 2840 3055 2896 intentio
3086 2858 3116 2896 e
3164 2839 3357 2896 medio
3410 2841 3570 2895 aufe-

1916 2937 2102 3001 ratur,
2135 2930 2185 2986 si
2214 2931 2357 2986 adco
2389 2930 2811 2985 contentiosius
2840 2945 3010 3002 agere
3038 2928 3236 2997 vultis,
3270 2932 3335 2984 ut
3381 2929 3569 2984 Turo-

1919 3037 2158 3076 nensem
2190 3020 2389 3075 sedem
2418 3025 2673 3074 vestram
2705 3018 3077 3091 metropolim
3110 3035 3225 3074 non
3258 3035 3386 3074 esse
3416 3018 3571 3074 dica-

1914 3109 2027 3178 tis;
2076 3109 2396 3176 sancimus,
2448 3112 2511 3163 ut
2567 3107 2842 3173 diximus,
2894 3108 3244 3163 mandantes
3293 3107 3456 3163 fratri
3514 3110 3571 3163 et

1919 3199 2258 3271 coepiscopo
2292 3202 2490 3253 nostro
2521 3196 2788 3266 Heraldo,
2822 3197 2922 3270 qui
2970 3196 3023 3252 ei
3080 3196 3371 3268 praesidet,
3400 3200 3466 3251 ut
3497 3195 3572 3252 ad

149 3289 434 3344 ducentes
459 3305 472 3342 :
496 3304 600 3359 pro
631 3287 848 3359 quibus
881 3285 1006 3341 sine
1036 3302 1295 3359 congrua
1316 3287 1666 3354 invectione,
1692 3304 1807 3343 non
1838 3267 1881 3334 Ο
1921 3293 2189 3344 nostrum
2224 3288 2589 3360 pontificium
2637 3287 2896 3360 legatum
2947 3303 3122 3343 suum
3172 3285 3571 3355 transmittat;

141 3379 274 3450 jam
306 3375 760 3444 evaderitis,nisi
788 3392 892 3431 nos
926 3380 1124 3431 utrum
1147 3393 1180 3430 a
1202 3376 1467 3442 vobis,an
1490 3393 1606 3431 non
1628 3375 1806 3432 iidem

151 3466 351 3539 apices
383 3464 660 3521 destinati
691 3469 906 3524 essent.
932 3464 1033 3537 qui
1064 3464 1230 3537 signo
1262 3470 1451 3521 vestro
1483 3482 1677 3521 carere
1731 3464 1808 3521 vi-

152 3556 466 3622 debantur,
508 3553 754 3610 intentio
798 3554 1010 3609 dubios
1059 3554 1347 3621 redderet,
1378 3558 1436 3610 et
1491 3554 1810 3627 apostolica

152 3644 547 3702 mansuetudo
580 3643 957 3700 correctionis
983 3643 1177 3699 adhuc
1226 3648 1463 3717 tempus
1512 3661 1673 3700 more
1715 3661 1809 3700 so-

151 3733 259 3790 lito
309 3731 650 3805 protelaret;
693 3732 850 3804 quod
902 3735 1101 3788 tamen
1159 3731 1474 3798 evidenter,
1521 3736 1809 3804 quantum

151 3820 500 3881 correctioni
530 3820 935 3878 ecclesiasticae
968 3838 1071 3893 pro
1101 3825 1221 3878 tam
1273 3821 1688 3893 pmsumptiva
1730 3823 1811 3877 fa-

152 3913 349 3969 ctione
378 3912 681 3983 subjacerc
703 3910 1034 3981 pavescitis.
1069 3910 1483 3966 Monueramus
1515 3909 1809 3982 siquidem

150 4000 399 4072 vos,qui
432 3999 592 4073 pallii
624 4016 800 4056 usum
824 3999 1084 4071 quaeritis
1116 3999 1351 4055 Dolensi
1382 3998 1650 4055 Ecclesiae
1682 4001 1810 4055 des-

151 4089 355 4159 tinari,
388 4093 453 4145 ut
483 4089 701 4162 scripta
718 4087 822 4144 illa
842 4105 969 4161 quae
998 4088 1071 4144 ab
1101 4087 1418 4161 apostolica
1450 4094 1653 4145 nostra
1673 4091 1810 4146 sede

153 4179 612 4254 praedecessores
641 4177 819 4234 vestri
855 4177 917 4233 in
947 4177 1321 4249 susceptione
1349 4177 1509 4250 pallii
1546 4195 1811 4251 percepe-

156 4272 310 4337 rant,
345 4268 515 4324 nobis
544 4267 937 4334 direxissetis;
963 4270 1255 4339 quatenus
1278 4284 1406 4335 nos,
1439 4267 1658 4324 eisdem
1676 4266 1809 4322 dili-

154 4364 361 4434 genter
389 4357 691 4431 inspectis,
715 4373 819 4430 per
849 4357 1225 4413 decessorum
1256 4362 1592 4413 nostrorum
1634 4357 1812 4413 vesti-

154 4448 255 4522 gia
284 4449 700 4521 gauderemus,
734 4446 1268 4520 subjungentes,ut
1297 4447 1574 4520 epistolae,
1608 4450 1811 4519 quate-

156 4554 273 4593 nus
304 4535 492 4609 magis
523 4534 746 4592 creduli
778 4536 1177 4606 redderemur,
1211 4553 1345 4592 cum
1397 4536 1712 4608 episcopali
1758 4541 1814 4593 et

1918 3394 2054 3432 cum
2085 3394 2151 3433 eo
2175 3383 2446 3433 strenuos
2476 3380 2698 3432 vestros
2730 3374 2999 3449 dirigatis
3048 3374 3288 3450 legatos,
3322 3374 3572 3448 pariter-

1918 3483 2030 3539 que
2061 3467 2299 3538 scripta,
2316 3483 2442 3538 quae
2465 3465 2840 3538 protulimus,
2867 3464 3250 3531 destinantes,
3274 3467 3569 3536 quatenus

1920 3556 2227 3627 utriusque
2258 3554 2523 3628 partibus
2558 3571 2752 3611 coram
2775 3554 2947 3610 nobis
2975 3553 3386 3625 auditis,aequa
3405 3552 3571 3608 lance

1918 3662 2097 3701 causa
2129 3644 2358 3715 librata,
2392 3662 2519 3717 quae
2550 3644 2627 3700 sit
2656 3644 2812 3716 apud
2841 3661 2943 3699 vos
2977 3640 3426 3716 metropolitano.
3462 3643 3570 3697 Ec-

1918 3733 2097 3791 clesia
2124 3734 2253 3789 luce
2283 3734 2498 3790 clarius
2529 3738 2899 3806 agnoscatur.
2924 3732 3137 3788 Datum
3167 3749 3261 3788 XVI
3283 3730 3571 3788 Kalendas

1917 3824 2146 3891 Junias,
2178 3824 2380 3879 indict.
2414 3840 2529 3878 xxv.

2164 4029 2239 4068 AD
2276 4027 2621 4067 SALOMONEM
2660 4026 2850 4065 REGEM
2890 4026 3322 4068 BRITANNORUM.

2558 4111 2747 4179 (Anno
2778 4108 2928 4181 866.)

1919 4211 2149 4266 Recusat
2175 4211 2389 4264 mittere
2415 4208 2652 4280 pallium
2700 4208 3017 4280 Festiniano
3062 4207 3282 4263 Dolensi
3308 4208 3571 4279 episcopo,

1988 4280 2156 4336 donec
2205 4277 2537 4337 authenticis
2578 4279 2798 4351 scriptis
2842 4277 2907 4335 de
2954 4279 3111 4334 illius
3157 4280 3287 4351 jure
3336 4277 3574 4335 (convin-

1991 4361 2164 4408 catur.

2439 4438 2627 4512 [Apud
2661 4438 2873 4507 Mansi,
2898 4438 3059 4511 ibid.]

1995 4539 2185 4596 Lectis
2214 4537 2410 4611 gloriae
2441 4541 2645 4593 vestrae
2678 4536 2908 4606 litteris,
2944 4554 3090 4610 quas
3121 4540 3321 4594 nostro
3356 4554 3575 4609 praesu-

155 4626 319 4700 regia
346 4625 508 4683 bulla
538 4625 808 4698 signatae,
840 4628 898 4680 et
926 4625 1149 4681 missus
1179 4629 1370 4681 vester
1398 4625 1647 4682 idoneus
1679 4627 1815 4682 scri-
1847 4639 1894 4704 Β
1924 4629 2069 4685 latui
2103 4627 2228 4684 sine
2258 4626 2645 4699 impressione
2687 4625 2974 4700 signaculi
3027 4624 3280 4698 alicujus
3329 4624 3581 4699 dirigere

157 4722 262 4788 pta
280 4715 410 4788 ipsa
431 4715 962 4787 subsequerentur;
987 4715 1090 4770 sed
1108 4731 1212 4771 vos
1244 4715 1364 4771 fare
1386 4715 1445 4770 id
1477 4715 1813 4773 distulistis.

156 4807 459 4862 Postremo
499 4804 869 4860 contentione
899 4805 1055 4876 apud
1107 4804 1438 4872 Britannos,
1465 4805 1599 4878 quis
1643 4807 1820 4863 fuerit

159 4893 670 4966 metropolitanus,
704 4894 930 4964 oborta,
963 4893 1301 4961 statuimus,
1335 4898 1401 4950 ut
1448 4895 1521 4950 ad
1565 4896 1818 4952 Turoni-

161 5000 291 5042 cam
324 4984 544 5052 sedem,
576 4999 755 5055 quam
804 4983 1176 5056 metropolim
1216 4987 1468 5039 vestram
1516 5001 1645 5040 esse
1689 4985 1818 5058 plu-

161 5072 319 5128 rium
332 5072 563 5144 judicia
591 5073 1019 5142 demonstrant,
1053 5072 1386 5140 recurretis,
1420 5077 1522 5128 aut
1551 5074 1623 5128 ad
1654 5091 1822 5146 apos-

162 5160 415 5218 tolatum
446 5165 715 5217 nostrum
747 5162 1043 5219 destinare
1068 5161 1818 5234 contenderetis,quatenus

164 5268 293 5323 quae
326 5250 499 5307 fuerit
531 5251 687 5323 apud
715 5268 817 5307 vos
848 5251 1295 5330 metropolitana
1333 5250 1591 5307 Ecclesia
1637 5268 1821 5324 appa-

166 5344 342 5396 reret.
369 5339 480 5396 Sed
512 5343 790 5396 neutrum
821 5340 1035 5396 horum
1069 5341 1345 5414 perficere
1372 5339 1826 5406 voluistis.Qua—

166 5432 405 5502 propter
435 5429 577 5503 quia
607 5428 966 5486 Turonensis
1014 5429 1292 5499 Ecclesia,
1326 5433 1612 5502 quantum
1660 5445 1823 5485 com-

165 5519 454 5592 perimus,
488 5517 828 5592 metropolis
854 5521 1051 5577 vestra
1080 5523 1190 5587 est,
1220 5523 1423 5587 restat,
1456 5535 1695 5575 necesse
1737 5522 1827 5574 est

165 5611 233 5666 ut
259 5607 452 5682 ipsam
500 5608 680 5665 vestri
734 5610 1061 5682 sequantur
1106 5608 1386 5682 episcopi,
1417 5608 1728 5683 ipsamque
1764 5608 1825 5665 in

168 5697 294 5756 suis
326 5697 577 5775 negotiis
611 5698 843 5767 adeant,
880 5701 937 5757 et
964 5696 1154 5773 ipsius
1181 5698 1475 5773 judicium
1524 5699 1827 5774 exquirere

493 5826 762 5893 PATBOL.
810 5826 1019 5892 CXIX.

1924 4719 2035 4774 visi
2066 4716 2230 4784 estis,
2262 4715 2587 4789 reperimus
2634 4715 2695 4770 in
2744 4716 2827 4771 eis
2877 4733 2980 4772 vos
3030 4715 3201 4772 nobis
3241 4715 3577 4783 mandasse,

1928 4807 2082 4878 quod
2112 4810 2170 4862 et
2199 4810 2332 4861 ante
2353 4822 2456 4861 vos
2478 4822 2629 4877 saepe
2650 4804 3226 4871 mandastis,scilicet
3246 4809 3313 4860 ut
3332 4803 3580 4876 pallium

1929 4895 2259 4952 Festiniano
2289 4895 2605 4950 venerabili
2633 4894 2869 4951 Dolensi
2890 4893 3137 4950 antistiti
3167 4894 3238 4948 ab
3263 4891 3582 4964 apostolica

1928 4986 2084 5053 sede,
2139 4985 2233 5040 cui
2283 4983 2562 5040 divinitus
2619 5000 2969 5056 praesumus,
3021 4982 3404 5037 mitteremus.
3468 4980 3581 5035 Sed

1929 5079 2243 5147 antequam
2277 5075 2348 5129 ad
2383 5073 2505 5129 haec
2556 5073 2824 5130 consulta
2871 5072 3068 5144 aliqua
3100 5069 3578 5135 rescriberemus,

1930 5167 2280 5220 convenerat
2322 5163 2492 5220 nobis
2539 5180 2643 5235 pro
2693 5163 2803 5218 hoc
2855 5161 3010 5233 quod
3062 5175 3274 5215 nomen
3322 5162 3582 5215 vestrum

1934 5252 2252 5324 apostolico
2275 5253 2499 5308 nomini
2522 5251 2827 5308 scribendo
2852 5247 3254 5322 praeposuistis
3269 5264 3371 5303 vos
3392 5247 3586 5302 mode-

1932 5347 2025 5397 sta
2056 5341 2450 5412 increpatione
2480 5339 2786 5413 corrigere.
2819 5340 3037 5394 Tamen
3082 5336 3221 5409 quia
3267 5335 3586 5408 apostolica

1935 5431 2324 5486 mansuetudo
2339 5430 2633 5486 neminem
2655 5427 2959 5500 repentina
2979 5443 3242 5500 unquam
3264 5424 3585 5482 invectione

1936 5520 2256 5593 redarguit,
2282 5524 2339 5576 et
2365 5534 2468 5592 per
2498 5517 2914 5591 negligentiam
2947 5516 3095 5572 forte
3125 5514 3427 5588 scriptoris
3474 5513 3585 5569 hoc

1936 5609 2198 5667 evenisse
2231 5613 2527 5684 utcunque
2558 5607 2844 5682 cognovit,
2868 5604 3098 5662 distulit
3137 5621 3239 5661 vos
3278 5604 3451 5660 modo
3480 5619 3586 5678 pro

1940 5699 2166 5759 meritis
2197 5698 2648 5776 coercere,quod
2677 5701 2908 5757 tantum
2937 5695 3209 5755 volumus
3241 5691 3586 5762 emendatis,
