4098 6500
495 392 607 456 971

1869 380 2186 446 NICOLAI
2229 380 2460 444 PAPIE
2502 383 2552 444 Ι.

3808 377 3966 441 972

498 530 788 601 quantum
809 521 1154 580 correctioni
1180 519 1582 578 ecclesiastica)
1606 534 1709 590 pro
1730 521 1848 573 tam
1872 533 2148 589 praesum-
2180 519 2236 586 Α
2266 534 2369 589 pro
2400 520 2565 573 tanto
2599 516 2811 573 scelere
2842 515 3195 573 sententiam
3223 514 3285 571 in
3317 531 3447 572 eam
3480 516 3650 589 justas
3671 513 3966 588 punitio-

498 617 657 690 ptiva
686 614 939 671 factione
971 612 1277 684 subjacere
1323 607 1672 665 formidatis.
1708 606 1791 662 De
1832 605 1994 679 pallii
2024 622 2158 661 vero

501 704 839 771 directione,
875 718 1053 774 quam
1084 699 1300 766 dicitis,
1334 696 1631 770 simulque
1661 694 1992 752 Turonensi
2040 711 2160 750 me-

502 793 736 867 tropoli,
762 792 977 864 saepius
1008 789 1171 845 vobis
1203 804 1271 845 ea
1299 804 1427 860 qua:
1460 785 1704 843 rationis
1736 789 1875 841 sunt
1919 784 2164 858 scripsi-

508 901 675 952 mus;
700 883 803 938 sed
835 881 988 937 sicut
1010 880 1069 934 in
1092 877 1302 934 litteris
1322 876 1532 933 vestris
1564 875 1991 949 relegimus,ad
2023 873 2165 930 scri-

512 978 615 1046 pta
643 980 844 1027 nostra
874 969 1033 1026 auris
1083 985 1200 1023 non
1249 967 1442 1024 cordis
1490 965 1819 1021 inclinastis
1860 963 2163 1019 intuitum.

516 1063 719 1118 Restat
749 1076 884 1132 ergo
916 1062 980 1113 ut
1011 1059 1248 1113 tandem
1277 1074 1404 1129 quae
1437 1056 1514 1112 sit
1533 1055 1687 1127 apud
1718 1071 1819 1109 vos
1841 1053 2171 1125 antiquitus

516 1149 855 1222 metropolis
885 1145 1257 1203 intueamini.
1283 1144 1621 1218 Metropolis
1651 1145 1809 1200 enim
1840 1147 2032 1200 vestra
2061 1147 2169 1210 est,

517 1240 669 1297 sicut
697 1238 922 1294 dudum
951 1237 1118 1292 vobis
1150 1235 1634 1309 signiﬁcavimus,
1666 1233 2023 1289 Turonensis
2070 1232 2172 1287 Ec-

517 1328 712 1399 clesia,
735 1332 802 1383 ut
831 1343 960 1383 sese
988 1326 1210 1382 habent
1240 1324 1470 1380 munita
1512 1324 2006 1397 praedecessorum
2040 1338 2175 1377 nos-

515 1422 764 1485 trorum,
798 1420 856 1473 et
885 1416 1151 1489 priorum
1184 1414 1450 1487 exempla
1496 1414 1836 1481 ostendunt,
1875 1413 1947 1469 ad
1999 1428 2176 1484 quam

515 1512 721 1564 vestrae
755 1505 1010 1579 regionis
1039 1504 1344 1577 episcopos
1377 1506 1603 1576 oportet
1633 1518 1949 1571 recurrere,
1974 1507 2031 1557 et
2051 1503 2179 1572 ejus

511 1596 722 1671 judicii
741 1594 1115 1664 sententiam,
1150 1598 1440 1650 reservata
1471 1593 1626 1649 sedis
1657 1590 1987 1665 apostolica).
2017 1596 2180 1664 pote-

522 1689 694 1755 state,
728 1684 1034 1757 exquirere
1095 1682 1287 1739 modis
1336 1682 1633 1750 omnibus,
1663 1699 1779 1738 non
1839 1681 2180 1737 detrectare.

523 1774 812 1843 Quoniam
844 1772 1305 1846 reprehensibile
1336 1789 1466 1828 esse
1493 1772 1727 1827 videtur
1757 1774 1822 1827 ut
1847 1772 1920 1827 ob
1953 1770 2187 1827 divisio-

525 1882 664 1922 nem
695 1863 858 1937 regni
882 1864 1015 1935 quis
1048 1862 1162 1917 sibi
1192 1862 1507 1934 talia,quia
1537 1860 1690 1917 inter
1707 1878 1810 1916 vos
1840 1861 2184 1927 audiuntur,

526 1954 825 2011 vindicare
857 1954 1100 2008 nitatur.
1134 1951 1515 2025 Quapropter,
1551 1950 1632 2006 ﬁli
1659 1950 1760 2018 mi,
1787 1967 1858 2006 ne
1879 1948 2187 2024 praebeatis

528 2043 643 2100 ista
690 2042 1025 2099 volentibus
1076 2058 1413 2108 assensum,
1437 2042 1539 2097 sed
1589 2046 1645 2098 et
1695 2042 1840 2099 alios
1890 2043 1961 2099 ad
2012 2040 2189 2097 verba

527 2137 723 2189 vestra
774 2148 879 2205 per
924 2130 1260 2203 exemplum
1310 2132 1651 2189 obedientiae
1709 2132 2082 2201 accendatis;
2134 2134 2191 2187 et

528 2222 683 2280 sicut
712 2221 795 2278 ait
839 2218 1176 2293 Apostolus,
1208 2221 1593 2277 humiliamini
1638 2224 1739 2277 sub
1782 2222 1993 2294 potenti
2019 2238 2193 2277 manu

529 2314 648 2380 Dei,
680 2316 743 2367 ut
769 2327 860 2367 vos
890 2310 1091 2367 exultet
1117 2311 1178 2365 in
1207 2318 1440 2382 tempore
1468 2310 1866 2368 tribulationis
1896 2311 1944 2379 (Ι
1968 2312 2190 2378 Petr.v,

531 2401 609 2474 6).
645 2400 791 2467 Quia
821 2399 869 2455 si
898 2398 1139 2455 monitis
1184 2398 1403 2454 nostris
1450 2399 1791 2455 obedientes
1825 2399 2191 2470 exstiteritis,

536 2490 814 2547 omnibus
844 2489 1014 2545 bonis
1045 2487 1499 2560 replebimini,et
1527 2493 1662 2561 post
1691 2490 1868 2545 ﬁnem
1890 2490 2070 2561 hujus
2093 2506 2194 2544 sae-

535 2580 652 2636 culi
682 2594 930 2651 regnum
964 2578 1119 2649 quod
1149 2576 1290 2632 vivit
1317 2576 1378 2631 in
1405 2581 1707 2647 aeternum,
1737 2578 2042 2634 orantibus
2064 2596 2195 2634 san-

536 2670 648 2727 ctis
679 2667 1455 2742 apostolis,capietis.Porro
1476 2667 1525 2722 si
1558 2668 1788 2740 aliquas
1819 2668 2196 2725 auctoritates

531 2758 763 2815 habetis
812 2774 940 2830 quae
1004 2758 1160 2829 apud
1219 2756 1535 2812 Britannos
1593 2757 1964 2830 metropolim
2011 2758 2196 2814 fuisse

530 2847 847 2914 declarent,
881 2850 983 2902 aut
1031 2846 1407 2901 decessorum
1458 2850 1795 2902 nostrorum
1847 2847 2194 2918 pontiﬁcum

532 2953 896 3011 quaecunque
921 2934 1140 3007 scripta
1170 2934 1225 2990 id
1262 2935 1632 2992 ostendentia
1663 2936 1946 3005 retinetis,
1983 2937 2057 2992 ad
2089 2954 2195 2993 nos

535 3043 604 3084 ea
624 3026 876 3099 dirigite.
893 3026 1086 3081 Mittat
1106 3025 1281 3081 etiam
1305 3029 1361 3080 et
1373 3026 1735 3083 Turonensis
1751 3026 2008 3083 Ecclesia
2025 3026 2195 3084 nobis

538 3115 832 3187 similiter,
866 3115 917 3171 si
946 3115 1141 3183 habet,
1177 3114 1574 3184 auctoritates,
1609 3132 1735 3188 qua
1768 3115 1932 3171 illam
1983 3116 2195 3173 suffra-

539 3223 788 3281 ganeam
821 3222 989 3262 suam
1020 3203 1314 3261 exstitisse
1345 3209 1654 3274 testentur,
1690 3210 1983 3278 quatenus
2012 3207 2196 3262 utris-

2275 606 2366 662 nis
2415 605 2692 678 proferre,
2727 606 2842 663 nisi
2891 606 3184 666 obstinato
3233 605 3429 662 animo
3486 604 3828 679 perenniter
3890 603 3965 659 in

2272 696 2534 752 moechiae
2563 695 2868 753 volutabro
2901 713 3245 769 permanere
3266 695 3690 769 proposuisset,
3724 698 3785 751 et
3805 692 3967 749 nul-

2273 783 2345 840 lis
2370 785 2563 847 sacris,
2584 785 3034 855 monitis,nullis
3067 786 3284 842 nostris
3306 802 3411 842 seu
3433 785 3644 853 vestris
3662 774 3798 841 tam
3821 800 3969 840 cre-

2274 873 2396 930 bris
2427 874 2932 932 exhortatiombus
2961 892 3024 933 se
3054 879 3318 948 paratam
3373 875 3663 931 exhibere.
3698 872 3973 947 (a)Quia

2276 967 2471 1020 tamen
2515 982 2631 1021 non
2662 983 2770 1022 sua
2798 964 3099 1021 voluntate
3149 966 3366 1021 factum
3398 965 3497 1034 sit,
3531 965 3669 1036 Deo,
3703 964 3811 1038 qui
3846 979 3977 1020 cor

2279 1054 2630 1123 considerat,
2647 1060 2702 1111 et
2724 1055 2998 1112 ﬁdelibus
3020 1056 3149 1126 ejus
3170 1073 3273 1128 per
3291 1055 3491 1112 emnia
3511 1059 3711 1112 manet
3732 1054 3974 1111 certis—

2280 1144 2501 1200 simum
2526 1162 2539 1200 :
2566 1161 2701 1200 cum
2725 1162 2834 1201 sua
2863 1150 3069 1218 sponte
3093 1144 3461 1211 hactenus,si
3493 1144 3810 1217 potuisset,
3825 1145 3977 1200 imo

2282 1237 2562 1305 perpetuo
2584 1232 2645 1289 in
2676 1237 2838 1289 tanto
2870 1233 3089 1308 ﬂagitio
3119 1233 3561 1307 permansisset,
3596 1233 3707 1290 nisi
3744 1237 3981 1291 nostra

2285 1338 2464 1394 super
2488 1322 2596 1377 hoc
2618 1322 2903 1379 abolendo
2924 1323 3285 1380 fuissetcum
3308 1323 3523 1379 virtute
3544 1322 3769 1379 summi
3788 1322 3984 1396 opiﬁ-

2286 1411 2370 1467 cis
2400 1411 2770 1469 incessabilis
2802 1413 3126 1486 diligentia,
3141 1418 3199 1471 et
3229 1413 3371 1469 socii
3401 1414 3561 1485 ejus,
3579 1412 3724 1485 proh
3750 1413 3980 1469 nefas!

2288 1500 2508 1557 scilicet
2536 1518 2735 1558 secum
2759 1503 3139 1559 admittendis
3161 1503 3690 1576 quomodocunque
3707 1503 3990 1559 inclina-

2288 1590 2402 1646 tior
2446 1590 2769 1648 exstitisset
2821 1591 3169 1648 obedientia.
3204 1592 3368 1649 Patet
3400 1592 3659 1665 profecto
3690 1593 3780 1648 ita
3827 1610 3991 1649 esse

2291 1698 2420 1752 quae
2451 1680 2726 1751 dicimus,
2748 1698 2883 1737 cum
2913 1682 3201 1757 hactenus
3231 1681 3466 1756 culpam
3496 1700 3666 1739 suam
3698 1684 3990 1741 necdum

2291 1771 2646 1845 cognoverit,
2680 1787 2786 1828 nec
2812 1772 3081 1828 confessa
3125 1773 3222 1841 sit,
3247 1773 3418 1845 juxta
3459 1773 3614 1846 quod
3663 1773 3990 1847 scriptum

2293 1865 2421 1918 est:
2456 1863 2551 1917 Dic
2606 1869 2666 1917 tu
2725 1863 3048 1934 iniquitates
3104 1869 3224 1918 tuas
3271 1864 3508 1935 primus,
3542 1870 3602 1919 ut
3629 1863 3991 1937 justiﬁceri:

2296 1951 2424 2022 (Isa.
2455 1967 2650 2018 XLVIII,
2681 1967 2786 2007 sec.
2818 1952 2991 2024 Sept.)
3026 1969 3039 2006 :
3075 1968 3180 2008 nec
3210 1951 3395 2009 missa
3432 1953 3624 2020 nobis,
3659 1953 3761 2026 qui
3815 1970 3992 2010 cau-

2298 2057 2425 2096 sam
2454 2039 2643 2113 ipsius
2673 2041 3107 2113 exsequendam
3140 2041 3444 2115 coepimus,
3464 2041 3990 2100 lamentationum

2299 2130 2607 2203 legatione,
2640 2130 2871 2186 veniam
2902 2131 3301 2203 postulaverit,
3329 2131 3752 2205 praemissaque
3782 2134 3995 2207 pceni-

2299 2218 2495 2275 tentiae
2531 2219 2788 2275 remedio
2838 2237 3158 2293 congruam
3190 2222 3472 2278 meruerit
3501 2222 3989 2296 indulgentiam,

2302 2307 2613 2365 Salomone
2642 2309 2870 2366 dicente
2902 2328 2915 2366 :
2950 2313 3063 2382 Qui
3089 2312 3231 2368 celat
3257 2312 3480 2378 delicta,
3513 2329 3626 2369 non
3655 2312 3988 2386 dirigetur;

2300 2400 2398 2471 qui
2425 2407 2611 2455 autem
2637 2401 2916 2472 confessus
2942 2402 3137 2472 fuerit,
3163 2408 3217 2457 et
3241 2402 3513 2458 dimiserit
3540 2418 3626 2470 ea,
3648 2404 3990 2461 misericor-

2301 2487 2455 2547 diam
2480 2497 2836 2561 consequetur
2865 2489 3047 2563 (Prov.
3079 2491 3237 2565 xvn).
3270 2490 3571 2548 Postremo
3614 2508 3753 2549 cum
3806 2498 3991 2550 recto

2303 2576 2510 2633 itinere
2542 2595 2648 2634 nos
2668 2577 2754 2633 illi
2778 2578 2969 2635 fuerat
2990 2580 3415 2651 adeundum,et
3436 2581 3593 2638 sedis
3617 2581 3777 2638 beati
3810 2582 3991 2639 Petri

2304 2666 2583 2740 suffragia
2613 2667 3287 2741 requirenda,quatenus
3302 2670 3473 2742 juxta
3493 2672 3647 2743 quod
3672 2674 3992 2729 statutum

2303 2758 2511 2825 fuerat,
2546 2774 2654 2813 nos
2685 2757 2756 2813 de
2787 2759 2917 2830 ejus
2946 2759 3180 2832 negotio
3226 2760 3342 2815 Deo
3387 2758 3605 2833 placita
3633 2760 3991 2818 considera-

2302 2845 2461 2901 tione
2492 2847 2875 2903 deﬁniremus
2909 2864 2922 2903 :
2957 2852 3160 2921 postea
3190 2852 3342 2905 retro
3391 2853 3480 2905 est
3523 2867 3808 2907 conversa
3837 2855 3993 2925 post

2305 2940 2595 3006 satanam,
2628 2940 2685 2991 et
2713 2937 2774 2992 in
2806 2937 3167 3008 provinciam
3216 2942 3283 2994 ut
3327 2938 3763 3013 principaretur
3812 2940 3880 2996 in
3916 2958 3990 2998 ea

2305 3024 2414 3080 iter
2443 3024 2704 3081 reﬂexit:
2731 3024 2866 3082 licet
2884 3026 3180 3083 industria
3199 3026 3375 3101 legati
3397 3029 3583 3085 nostri
3629 3029 3701 3085 ad
3738 3028 3985 3087 Italiam

2304 3114 2495 3170 deuuo
2544 3119 2812 3172 revocata
2869 3115 2967 3183 sit,
2993 3121 3051 3173 et
3097 3118 3266 3190 quasi
3317 3117 3464 3173 nihil
3497 3119 3675 3176 fuerit
3703 3126 3982 3193 operata,

2304 3205 2461 3260 unde
2484 3203 2544 3259 in
2558 3204 2772 3261 Christi
2790 3205 3135 3264 sitEcclesia
3158 3224 3269 3265 non
3293 3208 3591 3264 modicum
3613 3209 3985 3266 scandalum

543 3277 659 3368 que
687 3295 953 3368 partibus
983 3294 1222 3361 auditis,
1254 3294 1408 3350 inter
1434 3277 1749 3367 utramque
1780 3312 1907 3368 quae
1941 3295 2019 3351 sit
2066 3313 2193 3352 me-
2226 3277 2269 3345 C
2306 3299 2671 3367 generatum,
2694 3293 2943 3367 gloriam
2975 3296 3182 3352 mundi
3206 3299 3697 3371 sectatur,reique
3719 3299 3985 3364 publicae

540 3385 784 3458 tropolis
816 3400 1264 3458 cognoscamus.
1298 3383 1445 3448 Quia
1473 3383 1627 3440 sicut
1672 3401 1775 3440 vos
1819 3383 2107 3454 clamatis,
2140 3388 2199 3442 et

544 3475 646 3531 illa
675 3474 910 3543 clamat,
940 3472 1489 3546 metropolitanatus
1512 3475 1652 3546 jura
1681 3474 1837 3546 apud
1887 3475 2198 3530 Britannos

544 3564 709 3639 regni
738 3564 916 3619 istius
944 3563 1209 3619 tenuisse
1240 3566 1415 3635 atque
1447 3567 1660 3620 tenere.
1693 3565 1808 3619 Aut
1837 3563 1886 3619 si
1914 3565 2060 3620 forte
2092 3582 2197 3620 sae-

543 3654 775 3727 pedicta
794 3651 1054 3708 Ecclesia
1072 3652 1581 3721 auctoritates,aut
1600 3659 1794 3710 vestra
1816 3671 1965 3726 quas
1994 3654 2202 3710 habuit

542 3741 818 3815 perdidit,
853 3740 1194 3797 amissionis
1253 3739 1415 3798 illius
1471 3744 1712 3798 modum
1766 3759 2046 3810 reserare,
2100 3746 2202 3799 aut

544 3848 614 3887 ex
642 3830 951 3902 utriusque
974 3830 1241 3901 partibus
1270 3829 1509 3887 idoneos
1552 3832 1994 3905 praecipuosque
2043 3833 2202 3905 lega-

543 3925 656 3987 tos,
692 3919 791 3992 qui
824 3919 1013 3976 sciant
1063 3919 1298 3992 plenam
1332 3921 1402 3977 de
1432 3922 1709 3978 omnibus
1759 3923 2002 3978 reddere
2033 3922 2202 3978 nobis

545 4009 787 4066 rationis
828 4008 1245 4083 integritatem,
1279 4010 1450 4067 nobis
1496 4010 1896 4081 transmittite,
1931 4016 2016 4080 ut,
2049 4012 2204 4069 sicut

546 4092 948 4174 praediximus,
982 4099 1135 4155 inter
1161 4108 1300 4173 ,vos,
1353 4101 1667 4172 adjuvante
1720 4101 1990 4175 Domino,
2024 4103 2202 4159 finem

544 4206 857 4264 ponamus.

989 4414 1058 4453 AD
1100 4413 1411 4455 UNIVERSOS
1448 4414 1772 4456 EPISCOPOS.

1194 4506 1379 4579 (Anno
1412 4507 1564 4579 866.)

546 4624 753 4679 lterum
822 4621 1073 4724 agimenet
1107 4622 1223 4724 "cile,
1244 4624 1533 4724 Ismziteniiq
1606 4624 2203 4724 exmmmuqicationis,
2235 4658 2282 4724 D

619 4710 786 4821 qualm
814 4694 1069 4823 adtversus
1107 4695 1457 4752 Waldradam
1483 4696 1703 4768 ejusque
1747 4697 2032 4769 complices
2068 4694 2202 4768 pro4

619 4783 713 4823 mu
738 4783 875 4823 acra
905 4809 917 4822 .

616 4783 917 4839 mulgarat.

1068 4865 1256 4937 [Apud
1287 4863 1497 4931 Mansi,
1530 4865 1691 4936 ibid.]

620 4990 903 5047 NICOLAUS
936 4990 1272 5062 episcopus,
1306 5005 1507 5045 servus
1539 5005 1838 5045 servorum
1887 4989 2010 5062 Dei,
2042 5008 2203 5047 reve-

550 5079 909 5135 rentissimis
959 5077 1351 5134 confratribus
1396 5076 1615 5135 nostris
1660 5079 2113 5153 archiepiscopis
2146 5084 2205 5137 et

552 5168 842 5240 episcopis
886 5185 990 5238 per
1037 5166 1285 5238 Italiam,
1322 5168 1717 5238 Germaniam,
1764 5170 2100 5226 Neustriam
2149 5173 2206 5226 et

552 5257 769 5313 Gallias
797 5256 1152 5336 constitutis.

623 5346 1077 5402 Decreveramus
1137 5346 1373 5417 quidem
1434 5348 1589 5405 circa
1636 5349 2013 5405 Waldradam
2061 5365 2204 5405 moe-

551 5434 744 5501 cham,
767 5439 827 5489 et
849 5435 1222 5506 pertinaciter
1241 5436 1300 5491 in
1318 5437 1723 5510 impenitentia
1740 5442 2201 5510 permanentem,

546 5523 819 5581 vindictae
853 5525 1092 5581 modum
1125 5525 1320 5583 minus
1348 5528 1613 5583 districto
1644 5544 1824 5599 quam
1874 5527 2204 5585 misericor-

549 5612 704 5670 diter
733 5617 1075 5686 tempcrare,
1109 5620 1165 5671 et
1185 5617 1359 5688 juxta
1390 5617 1547 5693 quod
1580 5617 1933 5690 merebatur,
1969 5635 2084 5676 non
2125 5619 2207 5678 ita

619 5710 695 5787 (a)
728 5710 915 5772 Locus
946 5718 1275 5793 corruptus.

2306 3382 2664 3453 dominatur,
2680 3401 2747 3440 ac
2778 3385 2933 3457 quod
2962 3389 3055 3441 est
3084 3386 3342 3459 gravius,
3367 3386 3543 3444 etiam
3574 3389 3689 3461 piis
3719 3387 3873 3447 locis
3900 3397 3991 3447 at-

2309 3489 2423 3545 que
2452 3471 2743 3545 religiosis
2790 3474 3058 3545 personis
3094 3491 3344 3547 praeesse
3394 3476 3797 3550 dignoscitur;
3830 3483 3901 3535 et
3953 3496 3989 3535 α

2309 3560 2692 3635 Theutbergze
2741 3561 2953 3636 reginae
3000 3567 3187 3637 coepta
3235 3564 3510 3623 interitus
3564 3567 3986 3636 meditatione,

2309 3650 2457 3706 sicat
2479 3650 2747 3706 nonnulli
2778 3655 3090 3721 testantur,
3111 3653 3356 3711 minime
3376 3660 3585 3728 cessat,
3607 3656 3748 3712 dum
3782 3674 3854 3714 ea
3882 3659 3987 3715 ni—

2311 3740 2528 3796 mirum
2558 3739 2686 3797 loca
2707 3746 2968 3813 repetere
2992 3742 3310 3815 affectat,in
3333 3744 3550 3817 quibus
3570 3745 3762 3802 facilis
3784 3746 3988 3820 ipsius

2311 3829 2382 3885 ad
2407 3845 2601 3902 regem
2625 3829 3055 3897 Lotharium,et
3076 3832 3342 3903 ejusdem
3370 3834 3525 3907 regis
3548 3836 3619 3890 ad
3636 3851 3765 3891 eam
3785 3837 3986 3909 possit

2311 3935 2440 3974 esse
2472 3936 2764 3975 accessus.
2800 3919 2868 3975 Et
2897 3924 2962 3976 ut
2986 3920 3237 3977 breviter
3265 3928 3477 3979 cuncta
3507 3924 3894 3997 complectar,
3912 3927 3985 3983 de

2312 4007 2405 4064 die
2436 4007 2495 4063 in
2527 4008 2705 4079 diem,
2733 4008 2984 4081 qualiter
3004 4010 3077 4066 ad
3099 4011 3380 4083 pristinas
3401 4012 3728 4085 voluptates
3751 4014 3981 4082 redeat,

2310 4097 2488 4155 variis
2534 4097 2899 4171 argumentis
2949 4098 3224 4172 exquirit.
3253 4100 3671 4159 Verumtamen
3724 4108 3793 4160 ut
3835 4121 3982 4161 cum

2313 4185 2543 4260 egregio
2574 4186 2852 4260 Apostolo
2882 4189 3227 4246 summatim
3258 4190 3526 4249 dicamus
3556 4194 3716 4266 quod
3766 4200 3985 4250 contra

2312 4292 2441 4331 eam
2464 4278 2783 4348 contraque
2803 4276 2932 4349 ejus
2955 4277 3179 4335 similes
3194 4281 3410 4353 saepius
3432 4281 3838 4355 replicandum
3859 4289 3981 4353 est,

2315 4364 2455 4438 quia
2482 4366 2809 4422 secundum
2842 4366 3120 4424 duritiam
3152 4386 3323 4426 suam
3353 4374 3411 4428 et
3449 4388 3548 4428 cor
3594 4372 3981 4445 impcenitens

2313 4454 2670 4511 thesaurizat
2698 4454 2810 4512 sibi
2860 4456 3009 4513 iram
3059 4457 3119 4514 in
3169 4459 3263 4516 die
3293 4459 3392 4516 ira
3425 4461 3599 4534 (Rom.
3625 4463 3687 4534 II)
3713 4479 3726 4517 :
3755 4462 3980 4519 idcirco

2313 4560 2421 4600 nos
2451 4561 2603 4614 eam,
2637 4561 2946 4617 quousque
2976 4547 3048 4602 de
3080 4547 3247 4604 factis
3276 4549 3402 4606 suis
3432 4550 3702 4607 Ecclesiae
3732 4551 3979 4620 Christi,

2313 4633 2602 4706 nobisque
2649 4636 2959 4709 praecipue,
2996 4637 3095 4709 qui
3143 4639 3272 4711 ejus
3320 4638 3722 4714 principaliter
3767 4657 3979 4699 curam

2314 4723 2596 4796 gerimus,
2631 4724 2850 4797 quique
2878 4741 3120 4782 causam
3154 4727 3342 4800 ipsius
3374 4730 3613 4803 exsequi
3637 4746 3704 4787 ac
3733 4729 3978 4788 investi-

2313 4828 2451 4886 gare
2481 4813 2785 4885 coepimus,
2821 4813 3190 4884 satisfecerit,
3225 4817 3409 4874 donec
3448 4818 3626 4874 etiam
3671 4835 3913 4875 omnem
3948 4837 3980 4877 a

2314 4918 2377 4958 se
2401 4901 2704 4958 sinistram
2737 4904 3133 4976 suspicionem
3156 4906 3474 4964 concilium
3506 4913 3773 4964 nostrum
3795 4910 3981 4966 susci-

2312 4991 2479 5063 piens
2511 4992 2804 5061 adimat,a
2833 4993 3072 5066 pretiosi
3091 4996 3351 5068 corporis
3376 5000 3434 5052 et
3455 4997 3763 5070 sanguinis
3781 4999 3980 5055 Domi—

2313 5079 2372 5135 ni
2396 5081 2967 5156 perceptione,atque
2997 5084 3069 5140 ab
3103 5084 3444 5142 omnimodo
3467 5091 3680 5143 sanctae
3705 5086 3977 5145 Ecclesia:

2313 5170 2602 5227 consortio
2633 5172 2820 5228 sancti
2838 5172 3113 5245 Spiritus,
3128 5174 3551 5248 beatorumque
3573 5176 3976 5249 apostolorum

2312 5259 2466 5316 Petri
2497 5264 2555 5316 et
2585 5260 2746 5317 Pauli
2762 5262 3012 5334 judicio,
3028 5267 3085 5319 et
3106 5268 3320 5320 nostra;
3340 5266 3760 5324 mediocritatis
3779 5274 3978 5324 aucto-

2312 5348 2500 5419 ritate,
2515 5350 2769 5407 fecimus
2797 5366 2934 5408 cum
2968 5352 3257 5411 universis
3287 5355 3678 5429 complicibus
3726 5359 3785 5413 et
3812 5373 3975 5413 com-

2313 5438 2781 5497 municatoribus
2812 5441 3259 5515 fautoribusque
3307 5444 3433 5500 suis
3481 5462 3726 5518 prorsus
3780 5450 3977 5502 extor-

2314 5545 2458 5586 rem.
2485 5533 2615 5586 Haac
2645 5535 2841 5588 autem
2875 5532 3226 5590 sententiam
3249 5550 3307 5590 Iv
3328 5534 3522 5592 Nonas
3565 5535 3913 5592 Februarias
3943 5553 3976 5593 a

2313 5619 2485 5678 nobis
2534 5620 2969 5698 promulgatam
3020 5623 3426 5699 meminimus,
3458 5641 3710 5701 eamque
3755 5626 3974 5703 scripto
