4098 6478
520 374 639 434 975

519 509 726 564 caetero
782 504 908 562 ﬁeri
961 520 975 562 :

520 598 725 653 sancta
754 595 987 651 decreta
1016 598 1423 650 contumacem
1463 593 1804 649 eorumdem
1835 590 2049 647 involvi
2080 592 2179 646 de-

521 688 814 741 cretorum
859 686 995 757 jure
1052 683 1375 740 sententiis.
1429 685 1623 739 Tuum
1673 687 1973 756 praeterea,
2006 681 2182 737 frater

521 773 892 841 charissime,
924 774 1291 846 propositum
1324 773 1568 829 observa
1601 778 1695 829 :et
1725 772 1824 844 qui
1847 772 1948 827 diu
1979 771 2038 825 in
2063 787 2184 826 mo-

523 863 781 921 nasterio
814 868 1076 920 moratus
1108 880 1191 929 es,
1221 880 1255 918 a
1285 862 1534 935 pristino
1563 867 1695 918 voto
1726 862 2009 917 divertere
2039 859 2179 916 noli.

524 954 689 1019 Quod
714 954 871 1009 enim
892 953 1062 1009 diuin
1082 951 1514 1007 humilihabitu
1531 950 2182 1024 custodisisti,profecto

525 1041 802 1099 indecens
834 1047 924 1098 est
954 1043 1005 1099 si
1052 1059 1211 1098 nunc
1259 1041 1319 1096 in
1361 1041 1573 1114 potiori
1616 1040 1843 1114 positus
1889 1038 2184 1095 dimiseris

525 1130 748 1199 ordine,
781 1132 889 1187 hoc
921 1131 1118 1204 ipsum
1151 1135 1355 1187 sancta
1384 1147 1620 1204 quoque
1658 1129 1982 1203 Scriptura,
2014 1145 2186 1184 vene-

522 1220 843 1293 randisque
900 1221 1149 1277 decretis
1180 1221 1431 1294 pleniter
1468 1220 1869 1276 edocentibus.
1903 1218 2188 1291 Optamus

524 1310 896 1367 sanctitatem
925 1314 1092 1367 tuam
1124 1311 1184 1365 in
1214 1309 1441 1366 Christo
1467 1310 1617 1366 bene
1641 1308 1851 1366 valere.

1277 1424 1434 1480 XCV.

902 1531 975 1570 AD
1015 1531 1287 1570 CAROLUM
1326 1530 1556 1570 CALVUM
1594 1530 1810 1570 REGBM.

1173 1604 1358 1676 (Anno
1398 1605 1547 1677 866.)

524 1694 875 1767 Nonprobat
905 1695 1147 1767 abusum
1195 1696 1293 1767 qui
1339 1694 1693 1762 incaluerat,
1728 1703 1791 1767 ut
1836 1693 2087 1764 episcopi
2117 1709 2192 1749 ea:

596 1763 811 1820 alienis
842 1766 1107 1823 Ecclesiis
1136 1763 1572 1822 assumerentur
1597 1784 1609 1822 :
1634 1763 1877 1837 Egiloni
1901 1775 2095 1821 tamen
2115 1767 2192 1821 ad

598 1837 979 1893 Senonensem
1008 1838 1330 1894 Ecclesiam
1360 1839 1650 1908 postulato
1679 1840 1923 1909 pallium
1954 1839 2151 1894 mittit.

1037 1929 1223 2000 [Apud
1271 1927 1480 1996 Mansi,
1516 1929 1697 1999 idid.]

600 2024 890 2081 NICOLAUS
922 2025 1253 2098 episcopus,
1287 2043 1491 2083 servus
1522 2043 1824 2083 servorum
1864 2026 1988 2096 Dei,
2022 2025 2198 2083 dilec-

531 2112 764 2170 tissimo
796 2114 917 2170 ﬁlio
946 2118 1171 2171 CAROLO
1202 2116 1348 2189 regi.

600 2203 747 2259 Cum
763 2207 1008 2277 accepta:
1023 2203 1356 2260 dilectionis
1367 2209 1572 2262 vestrae
1590 2205 1920 2279 legeremus
1941 2205 2200 2278 epistolas

534 2295 759 2348 textum
791 2298 848 2349 et
878 2310 981 2366 per
1004 2311 1141 2350 eum
1173 2294 1233 2349 in
1265 2296 1593 2352 Senonensi
1626 2295 1937 2368 metropoli
1968 2295 2199 2369 delega-

534 2385 665 2438 tum
698 2382 1023 2439 antistitem
1070 2384 1239 2441 miris
1270 2402 1372 2441 vos
1423 2386 1695 2458 praeferre
1732 2385 2009 2441 laudibus
2040 2403 2198 2441 com-

532 2472 898 2544 perissemus
924 2491 937 2542 ;
972 2490 1089 2529 non
1121 2473 1315 2529 solum
1362 2474 1433 2529 de
1463 2473 1789 2542 illo,verum
1832 2474 2011 2531 etiam
2043 2479 2100 2530 et
2130 2476 2200 2531 de

530 2561 701 2618 vobis
733 2561 956 2635 ingenti
988 2579 1197 2619 sumus
1219 2562 1609 2619 exsultatione
1631 2564 1932 2621 referti.De
1952 2563 2053 2620 illo
2076 2564 2200 2637 qui-

533 2650 690 2719 dem,
717 2651 998 2723 quoniam
1030 2651 1207 2707 talem
1255 2651 1415 2708 hunc
1447 2654 1606 2709 fama
1636 2654 1929 2725 praedicat,
1965 2654 2197 2727 qualem

536 2738 750 2795 debere
784 2741 1193 2810 [forte,debere
1223 2757 1372 2810 esse,
1403 2742 1611 2811 Hann]
1645 2743 1982 2816 episcopum
2015 2746 2199 2817 Apos-

532 2827 688 2884 tolus
718 2827 961 2898 indicat,
978 2830 1078 2902 qui
1113 2830 1376 2887 scribens
1424 2830 1593 2887 illum
1627 2837 1893 2904 oportere
1940 2833 2200 2890 testimo-

532 2916 701 2972 nium
734 2917 951 2974 habere
996 2920 1240 2988 bonum,
1265 2924 1322 2975 et
1351 2920 1422 2976 ab
1456 2920 1548 2976 his
1580 2921 1678 2993 qui
1711 2921 1852 2978 foris
1884 2927 2024 2978 sunt
2051 2940 2197 2995 prm-

531 3006 691 3063 dicat
722 3008 767 3079 (1
816 3009 961 3065 Tim.
996 3009 1105 3081 In).
1140 3014 1220 3065 De
1268 3011 1434 3067 vobis
1482 3015 1701 3077 autem,
1747 3012 2047 3084 quoniam,
2081 3013 2197 3070 Deo

532 3097 775 3169 gratias,
812 3115 1044 3171 semper
1096 3115 1165 3154 ea
1222 3117 1348 3172 qua
1404 3099 1648 3156 meliora
1707 3105 1846 3157 sunt
1904 3101 2193 3175 diligitis;

532 3202 767 3259 semper
787 3204 915 3259 quae
946 3187 1292 3260 pretiosiora
1316 3194 1472 3246 sunt.
1511 3190 1757 3246 Domino
1781 3191 1897 3247 Deo
1915 3209 1949 3246 a
1969 3192 2195 3248 cunctis

1899 367 2211 431 NICOLAI
2255 365 2485 427 PAPAE
2527 365 2576 426 Ι.

1026 504 1287 578 alioquin
1346 507 1853 577 praesumptorem,
1914 506 1972 559 et
2030 501 2184 558 circa
2213 502 2265 570 Α
2298 499 2471 567 batis,
2505 498 2742 555 aliunde
2786 498 2888 571 qui
2937 497 3021 555 eis
3077 495 3476 570 irregulariter
3518 499 3965 569 praeponeretur

2224 1888 2273 1953 B

3842 362 3966 422 976

2291 588 2514 645 electus
2544 592 2653 656 est,
2688 591 2744 644 et
2773 587 2874 659 qui
2907 587 3157 643 aliorum
3182 586 3438 643 fructum
3461 585 3732 643 laborum
3764 601 3961 641 come-

2290 679 2454 734 deret
2466 678 2835 736 adinventus.
2851 676 3142 732 Nimirum
3165 692 3300 732 eum
3313 676 3639 733 reverendae
3657 675 3961 732 memorie

2293 768 2565 823 decessor
2593 766 2775 839 hujus
2821 766 3004 823 tantis
3036 784 3071 822 a
3093 767 3259 823 vobis
3299 766 3607 839 prteconiis
3657 765 3959 831 efferatur,

2295 861 2360 912 ut
2387 856 2618 912 nullum
2648 856 2708 912 in
2742 857 2946 913 eadem
2976 854 3241 925 ecclesia,
3272 856 3365 912 cui
3397 873 3514 912 non
3544 855 3780 912 modico
3810 858 3961 911 tem-

2295 963 2432 1019 pore
2490 947 2744 1019 przefuit,
2778 944 2885 1019 qui
2940 946 2991 1014 ei
3043 946 3322 1002 canonice
3375 944 3682 1018 subrogari
3735 948 3962 1018 posset,

2294 1035 2671 1108 relinqueret,
2696 1053 2941 1109 prorsus
2964 1035 3310 1092 incredibile
3323 1035 3799 1107 judicatur.Cum
3824 1050 3963 1108 ergo

2295 1124 2644 1182 familiarius
2674 1125 2735 1181 in
2766 1125 3109 1200 regionibus
3135 1125 3346 1182 vestris
3375 1124 3454 1182 sit
3480 1124 3602 1181 haec
3631 1124 3962 1195 temeritas,

2296 1218 2352 1270 et
2382 1231 2684 1272 sacrorum
2735 1231 2914 1288 super
2942 1214 3054 1272 hoc
3102 1230 3396 1271 canonum
3422 1214 3659 1271 violatio
3690 1213 3961 1283 dilatata,

2297 1320 2536 1361 necesse
2567 1308 2657 1361 est
2688 1308 2952 1360 nostram
2985 1302 3437 1360 sollicitudinem
3469 1320 3575 1376 pro
3605 1303 3715 1360 hac
3746 1317 3964 1376 ampuc

2296 1394 2479 1450 tanda
2499 1393 2853 1466 specialibus
2878 1392 3218 1466 impendere
3239 1393 3624 1467 diligentiam.
3653 1394 3964 1465 Quaprop-

2298 1488 2388 1540 ter
2421 1483 2793 1540 dilectionem
2833 1487 3115 1553 vestram,
3147 1483 3319 1556 cujus
3350 1499 3527 1556 opera
3567 1500 3683 1538 non
3715 1482 3964 1556 partim,

2299 1574 2402 1629 sed
2425 1590 2494 1630 ex
2513 1577 2656 1642 toto,
2673 1572 2901 1647 placere
2925 1590 3163 1629 summo
3185 1573 3405 1629 arbitro
3426 1572 3721 1645 cupimus,
3744 1572 3963 1629 obnixe

2299 1663 2695 1737 deposcimus,
2728 1668 2796 1719 ut
2825 1662 2910 1719 sic
2937 1662 3129 1719 zelum
3154 1662 3402 1736 justitiaa
3440 1663 3673 1734 habeat,
3706 1666 3778 1718 ut
3810 1662 3971 1718 hunc

2301 1753 2629 1810 secundum
2652 1751 2960 1809 scientiam
2979 1756 3176 1809 teneat
3199 1771 3213 1808 :
3242 1753 3328 1810 sic
3344 1752 3545 1809 oculos
3566 1769 3635 1808 ex
3655 1769 3781 1809 una
3802 1755 3969 1825 parte

2298 1842 2609 1916 vigilanter
2637 1842 2880 1916 aperiat,
2913 1846 2979 1898 ut
3025 1860 3095 1898 ex
3142 1842 3326 1899 altera
3372 1846 3537 1916 parte
3576 1841 3973 1899 nihilominus

2308 1932 2521 1988 videat.
2560 1931 2647 1988 Illi
2677 1949 2813 1988 vero
2842 1930 2944 2005 pui
2975 1932 3035 1987 in
3075 1931 3401 1989 sacrarium
3428 1931 3861 2004 provehuntur,
3895 1931 3974 1988 sic

2310 2023 2381 2078 de
2410 2021 2637 2078 collatis
2687 2020 2799 2078 sibi
2830 2021 3001 2078 donis
3051 2021 3280 2078 coalitus
3324 2022 3545 2094 gratias
3583 2021 3869 2091 referant,
3916 2025 3979 2076 ut

2310 2128 2426 2166 non
2445 2110 2600 2166 sicut
2617 2109 3017 2167 Pharisaeusin
3035 2110 3278 2166 alterius
3300 2110 3739 2183 derogationem
3754 2114 3976 2167 temere

2311 2200 2546 2273 linguas
2596 2204 2883 2257 exacuant
2914 2217 2927 2256 :
2960 2199 3360 2272 periculosum
3409 2204 3501 2256 est
3548 2201 3728 2268 enim,
3783 2199 3980 2257 taliter

2310 2307 2516 2347 omnes
2547 2289 2818 2346 Ecclesiae
2850 2290 3158 2347 ministros
3183 2305 3478 2364 spernere,
3502 2293 3559 2346 et
3579 2289 3664 2346 eis
3690 2289 3977 2363 improvi-

2310 2385 2529 2447 sum,et
2560 2396 2676 2436 non
2709 2384 2976 2453 optatum
3003 2396 3361 2453 praeponere.
3385 2379 3549 2444 Quod
3596 2379 3737 2452 quia
3770 2379 3973 2436 crebro

2308 2473 2736 2543 praesumptum
2767 2485 2896 2525 esse
2924 2469 3228 2525 nonnullis
3250 2468 3632 2542 querimoniis
3653 2486 3724 2525 ex
3745 2468 3866 2525 hoc
3880 2484 3972 2543 ge-

2309 2560 2599 2615 mentium
2656 2558 2995 2627 didicimus,
3028 2575 3132 2616 vos
3171 2558 3377 2615 merito
3425 2558 3759 2632 diligentes,
3804 2564 3875 2615 ut
3902 2558 3967 2614 ad

2306 2652 2534 2705 tantam
2563 2649 3098 2722 transgressionem
3127 2649 3424 2706 neminem
3452 2647 3775 2722 impellatis
3797 2665 3967 2722 expo-

2308 2739 2833 2813 scimus.Alioquin
2866 2759 2973 2798 nos
3000 2746 3341 2798 sanctarum
3362 2740 3606 2798 minime
3626 2738 3965 2814 regularum

2306 2828 2704 2899 immemores,
2740 2848 2844 2887 nee
2877 2848 3085 2906 segnes
3115 2836 3484 2889 exsecutores
3505 2831 3832 2887 admodum
3855 2829 3965 2887 exi-

2307 2921 2551 2987 stentes,
2586 2920 2866 2976 adversus
2896 2921 3239 2978 temerarios
3254 2920 3572 2979 succinctis
3592 2918 3965 2977 lumbisillas

2307 3008 2617 3064 defendere
2648 3010 3122 3081 procurabimus,
3152 3015 3211 3067 et
3239 3010 3555 3067 auxiliante
3597 3009 3836 3067 Christo
3869 3025 3964 3064 no-

2306 3097 2419 3165 bis,
2452 3102 2509 3153 et
2533 3098 2789 3155 ecclesiae
2812 3100 3184 3157 consulentes
3216 3100 3511 3174 ipsius,de
3540 3103 3743 3156 caetero
3775 3115 3962 3172 aqua-

2308 3185 2548 3242 nimiter
2575 3187 2884 3245 violatores
2908 3206 3110 3245 earum
3133 3189 3295 3247 nullo
3317 3190 3491 3246 modo
3513 3188 3961 3246 sustinebimus.

533 3274 728 3331 offerri
760 3276 1126 3333 desideratis.
1161 3279 1273 3334 Sed
1306 3280 1578 3351 quamvis
1610 3279 1732 3335 haec
1764 3298 1871 3336 nos
1900 3280 2068 3338 valde
2098 3280 2191 3337 lae-
2225 3264 2268 3331 C
2307 3275 2623 3350 Usquequo
2653 3281 2850 3335 tamen
2877 3280 3145 3335 eamdem
3171 3279 3704 3352 praevaricationem
3722 3277 3962 3351 incipia-

526 3363 772 3433 tiﬁcent,
808 3365 1062 3422 multum
1093 3372 1290 3423 tamen
1322 3369 2010 3442 contristant,quiaidem
2030 3388 2197 3427 vene-

530 3453 734 3511 rabilis
764 3455 853 3510 vir
876 3473 993 3511 non
1026 3457 1096 3512 de
1125 3457 1255 3530 ipsa
1284 3458 1549 3526 ecclesia,
1584 3460 1682 3515 sed
1718 3460 1791 3532 (a)
1818 3461 1889 3516 de
1938 3461 2194 3533 quodam

531 3544 890 3600 monasterio
938 3544 1120 3602 fuisse
1170 3547 1529 3619 perhibetur.
1565 3548 1826 3621 Denique
1878 3566 2013 3605 cum
2057 3566 2195 3625 erga

532 3634 857 3689 monachos
887 3634 1089 3690 eadem
1122 3635 1378 3707 profecto
1397 3637 1753 3710 regula,quae
1777 3638 1931 3694 circa
1951 3638 2191 3696 clericos

529 3721 630 3793 qui
661 3722 1019 3793 provehendi
1069 3728 1229 3789 sunt,
1264 3728 1663 3783 conversanda
1699 3728 1812 3797 sit;
1848 3728 2191 3785 indecorum

526 3813 747 3881 tamen,
784 3812 923 3884 quin
957 3812 1151 3885 potius
1183 3813 1454 3870 illicitum
1490 3815 1665 3885 est,in
1688 3816 1880 3873 aliena
1899 3818 2192 3890 stipendia

527 3916 887 3972 quemquam
930 3902 1229 3975 obrepere,
1263 3908 1318 3959 et
1338 3922 1405 3960 ex
1426 3910 1759 3961 transverso
1779 3907 2107 3964 venientem
2130 3908 2190 3964 in

520 3993 731 4058 castra,
767 3990 918 4047 inter
949 4007 1076 4063 quae
1109 4010 1225 4048 non
1258 3993 1553 4063 militavit,
1580 3996 1859 4052 ducatum
1892 3997 2185 4071 arripere;

518 4077 862 4136 beatissimo
895 4080 1230 4152 apostolicae
1254 4082 1412 4137 sedis
1435 4083 1684 4154 praesule
1714 4084 2018 4141 Caelestino
2043 4104 2187 4160 prae-

523 4168 793 4240 cipiente,
828 4174 1006 4242 atque
1038 4171 1267 4227 dicente
1286 4172 1524 4241 (decret.
1555 4174 1642 4246 18)
1668 4190 1681 4228 :
1710 4196 1737 4224 ‹‹
1762 4175 1927 4230 Tunc
1949 4175 2096 4232 alter
2116 4177 2188 4233 de

521 4257 706 4314 altera
737 4259 991 4333 eligatur
1019 4260 1343 4330 ecclesia,si
1367 4262 1438 4317 de
1459 4261 1712 4319 civitatis
1731 4264 1918 4337 ipsius
1937 4263 2182 4334 clericis,

518 4347 615 4403 cui
646 4348 960 4421 episcopus
992 4354 1080 4405 est
1110 4350 1495 4420 ordinandus,
1532 4351 1733 4409 nullus
1765 4354 2000 4427 dignus,
2027 4356 2183 4428 quod

517 4437 746 4493 evenire
778 4456 894 4494 non
949 4439 1263 4511 credimus,
1315 4443 1569 4513 potuerit
1615 4443 1884 4499 inveniri.
1919 4444 2184 4501 Primum

516 4525 673 4580 enim
706 4526 791 4582 illi
823 4530 1174 4600 reprobandi
1208 4536 1439 4599 sunt,ut
1473 4532 1654 4604 aliqui
1680 4534 1750 4588 de
1779 4533 1983 4589 alienis
2001 4535 2182 4592 eccle-

2307 3381 2442 3420 mus
2473 3365 2763 3438 generalis
2795 3366 3010 3424 decreti
3060 3368 3244 3424 nostri
3293 3367 3489 3442 ligone
3525 3368 3596 3424 de
3627 3366 3962 3440 regionibus

2304 3453 2512 3510 vestris
2543 3454 2826 3512 radicitus
2857 3456 3197 3530 exstirpare,
3230 3458 3591 3530 parcendum
3627 3455 3767 3512 huic
3803 3454 3960 3512 fratri

2294 3540 2423 3612 jam
2455 3545 2514 3597 et
2537 3541 2880 3616 coepiscopo
2912 3550 3114 3601 nostro
3145 3542 3721 3618 praavidimus.Unde
3749 3548 3813 3599 et
3842 3540 3958 3617 pal-

2300 3630 2447 3687 lium
2477 3632 2648 3704 juxta
2700 3633 3186 3691 consuetudinem
3230 3638 3667 3691 antecessorum
3714 3647 3953 3691 suorum

2303 3722 2589 3777 utendum
2637 3721 2688 3778 ei
2739 3724 3067 3779 secundum
3098 3724 3555 3797 postulationem
3585 3726 3846 3779 vestram
3875 3722 3954 3778 di-

2300 3810 2580 3867 reximus.
2614 3810 2725 3867 Sed
2758 3812 3034 3886 petimus,
3068 3818 3133 3870 ut
3161 3814 3315 3871 sicut
3359 3831 3466 3870 nos
3495 3830 3598 3870 vos
3653 3812 3953 3870 audientes

2299 3900 2357 3955 id
2390 3901 2442 3957 ei
2473 3901 2897 3970 concessimus,
2927 3903 3011 3959 ita
3057 3904 3247 3977 pietas
3295 3909 3490 3961 vestra
3534 3920 3639 3977 pro
3688 3920 3754 3959 eo
3802 3902 3951 3977 quod

2296 3991 2600 4063 poscimus
2623 3991 2734 4065 ipsi
2758 3990 2958 4066 largiri
2984 3993 3265 4049 munifica
3289 3993 3624 4067 dapsilitate
3644 3992 3948 4067 dignetur:

2297 4096 2392 4136 res
2409 4080 2761 4151 videlicet,et
2782 4098 3028 4154 quaeque
3045 4084 3117 4139 ab
3140 4083 3384 4140 ecclesia
3405 4083 3951 4140 Senonensiabbata

2297 4171 2713 4241 quoquomodo
2746 4170 3494 4246 dignoscantur,quatenus
3507 4173 3660 4230 sicut
3676 4173 3837 4228 idem
3858 4186 3952 4245 per

2298 4275 2404 4314 nos
2434 4275 2713 4316 concesso
2761 4264 2924 4318 tanto
2956 4279 3200 4319 munere
3230 4263 3487 4318 exterius
3517 4263 3851 4330 decoratur,
3880 4261 3953 4316 ita

2296 4365 2531 4421 quoque
2561 4350 2633 4405 de
2661 4350 2906 4406 redditis
2937 4350 3195 4409 ecclesiae
3226 4352 3339 4408 sibi
3364 4352 3697 4409 commissae
3718 4368 3826 4425 per
3846 4350 3950 4408 cle-

2295 4438 2578 4494 mentiam
2608 4443 2862 4496 vestram
2894 4439 3142 4497 interius
3165 4440 3691 4514 gratuletur.Quod
3722 4439 3946 4514 pietatis

2292 4543 2440 4599 opus
2490 4528 2655 4584 vobis
2688 4528 2936 4586 suadere
2975 4530 3249 4603 cupimus
3280 4530 3459 4587 etiam
3492 4531 3650 4587 circa
3697 4530 3944 4603 reliquas

516 4612 621 4669 siis
652 4616 859 4672 merito
894 4620 1294 4690 praeferantur.
1330 4621 1553 4675 Habeat
1598 4622 2013 4695 unusquisque
2063 4643 2181 4680 sua;
2210 4645 2258 4708 Β
2292 4616 2457 4689 regni
2484 4617 2663 4673 vestri
2711 4618 2987 4675 ecclesias
3031 4621 3439 4677 exercendum.
3476 4620 3711 4678 Scilicet
3751 4630 3815 4677 ut
3847 4633 3940 4676 nec

516 4703 771 4760 fructum
804 4707 1023 4763 militia:
1057 4709 1113 4763 in
1148 4709 1481 4778 ecclesia,in
1516 4727 1633 4781 qua
1665 4730 1834 4767 suam
1859 4730 1961 4784 per
1980 4715 2179 4770 omnia

514 4794 799 4867 transegit
831 4801 1080 4863 aetatem,
1108 4798 1165 4851 in
1214 4797 1405 4851 aliena
1438 4799 1730 4868 stipendia
1762 4800 2004 4857 minime
2037 4803 2183 4858 alter

512 4882 790 4956 obrepat;
826 4904 930 4941 nec
982 4887 1113 4941 aliis
1162 4887 1423 4941 debitam
1456 4886 1603 4942 alter
1632 4890 1846 4945 audeat
1885 4890 2181 4949 vindicare

514 4976 866 5030 mercedem.
905 5000 933 5025 ››
963 4977 1023 5031 In
1044 4977 1894 5050 quibusverbisperspicacitas
1918 4981 2179 5038 dilectio-

514 5061 606 5117 nis
640 5069 845 5118 vestrte
883 5067 1197 5137 prudenter
1226 5066 1510 5135 attendat,
1548 5069 1824 5140 quoniam
1857 5075 1960 5126 aut
1990 5073 2062 5127 de
2093 5088 2183 5127 ec-

510 5150 699 5206 clesia:
733 5155 1090 5210 Senonensis
1121 5154 1366 5225 clericis,
1402 5157 1501 5229 qui
1554 5160 1926 5217 ordinaretur
1974 5161 2177 5217 nullus

512 5240 729 5312 dignus
764 5243 1033 5297 inventus
1063 5248 1170 5311 est,
1208 5246 1360 5317 quod
1394 5247 1654 5305 evenisse
1688 5268 1802 5306 non
1855 5250 2173 5319 credimus,

508 5330 764 5386 maxime
797 5348 932 5386 cum
966 5333 1043 5386 sit
1074 5335 1499 5407 metropolis,et
1532 5338 1873 5395 clericorum
1906 5357 2171 5398 numero.

508 5418 681 5475 sitate
710 5437 827 5475 non
861 5427 1052 5477 careat
1083 5439 1096 5478 :
1128 5428 1229 5480 aut
1259 5431 1411 5482 certe
1442 5427 1533 5483 his
1548 5430 1684 5499 jure
1707 5430 1953 5486 minime
1976 5448 2171 5504 repro-

580 5543 655 5615 (a)
688 5547 1068 5621 De_quodam
1107 5553 1479 5609 monasterio.
1516 5552 1867 5621 Flaviniaco,
1904 5556 2170 5613 dioecesis

502 5614 1435 5698 augustodunensisﬁhronicum
1453 5614 1926 5698 manuscriptum
1962 5647 1974 5685 :
2004 5638 2170 5686 Anno

503 5686 619 5746 864Γ
634 5689 980 5750 translatum
1012 5704 1097 5753 est
1125 5712 1332 5769 corpus
1363 5706 1567 5756 amicta:
1601 5686 1827 5775 Regiam
1846 5701 2092 5775 virginis
2112 5712 2169 5760 et

2289 4705 2398 4761 hoc
2412 4705 2739 4764 innumeris
2756 4708 3140 4781 miriﬁcisque
3166 4709 3498 4766 actionibus
3518 4710 3730 4766 vestris
3747 4711 3941 4767 deesse

2292 4795 2514 4852 bonum
2546 4802 2713 4869 pacto
2747 4797 3008 4868 quolibet
3056 4805 3427 4872 agnoscatur.
3479 4800 3626 4856 Nam
3661 4805 3936 4873 quantum

2292 4885 2370 4940 sit
2400 4887 2831 4956 detestandum,
2863 4905 2956 4944 res
2979 4905 3013 4944 θ,
3039 4889 3155 4962 piis
3181 4890 3416 4963 regibus
3435 4894 3492 4947 et
3514 4890 3737 4946 devotis
3759 4888 3936 4946 homi-

2290 4975 2467 5030 nibus
2498 4977 2615 5032 Deo
2666 4978 2933 5047 donatas,
2979 4979 3275 5050 permissu
3323 4984 3514 5036 vestro
3565 4980 3859 5047 subtrahi,
3888 4982 3938 5034 et

2289 5066 2695 5123 mundialibus
2717 5067 2926 5124 usibus
2957 5069 3409 5142 deputare,quia
3437 5070 3767 5143 epistolaris
3789 5068 3941 5126 locu?

2286 5154 2467 5211 tionis
2502 5158 2745 5212 modum
2777 5157 3160 5230 excessimus,
3192 5164 3397 5215 vestra
3428 5159 3729 5234 sapientiae
3760 5157 3935 5217 subti-

2285 5242 2420 5301 liter
2448 5246 2942 5303 eonsiderandum
2973 5246 3393 5322 relinquimus.

2281 5550 2570 5622 martyris
2597 5553 2756 5622 apud
2781 5553 3206 5622 Flaviniacum,
3240 5555 3594 5625 praesidente
3618 5556 3740 5613 loco
3772 5553 3929 5625 Egilo

2278 5626 2503 5757 tszbbnqle,
2551 5625 2917 5694 postmodum
2955 5628 3274 5686 Senonensi
3322 5629 3779 5702 archiepiscopo.
3812 5625 3923 5688 Jac.

2325 5715 2375 5755 in
2432 5738 2445 5752 .
