4098 6468
163 453 296 517 981
1402 456 1809 521 EPISTOLJE

1950 461 1953 484 ’
1996 457 2356 521 DECRETA
2373 503 2386 520 .
2482 499 2502 517 ι
3492 464 3609 527 982

164 586 597 664 exponendum
619 604 632 647 :
655 604 862 648 verum
885 587 1121 649 interim
1144 588 1204 649 in
1231 590 1439 651 diebus
1461 591 1848 667 jejuniorum,
1879 591 1936 659 Α
1964 590 2249 649 Dominus
2278 594 2528 650 testatur
2554 592 2614 650 in
2646 593 2956 669 Evangelio
2982 595 3182 653 dicens
3214 611 3226 653 :
3265 597 3615 656 Muliercum

165 679 243 736 in
266 679 484 753 quibus
506 696 610 753 per
634 679 1051 739 abstinentiam
1069 687 1123 739 et
1140 681 1466 740 lamentum
1486 682 1840 755 poenitentiae
1944 683 2098 753 parit
2128 685 2416 739 tristitiam
2463 684 2656 753 habet;
2705 702 2832 741 cum
2879 694 3061 742 autem
3103 689 3309 760 peperit
3350 705 3609 760 puerum,

168 770 475 843 praecipue
496 769 743 826 Domino
765 770 1217 844 supplicandum
1236 773 1543 842 est,modis
1565 772 1841 829 omnibus
1941 773 2063 843 jam
2102 789 2214 829 non
2258 775 2513 830 meminit
2558 791 2849 847 pressura),
2877 784 3100 848 propter
3145 778 3429 849 gaudium,
3476 781 3609 850 quia

168 865 274 917 est
301 877 336 916 a
357 860 636 916 carnibus
656 860 1384 926 abstinendum.Quoniam
1408 862 1545 919 licet
1564 862 1839 918 omnibus

169 966 350 1006 orare
362 954 420 1006 et
435 949 727 1007 abstinere
757 952 1442 1023 conveniatjejuniorum
1463 956 1663 1008 tamen
1685 956 1839 1008 tem—

171 1038 426 1110 poribus
457 1038 713 1113 amplius
743 1040 1110 1097 abstiuentiaa
1132 1042 1410 1098 inservire
1430 1041 1838 1115 oportet,vide-

167 1128 411 1195 licet,ut
440 1128 539 1201 qui
558 1145 620 1186 se
643 1129 875 1186 sciverit
900 1129 1105 1187 illicita
1123 1135 1490 1204 perpetrasse
1511 1131 1836 1188 secundum

173 1234 353 1275 sacra
381 1217 694 1275 decretalis
719 1218 780 1275 in
799 1218 894 1275 bis
915 1219 1090 1276 etiam
1114 1238 1148 1276 a
1176 1220 1355 1277 licitis
1387 1237 1449 1277 se
1480 1220 1836 1293 quibusdam

169 1307 494 1374 abstineat,
529 1308 1024 1381 quadragesimali
1053 1309 1320 1366 videlicet
1362 1314 1644 1382 tempore,
1679 1309 1834 1381 quod

170 1400 272 1454 est
300 1401 434 1453 ante
464 1397 714 1465 Pascha;
741 1398 971 1469 jejunio
999 1402 1132 1470 post
1159 1403 1581 1467 Pentecostem,
1608 1396 1836 1471 jejunio

169 1491 316 1544 ante
347 1486 775 1544 solemnitatem
805 1489 1246 1561 Assumptionis
1295 1493 1511 1545 sanctae
1542 1489 1642 1544 Dei
1673 1488 1835 1561 geni-

168 1576 367 1643 tricis,
398 1579 455 1632 et
498 1592 730 1649 semper
774 1576 1018 1650 virginis
1064 1577 1315 1634 dominae
1361 1582 1572 1634 nostra
1599 1578 1831 1646 Mariae;

172 1683 407 1723 necnon
451 1666 678 1738 jejania
725 1669 859 1722 ante
908 1666 1125 1723 natalis
1172 1667 1404 1723 Domini
1462 1667 1647 1723 nostri
1693 1667 1833 1724 Jesu

170 1755 400 1814 Christi
432 1756 807 1812 festivitatem
842 1759 855 1810 ε
891 1772 1019 1828 quae
1060 1756 1292 1829 jejunia
1338 1761 1544 1812 sancta
1572 1758 1836 1812 Romana

171 1846 445 1919 suscepit
472 1845 801 1918 antiquitus
831 1850 889 1902 et
918 1850 1076 1903 tenet
1103 1846 1379 1903 Ecclesia.
1416 1847 1480 1902 In
1511 1850 1674 1902 sexta
1699 1863 1833 1902 vero

1948 868 2107 916 natus
2158 869 2238 917 est
2284 863 2441 919 homo
2486 866 2546 919 in
2590 865 2855 920 mundum
2888 866 3067 934 (Joan.
3100 873 3218 935 xw)
3252 884 3264 922 :
3300 866 3607 923 mulierem

1950 950 2092 1006 dicit
2121 956 2387 1007 sanctam
2419 952 2926 1009 Eeclesiam.Sicut
2956 955 3111 1009 enim
3140 954 3355 1011 mulier
3385 959 3520 1012 nato
3545 957 3605 1011 in

1949 1039 2107 1096 hunc
2129 1042 2418 1096 mundum
2441 1041 2675 1098 homine
2694 1042 2942 1111 laetatur,
2971 1043 3053 1099 ita
3068 1043 3326 1100 Ecclesia
3350 1045 3408 1100 in
3425 1045 3604 1101 vitam

1948 1130 2208 1186 futuram
2241 1131 2503 1187 ﬁdelium
2535 1133 2750 1204 populo
2775 1134 3066 1206 migrante
3118 1134 3299 1208 digna
3346 1134 3602 1191 exsulta-

1945 1219 2104 1275 tione
2126 1219 2414 1293 repletur;
2439 1238 2541 1292 pro
2561 1238 2677 1293 qua
2693 1223 2820 1293 ejus
2842 1223 3145 1279 nativitate
3167 1224 3420 1279 multum
3442 1223 3602 1280 labo-

1945 1325 2085 1365 rans
2114 1314 2172 1364 et
2202 1326 2442 1383 gemens
2462 1311 2522 1365 in
2544 1312 2814 1383 praesenti
2838 1313 3005 1383 quasi
3037 1313 3372 1384 parturiens
3402 1312 3595 1369 dolet:

1945 1414 2050 1454 nec
2080 1416 2297 1454 novum
2324 1399 2493 1455 debet
2522 1400 2797 1473 cuiquam
2828 1400 3028 1472 videri,
3079 1400 3129 1456 si
3177 1406 3351 1457 natus
3383 1402 3600 1457 dicitur

1945 1487 2047 1559 qui
2072 1504 2141 1543 ex
2171 1487 2280 1543 hac
2325 1489 2444 1544 vita
2465 1488 2827 1563 migraverit;
2862 1492 3156 1562 quomodo
3186 1492 3344 1547 enim
3377 1492 3596 1547 usitato

1946 1593 2106 1633 more
2138 1576 2352 1633 dicitur
2381 1577 2560 1648 nasci,
2586 1581 2821 1651 quando
2852 1580 2985 1651 quis
3015 1597 3083 1636 ex
3119 1583 3283 1635 utero
3332 1584 3595 1636 materno

1943 1666 2337 1738 procedensin
2355 1667 2710 1724 hanclucem
2731 1670 2874 1738 exit;
2911 1669 2992 1725 sic
3016 1687 3248 1741 quoque
3271 1672 3405 1740 jure
3421 1674 3594 1725 natus

1944 1755 2223 1829 appellari
2256 1762 2449 1829 potest
2465 1757 2710 1830 quilibet
2722 1758 2793 1813 ab
2815 1759 2994 1831 hujus
3027 1758 3221 1814 saeculi
3245 1758 3499 1813 tenebris
3523 1758 3594 1813 ad

1943 1843 2142 1901 lumen
2173 1846 2513 1918 pertingens
2532 1847 2853 1903 viventium
2888 1865 2900 1903 :
2934 1865 3038 1919 pro
3068 1865 3185 1920 qua
3214 1863 3350 1919 ergo
3383 1863 3444 1901 re
3465 1851 3598 1918 apte

170 1936 327 1992 feria
354 1934 549 1991 omnis
580 1934 979 2004 hebdomadas,
1013 1939 1071 1991 et
1102 1936 1162 1991 in
1194 1936 1421 1991 cunctis
1448 1935 1666 2008 vigiliis
1688 1935 1833 1992 insi-
1862 1970 1910 2036 Β
1942 1935 2368 1991 consuetudine
2384 1939 2616 1992 tenetur
2636 1936 3124 2005 ecclesiastica,ut
3155 1936 3446 1992 solemnes
3468 1936 3599 1991 bea-

169 2024 386 2099 gnium
417 2023 797 2080 festivitatum
823 2042 858 2079 a
886 2024 1152 2081 carnium
1179 2042 1283 2081 esu
1305 2026 1656 2081 cessandum
1677 2030 1734 2081 et
1745 2025 1832 2097 je-é

160 2113 1364 2189 juniisincumbendum,utveracitercum
1378 2114 1830 2187 psalmographo

171 2204 295 2262 dici
336 2203 527 2260 valeat
558 2218 571 2259 :
604 2202 685 2260 Ad
728 2219 1012 2276 vesperum
1055 2204 1428 2260 demorabitur
1475 2206 1651 2275 ﬂetus,
1682 2212 1735 2260 et
1762 2204 1833 2260 ad

169 2295 517 2353 matutinum
548 2293 750 2350 laetitia
780 2293 953 2364 (Psal.
971 2293 1225 2363 xxxx).Si
1255 2292 1389 2366 quis
1416 2310 1550 2349 vero
1570 2298 1831 2350 vestrum

170 2383 311 2440 aliis
337 2381 584 2439 voluerit
609 2382 757 2438 forte
789 2381 996 2438 diebus
1028 2399 1063 2437 a
1091 2383 1367 2438 carnibus
1395 2383 1831 2450 abstinere,non

171 2476 319 2530 sunt
349 2471 728 2544 prohibendi:
754 2470 1034 2543 quoniam
1052 2475 1270 2543 quanto
1290 2471 1424 2543 quis
1453 2471 1546 2526 hic
1565 2470 1626 2525 in
1652 2471 1834 2544 lacry—

171 2561 296 2618 mis
307 2559 497 2634 magis
512 2559 1081 2627 seminaverit,eants
1103 2559 1359 2631 amplius
1376 2560 1433 2614 in
1455 2559 1668 2632 gaudio
1685 2575 1834 2616 mes-

172 2668 357 2710 surus
385 2653 474 2706 est
504 2648 563 2705 in
595 2649 715 2705 vita
745 2648 1102 2705 aeterna.Nos
1152 2653 1348 2705 tamen
1396 2648 1580 2718 vobis,
1613 2650 1735 2723 qui,
1769 2654 1835 2705 ut

170 2739 571 2815 prtetulimus,
605 2738 795 2795 adhuc
841 2739 1019 2795 rudes
1067 2738 1233 2807 estis,
1263 2742 1320 2794 et
1348 2737 1500 2794 lacte
1548 2742 1833 2811 tanquam

170 2828 407 2903 parvuli
437 2828 879 2896 nutriendi,non
899 2843 1072 2899 grave
1094 2828 1626 2900 potuimusjugum
1650 2829 1834 2884 donec

174 2920 254 2977 ad
286 2918 541 2976 solidum
571 2918 770 2973 cibum
799 2917 1047 2973 veniatis
1076 2916 1397 2990 imponere.
1429 2917 1646 2972 Verum
1679 2917 1835 2974 sicut

174 3008 292 3066 hoc
320 3008 555 3065 interim
587 3024 881 3074 cavemus,
914 3007 999 3062 ita
1027 3010 1095 3062 ut
1118 3006 1411 3078 prohibita
1439 3023 1555 3063 non
1600 3008 1833 3062 contin-

170 3097 330 3173 gatis
343 3096 533 3155 modis
547 3096 821 3152 omnibus
834 3096 1221 3151 admonemus
1237 3094 1603 3167 :protoplasti
1616 3094 1831 3168 quippe

171 3186 370 3245 solum
402 3201 645 3259 pomum
680 3184 973 3257 gustando
1002 3183 1247 3240 vetitum
1278 3184 1349 3239 de
1380 3183 1635 3256 paradisi
1657 3201 1831 3240 amoe-

170 3275 357 3334 nitate
380 3274 643 3348 propulsi
674 3276 832 3330 sunt.

1937 2026 2133 2082 torum
2166 2024 2604 2097 martyrum,vel
2635 2027 3038 2081 confessorum
3066 2025 3274 2080 Christi
3309 2024 3596 2097 dies,qui-

1940 2113 2054 2168 bus
2081 2114 2152 2169 de
2181 2113 2291 2169 hoc
2313 2115 2532 2170 mundo
2554 2115 2628 2169 ad
2647 2115 2942 2187 regionem
2963 2115 3286 2187 migravere
3308 2114 3592 2181 vivorum,

1940 2207 2354 2275 nuncupentur
2401 2203 2646 2272 natales,
2682 2205 2783 2259 sed
2810 2209 2866 2259 et
2896 2220 3097 2259 eorum
3143 2203 3431 2260 solemnia
3476 2218 3594 2257 non

1940 2291 2210 2347 funebria
2237 2296 2522 2364 tanquam
2556 2293 2956 2359 morientium,
2990 2294 3091 2348 sed
3124 2297 3187 2348 ut
3218 2296 3350 2363 pote
3378 2291 3440 2347 in
3458 2307 3597 2347 vera

1938 2379 2057 2435 vita
2086 2382 2453 2437 nascentium
2495 2381 2765 2437 natalitia
2811 2382 3155 2437 vocitantur.
3192 2383 3342 2453 Ergo
3374 2381 3421 2435 si
3453 2384 3594 2434 tunc

1940 2469 2059 2525 nati
2091 2475 2229 2525 sunt
2258 2472 2460 2543 utique
2504 2471 2639 2538 Deo,
2673 2471 2765 2527 cui
2814 2471 3012 2526 omnia
3057 2471 3278 2536 vivunt,
3328 2470 3384 2524 in
3423 2470 3595 2541 cujus

1942 2576 2121 2615 manu
2145 2562 2443 2631 justorum
2457 2561 2664 2617 animae
2684 2561 2884 2633 positae
2903 2561 3304 2632 sunt,quando
3325 2558 3433 2615 visi
3457 2561 3597 2614 sunt

1941 2648 2127 2706 oculis
2174 2649 2577 2723 insipientium
2628 2650 2796 2717 mori,
2831 2650 3044 2705 mulier
3091 2653 3296 2705 sancta
3321 2650 3447 2717 jam
3478 2664 3596 2703 non

1943 2740 2213 2794 meminit
2244 2756 2546 2812 pressura:
2577 2744 2813 2812 propter
2840 2738 3291 2813 gaudium,quia
3310 2741 3486 2793 natus
3507 2740 3599 2792 est

1940 2828 2116 2884 homo
2146 2827 2207 2884 in
2239 2829 2622 2895 mundum,id
2640 2834 2728 2885 est
2749 2830 2807 2883 in
2825 2828 3016 2884 lucem
3038 2833 3313 2883 aeternam
3335 2825 3521 2898 :quod
3543 2827 3596 2882 si

1942 2919 2012 2973 de
2044 2919 2172 2989 ejus
2203 2917 2501 2973 nativitate
2525 2917 2773 2984 laetatur,
2806 2934 2921 2973 non
2948 2916 3215 2987 jejuniis,
3250 2932 3365 2970 non
3410 2915 3595 2969 absti-

1941 3006 2301 3073 nentiis,non
2333 3007 2587 3079 denique
2609 3006 2746 3062 ullis
2768 3007 2941 3061 debet
2963 3007 3090 3077 ipso
3122 3021 3325 3060 vacare
3343 3004 3436 3058 die
3457 3020 3596 3058 mce-

1938 3095 2191 3151 roribus.
2225 3095 2502 3162 Quamvis
2531 3095 2591 3150 in
2618 3094 2726 3150 hac
2757 3094 2901 3149 valle
2938 3094 3332 3166 lacrymarum
3366 3107 3597 3164 semper

1939 3184 2261 3258 lugendum
2292 3184 2389 3252 sit,
2422 3188 2481 3240 et
2511 3185 2695 3240 donec
2725 3182 3095 3255 perveniatur
3124 3183 3195 3238 ad
3227 3180 3392 3236 illam
3425 3197 3597 3254 auge-

1938 3273 2132 3330 lorum
2159 3270 3590 3345 festivitatem,sempermaeroribusinsistendum:

242 3341 536 3429 V.Quarta
566 3363 710 3420 feria
735 3361 1003 3435 quamvis
1034 3379 1064 3419 e
1093 3362 1316 3418 ceteris
1363 3362 1573 3418 diebus
1622 3365 1830 3435 praeter
1860 3341 1904 3408 (ἶ
1943 3363 2221 3435 quoniam
2252 3362 2364 3419 etsi
2395 3362 2490 3417 hic
2522 3341 2866 3418 Solemnitas
2883 3362 3222 3432 agitur,non
3244 3363 3441 3414 tamen
3464 3374 3595 3413 con-

171 3459 400 3513 sextam
431 3453 634 3510 feriam
666 3452 745 3508 sit
776 3452 1034 3525 amplius
1064 3451 1414 3508 maeroribus
1444 3452 1830 3524 operandum,

170 3561 280 3619 pro
311 3561 378 3600 eo
408 3544 565 3614 quod
590 3541 873 3599 Dominus
903 3541 1031 3614 ipso
1054 3543 1181 3613 jam
1212 3541 1306 3596 die
1337 3540 1395 3595 in
1428 3541 1602 3597 corde
1641 3545 1830 3609 terrae,

170 3634 235 3690 id
267 3636 358 3689 est
385 3632 549 3688 Judae
579 3630 900 3698 traditoris,
922 3631 1356 3702 quodammodo
1387 3628 1656 3703 sepultus
1688 3634 1830 3696 erat,

174 3723 322 3780 dum
352 3721 511 3777 hunc
528 3721 655 3793 ipse
672 3721 845 3776 morti
868 3719 1095 3776 tradere
1124 3719 1760 3776 meditabaturztamen
1784 3718 1835 3775 si

172 3814 439 3869 vestrum
471 3809 603 3882 quis
633 3810 836 3866 eodem
867 3808 961 3864 die
988 3808 1343 3880 vult,potest
1371 3807 1611 3864 omnino
1633 3825 1836 3864 carnes

179 3897 622 3966 comedere,nisi
653 3899 803 3954 forte
834 3897 945 3953 sibi
976 3905 1078 3954 aut
1106 3915 1141 3953 a
1171 3898 1469 3953 sacerdote
1490 3900 1646 3953 esset
1666 3899 1839 3953 inter-

180 3990 431 4055 dictum,
464 3987 745 4060 quoniam
779 3986 1065 4059 scriptum
1096 3990 1185 4043 est
1218 4003 1230 4042 :
1266 3986 1456 4041 Melius
1509 3986 1836 4057 obedientia,

178 4095 349 4152 quam
373 4078 758 4150 sacriﬁcium(l
787 4076 1044 4148 Reg.xv);
1081 4080 1182 4131 aut
1210 4076 1402 4147 ipsam
1453 4075 1655 4130 feriam
1690 4075 1841 4130 inter

182 4167 308 4225 dies
330 4166 695 4239 jejuniorum
726 4164 957 4221 evenire
985 4162 1295 4237 contigerit
1321 4180 1334 4218 :
1368 4164 1649 4235 quoniam
1669 4165 1842 4220 Jona-

182 4256 320 4313 thas
349 4255 637 4311 indictum
684 4271 720 4310 a
768 4257 932 4326 patre
976 4253 1271 4325 jejunium
1303 4252 1599 4308 modicum
1650 4252 1842 4309 mellis

183 4344 476 4420 gustando
502 4343 828 4411 violans,ad
859 4342 1245 4398 occidendum
1268 4342 1338 4397 ab
1361 4341 1488 4413 ipso
1510 4345 1672 4414 patre
1693 4359 1845 4414 quae-

185 4434 337 4492 situs
366 4437 601 4490 est:aut
629 4436 785 4489 certe
812 4432 938 4504 ipse
965 4448 1029 4487 se
1056 4435 1189 4487 voto
1220 4431 1350 4503 ipso
1383 4432 1478 4487 die
1503 4448 1709 4487 carnes
1725 4448 1841 4487 non

186 4527 586 4581 comesturum
618 4521 1051 4589 constrinxerit,
1086 4521 1365 4593 quoniam
1398 4521 1683 4592 scriptum
1714 4525 1840 4576 est:

191 4614 395 4681 Vovete,
446 4620 498 4668 et
549 4611 753 4668 reddite
804 4613 1034 4668 Domino
1085 4612 1192 4665 Deo
1237 4617 1412 4666 vestro
1441 4611 1612 4678 (Psat.
1656 4613 1841 4677 Lxxv).

1940 3453 2235 3519 tinua,sed
2269 3456 2679 3507 momentanea
2708 3455 2815 3519 est,
2850 3468 2977 3523 quae
3008 3450 3101 3504 vix
3129 3448 3447 3521 aliquando
3468 3446 3595 3503 sine

1943 3540 2141 3597 dolore
2174 3541 2490 3613 perficitur.

2014 3630 2107 3685 VI.
2140 3630 2315 3686 Porro
2348 3629 2561 3698 dicitis,
2591 3630 2745 3702 quod
2780 3629 3076 3685 afﬁrment
3104 3626 3283 3682 Graeci
3316 3624 3597 3693 dicentes,

1946 3719 2101 3792 quod
2132 3718 2294 3775 nullo
2324 3720 2497 3775 modo
2528 3720 2587 3774 in
2620 3723 2829 3791 quarta
2857 3723 2914 3774 et
2944 3722 3105 3773 sexta
3150 3716 3295 3772 feria
3335 3713 3603 3771 balneari

1945 3809 2228 3875 debeatis,
2262 3810 2332 3864 de
2365 3826 2480 3881 quo
2512 3808 2569 3864 id
2605 3825 2711 3863 nos
2742 3824 2772 3863 e
2802 3812 3006 3863 contra
3035 3804 3481 3863 consulentibus
3514 3819 3605 3858 re-

1947 3898 2326 3969 spondemus,
2362 3899 2513 3970 quod
2550 3899 2758 3954 beatus
2787 3914 2938 3969 papa
2968 3895 3367 3968 Gregorius,et
3394 3891 3605 3965 Anglo-

1948 4004 2077 4042 rum
2135 3987 2327 4059 gentis
2378 3985 2676 4059 apostolus
2727 3986 3008 4041 Romanis
3048 3986 3119 4039 de
3167 3981 3469 4038 Dominico
3515 3980 3609 4037 die

1949 4093 2219 4131 sermone
2251 4077 2506 4148 quodam
2533 4077 2732 4131 habito
2766 4075 3114 4147 praedicasse
3166 4072 3377 4143 legitur
3408 4071 3601 4142 (Epist.

1950 4166 2048 4220 lib.
2084 4182 2145 4233 ιι,
2168 4167 2383 4237 epist.3)
2422 4183 2434 4221 :
2470 4164 2696 4221 Etenim
2729 4166 2801 4220 ad
2828 4180 2919 4218 me
2952 4162 3241 4234 perlatum
3272 4158 3551 4224 est,vobis
3574 4174 3610 4214 a

1950 4255 2237 4326 perversis
2267 4255 2604 4311 hominibus
2634 4271 2762 4309 esse
2793 4254 3275 4325 praedioatum,ut
3307 4247 3606 4304 Dominico

1951 4343 2045 4400 die
2077 4342 2275 4399 nullus
2316 4344 2522 4399 debeat
2564 4342 2765 4409 lavari,
2814 4346 2871 4396 et
2920 4340 3158 4413 quidem
3209 4338 3258 4394 si
3310 4354 3412 4411 pro
3462 4336 3604 4391 luxu

1952 4431 2154 4499 animi,
2191 4438 2365 4503 atque
2392 4432 2687 4504 voluptate
2714 4430 2846 4503 quis
2876 4429 3056 4485 lavari
3088 4426 3327 4501 appetit,
3349 4426 3458 4481 hoc
3480 4425 3607 4481 ﬁeri

1953 4538 2059 4577 nec
2090 4522 2314 4593 reliquo
2347 4522 2607 4593 quolibet
2635 4521 2728 4577 die
2761 4519 3138 4575 concedimus
3164 4534 3176 4572 :
3204 4517 3251 4574 si
3284 4520 3479 4572 autem
3502 4530 3606 4587 pro

1953 4611 2302 4666 necessitate
2333 4612 2612 4683 corporis,
2646 4610 2756 4666 hoc
2789 4626 2895 4665 nec
2926 4607 3230 4665 Dominico
3270 4606 3363 4661 die
3410 4604 3608 4678 prohi-

190 4705 361 4758 Sexta
387 4717 521 4756 vero
553 4699 697 4756 feria
725 4699 1062 4772 passionem
1094 4698 1482 4768 Dominicam,
1513 4703 1571 4754 et
1613 4703 1845 4771 aposto-
1875 4721 1922 4785 Π
1956 4699 2199 4767 bemus;
2232 4699 2517 4771 scriptum
2551 4700 2767 4772 quippe
2798 4704 2886 4755 est
2930 4716 2943 4753 :
2994 4699 3158 4754 Nemo
3190 4712 3412 4752 carnem
3452 4710 3612 4749 suam

191 4790 383 4848 lorum
415 4788 754 4846 maestitiam
785 4788 1124 4855 recolentes,
1158 4789 1231 4844 ab
1264 4788 1531 4844 omnium
1579 4789 1843 4845 carnium

194 4878 404 4952 epulis,
435 4884 493 4934 et
523 4878 881 4952 pinguedine
910 4882 1122 4951 gustus
1170 4881 1369 4933 noster
1418 4879 1708 4935 arcendus
1738 4883 1845 4947 est,

196 4972 404 5043 praeter
424 4967 474 5024 si
496 4967 769 5023 nativitas
798 4966 1032 5023 Domini
1049 4971 1106 5023 et
1123 4965 1570 5040 epiphaniorum
1593 4969 1643 5040 ej
1653 4974 1852 5038 us,aut

197 5056 477 5116 festivitas
508 5056 690 5113 beata
723 5056 925 5114 Matris
956 5056 1189 5112 Domini
1240 5060 1298 5111 et
1342 5055 1701 5112 intemeratae
1727 5057 1853 5113 Vir-

198 5146 352 5220 ginis
400 5145 618 5215 Mariaa,
658 5162 761 5203 seu
812 5145 1209 5219 apostolorum
1250 5144 1582 5217 principum
1612 5146 1765 5202 Petri
1796 5152 1855 5203 et

200 5235 383 5303 Pauli,
441 5240 618 5308 atque
675 5235 863 5292 sancti
906 5235 1151 5292 Joannis
1197 5234 1491 5307 Baptistae,
1538 5251 1642 5290 ceu
1702 5236 1855 5293 beati

200 5324 444 5383 Joannis
473 5324 862 5399 evangelista,
897 5332 1122 5381 necnon
1166 5327 1222 5379 et
1270 5322 1541 5396 clavigeri
1572 5324 1693 5380 coeli
1727 5341 1855 5397 ger-

204 5415 384 5481 mani,
414 5415 655 5471 Andreae
686 5412 911 5470 scilicet
940 5412 1356 5486 aposteli,quin
1388 5412 1564 5469 etiam
1605 5418 1661 5468 et
1704 5413 1859 5470 beati

206 5502 486 5576 Stephani
499 5501 1083 5576 protomartyrisipso
1101 5502 1194 5558 die
1208 5501 1470 5558 fortassis
1484 5502 1710 5559 evenire
1728 5521 1861 5560 con-

206 5593 575 5668 tigerit.Nam
607 5592 763 5666 quod
794 5596 1000 5649 saneta
1027 5591 1307 5660 Ecclesia,
1335 5597 1402 5647 ut
1428 5593 1617 5648 lidelis
1663 5596 1862 5651 anima

210 5685 269 5741 in
301 5682 617 5739 festivitate
667 5698 869 5739 eorum
910 5681 1164 5754 jejunia,
1194 5682 1281 5737 vel
1312 5681 1703 5739 abstinentiae
1734 5702 1861 5756 quae

212 5791 326 5832 non
356 5776 498 5831 sunt
527 5775 808 5846 perpetuo
836 5775 969 5830 voto
999 5770 1330 5845 propositae,
1362 5771 1584 5829 solvere
1635 5774 1860 5844 debeat,

1953 4790 2075 4846 odio
2105 4790 2318 4858 habuit,
2368 4789 2459 4845 sed
2513 4791 2689 4844 nutrit
2730 4797 2781 4845 et
2828 4791 2970 4860 fovet
3013 4804 3135 4843 eam
3184 4787 3395 4857 (Ephes.
3440 4783 3559 4853 vm)
3595 4797 3608 4836 :

1959 4882 2017 4935 et
2061 4895 2297 4933 rursum
2346 4877 2629 4950 scriptum
2683 4895 2695 4934 :
2758 4879 2954 4933 Carnis
3005 4893 3197 4932 curam
3250 4890 3320 4929 ne
3373 4871 3614 4944 feceritis

1961 4970 2018 5024 in
2078 4969 2522 5040 concupiscentiis
2582 4967 2755 5039 (Rom.
2815 4970 2960 5034 χιιι).
3021 4965 3140 5028 Qui.
3182 4962 3365 5035 igitur
3420 4957 3615 5015 carnis

1963 5075 2164 5114 curam
2198 5058 2259 5112 in
2290 5055 2780 5129 concupiscentiis
2814 5055 2935 5110 fieri
2956 5053 3244 5126 prohibet,
3264 5050 3521 5123 proiecto
3552 5047 3613 5101 iu

1963 5147 2411 5204 necessitatibus
2441 5145 2878 5202 concedit.Nam
2902 5144 2952 5199 si
2975 5141 3277 5199 Dominico
3293 5139 3385 5194 die
3403 5153 3615 5209 corpus

1962 5238 2154 5294 lavare
2183 5241 2484 5310 peccatum
2516 5240 2626 5300 est,
2653 5233 2832 5290 lavari
2865 5249 3000 5305 ergo
3036 5231 3129 5287 die
3153 5230 3356 5286 eodem
3388 5243 3493 5283 nec
3533 5226 3617 5280 fa-

1967 5329 2085 5384 cies
2118 5327 2375 5383 debet.Si
2409 5330 2603 5382 autem
2634 5324 2744 5380 hoc
2777 5324 2836 5378 in
2868 5322 3128 5394 corporis
3158 5323 3322 5393 parte
3350 5315 3618 5373 concedi-

1965 5421 2082 5484 tur,
2116 5433 2220 5471 cur
2250 5416 2356 5470 hoc
2388 5414 2651 5486 exigente
2681 5411 3029 5467 necessitate
3050 5411 3173 5463 tota
3203 5403 3429 5477 corpori
3454 5416 3621 5473 nege-

1968 5507 2103 5560 tur?
2134 5506 2332 5577 Itaque
2354 5504 2508 5575 quod
2536 5503 2629 5557 hic
2654 5500 2863 5573 pracsul
2880 5499 3211 5565 eximius,et
3236 5491 3625 5549 suavissimus

1973 5596 2175 5651 doctor
2203 5595 2264 5649 in
2297 5592 2597 5649 Dominico
2630 5591 2851 5664 die,qui
2884 5589 3108 5646 caeteris
3159 5586 3366 5642 diebus
3398 5596 3632 5635 venera-

1972 5685 2146 5740 bilior
2174 5682 2579 5749 est,concessit
2611 5700 2623 5737 :
2658 5699 2766 5738 nos
2792 5696 3023 5754 quoque
3052 5678 3113 5733 in
3146 5678 3357 5749 quarta
3395 5676 3453 5728 et
3474 5672 3636 5726 sexta

1972 5774 2118 5832 feria
2147 5791 2263 5829 non
2295 5772 2761 5845 negamus,hanc
2791 5770 3057 5828 videlicet
3077 5764 3490 5825 discretionem
3513 5776 3635 5816 ser-
