4098 6486
486 432 604 494 983

1854 432 2168 494 NICOLAI
2218 429 2445 493 l’AP/E
2488 430 2535 493 Ι.

3810 427 3939 489 984

488 570 714 634 vantes,
747 568 813 623 ut
864 563 1161 639 siquidem
1210 583 1313 639 pro
1358 563 1498 626 luxu
1538 566 1720 625 animi
1770 570 1946 640 atque
1984 565 2145 624 volu-
2174 572 2227 636 Α
2256 565 2506 623 scientia
2531 563 2940 640 impmnitens,
2970 561 3062 621 vel
3095 579 3213 622 non
3245 561 3624 621 reconciliata
3655 558 3943 618 fortassis

492 661 652 732 ptate
680 655 816 729 quis
847 654 1027 711 lavari
1061 655 1431 728 appetat,hoc
1463 656 1585 711 ﬁeri
1617 674 1723 713 nec
1752 657 1976 728 reliquo
2002 673 2148 729 quo-

494 746 639 802 libet
684 747 778 802 die
832 746 1244 801 concedamus.
1291 745 1351 801 Si
1402 750 1599 803 autem
1651 764 1754 818 pro
1804 746 2152 803 necessitate

496 836 779 908 corporis,
812 836 921 891 hoc
972 852 1078 891 nec
1125 840 1353 907 quarta,
1408 853 1514 892 nec
1566 843 1728 892 sexta
1774 836 1920 892 feria
1950 836 2152 909 prohi—

496 927 766 983 beamus.

573 1015 693 1071 VII.
754 1014 1144 1071 Sciscitamini
1201 1019 1500 1087 praeterea,
1569 1017 1618 1071 si
1684 1016 1856 1073 liceat
1921 1034 2155 1073 erucem

502 1106 733 1163 Domini
763 1122 897 1160 cum
930 1104 1193 1177 reliquiis
1224 1107 1445 1161 mundo
1477 1107 1596 1162 sive
1648 1107 1956 1163 immundo
2006 1107 2158 1163 hanc

504 1194 742 1251 habenti
774 1194 1050 1259 osculari,
1076 1194 1166 1250 vel
1200 1201 1460 1266 portare;
1494 1197 1649 1268 quod
1682 1196 1732 1251 ei
1766 1197 1865 1269 qui
1897 1197 2157 1252 mundus

504 1289 612 1351 est,
649 1283 891 1340 omnino
940 1282 1108 1351 licet;
1141 1302 1278 1340 nam
1310 1284 1368 1339 in
1397 1285 1598 1341 osculo
1631 1285 1771 1357 quid
1804 1285 1917 1341 nisi
1972 1304 2156 1355 amor,

505 1391 619 1447 quo
652 1373 903 1446 quisque
935 1374 1091 1429 circa
1116 1391 1185 1429 ea
1214 1374 1764 1445 ﬂagrat,innuitur?
1791 1375 1850 1430 in
1885 1376 2161 1449 deporta-

502 1463 661 1519 tione
705 1480 837 1519 vero
885 1464 1016 1534 ejus
1066 1463 1207 1536 quid
1254 1464 1368 1519 nisi
1422 1463 1793 1520 mortiﬁcatio
1825 1466 2039 1534 carnis,
2072 1465 2164 1521 vel

506 1553 838 1625 compassio
862 1554 1263 1626 proximorum
1287 1555 1671 1626 exprimitur?
1694 1555 1990 1628 siquidem
2015 1556 2165 1611 hanc

509 1647 565 1700 et
613 1642 895 1699 Dominus
940 1642 1204 1714 bajulare
1250 1644 1544 1716 praecepit,
1578 1646 1680 1701 sed
1727 1644 1787 1700 in
1821 1649 2044 1715 mente;
2076 1663 2167 1701 ve-

508 1750 644 1788 rum
674 1736 733 1787 et
759 1749 893 1807 cum
921 1748 1160 1804 corpore
1191 1736 1472 1805 gestatur,
1504 1738 1572 1790 ut
1617 1739 1675 1790 et
1720 1740 1917 1791 mente
1948 1736 2163 1808 gestari

511 1822 721 1877 debeat
752 1820 982 1877 facilius
1013 1822 1389 1891 admonetur;
1424 1840 1565 1878 crux
1596 1826 1811 1898 quippe
1842 1843 1876 1880 a
1905 1826 2165 1882 cruciatu

2261 659 2514 724 accuset,
2547 657 2636 713 vel
2666 657 2717 712 si
2748 655 2912 712 fratri
2945 655 3310 711 diseordanti
3341 654 3477 727 quis
3520 657 3791 709 vestrum
3828 667 3942 706 suo

2259 746 2401 803 vitio
2431 745 2842 803 reconciliatus
2902 746 3103 801 minus
3149 744 3377 800 existat.
3414 744 3560 800 Nam
3621 757 3807 815 quem
3872 740 3947 795 de

2263 837 2476 893 horum
2522 837 2718 909 aliquo
2768 836 3130 892 conscientia
3179 835 3427 902 mordet,
3478 833 3706 908 gravari
3769 834 3944 886 tanto

2265 942 2509 982 munere
2540 927 2739 998 potius
2771 942 2950 998 quam
2973 925 3301 981 remedium
3327 922 3607 996 consequi
3629 920 3949 995 quodlibet

2266 1015 2656 1071 arbitramur:
2679 1016 2962 1073 Iudicium
2991 1016 3142 1070 enim
3173 1014 3305 1083 sibi,
3328 1014 3651 1070 secundum
3680 1014 3944 1084 Aposto~

2265 1104 2415 1170 lum,
2443 1105 2743 1161 manducet
2788 1113 2841 1161 et
2884 1106 3023 1161 bibit
3054 1104 3101 1177 (Ι
3128 1103 3248 1160 Cor.
3280 1109 3382 1174 x1).
3409 1103 3627 1158 Verum
3676 1101 3752 1156 de
3805 1100 3944 1166 hoc,

2268 1198 2325 1250 et
2353 1195 2425 1249 de
2455 1193 2549 1249 his
2579 1193 2679 1266 qui
2705 1193 3016 1251 ecclesiam
3047 1193 3285 1266 quidem
3315 1192 3560 1260 instant,
3593 1207 3701 1246 nec
3735 1193 3944 1245 tamen

2271 1284 2423 1339 facta
2453 1284 2747 1340 oblatione
2786 1284 3245 1351 communicant,
3282 1283 3433 1338 sacri
3482 1297 3739 1339 canones
3794 1280 3951 1334 forte

2273 1373 2636 1428 sufﬁcienter
2662 1374 2995 1442 enuntiant,
3022 1373 3122 1446 qui
3155 1372 3406 1428 antistiti
3435 1374 3627 1426 vestro
3659 1375 3829 1437 sunt,
3848 1368 3951 1440 qui

2271 1462 2388 1518 Deo
2416 1463 2582 1519 vobis
2613 1468 2851 1519 auctore
2900 1480 3005 1536 per
3051 1462 3517 1519 mediocritatem
3549 1464 3821 1516 nostram
3856 1474 3951 1513 or-

2274 1552 2570 1609 dinandus
2597 1558 2710 1619 est,
2739 1552 3062 1623 tribuendi,
3097 1556 3155 1608 et
3185 1552 3257 1608 ab
3287 1567 3355 1607 eo
3387 1549 3824 1614 sacerdotibus,
3847 1547 3952 1620 qui

2275 1641 2465 1698 claves
2496 1646 2695 1698 tenent
2724 1641 3001 1711 scientiae,
3039 1640 3323 1697 duntaxat
3351 1639 3673 1713 aperiendi,
3696 1643 3760 1694 et
3778 1636 3955 1693 vobis

2276 1730 2681 1800 nihilominus,
2715 1732 2776 1787 in
2805 1732 3022 1804 quibus
3054 1748 3202 1804 opus
3232 1734 3324 1786 est
3369 1734 3428 1786 et
3476 1728 3721 1785 minime
3754 1726 3957 1800 prohi-

2277 1821 2466 1890 betur,
2503 1821 2869 1877 iusinuandi.
2902 1820 3143 1877 Interim
3171 1824 3407 1876 tantum
3457 1818 3953 1892 quadragesima,

515 1909 749 2010 dicitur,
801 1914 859 1965 et
915 1914 981 1964 ut
1030 1911 1306 1982 praefatus
1355 1914 1594 1985 exponit
1637 1914 1902 1984 antistes,
1938 1916 2168 1972 duobus
2198 1947 2247 2013 Β
2278 1927 2457 1982 quam
2486 1927 2616 1967 mos
2634 1908 2910 1967 Ecclesiae
2932 1913 3214 1983 majorem
3233 1907 3713 1981 appellat,omnis
3736 1911 3836 1963 est
3860 1906 3957 1961 die

515 1999 709 2055 modis
754 2015 988 2055 crucem
1037 1999 1267 2055 Domini
1314 2001 1672 2074 bajulamus,
1735 2021 1869 2061 cum
1929 2009 2032 2060 aut
2070 2022 2174 2078 per

515 2088 932 2144 abstinentiam
965 2105 1199 2145 carnem
1227 2091 1648 2160 afﬁeimus,aut
1677 2112 1781 2167 per
1806 2096 2175 2168 compassio—

519 2195 653 2235 nem
686 2179 1552 2251 proximi,necessitatemillius
1574 2189 1837 2240 nostram
1869 2190 2169 2258 putamus.

517 2268 706 2340 Igitur
729 2284 963 2324 crucem
995 2269 1248 2337 Domini,
1281 2272 1617 2342 passionem
1649 2275 1776 2345 ejus
1806 2280 2175 2339 venerantes.

517 2357 898 2425 osculamini;
931 2362 989 2413 et
1017 2376 1121 2431 pro
1150 2360 1279 2431 ejus
1305 2378 1525 2428 amore,
1549 2362 1597 2418 si
1630 2365 1952 2421 necessitas
1973 2366 2172 2439 exigit,

517 2448 724 2504 eadem
788 2447 1140 2520 cogitatione
1190 2451 1532 2519 armamini;
1599 2457 1824 2524 portate
1890 2471 2041 2524 eam,
2072 2457 2176 2512 sed

520 2552 656 2592 cum
689 2554 927 2593 summa
956 2538 1298 2607 reverentia,
1348 2544 1405 2595 et
1445 2557 1684 2612 corpore
1722 2546 1779 2598 et
1808 2544 1980 2600 corde
2011 2561 2180 2601 mun-

522 2625 790 2693 dissimo,
823 2626 907 2682 ita
938 2630 1004 2682 ut
1031 2645 1066 2682 a
1096 2632 1292 2683 mente
1338 2633 1531 2685 vestra
1578 2648 1882 2704 nunquam
1922 2633 2173 2704 decidat,

521 2713 581 2769 id
611 2720 722 2784 est,
756 2719 823 2770 ut
844 2720 902 2771 et
932 2732 1033 2788 per
1061 2716 1477 2774 abstinentiam
1510 2736 1747 2776 carnem
1790 2738 2022 2796 semper
2051 2725 2177 2779 afﬁ-

523 2804 713 2873 ciatis,
742 2808 800 2860 et
825 2820 928 2877 per
958 2807 1426 2878 compassionem
1456 2811 1864 2866 necessitatem
1891 2813 2182 2884 proximo-

520 2910 653 2949 rum
682 2898 935 2950 vestram
971 2897 1208 2967 putetis.
1245 2897 1353 2961 Qui
1378 2898 1533 2953 enim
1566 2899 1824 2955 dolorem
1857 2902 2089 2958 exhibet
2119 2903 2177 2957 in

521 2982 713 3039 aliena
742 2985 1349 3053 necessitate,erucem
1382 2992 1577 3059 portat
1607 2988 1668 3044 in
1701 2992 2181 3047 mente.Immun-

526 3071 668 3127 dum
701 3077 899 3128 autem
930 3074 1082 3129 hane
1113 3079 1344 3146 portare
1366 3076 1525 3133 nullo
1548 3083 1716 3150 pacto
1740 3080 2139 3151 permittimus
2163 3098 2178 3149 ;

522 3161 811 3232 scriptum
843 3163 1061 3235 quippe
1092 3167 1181 3219 est
1212 3180 1224 3219 :
1259 3165 1604 3223 Munda-mini
1630 3170 1727 3240 qui
1750 3171 1906 3241 fertis
1923 3188 2057 3226 vasa
2076 3172 2181 3227 Do-

522 3252 670 3306 mini
697 3251 825 3322 (Isa.
860 3257 976 3320 LII).
1014 3253 1254 3309 Nullum
1303 3271 1438 3310 vero
1486 3256 1719 3312 Domini
1759 3275 1860 3314 vas
1891 3260 2182 3317 sacratius

2282 2004 2509 2057 serVato
2532 2000 2820 2073 superiori
2840 2004 3040 2056 tenore
3055 1998 3634 2054 communicandum.
3648 1995 3952 2063 Quoniam

2282 2107 2516 2162 semper
2543 2094 2632 2146 est
2660 2088 2905 2146 orationi
2920 2088 3335 2156 vacandum,et
3349 2086 3655 2143 sacriﬁciis
3674 2085 3954 2141 ﬁdelium

2282 2181 2773 2246 concurrendum,
2811 2184 2869 2235 et
2896 2179 3044 2234 illud
3074 2177 3502 2252 propheticum,
3534 2193 3650 2250 quo
3679 2176 3910 2232 dicitur
3938 2191 3952 2230 :

2283 2270 2347 2325 In
2392 2268 2482 2325 die
2517 2270 2728 2342 jejunii
2770 2271 2938 2325 vestri
2981 2270 3264 2324 invenitur
3305 2267 3557 2323 voluntas
3608 2273 3793 2322 vestra
3823 2265 3951 2336 (Isa.

2285 2358 2466 2430 Lvm),
2492 2359 2717 2430 jugiter
2744 2359 2816 2413 ad
2849 2356 3196 2413 memoriam
3246 2355 3660 2412 revocandum.
3694 2354 3759 2410 Si
3788 2354 3951 2411 enim

2286 2464 2356 2504 ex
2384 2465 2673 2504 consensu
2707 2448 3161 2520 conjugatorum
3192 2445 3370 2503 etiam
3401 2443 3514 2501 alio
3544 2445 3693 2500 forte
3724 2444 3957 2500 mundo

2286 2554 2527 2610 corpore
2571 2542 2835 2609 tempore
2884 2540 3128 2593 vaeatur
3165 2535 3433 2603 orationi,
3486 2538 3706 2607 quanto
3753 2532 3957 2606 potius

2286 2626 2420 2694 isto,
2445 2643 2560 2699 quo
2589 2626 2703 2682 Deo
2736 2624 2912 2681 etiam
2945 2625 3141 2681 carnis
3173 2628 3388 2680 nostrae
3418 2623 3678 2679 decimas
3708 2623 3955 2687 damus,

2288 2734 2404 2790 quo
2436 2717 2633 2790 ipsum
2668 2716 2724 2770 in
2752 2713 3110 2770 abstinentia
3139 2712 3456 2770 Dominum
3487 2711 3817 2780 imitamur,
3840 2724 3955 2783 quo

2288 2824 2404 2863 non
2437 2806 2630 2861 solum
2658 2804 3093 2871 illicita,verum
3124 2804 3303 2859 etiam
3335 2801 3523 2858 multa
3546 2819 3581 2856 a
3611 2800 3788 2857 nobis
3808 2816 3953 2873 quo-

2289 2913 2405 2969 que
2434 2895 2596 2951 licita
2622 2895 2828 2950 merito
2861 2892 3385 2959 resecamus,omni
3416 2897 3506 2948 est
3532 2890 3822 2963 voluptati
3868 2905 3953 2946 re-

2290 2986 2683 3041 nuntiandum
2702 2984 2731 3039 ‘t
2763 2989 2821 3039 et
2852 2986 2916 3038 ut
2943 2983 3185 3038 licenter
3213 2982 3469 3038 orationi
3492 2986 3750 3048 vacetur,
3776 2979 3954 3035 vasti-

2290 3076 2396 3130 tati
2429 3074 2646 3131 mentis
2675 3079 2732 3130 et
2761 3072 3023 3144 corporis
3051 3071 3561 3128 incumbendum?

2358 3165 2614 3220 X.Nosse
2644 3162 2928 3234 cupititis,
2959 3163 3011 3218 si
3044 3161 3215 3218 liceat
3243 3160 3415 3217 alicui
3441 3159 3818 3228 Sabbato,vel
3844 3160 3951 3216 Do-

2292 3254 2506 3310 minico
2537 3253 2631 3309 die
2659 3252 3083 3307 laborationem
3115 3250 3376 3324 aliquam
3408 3265 3697 3306 exercere.
3731 3249 3819 3305 De
3848 3248 3955 3304 hoc

517 3343 609 3396 est
636 3357 806 3397 cruce
836 3341 1158 3410 Dominica,
1196 3361 1326 3415 quae
1356 3343 1552 3416 ipsum
1585 3351 1816 3419 portare
1868 3348 2179 3406 Dominum
2213 3326 2254 3392 (ἶ
2294 3362 2444 3417 saepe
2475 3346 2838 3399 memoratus
2861 3346 3105 3396 sanctus
3133 3357 3286 3413 papa
3315 3339 3632 3412 Gregorius
3655 3339 3955 3394 Romanos

520 3431 753 3485 meruit.
788 3430 1052 3487 Osculari
1085 3436 1282 3488 autem
1313 3450 1443 3489 eam
1477 3435 1785 3492 immundo
1834 3455 1947 3493 non
1991 3437 2128 3494 licet
2159 3454 2174 3494 :

516 3519 795 3590 quoniam
830 3536 895 3575 eo
928 3521 1055 3592 ipso
1088 3522 1244 3593 quod
1275 3522 1620 3580 immundus
1638 3526 1879 3598 est,ipse
1900 3528 2068 3583 testis
2090 3532 2180 3584 est

517 3624 694 3681 quam
756 3609 1267 3666 mortiﬁcationem
1324 3613 1519 3669 carnis
1564 3631 1679 3669 non
1737 3615 1979 3689 diligat;
2042 3634 2178 3690 ergo

520 3713 698 3769 quam
731 3713 848 3753 non
881 3703 1043 3753 amat
1065 3716 1171 3754 nec
1193 3700 1738 3769 osculetur,neforte
1768 3706 1839 3761 de
1860 3723 1927 3762 eo
1950 3705 2181 3761 dicatur

523 3786 679 3858 quod
713 3786 784 3842 de
816 3788 1078 3858 reprobis
1113 3789 1356 3846 Domino
1387 3808 1490 3864 per
1519 3793 1866 3865 prephetam
1919 3794 2182 3868 increpa-

523 3875 674 3930 torie
706 3875 923 3931 dicitur
975 3894 988 3932 :
1039 3878 1282 3950 Populus
1325 3881 1415 3936 hic
1463 3881 1628 3937 labiis
1674 3899 1762 3937 me
1806 3884 2056 3951 honorat,
2090 3900 2183 3940 cor

524 3973 708 4020 autem
738 3981 929 4021 eorum
958 3966 1116 4035 longe
1153 3976 1234 4024 est
1278 3987 1313 4024 a
1358 3986 1444 4026 me
1492 3971 1618 4043 (Isa.
1666 3989 1829 4041 κλωπ
1870 3973 2057 4028 Matth.
2081 3977 2181 4043 x);

525 4059 585 4108 et
611 4053 927 4110 Psalmista
959 4073 972 4111 :
1005 4057 1276 4126 Dilexere,
1328 4058 1541 4131 inquit,
1592 4078 1717 4116 eum
1766 4064 1825 4116 in
1865 4079 1955 4117 ore
1983 4079 2099 4130 suo,
2132 4072 2183 4119 et

525 4145 587 4198 in
635 4144 828 4215 lingua
869 4161 975 4200 sua
1020 4148 1238 4203 mentiti
1281 4159 1409 4206 sunt
1455 4152 1625 4217 (Psal.
1661 4152 1888 4222 Lxxvn).
1929 4153 2003 4207 De
2054 4152 2181 4208 reli-

524 4233 680 4304 quiis
712 4250 842 4289 vero
873 4239 1213 4292 sanctorum
1245 4239 1449 4295 eadem
1481 4239 1755 4307 dicimus,
1782 4257 2033 4311 quorum
2063 4259 2180 4297 cor»

524 4338 663 4394 pora
680 4322 901 4394 templa
921 4327 978 4378 et
1001 4340 1138 4380 vasa
1166 4326 1322 4382 fuere
1344 4330 1599 4398 suntque
1621 4327 2084 4403 Dei,quibusque
2106 4332 2179 4386 ad

524 4411 725 4467 omnia
753 4412 906 4467 bona
953 4430 1129 4485 opera
1180 4420 1463 4487 tanquam
1505 4418 1742 4490 organis
1774 4425 2015 4476 sanctus
2039 4439 2183 4477 usus

523 4503 630 4563 est,
667 4502 903 4572 quando
932 4503 1138 4570 voluit,
1174 4505 1450 4576 Spiritus.

595 4589 719 4644 VII.
759 4590 907 4664 Ergo
939 4594 1243 4665 praemissa
1273 4595 1451 4667 digna
1481 4598 1829 4666 reverentia,
1866 4599 1916 4655 si
1949 4601 2183 4656 mundi-

2286 3434 2595 3505 alloquens
2645 3435 2727 3487 ait
2762 3433 2954 3504 (Epist.
2990 3432 3175 3498 lib.xx,
3206 3446 3290 3501 ep.
3323 3429 3377 3501 3)
3410 3446 3423 3484 :
3458 3427 3725 3485 Pervenit
3754 3428 3832 3483 ad
3862 3441 3954 3481 me

2293 3524 2585 3595 quosdam
2619 3521 2874 3593 perversi
2903 3520 3149 3593 spiritus
3177 3518 3450 3574 homines
3480 3534 3658 3590 prava
3678 3517 3837 3573 inter
3854 3532 3953 3572 vos

2289 3612 2507 3684 aliqua,
2541 3617 2595 3667 et
2646 3615 2861 3667 sanctae
2913 3610 3047 3665 fidei
3101 3608 3346 3665 adversa
3393 3607 3740 3671 seminasse,
3776 3607 3861 3663 ita
3891 3608 3955 3659 ut

2289 3702 2382 3758 die
2412 3700 2653 3757 Sabbati
2685 3699 2906 3771 aliquid
2942 3697 3169 3771 operari
3203 3696 3599 3770 prohiberent.
3624 3698 3783 3762 Quos
3813 3692 3948 3767 quid

2290 3791 2450 3846 aliud
2485 3789 2598 3846 nisi
2629 3789 2962 3845 antichristi
2986 3785 3394 3860 praedicatores
3417 3784 3702 3843 dixerim?
3728 3785 3834 3857 qui
3862 3798 3950 3838 ve-

2290 3881 2458 3936 niens
2490 3879 2643 3934 diem
2676 3878 2997 3934 Sabbatum
3027 3880 3202 3948 atque
3241 3874 3615 3931 Dominicum
3666 3875 3739 3930 ab
3792 3870 3947 3929 omni

2290 3970 2463 4027 faciet
2494 3986 2664 4041 opere
2694 3967 2978 4024 custodiri
3012 3983 3025 4023 :
3073 3965 3214 4038 quia
3242 3965 3404 4021 enim
3452 3964 3603 4020 mori
3650 3968 3709 4019 et
3754 3978 3947 4020 resur-

2292 4076 2427 4133 gere
2456 4056 2718 4125 simulat,
2754 4057 2954 4112 haberi
2990 4056 3047 4110 in
3080 4053 3453 4110 veneratione
3478 4052 3606 4109 vult
3652 4052 3810 4108 diem
3840 4052 3945 4108 Do-

2292 4148 2606 4215 minicum;
2640 4151 2697 4202 et
2725 4146 2868 4218 quia
2888 4144 3192 4217 judaizare
3223 4143 3510 4216 populum
3541 4142 3861 4215 compellit,
3889 4142 3949 4194 ut

2292 4237 2634 4294 exteriorem
2690 4235 2838 4308 legis
2884 4234 3068 4290 ritum
3100 4238 3348 4301 revocet,
3384 4237 3445 4289 et
3474 4231 3586 4287 sibi
3616 4232 3946 4288 Iudaeorum

2294 4325 2600 4402 perﬁdiam
2636 4324 2871 4395 subdat,
2905 4323 3017 4380 coli
3060 4323 3189 4379 vult
3235 4322 3581 4379 Sabbatum.
3632 4322 3750 4377 Hoc
3798 4319 3947 4377 enim

2294 4417 2451 4490 quod
2485 4433 2586 4489 per
2616 4414 2965 4488 prophetam
2998 4413 3252 4468 dicitur:
3287 4415 3368 4468 Ne
3397 4413 3656 4485 inferam
3674 4426 3845 4467 onera
3864 4423 3951 4482 per

2289 4514 2474 4579 portas
2501 4513 2704 4560 vestras
2752 4504 2842 4559 die
2885 4503 3118 4560 Sabbati
3148 4502 3275 4575 (Jer.
3309 4500 3469 4573 xvu),
3519 4500 3724 4556 tandiu
3776 4494 3949 4555 teneri

2295 4595 2506 4668 potuit,
2540 4594 2804 4667 quandiu
2834 4593 3023 4666 legem
3054 4591 3225 4648 licuit
3244 4592 3418 4664 juxta
3464 4588 3721 4645 litteram
3761 4592 3946 4645 custo-

525 4678 610 4734 tia
632 4680 854 4771 mentis
884 4686 939 4737 et
970 4682 1231 4754 corporis
1262 4684 1776 4753 comitatur,etiam
1810 4691 2186 4764 quadragesi-
2218 4707 2264 4771 Ι)
2296 4685 2429 4742 diri.
2460 4687 2535 4740 At
2566 4689 2880 4757 postquam
2913 4682 3103 4756 gratia
3130 4678 3554 4771 omnipotentis
3588 4678 3685 4734 Dei
3722 4673 3942 4771 Domi-ni

527 4768 668 4823 mali
700 4772 982 4843 tempore,
1018 4772 1088 4826 de
1137 4788 1253 4843 quo
1303 4774 1543 4844 speciali
1588 4777 2020 4835 consultatione
2060 4797 2184 4853 per-

528 4858 783 4913 cunctati
814 4860 979 4925 estis,
1013 4877 1245 4915 crucem
1296 4862 1527 4917 Domini
1559 4868 1615 4919 et
1645 4870 1877 4936 portare
1918 4873 1975 4923 et
2021 4887 2187 4943 supe-

530 4945 665 5002 riori
699 4948 901 5020 regula
930 4950 1222 5005 custodita
1260 4949 1396 5006 licet
1443 4968 1577 5008 cum
1627 4952 1861 5010 libuerit
1891 4959 2143 5014 osculari
2171 4978 2184 5029 ;

530 5036 633 5091 sed
663 5040 720 5091 et
748 5041 889 5093 tunc
921 5039 1193 5107 maxime,
1228 5043 1402 5110 atque
1432 5040 1533 5109 ibi,
1568 5044 1802 5114 quando
1849 5052 1904 5101 et
1953 5048 2052 5103 ubi
2083 5066 2187 5103 an-

529 5125 677 5197 tiqui
709 5125 897 5181 hostis
928 5125 1015 5181 vel
1046 5144 1254 5200 pugnae
1287 5128 1373 5184 vel
1405 5129 1635 5188 insidia-
1665 5134 1954 5208 pracipue
1989 5138 2189 5193 formi-

532 5215 768 5270 dantur.

606 5304 695 5359 IX.
747 5303 984 5374 Corpori
1027 5308 1084 5358 et
1132 5306 1401 5377 sanguini
1447 5310 1749 5369 Dominico
1808 5314 2069 5386 quotidie
2127 5316 2186 5371 in

529 5391 984 5464 quadragesima
1008 5395 1211 5466 majori
1226 5398 1273 5453 si
1289 5398 1575 5456 deberetis
1605 5402 2042 5459 communicare
2055 5422 2188 5461 con-

531 5481 926 5552 ευιὶῐίεείιυοίί
961 5487 1026 5538 ut
1056 5485 1175 5554 ﬁat,
1212 5486 1524 5545 Dominum
1561 5492 2021 5563 omnipotentem
2042 5513 2184 5567 sup-

531 5570 759 5641 pliciter
805 5587 1133 5641 exoramus,
1167 5582 1224 5631 et
1271 5596 1372 5633 vos
1422 5597 1627 5634 omnes
1673 5582 2186 5641 vehementissime

530 5659 984 5728 cxhortamur,si
1018 5669 1214 5721 tamen
1247 5686 1413 5723 mens
1444 5668 1501 5723 in
1528 5670 1736 5726 affectu
1769 5675 2044 5744 peccandi
2069 5692 2183 5730 non

531 5745 626 5815 sit,
661 5746 745 5801 vel
778 5748 823 5805 si
849 5748 1015 5824 [bene
1047 5770 1163 5809 non
1195 5756 1265 5811 de
1306 5755 1710 5816 criminalibus
1759 5761 2011 5833 peccatis
2053 5780 2185 5819 con-

2295 4775 2480 4832 nostri
2510 4775 2650 4830 Jesu
2682 4772 2894 4829 Christi
2923 4768 3433 4844 apparuit(Tit.u),
3463 4772 3755 4841 praecepta
3784 4766 3941 4840 legis,

2298 4882 2424 4938 quae
2455 4880 2558 4936 per
2590 4863 2841 4936 ﬁguram
2875 4861 3032 4917 dicta
3061 4864 3219 4926 sunt,
3258 4860 3431 4931 juxta
3456 4856 3711 4914 litteram
3739 4850 3944 4912 servari

2298 4970 2414 5009 non
2449 4952 2869 5025 possunt.Nam
2900 4950 2949 5006 si
2982 4949 3115 5023 quis
3145 4949 3287 5005 dicit
3317 4948 3429 5003 hoc
3453 4947 3525 5023 de
3545 4946 3800 5003 Sabbato
3829 4955 3945 5001 esse

2298 5043 2672 5110 servandum,
2697 5041 2854 5096 dicat
2884 5056 3124 5096 necesse
3153 5042 3242 5095 est
3270 5037 3452 5094 etiam
3486 5035 3747 5093 carnalia
3775 5031 3945 5091 sacri-

2297 5132 2431 5187 ﬁcia
2459 5130 2874 5205 persolvenda;
2907 5130 3064 5185 dicat
3093 5132 3448 5202 praeceptum
3478 5142 3715 5200 quoque
3743 5126 3815 5181 de
3843 5123 3942 5180 cir-

2297 5222 2657 5278 cumcisione
2686 5219 2948 5292 corporis
2977 5219 3171 5274 adhuc
3202 5234 3393 5290 usque
3422 5216 3820 5272 retinendum.
3845 5209 3942 5270 Sed

2297 5317 2501 5368 contra
2531 5327 2593 5366 se
2623 5308 2871 5365 Paulum
2899 5307 3230 5381 apostolum
3285 5306 3489 5362 audiat
3525 5305 3813 5361 dicentem
3849 5320 3861 5358 :
3890 5301 3942 5357 SI

2294 5401 2742 5468 circumdumini,
2778 5400 3027 5454 Christus
3060 5399 3209 5454 vobis
3257 5396 3405 5452 nihil
3450 5394 3669 5468 prodest
3698 5395 3840 5462 (Gal.
3871 5390 3936 5461 v).

2297 5492 2413 5548 Nos
2445 5492 2641 5562 itaque
2671 5490 2827 5560 quod
2859 5490 2929 5544 de
2954 5488 3208 5544 Sabbato
3241 5487 3463 5543 dictum
3495 5490 3587 5540 est
3614 5482 3939 5556 spiritaliter

2296 5580 2650 5653 accepimus,
2686 5578 3030 5650 spiritaliter
3070 5582 3363 5633 tenemus.
3414 5575 3737 5631 Sabbatum
3794 5572 3933 5629 enim

2296 5672 2509 5742 requies
2540 5668 2753 5725 dicitur
2778 5685 2790 5723 :
2816 5685 3017 5724 verum
3049 5673 3248 5725 autem
3271 5666 3596 5723 Sabbatum
3620 5664 3815 5737 ipsum
3840 5663 3931 5719 Re-

2295 5762 2659 5832 demptorem
2681 5762 2951 5815 nostrum
2973 5758 3179 5816 Jesum
3200 5756 3500 5816 Christum
3520 5753 3934 5811 Dominumha-
