4098 6458
172 430 320 493 985

1415 432 1821 494 EPISTULA?
1867 432 1968 494 ET
2012 432 2396 494 DECRETA.

169 562 503 636 bemus;ot
517 563 618 638 qui
635 563 828 623 lucem
845 563 980 622 ﬁdei
997 567 1126 639 ejus
1144 567 1459 642 cognoscit,
1475 568 1522 624 si
1543 569 1845 640 peccatum
1876 566 1933 634 Α
1963 567 2022 624 in
2056 568 2316 624 medium
2365 567 2599 635 deferri,
2632 564 2748 624 nisi
2801 563 2958 623 unde
2987 563 3260 624 omnibus
3305 563 3612 641 gaudium,

173 656 682 728 concupiscentiae
705 658 777 712 ad
805 661 1060 714 mentem
1091 675 1193 730 per
1213 658 1412 714 oculos
1444 658 1646 730 trahit,
1673 659 1734 712 in
1758 658 1852 713 die

173 743 434 800 Sabbati
459 762 638 802 onera
659 763 760 818 per
781 751 978 818 portas
1005 747 1344 804 introducit.
1366 749 1491 803 Non
1516 765 1650 821 ergo
1677 749 1734 804 in
1759 749 1853 804 die

173 834 432 890 Sabbati
465 852 642 890 onera
671 853 774 908 per
819 841 1018 908 portas
1051 837 1500 904 introducimus,
1535 838 1582 892 si
1633 838 1693 894 in
1745 839 1852 894 Re-

175 923 516 995 demptoris
544 926 728 982 nostri
761 929 951 998 gratia
991 927 1295 983 constituti
1342 929 1601 999 pondera
1631 928 1854 1000 peccati

176 1013 266 1068 ad
297 1013 559 1070 animam
593 1032 696 1086 per
739 1032 950 1071 sensus
998 1032 1306 1088 corporeos
1358 1035 1473 1072 non
1524 1017 1850 1073 trahamus.

178 1101 341 1157 Nam
372 1102 529 1159 idem
553 1103 838 1160 Dominus
869 1122 934 1161 ac
963 1107 1316 1178 Redemptor
1346 1111 1546 1162 noster
1576 1106 1763 1162 multa
1792 1106 1854 1162 in

183 1191 288 1246 die
307 1192 546 1248 Sabbati
572 1193 784 1266 legitur
800 1212 1092 1266 operasse,
1110 1196 1190 1250 ita
1212 1201 1277 1251 ut
1293 1196 1528 1252 Judaeos
1546 1196 1854 1267 reprehen-

185 1280 358 1336 deret
389 1281 626 1338 dicens:
651 1285 788 1354 Quis
821 1294 1057 1340 uestrum
1089 1287 1291 1355 bovem,
1315 1294 1410 1341 aut
1437 1289 1659 1342 asinum
1691 1302 1854 1340 suum

175 1387 299 1425 non
330 1372 491 1427 solvit
534 1375 595 1428 in
641 1374 728 1429 die
775 1374 1020 1441 Sabbatz‘,
1071 1383 1122 1431 et
1168 1376 1316 1431 ducit
1362 1377 1848 1447 adaquare?(Luc.

186 1464 340 1529 xlv.)
364 1461 423 1517 Si
455 1479 591 1535 ergo
622 1463 752 1535 ipsa
781 1481 884 1535 per
905 1481 966 1519 se
989 1464 1215 1521 Veritas
1241 1483 1357 1520 non
1377 1465 1659 1521 custodiri
1685 1466 1855 1536 juxta

185 1547 452 1606 litteram
477 1553 788 1609 sabbatum
813 1554 1103 1625 praecepit,
1120 1554 1388 1626 quisquis
1407 1555 1592 1610 otium
1612 1555 1851 1612 Sabbati

181 1642 519 1696 secundum
554 1641 700 1714 legis
721 1641 975 1698 litteram
999 1644 1386 1710 custodit,cui
1409 1643 1576 1700 alteri
1603 1644 1713 1699 nisi
1741 1633 1852 1716 ipsi

187 1731 440 1787 Veritati
481 1731 872 1788 contradicit?
920 1732 1225 1789 Dominico
1252 1751 1384 1790 vero
1433 1734 1525 1789 die
1575 1751 1607 1789 a
1657 1734 1853 1790 labore

181 1824 422 1876 terreno
454 1822 808 1876 cessandum
839 1826 949 1887 est,
975 1827 1149 1893 atque
1181 1823 1339 1878 omni
1376 1825 1547 1879 modo
1579 1825 1854 1879 orationi-

183 1909 304 2009 bus
347 1910 770 1979 insistendum;
806 1915 871 1966 ut
895 1913 1049 1983 quod
1084 1912 1445 1984 negligenter
1475 1931 1576 1985 per
1596 1931 1695 1969 sex
1724 1914 1850 1970 dies
1878 1944 1925 2009 Β

185 1999 404 2071 agitur,
434 2017 536 2072 per
565 2000 719 2056 diem
753 2001 1197 2058 resurrectionis
1230 2003 1539 2058 Dominicas
1571 2003 1842 2076 precibus

184 2091 475 2162 expietur.

261 2179 351 2234 XI.
387 2180 450 2236 In
481 2197 731 2252 quorum
777 2179 1176 2252 apostolorum
1226 2181 1313 2237 vel
1365 2187 1689 2256 martyrum
1739 2201 1842 2239 seu

185 2269 615 2337 confessorum,
641 2273 815 2342 atque
843 2270 1134 2342 virginum
1161 2271 1368 2327 diebus
1392 2273 1554 2328 festis
1584 2290 1618 2328 a
1649 2273 1844 2328 labore

181 2363 419 2414 terreno
453 2359 715 2414 recedere
741 2360 1019 2425 debeatis,
1055 2361 1373 2433 inquiritis.
1407 2362 1470 2416 In
1505 2361 1842 2418 solemnita-

182 2447 349 2503 tibus
379 2447 579 2520 utique
620 2450 802 2504 beatae
851 2449 1045 2506 Mariae
1091 2450 1370 2523 Virginis,
1398 2456 1467 2506 et'
1505 2457 1842 2508 sanctorum

185 2537 500 2592 duodecim
549 2538 966 2609 apostolorum,
1002 2557 1068 2595 ac
1120 2539 1634 2612 evangelistarum,
1669 2546 1844 2614 atque

188 2628 569 2699 praecursoris
613 2627 845 2683 Domini
901 2629 1168 2695 Joannis,
1202 2634 1260 2684 et
1317 2631 1503 2685 sancti
1563 2631 1878 2703 Stephani.

188 2715 368 2788 primi
399 2717 693 2790 martyris,
717 2734 939 2773 necnon
971 2723 1027 2774 et
1056 2719 1114 2774 in
1146 2736 1348 2774 eorum
1372 2723 1706 2775 sanctorum
1740 2737 1843 2775 na-

188 2805 415 2872 talitiis,
442 2823 693 2878 quorum
753 2808 908 2878 apud
956 2825 1078 2877 vos,
1113 2814 1222 2864 Deo
1280 2809 1524 2875 favente,
1560 2810 1845 2865 memoria

190 2893 456 2960 celebris,
489 2899 545 2950 et
605 2894 730 2950 dies
788 2896 1029 2952 festivus
1086 2898 1414 2953 habebitur.
1447 2902 1596 2953 Sane
1653 2899 1843 2954 scien-

191 2984 332 3039 dum
365 2987 470 3042 est.
499 2985 778 3056 quoniam
811 2986 1025 3042 idcirco
1055 2987 1114 3041 in
1147 2987 1356 3042 diebus
1387 2988 1549 3042 festis
1571 2989 1641 3042 ab
1670 3005 1842 3059 opere

190 3074 491 3128 mundano
522 3075 875 3129 cessandum
913 3081 1022 3142 est,
1047 3081 1112 3130 ut
1157 3075 1398 3132 liberius
1429 3077 1499 3130 ad
1533 3076 1874 3133 ecclesiam.

187 3161 295 3228 ire,
324 3162 568 3234 psalmis
598 3167 656 3218 et
697 3164 933 3236 hymnis
964 3169 1020 3220 et
1049 3165 1290 3220 canticis
1339 3165 1702 3237 spiritalibus
1750 3165 1842 3220 in-

189 3252 416 3318 sistere,
431 3252 679 3308 orationi
699 3271 923 3321 vacare,
940 3253 1262 3310 oblationes
1289 3255 1512 3321 offerre,
1538 3254 1838 3310 memoriis

189 3346 528 3396 sanctorum
574 3343 1026 3407 communicare,
1080 3343 1151 3397 ad
1203 3343 1591 3398 imitationem
1637 3361 1839 3400 eorum
1871 3317 1912 3384 Ο

188 3445 518 3500 assurgere,
551 3429 802 3502 eloquiis
841 3430 1053 3486 divinis
1102 3432 1422 3502 intendere,
1444 3432 1844 3506 eleemosynas

187 3517 592 3590 indigentibus
651 3520 989 3576 ministrare
1042 3521 1230 3576 valeat
1277 3522 1664 3578 Christianus.
1708 3525 1842 3588 Quas

191 3607 391 3663 omnia
411 3608 456 3662 si
482 3609 618 3680 quis
651 3609 973 3682 negligens,
998 3611 1242 3666 orationi
1267 3615 1496 3666 tantum
1526 3629 1730 3668 vacare
1749 3629 1843 3668 vo-

190 3696 365 3752 luerit
394 3698 573 3769 [forte,
603 3697 876 3765 noluerit,
909 3699 1140 3771 Hann],
1165 3704 1223 3755 et
1252 3701 1324 3755 ad
1356 3705 1593 3757 caeteras
1635 3703 1840 3758 mundi

189 3785 478 3842 vanitates
495 3786 686 3843 licitos
700 3787 1540 3855 labores,converterit,melius
1558 3790 1640 3846 illi
1659 3792 1845 3847 fuerat

192 3874 321 3946 ipso
353 3875 445 3936 die
475 3876 628 3932 beati
659 3877 906 3949 apostoli
959 3877 1120 3932 Pauli
1170 3880 1472 3951 praeceptis
1519 3881 1844 3936 obaudiens

190 3964 456 4021 laborare
485 3965 761 4022 manibus
801 3967 945 4033 suis,
979 3971 1044 4021 ut
1073 3967 1314 4024 haberet
1358 3969 1513 4024 unde
1557 3969 1844 4025 tribueret

188 4055 593 4110 necessitatem
627 4056 1006 4127 patientibus,
1030 4058 1527 4128 quemadmodum
1559 4058 1703 4130 ipse,
1738 4058 1839 4130 qui

187 4142 324 4198 licet
354 4144 668 4200 Dominum
703 4145 1005 4200 ordinasse
1032 4146 1206 4214 dicat,
1234 4151 1299 4201 ut
1329 4146 1429 4218 qui
1459 4146 1836 4220 Evangelium

190 4231 588 4298 annuntiaret,
614 4234 685 4289 de
718 4234 1023 4305 Evangelio
1052 4233 1286 4302 viveret,
1321 4253 1435 4291 non
1465 4240 1659 4292 tamen
1693 4254 1838 4293 usus

185 4326 272 4377 est
302 4321 412 4378 hac
443 4327 750 4395 potestate,
785 4323 887 4378 sed
927 4323 1202 4378 manibus
1235 4323 1359 4379 suis
1409 4324 1729 4391 laborabat,
1763 4343 1838 4382 ne

185 4427 359 4482 quem
389 4428 590 4467 eorum
623 4412 840 4483 quibus
861 4411 1240 4486 Evangelium
1269 4414 1624 4484 praedicabat
1640 4432 1838 4488 grava-

183 4505 269 4556 ret
299 4501 348 4572 (ι
377 4502 496 4558 Cor.
532 4502 631 4571 IV).

251 4591 371 4646 XII.
394 4591 556 4655 Quod
584 4590 980 4662 interrogatis,
1005 4595 1204 4646 utrum
1228 4590 1400 4647 liceat
1421 4590 1480 4645 in
1513 4591 1836 4648 festivitati-

1961 675 2074 730 pax
2101 665 2157 715 et
2187 659 2467 731 spiritalis
2497 659 2700 714 laetitia
2742 662 3072 730 generetur.
3095 656 3309 713 Verum
3343 657 3436 714 his
3466 675 3614 730 pras-

1961 747 2179 814 libatis,
2202 749 2419 821 quibus
2444 748 2650 804 diebus
2682 752 2890 820 prater
2921 746 3028 803 hos
3058 746 3223 803 nulla
3251 747 3617 819 sintjudicia

1963 838 2263 894 saecularia
2293 839 2630 904 exercenda,
2656 837 2747 893 lex
2773 853 2882 892 vox
2911 837 3134 891 affatim
3168 836 3451 892 edocebit.

2031 929 2177 984 ΧΙΙΙ.
2209 928 2366 983 Inter
2395 927 2748 999 quaestiones
2780 943 2912 981 vero
2946 931 3003 982 et
3033 925 3304 982 consulta
3334 926 3491 998 leges
3511 943 3615 982 vos

1964 1018 2296 1088 mundanas
2329 1016 2622 1090 postulare
2653 1015 3002 1088 perhibetis;
3036 1017 3106 1072 de
3138 1033 3256 1088 qua
3294 1033 3355 1072 re
3382 1034 3488 1072 nos
3519 1033 3614 1072 co-

1963 1107 2120 1163 dices
2152 1124 2300 1178 quos
2331 1105 2690 1162 necessarios
2710 1106 2872 1161 vobis
2893 1107 2963 1160 ad
2997 1122 3252 1177 praesens
3278 1122 3408 1162 esse
3431 1105 3621 1161 consi-

1964 1198 2168 1252 derare
2210 1196 2632 1268 potuissemus,
2666 1195 2866 1251 libenti
2910 1195 3284 1252 mitteaemus
3314 1195 3532 1262 animo,
3566 1194 3618 1251 si

1963 1303 2135 1357 quem
2165 1303 2342 1358 penes
2361 1303 2463 1341 vos
2494 1302 2621 1340 esse
2651 1284 3280 1356 comperissemus,qui
3312 1284 3421 1340 hos
3449 1284 3620 1344 vobis

1961 1375 2330 1447 interpretari
2363 1374 2687 1446 potuisset:
2713 1375 2761 1430 si
2808 1391 2957 1446 quos
2986 1378 3179 1430 autem
3213 1375 3283 1430 de
3314 1374 3618 1429 mundana

1962 1464 2086 1537 lege
2136 1464 2315 1520 libros
2375 1463 2574 1520 missis
2631 1464 2849 1520 nostris
2879 1464 3170 1531 dedimus,
3205 1481 3338 1519 cum
3398 1462 3616 1520 reversi

1962 1554 2200 1623 fuerint,
2226 1553 2502 1610 nolumus
2529 1553 2606 1608 ibi
2641 1553 2912 1626 relinqui,
2939 1570 3011 1609 ne
3044 1553 3190 1609 forte
3215 1552 3494 1624 quislibet
3513 1569 3614 1609 eos

1959 1643 2124 1699 vobis
2156 1660 2422 1716 perverse
2467 1643 2897 1714 interpretetur,
2925 1647 3026 1698 aut
3074 1641 3326 1699 falsitate
3355 1640 3616 1713 qualibet

1959 1732 2151 1788 violet.

2030 1822 2172 1878 XIV.
2207 1823 2489 1878 Praeterea
2545 1821 2838 1889 indicatis,
2881 1823 3037 1894 quod
3088 1821 3332 1894 quidam
3382 1821 3615 1878 Graecus

1961 1913 2252 1970 mentiens
2283 1914 2564 1968 fateretur
2592 1931 2654 1968 se
2684 1913 3090 1986 presbyterum
3135 1928 3282 1978 esse,
3311 1928 3446 1966 cum
3495 1928 3612 1968 non

1954 2007 2128 2069 esset,
2154 2020 2218 2058 ac
2241 2019 2340 2074 per
2362 2003 2472 2058 hoc
2504 2002 2792 2075 plurimos
2816 2002 2877 2057 in
2902 2006 3096 2058 vestra
3116 1999 3312 2073 patria'
3325 2001 3613 2073 baptizas~

1953 2097 2060 2148 set.
2084 2097 2226 2148 Cum
2258 2109 2396 2164 ergo
2439 2109 2540 2148 vos
2600 2090 2982 2164 inspiratione
3035 2091 3136 2146 Dei
3169 2090 3610 2163 cognovissetis,

1952 2183 2107 2253 quod
2133 2199 2248 2238 non
2272 2191 2428 2238 esset
2448 2181 2765 2254 presbyter,
2787 2180 3213 2252 judicaveritis,
3230 2185 3295 2235 ut
3318 2180 3614 2236 amitteret

1951 2288 2123 2328 aures
2154 2276 2211 2328 et
2241 2288 2433 2336 nares,
2456 2276 2514 2327 et
2554 2270 2856 2326 acerrimis
2888 2270 3228 2326 verberibus
3267 2270 3607 2336 caederetur,

1952 2365 2009 2418 et
2029 2379 2098 2418 ex
2118 2366 2308 2418 vestra
2337 2360 2528 2433 patria
2559 2360 2888 2432 pelleretur.
2913 2360 3053 2414 Ecce
3082 2357 3388 2431 impletum
3419 2363 3510 2416 est
3545 2358 3608 2416 in

1950 2452 2134 2516 vobis,
2166 2450 2449 2524 ignoscite
2480 2449 2669 2514 nobis,
2691 2450 2844 2521 quod
2877 2449 2948 2504 de
2979 2449 3336 2520 quibusdam
3366 2450 3608 2521 Aposto-

1951 2539 2046 2595 lus
2077 2540 2290 2595 clamat
2319 2540 2493 2611 (Rom.
2527 2541 2606 2608 x),
2636 2539 2791 2611 quod
2840 2538 3060 2594 habent
3105 2537 3298 2594 zelum
3344 2538 3468 2605 Dei,
3503 2539 3606 2597 sed

1952 2647 2068 2688 non
2100 2630 2422 2686 secundum
2451 2627 2780 2694 scientiam,
2811 2645 2949 2683 nam
2985 2627 3122 2684 licet
3150 2626 3248 2683 ille
3277 2627 3428 2684 male
3458 2628 3606 2684 fece-

1951 2719 2044 2786 rit,
2066 2719 2115 2775 si
2140 2718 2421 2773 mentitus
2443 2722 2554 2784 est,
2572 2734 2675 2774 vos
2697 2722 2895 2772 tamen
2921 2716 2979 2772 in
3014 2717 3122 2772 hoc
3153 2716 3342 2772 zelum
3367 2716 3606 2788 quidem

1951 2810 2136 2882 pium,
2152 2810 2251 2865 sed
2277 2809 2475 2863 minus
2497 2812 2735 2864 cautum
2758 2806 3080 2863 habuistis:
3103 2807 3382 2878 quoniam
3407 2823 3610 2878 quam-

1948 2899 2038 2955 vis
2065 2899 2190 2970 ipse
2222 2898 2583 2954 sacerdotem
2614 2915 2741 2952 esse
2774 2895 3156 2961 simulaverit,
3189 2894 3487 2950 simulatio
3519 2899 3606 2952 ta-

1951 3006 2085 3044 men
2114 2990 2242 3059 ejus
2274 2987 2524 3042 salutem
2574 2985 2849 3058 plurimis
2892 2984 3156 3040 contulit.
3181 2984 3485 3056 Siquidem
3517 2983 3606 3039 di-

1946 3077 2096 3134 versi
2134 3078 2290 3132 fuere
2341 3076 2442 3147 qui
2493 3076 2719 3130 diverso
2777 3075 2948 3129 modo
2981 3074 3302 3142 Christum,
3335 3074 3435 3129 sed
3488 3089 3604 3132 non

1950 3165 2494 3239 propterChristum
2520 3163 2953 3220 annuntiabant
2976 3180 2988 3218 :
3015 3163 3116 3218 sed
3139 3162 3258 3218 sive
3279 3162 3602 3230 occasione,

1950 3257 2069 3312 sive
2087 3256 2613 3328 quomodocunque
2628 3253 2785 3308 hunc
2797 3251 3350 3317 annuntiarent,hos
3367 3255 3602 3308 tantum

1952 3363 2066 3401 non
2100 3347 2278 3416 [forte,
2302 3344 2410 3399 hos
2440 3347 2636 3398 tamen
2668 3359 2806 3408 non,
2844 3343 3049 3413 Hann]
3075 3340 3421 3411 prohibebat
3456 3341 3606 3411 Apo~

1952 3434 2158 3499 stolus,
2192 3434 2290 3505 qui
2325 3433 2515 3488 solum
2548 3436 2614 3486 ut
2635 3431 2904 3486 Christus
2935 3429 3402 3496 annuntiaretur,
3424 3429 3604 3501 pluri-

1952 3541 2115 3578 mum
2148 3522 2448 3594 satagebat
2481 3522 2622 3593 quia
2651 3520 2807 3576 enim
2831 3519 3104 3575 Christus
3127 3519 3514 3586 ordinaverat,
3538 3521 3605 3574 ut

1953 3613 2052 3684 qui
2085 3610 2460 3682 Evangelium
2494 3609 2890 3678 annuntiaret,
2926 3609 2997 3664 de
3024 3606 3334 3679 Evangelia
3363 3607 3600 3674 viveret,

1952 3701 1998 3757 si
2024 3701 2192 3756 multi
2221 3700 2436 3755 idcirco
2459 3699 2758 3754 Christum
2782 3697 3194 3770 praedicabant,
3212 3699 3277 3752 ut
3296 3697 3605 3753 commoda

1951 3793 2182 3846 terrena
2205 3790 2592 3860 acquirerent,
2620 3804 2756 3859 ergo
2788 3804 2903 3842 non
2935 3790 3060 3842 erat
3081 3785 3350 3841 Christus
3381 3785 3438 3840 in
3471 3800 3604 3840 cau-

1952 3897 2034 3946 sa,
2061 3879 2163 3935 sed
2193 3878 2470 3935 avaritia:
2504 3893 2710 3933 rursus
2743 3876 2883 3947 quia
2921 3874 3092 3931 multi
3125 3874 3416 3947 Evangelii
3457 3892 3603 3946 pra:-

1949 3969 2236 4024 dicatores
2253 3985 2286 4022 a
2305 3967 2578 4024 ﬁdelibus
2597 3965 2828 4038 magnis
2849 3965 3172 4021 honoribus
3189 3964 3601 4032 efferebantur,

1950 4058 2217 4114 nonnulli
2250 4057 2379 4113 ideo
2409 4057 2709 4112 Christum
2750 4055 3160 4127 praedicabant,
3196 4057 3260 4108 ut
3299 4053 3518 4108 similia
3546 4057 3604 4109 et

1948 4147 2061 4218 ipsi
2101 4146 2463 4219 perciperent
2496 4162 2508 4198 :
2547 4161 2683 4216 ergo
2734 4161 2848 4198 non
2900 4147 3022 4198 erat
3059 4141 3325 4197 Christus
3355 4141 3414 4196 in
3445 4145 3598 4209 voto,

1947 4237 2044 4292 sed
2079 4235 2316 4291 invidia.
2341 4235 2452 4291 Sed
2485 4249 2654 4288 nemo
2687 4231 2933 4288 istorum
2967 4231 3295 4302 prohibitus
3325 4234 3433 4295 est,
3461 4246 3602 4301 quo-

1946 4325 2145 4381 minus
2192 4342 2293 4396 per
2340 4324 2448 4379 hos
2496 4322 2764 4378 Christus
2810 4319 3280 4385 annuntiaretur,
3313 4317 3593 4374 nimirum

1946 4431 2078 4470 cum
2102 4415 2133 4470 J
2139 4415 2285 4470 udas
2302 4413 2454 4468 inter
2469 4417 2706 4467 caateros
2723 4408 3017 4482 apostolos
3035 4426 3070 4463 a
3084 4407 3332 4463 Domino
3352 4407 3595 4475 missus,

1945 4507 2001 4558 et
2031 4501 2316 4557 miracula
2341 4501 2558 4568 fecerit,
2578 4504 2635 4556 et
2655 4499 2952 4555 Christum
2983 4496 3436 4564 annuntiaverit,
3452 4501 3508 4553 et
3538 4496 3598 4552 in

1945 4591 2182 4647 nomine
2213 4592 2340 4661 ejus
2381 4590 2600 4644 multos
2644 4586 3040 4661 baptizaverit.
3073 4587 3277 4658 Itaque
3324 4589 3392 4641 ut
3441 4586 3600 4642 sedis

183 4679 294 4734 bus
327 4684 665 4736 sanctorum
699 4679 991 4750 judicium
1025 4680 1244 4752 peragi,
1276 4686 1335 4736 et
1381 4685 1579 4735 utrum
1629 4682 1832 4737 eadem
1865 4692 1911 4756 Ι)
1944 4679 2275 4751 apostolica:
2309 4676 2521 4750 praesul
2553 4676 2758 4732 scribit
2787 4674 3153 4741 Anastasius,
3176 4691 3290 4730 non
3319 4673 3602 4746 quaeritur

184 4766 276 4823 die
305 4768 514 4823 debeat
543 4767 738 4835 homo,
763 4768 811 4824 si
839 4767 1054 4840 dignus
1081 4768 1273 4835 fuerit,
1299 4770 1370 4824 ad
1405 4775 1649 4825 mortem
1674 4771 1833 4842 judi-

185 4856 346 4912 cari?
375 4856 681 4914 sciendum
727 4858 1008 4929 quoniam
1057 4857 1116 4911 in
1164 4857 1256 4911 his
1307 4858 1736 4926 festivitatibus,
1771 4859 1832 4914 in

185 4946 400 5018 quibus
421 4947 694 5019 superius
710 4947 782 5002 ab
800 4947 958 5002 omni
973 4962 1145 5017 opere
1163 4947 1462 5002 mundano
1481 4949 1832 5004 cessandum

183 5051 311 5092 esse
342 5036 820 5104 monstravimus,
846 5036 1030 5092 multo
1062 5035 1252 5107 magis
1283 5052 1318 5090 a
1341 5035 1721 5093 saecularibus
1738 5054 1836 5093 ne-

183 5124 378 5197 gotiis,
413 5130 470 5180 et
517 5125 710 5182 adhuc
738 5143 774 5181 ι
801 5127 1091 5182 mortibus
1136 5125 1552 5181 abstinendum
1584 5127 1704 5182 fore
1734 5129 1832 5183 de-

183 5214 520 5271 cernimus:
555 5215 833 5287 quoniam
884 5214 1153 5287 quamvis
1212 5220 1528 5286 utrumque
1587 5215 1832 5273 fortasse

185 5303 306 5358 sine
338 5302 512 5377 culpa
542 5304 728 5360 valeat
774 5305 1043 5371 exerceri,
1070 5305 1303 5377 quando
1351 5311 1547 5359 tamen
1580 5303 1672 5360 his
1702 5323 1829 5376 quae

184 5393 282 5450 Dei
313 5398 472 5461 sunt,
506 5394 726 5450 arctius
757 5393 933 5450 homo
975 5395 1147 5450 debet
1186 5393 1425 5460 haerere,
1461 5410 1591 5465 quae
1622 5395 1830 5450 mundi

184 5486 321 5538 sunt
343 5499 376 5538 a
396 5498 458 5538 se
479 5483 750 5538 convenit
785 5482 1015 5554 penitus
1043 5500 1302 5538 resecare
1335 5501 1348 5538 :
1384 5483 1671 5554 praecipue
1694 5499 1830 5538 cum

184 5589 248 5627 eo
279 5572 372 5628 die
399 5572 470 5626 ad
503 5573 772 5628 militiam
807 5572 1064 5628 divinam
1099 5574 1380 5628 accedens
1411 5572 1608 5637 homo,
1635 5573 1831 5645 impli-

184 5661 298 5716 cari
346 5679 462 5718 non
495 5661 702 5718 debeat
752 5661 1002 5734 negotiis
1050 5661 1429 5718 saecularibus
1453 5665 1526 5731 (II
1560 5665 1693 5718 Tim.
1727 5663 1828 5735 11):

184 5755 239 5806 et
267 5751 340 5807 ob
371 5751 756 5808 reverentiam
786 5755 961 5808 tantae
1001 5748 1388 5808 solemnitatis
1419 5769 1534 5808 non
1568 5756 1832 5824 oporteat

1942 4769 2098 4841 quis,
2119 4767 2208 4823 vel
2230 4768 2422 4839 qualis
2442 4767 2736 4838 praedicet,
2759 4768 2857 4821 sed
2883 4782 3058 4837 quem
3081 4763 3354 4838 praedicet
3371 4765 3596 4837 (Ληαδι,

1942 4875 2003 4928 II,
2038 4860 2094 4912 in
2123 4860 2279 4929 epist.
2312 4856 2382 4911 ad
2411 4858 2596 4910 Αηαδι.
2632 4855 2810 4926 imp.).

2011 4947 2125 5002 XV.
2161 4945 2336 5001 Porro
2382 4942 2778 5015 interrogatis,
2813 4946 3011 4998 utrum
3061 4942 3328 4998 homines
3379 4941 3462 4995 illi
3496 4941 3596 5012 qui

1941 5035 2052 5092 hoc
2084 5035 2155 5090 ab
2188 5033 2288 5089 illo
2318 5031 2611 5105 baptisma
2634 5034 2997 5102 receperunt,
3025 5028 3337 5086 Christiani
3359 5029 3496 5094 sint,
3522 5045 3596 5084 an

1940 5129 2153 5183 iterum
2177 5124 2456 5198 baptizari
2481 5123 2750 5178 debeant.
2777 5122 2886 5176 Sed
2914 5122 2973 5176 in
2995 5121 3236 5176 nomine
3260 5135 3506 5174 summa:
3529 5135 3596 5175 ac

1941 5216 2252 5272 individua:
2275 5210 2576 5270 Trinitatis
2608 5209 2885 5284 baptizati
2919 5209 3100 5278 fuere,
3120 5208 3435 5264 Christiani
3468 5225 3600 5280 pro-

1941 5307 2088 5362 fecto
2120 5309 2277 5370 sunt,
2303 5306 2358 5359 et
2386 5319 2487 5357 eos
2518 5318 2551 5355 a
2581 5317 2932 5372 quocunque
2955 5298 3287 5354 Christiano
3318 5295 3594 5370 baptizati

1940 5399 2100 5462 sunt,
2126 5394 2329 5449 iterato
2369 5391 2666 5463 baptizare
2706 5407 2821 5444 non
2861 5386 3156 5455 convenit;
3193 5386 3495 5458 quoniam,
3531 5389 3598 5440 ut

1931 5485 2056 5556 jam
2090 5482 2428 5538 nominatus
2467 5479 2813 5534 Anastasius
2843 5475 3200 5549 apostolicus
3232 5474 3490 5547 pontifex
3520 5475 3592 5528 ad

1941 5571 2372 5643 coaequivocum
2417 5584 2589 5624 suum
2623 5567 2828 5623 scribit
2854 5567 3215 5638 Augustum;
3270 5568 3325 5620 et
3373 5563 3593 5635 baptis-

1941 5679 2130 5731 mum,
2152 5660 2308 5731 Quod
2340 5656 2542 5730 procul
2569 5657 2644 5713 sit
2665 5657 2736 5713 ab
2758 5655 3019 5724 ecclesia,
3049 5655 3170 5712 sive
3201 5654 3272 5710 ab
3304 5651 3594 5720 adultero,

1940 5750 2094 5808 vela
2125 5750 2251 5805 fure
2299 5747 2475 5804 fuerit
2519 5747 2743 5812 datum,
2782 5746 2854 5802 ad
2908 5743 3322 5818 percipientem
3375 5759 3594 5802 munus

3498 431 3722 524 sse_
