4098 6456
515 419 632 484 98⁸7

1897 414 2213 479 NICOLAI
2256 413 2487 476 PAPJE
2529 412 2580 473 Ι.

3838 406 3952 471 988

516 534 779 629 pervenit
808 551 1142 624 illibatum;
1175 553 1318 629 quia
1362 538 1470 611 vox
1514 550 1618 610 illa
1667 568 1796 627 quas
1847 550 2044 608 sonuit
2074 566 2178 623 per
2204 549 2260 618 Α
2289 544 2624 622 eulpabilis,
2648 545 2709 604 in
2738 548 2825 604 tot
2852 542 3199 604 hominibus
3230 541 3527 602 conversis
3555 539 3700 601 satis
3732 541 3953 600 exstitit

517 643 877 711 columbam,
911 661 1145 701 omnem
1190 642 1486 700 maculam
1531 642 1802 697 humanae
1839 637 2182 712 pollutionis

517 732 795 801 excludit,
821 751 940 807 qua
969 733 1317 801 declaratur,
1342 750 1408 789 ac
1438 732 1656 789 dicitur
1680 748 1692 786 :
1725 732 1825 787 Hic
1852 737 1931 787 est
1959 731 2057 801 qui
2088 729 2180 784 ba-

512 825 692 897 ptizat
720 824 897 896 (Joan.
934 827 996 893 ι.)
1029 824 1087 880 Si
1148 822 1327 897 igitur
1355 822 1627 896 quamvis
1684 820 2050 894 baptismum
2109 817 2182 873 ab

520 913 810 982 adultero,
833 913 919 969 vel
949 914 1074 969 fure
1101 914 1302 969 datum
1337 912 1530 981 fuerit,
1555 912 1628 968 ad
1662 909 2081 984 percipientem
2104 911 2185 963 ta-

521 1018 659 1058 men
691 1020 909 1059 munus
941 1003 1203 1074 pervenit
1233 1001 1557 1071 illibatum;
1593 1018 1774 1074 quam
1805 1000 1876 1056 ob
1909 1014 2033 1054 rem
2065 1014 2182 1053 non

521 1090 918 1158 illibatum,et
963 1092 1090 1149 sine
1133 1090 1256 1148 ulla
1312 1092 1618 1147 iteratione
1669 1089 1976 1155 subsistat,
2026 1086 2183 1160 quod

521 1180 767 1253 quilibet
796 1182 1139 1237 mundanus
1183 1181 1358 1237 homo
1390 1180 1616 1247 tribuit,
1650 1185 1707 1236 et
1736 1178 2035 1235 nescimus
2068 1192 2186 1248 qua

518 1268 845 1326 intentione
868 1287 931 1327 se
959 1271 1363 1344 presbyterum
1389 1269 1655 1343 ﬁngens?
1685 1273 1741 1325 et
1762 1272 1915 1325 certe
1936 1265 2184 1322 Aeacius

520 1359 1203 1433 Constantinopolitanus
1226 1361 1525 1432 quondam
1552 1360 1884 1432 episcopus,
1910 1375 1971 1415 se
1997 1374 2186 1415 sacer-

522 1448 718 1505 dotem
749 1451 1031 1523 ﬁngebat,
1055 1467 1188 1506 eum
1236 1449 1412 1505 fuerit
1442 1467 1477 1505 a
1506 1448 1694 1505 Felice
1722 1466 1875 1523 papa
1920 1449 2183 1504 Romano

523 1538 842 1595 damnatus
868 1557 881 1594 :
906 1540 1009 1596 sed
1044 1540 1184 1612 quid
1209 1541 1335 1611 jam
1367 1539 1561 1596 dictus
1591 1540 1663 1594 de
1693 1556 1760 1595 eo
1792 1538 2007 1611 praesul
2037 1540 2186 1595 Ana-

524 1630 748 1685 stasius
776 1628 1308 1698 dicat,audiamus;
1335 1629 1416 1685 ait
1437 1629 1595 1684 enim
1626 1629 1778 1684 inter
1813 1627 1928 1684 alia
1958 1628 2140 1701 (Ibid)
2168 1645 2180 1685 :

525 1722 670 1774 Cum
702 1717 815 1775 sibi
847 1719 1169 1775 sacerdotis
1197 1736 1412 1775 nomen
1437 1718 1682 1775 Aeacius
1707 1718 1977 1775 videlicet
2000 1717 2186 1774 vindi-

529 1804 745 1859 caverit
766 1805 1214 1873 condemnatus,
1234 1805 1295 1860 in
1316 1806 1506 1879 ipsius
1526 1806 1738 1862 vertice
1769 1806 2055 1879 superbia:
2085 1810 2184 1862 tu-

529 1893 935 1950 morinﬁietus
961 1899 1068 1961 est,
1096 1895 1235 1967 quia
1262 1912 1380 1951 non
1408 1895 1682 1968 populus,
1710 1896 1811 1970 qui
1841 1895 2186 1953 ministeriis
2215 1930 2262 1996 B

531 1982 753 2039 donum
773 1982 962 2057 ipsius
982 1984 1237 2053 sitiebat,
1257 1985 1532 2041 exclusus
1551 1988 1641 2042 est
1658 2003 1671 2040 :
1692 1986 1794 2043 sed
1817 1986 2016 2042 anima
2035 1985 2180 2053 sola,

532 2088 658 2145 quae
680 2076 1036 2146 peccaverat,
1051 2074 1215 2146 justo
1239 2074 1465 2146 judicio
1495 2074 1727 2148 proprie
1748 2079 1872 2132 erat
1891 2075 2141 2132 obnoxia
2165 2090 2179 2130 :

530 2162 688 2234 quod
718 2161 917 2235 itapue
967 2180 1284 2220 numerosa
1313 2164 1749 2237 Scripturarum
1795 2168 2047 2221 testatur
2093 2164 2182 2220 in-

530 2251 797 2321 structio,
832 2256 890 2307 et
917 2269 1118 2309 revera
1155 2253 1295 2325 quia
1344 2254 1669 2310 secundum
1719 2253 2184 2311 famosissimum

526 2340 869 2413 Apostolum
902 2359 1079 2415 neque
1107 2343 1206 2415 qui
1228 2344 1467 2416 plantat,
1498 2343 1557 2399 id
1590 2347 1679 2400 est
1708 2344 2053 2413 catecbizat;
2086 2361 2185 2401 ne-

531 2446 634 2503 que
661 2433 762 2503 qui
789 2433 1014 2501 irrigat,
1045 2432 1103 2487 id
1135 2435 1224 2488 est
1264 2432 1543 2504 baptizat,
1572 2441 1652 2490 est
1694 2434 1939 2506 aliquid;
1968 2433 2062 2490 sed
2089 2435 2188 2506 qui

531 2520 931 2577 incrementum
976 2521 1072 2577 dat
1121 2526 1261 2577 Deus
1291 2521 1335 2595 (ι
1375 2524 1503 2579 Cor.
1557 2525 1662 2593 IIl).
1696 2524 1766 2578 Et
1812 2524 1943 2579 ideo
1992 2522 2186 2579 malus

532 2608 687 2665 bona
717 2610 1108 2666 ministrando
1140 2628 1256 2667 non
1288 2610 1441 2680 aliis,
1466 2613 1566 2669 sed
1598 2612 1710 2669 sibi
1733 2612 2068 2669 detrimenti
2091 2630 2187 2670 cu-

534 2697 766 2754 mulum
789 2699 1019 2773 ingerit,
1038 2716 1106 2755 ac
1126 2716 1231 2773 per
1248 2700 1357 2755 hoc
1378 2705 1604 2757 eertum
1625 2705 1733 2770 est,
1759 2701 1898 2774 quia
1918 2719 2067 2775 quos
2088 2702 2188 2758 ille

531 2790 768 2843 Graecus
810 2787 1141 2860 baptizavit,
1175 2788 1339 2844 nulla
1368 2789 1558 2862 portio
1614 2790 1871 2847 laesionis
1928 2791 2182 2865 attingit,

533 2879 770 2949 propter
799 2876 943 2933 illud
968 2894 981 2932 :
1005 2878 1107 2933 Hic
1132 2886 1211 2935 est
1250 2880 1347 2952 qui
1394 2880 1650 2952 baptizat,
1685 2880 1745 2936 id
1776 2884 1866 2938 est
1895 2880 2186 2951 Christus,

534 2969 593 3021 et
620 2966 882 3022 iterum:
924 2969 1064 3024 Deus
1114 2970 1511 3026 incrementum
1567 2970 1680 3040 dat,
1727 2970 2100 3039 subauditur,
2130 2975 2188 3027 et

534 3071 654 3111 non
685 3055 883 3112 homo.

606 3145 748 3201 XVI.
768 3145 884 3202 Vos
916 3147 1015 3219 qui
1046 3147 1131 3203 sic
1162 3164 1474 3221 personam
1521 3148 1682 3206 illam
1726 3149 2064 3221 judicastis,
2096 3150 2185 3206 in-

534 3234 853 3308 vestigatis,
870 3236 919 3291 si
951 3236 1212 3293 debeatis
1238 3238 1375 3293 hinc
1404 3238 1806 3310 pmnitentiam
1838 3256 2044 3313 agere:
2072 3240 2186 3295 uti-

2290 637 2627 695 laudabilis.
2651 640 2888 704 Quarto,
2902 636 3043 710 quia
3067 635 3176 693 etsi
3207 653 3377 709 poena
3407 634 3623 708 dignus
3653 638 3804 702 erat,
3840 650 3948 691 non

2288 732 2487 785 tamen
2519 727 2822 784 debuisset
2853 727 3096 783 modum
3138 725 3381 783 ultionis
3424 725 3720 790 excedere,
3754 740 3867 779 nec
3896 723 3949 778 in

2291 836 2479 874 unum
2511 817 2813 875 hominem
2871 821 2979 885 tot,
3010 820 3069 873 et
3125 820 3248 872 tam
3288 813 3552 872 crudelia
3598 814 3952 870 detrimenta

2292 924 2603 981 congerere
2628 925 2641 964 :
2666 924 2803 963 cum
2826 906 3091 964 dimissis
3112 905 3164 962 ei
3187 905 3450 970 naribus,
3465 908 3524 960 et
3546 902 3795 960 auribus
3821 919 3950 975 pro-

2293 996 2457 1070 priis,
2484 997 2780 1054 sufﬁceret
2808 997 2881 1053 ad
2912 1013 3145 1070 poenam
3174 994 3261 1051 illi
3293 992 3548 1068 repulsio
3580 1010 3615 1050 a
3642 992 3844 1065 patria
3860 1008 3951 1047 ve-

2293 1091 2434 1155 stra,
2460 1103 2640 1159 quam
2683 1102 2819 1142 cum
2868 1085 3314 1142 detruncatione
3343 1083 3746 1140 membrorum
3787 1080 3951 1153 judi-

2293 1176 2564 1233 cantibus
2593 1176 2760 1232 vobis
2790 1179 3062 1248 expertus
3091 1180 3199 1231 est.

2363 1266 2533 1322 XVII.
2557 1265 2742 1339 Igitur
2771 1267 3107 1334 referentes,
3135 1263 3386 1337 qualiter
3416 1262 3614 1319 divina
3641 1260 3954 1318 clementia

2294 1352 2689 1409 Christianam
2738 1353 3081 1427 religionem
3132 1350 3531 1425 perceperitis,
3581 1348 3955 1423 qualiterque

2294 1441 2579 1515 populum
2608 1447 2869 1499 vestrum
2900 1441 3185 1515 baptizari
3216 1458 3451 1499 omnem
3483 1439 3738 1497 feceritis
3763 1457 3778 1495 :
3811 1456 3953 1512 qua-

2293 1531 2426 1587 liter
2447 1536 2646 1589 autem
2666 1531 2752 1587 illi
2774 1537 3089 1606 postquam
3110 1529 3383 1606 baptizati
3412 1531 3592 1599 fuere,
3614 1530 3954 1586 insurrexe-

2294 1621 2413 1677 rint
2442 1622 2801 1678 unanimiter
2834 1639 2969 1678 cum
3003 1638 3218 1696 magna
3248 1621 3545 1678 ferocitate
3592 1623 3801 1676 contra
3829 1635 3951 1688 vos,

2293 1712 2574 1780 dicentes,
2607 1730 2724 1768 non
2757 1712 2974 1769 bonam
3003 1728 3105 1768 vos
3146 1712 3231 1768 eis
3260 1711 3448 1785 legem
3480 1709 3821 1779 tradidisse,
3853 1725 3954 1765 vo-

2293 1800 2480 1858 lentes
2511 1802 2689 1858 etiam
2720 1818 2822 1858 vos
2869 1801 3154 1870 occidere,
3187 1805 3245 1857 et
3274 1817 3471 1875 regem
3517 1799 3701 1857 alium
3731 1798 3954 1856 consti-

2293 1895 2481 1962 tuere,
2501 1896 2559 1948 et
2608 1891 2860 1964 qualiter
2885 1908 3009 1958 vos,
3033 1891 3232 1947 divina
3278 1893 3627 1964 cooperante
3666 1888 3951 1961 polentia,

2294 1981 2575 2038 adversus
2606 1998 2705 2037 eos
2734 1980 3047 2054 properati,
3073 1999 3108 2036 a
3144 1980 3400 2037 maximo
3440 1997 3629 2053 usque
3657 1979 3730 2036 ad
3764 1977 3953 2034 modi-

2293 2087 2430 2127 eum
2461 2070 2897 2144 superaveritis,
2924 2075 2980 2127 et
3010 2071 3287 2127 manibus
3309 2069 3522 2126 vestris
3553 2070 3828 2126 detentos
3854 2067 3953 2123 ha-

2292 2159 2558 2229 bueritis,
2585 2158 2953 2233 qualiterque
2982 2176 3188 2217 omnes
3218 2159 3500 2232 primates
3529 2174 3754 2227 eorum,
3775 2162 3954 2230 atque

2293 2250 2548 2321 majores
2576 2266 2712 2305 cum
2743 2249 2903 2310 omni
2948 2248 3110 2323 prole
3153 2266 3263 2305 sua
3292 2246 3488 2322 gladio
3518 2247 3736 2305 fuerint
3764 2246 3954 2303 inter-

2293 2338 2506 2413 empti;
2541 2339 2864 2396 mediocres
2896 2356 3049 2408 vero,
3072 2356 3175 2396 seu
3204 2337 3462 2396 minores
3486 2337 3634 2394 nihil
3655 2336 3803 2393 mali
3834 2354 3955 2410 per-

2291 2428 2553 2497 tulerint,
2574 2430 2646 2485 de
2676 2428 2770 2485 his
2830 2445 3005 2486 nosse
3060 2427 3407 2485 desideratis
3437 2428 3539 2501 qui
3568 2428 3686 2484 vita
3738 2427 3951 2501 privati

2294 2523 2454 2588 sunt,
2480 2523 2679 2575 utrum
2701 2535 2770 2575 ex
2789 2518 2907 2574 illis
2932 2522 3237 2591 peceatum
3257 2516 3720 2590 habeatis,quod
3744 2518 3952 2591 utique

2294 2608 2421 2665 sine
2450 2612 2685 2681 peccato
2717 2625 2957 2665 evasum
2989 2625 3104 2665 non
3134 2612 3251 2678 est;
3278 2624 3383 2666 nec
3412 2608 3539 2664 sine
3567 2607 3739 2681 culpa
3756 2613 3952 2665 vestra

2294 2698 2421 2754 ﬁeri
2472 2699 2681 2770 potuit,
2716 2702 2781 2753 ut
2834 2696 3050 2771 proles,
3083 2715 3211 2770 qua
3243 2698 3303 2754 in
3335 2698 3581 2754 consilio
3635 2701 3949 2772 parentum

2295 2805 2412 2844 non
2443 2788 2574 2857 fuit,
2609 2804 2715 2844 nec
2745 2787 3025 2845 adversus
3053 2805 3157 2845 vos
3199 2804 3365 2844 arma
3394 2786 3708 2846 sustulisse
3736 2788 3949 2860 proba-

2295 2880 2412 2947 tur,
2446 2876 2728 2933 innocens
2774 2893 2909 2933 eum
2959 2877 3307 2934 nocentibus
3351 2877 3769 2934 trucidaretur.
3806 2877 3948 2933 Nam

2294 2965 2434 3023 hinc
2464 2965 2793 3039 psalmista,
2811 2970 3126 3040 postquam
3151 2965 3410 3023 dixerat:
3442 2969 3559 3024 Non
3588 2967 3706 3025 sedi
3730 2969 3798 3023 in
3825 2983 3951 3024 con-

2293 3058 2423 3113 silio
2450 3058 2735 3124 vanitatis,
2757 3064 2958 3113 etcum
2986 3059 3182 3130 iniqua
3204 3059 3521 3130 gerentibus
3539 3074 3651 3115 non
3674 3058 3915 3115 introibo
3933 3076 3951 3111 :

2295 3145 2443 3203 odivi
2469 3148 2913 3216 congregationes
2948 3147 3344 3216 malignorum,
3376 3154 3429 3202 et
3467 3162 3593 3202 eum
3622 3147 3818 3219 impiis
3848 3161 3951 3201 non

2294 3235 2519 3302 sedebo;
2548 3234 2723 3309 paulo
2775 3240 2912 3308 post
2967 3237 3289 3309 deprecans
3338 3234 3654 3292 Dominum
3713 3234 3847 3292 ait:
3880 3238 3954 3293 Ne

535 3339 648 3396 que
677 3324 931 3398 denique
958 3343 1131 3382 omne
1174 3332 1481 3400 peccatum
1512 3329 1872 3400 paenitentia,
1897 3346 2025 3402 quas
2071 3347 2187 3387 non
2217 3304 2261 3373 δ
2292 3326 2492 3400 perdas
2517 3342 2643 3382 cum
2683 3327 2871 3397 impiis
2902 3327 3153 3381 animam
3177 3341 3377 3393 meam,
3408 3333 3461 3382 et
3505 3341 3631 3381 cum
3658 3325 3801 3381 viris
3823 3341 3953 3381 san-

533 3412 672 3480 nisi,
704 3414 801 3469 Dei
854 3414 1045 3487 gratia
1092 3417 1428 3483 comitante,
1463 3417 1714 3490 proﬁcit,
1741 3417 2005 3476 diluitur.
2039 3420 2186 3476 Nam

531 3502 819 3559 Dominus
849 3505 1109 3576 primum
1140 3506 1376 3561 Petrum
1408 3506 1682 3578 respexit,
1715 3512 1772 3563 et
1811 3512 1951 3564 tunc
1983 3509 2188 3565 Petrus

532 3593 604 3647 ad
633 3591 925 3666 laerymas
956 3611 1085 3650 sese
1104 3596 1406 3651 convertit.
1433 3596 1741 3652 Peccatum
1773 3602 1969 3654 autem
2000 3615 2103 3654 vos
2126 3598 2185 3654 in

531 3680 698 3737 illum
730 3682 1032 3738 hominem
1056 3689 1423 3757 perpetrasse
1445 3684 1826 3743 manifestum
1857 3692 1966 3744 est.
1992 3687 2187 3744 Primo

532 3770 1080 3844 quidem,quoniam
1106 3777 1393 3846 quantum
1417 3792 1524 3831 nos
1545 3776 2041 3848 comprehendere
2059 3794 2190 3849 pos-

533 3877 763 3930 sumus,
779 3862 1043 3918 nondum
1060 3862 1215 3919 clare
1235 3865 1428 3937 patuit
1449 3866 1720 3921 eumdem
1745 3865 2046 3922 hominem
2067 3884 2183 3922 non

531 3964 661 4005 esse
690 3950 1117 4024 presbyterum,
1147 3956 1206 4008 et
1248 3953 1535 4025 scriptum
1566 3958 1656 4009 est
1688 3970 1699 4009 :
1734 3955 1910 4011 Nolite
1930 3954 2186 4026 judicare

532 4046 658 4094 ante
702 4046 911 4112 tempus
940 4041 989 4109 (I
1019 4041 1140 4097 Cor.
1173 4044 1272 4111 1v).
1306 4042 1595 4109 Secundo,
1636 4043 1916 4115 quoniam
1966 4044 2076 4100 etsi
2123 4061 2186 4099 se

529 4128 698 4185 ﬁnxit
726 4147 855 4187 esse
885 4133 1042 4203 quod
1075 4148 1190 4187 non
1221 4135 1364 4199 erat,
1391 4149 1506 4188 non
1538 4137 1735 4188 tamen
1763 4133 1900 4190 fecit
1920 4135 2075 4207 quod
2109 4135 2187 4190 fa-

528 4222 689 4275 ctum
720 4220 837 4276 Deo
864 4219 955 4276 vel
987 4218 1261 4276 ﬁdelibus
1293 4221 1421 4292 ejus
1448 4238 1561 4278 non
1593 4221 1820 4295 placeat
1847 4241 1860 4279 :
1896 4223 2185 4297 praecipue

527 4325 662 4364 eum
685 4309 743 4364 in
768 4326 837 4366 ea
855 4313 1047 4383 gente,
1072 4310 1130 4364 in
1153 4326 1269 4382 qua
1290 4327 1477 4383 usque
1503 4313 1575 4367 ad
1598 4310 1743 4369 illud
1766 4317 2000 4385 tempus
2021 4312 2185 4368 nulla

526 4403 687 4454 recta
733 4398 901 4464 ﬁdes,
948 4398 1110 4456 nulla
1157 4416 1293 4456 vera
1340 4400 1542 4475 religio
1594 4401 1910 4466 colebatur,
1946 4401 2186 4458 sibinet

526 4487 745 4543 ostium
769 4488 991 4545 multos
1014 4488 1280 4546 lucrandi
1299 4491 1580 4547 divinitus
1596 4490 1813 4547 videret
1833 4495 2185 4564 apertum,et

2296 3417 2528 3487 guinum
2588 3417 2758 3471 vitam
2810 3432 2991 3471 meam
3048 3414 3216 3488 (Psal.
3248 3414 3399 3487 xxv).
3461 3414 3611 3471 Hine
3668 3413 3955 3471 Dominus

2296 3523 2400 3578 per
2435 3504 2793 3562 Ezechielem
2856 3504 3204 3577 prophetam
3260 3504 3529 3577 perhibet
3574 3504 3779 3560 dicens
3811 3507 3950 3576 (cap.

2295 3598 2495 3663 xvm):
2535 3597 2597 3652 Ut
2626 3595 2818 3650 anima
2859 3596 3060 3666 patris,
3095 3596 3174 3651 ita
3202 3602 3254 3651 et
3281 3596 3473 3651 anima
3517 3595 3631 3666 ﬁlii
3675 3610 3803 3650 mea
3830 3600 3949 3650 est:

2294 3686 2488 3741 anima
2515 3698 2640 3756 quae
2663 3686 2984 3756 peccaverit,
3026 3686 3149 3756 ipsa
3183 3685 3465 3741 morietur.
3498 3684 3567 3740 Et
3596 3686 3730 3757 post
3767 3699 3953 3755 pauca

2296 3774 2368 3830 de
2398 3776 2562 3847 patre
2593 3772 2768 3828 dicit:
2794 3773 2946 3842 Quod
2992 3774 3045 3829 si
3087 3775 3340 3846 genuerit
3387 3774 3590 3846 ﬁlium,
3624 3774 3721 3846 qui
3763 3773 3951 3829 videns

2295 3863 2482 3921 omnia
2509 3870 2727 3934 peccata
2761 3864 2940 3934 patris
2973 3864 3068 3918 sui
3113 3878 3240 3937 quae
3265 3864 3415 3935 fecit,
3449 3863 3716 3927 timuerit,
3747 3870 3800 3917 et
3842 3879 3947 3917 non

2292 3954 2483 4025 fecerit
2518 3953 2703 4007 simile
2759 3954 2856 4017 eis,
2888 3968 3055 4024 super
3105 3961 3344 4009 montem
3397 3968 3511 4008 non
3562 3950 3873 4020 comederit,
3904 3957 3952 4006 et

2293 4043 2476 4098 oculos
2502 4058 2627 4098 suos
2666 4057 2779 4097 non
2813 4040 3077 4098 levaverit
3125 4042 3197 4098 ad
3244 4042 3393 4099 idola
3437 4041 3629 4098 domus
3675 4042 3871 4108 Israel,
3901 4049 3949 4096 et

2292 4147 2523 4188 uxorem
2547 4132 2795 4203 proximi
2820 4132 2912 4187 sui
2938 4147 3047 4188 non
3068 4132 3371 4200 violaverit,
3401 4139 3454 4188 et
3475 4133 3659 4188 virum
3680 4147 3796 4187 non
3823 4147 3948 4187 con-

2294 4222 2614 4290 tristaverit,
2645 4222 2850 4293 pignus
2877 4237 2987 4277 non
3022 4222 3331 4288 retinuerit,
3353 4229 3405 4277 et
3432 4223 3692 4294 rapinam
3718 4236 3833 4277 non
3859 4237 3946 4276 ra-

2289 4312 2491 4384 puerit,
2511 4327 2712 4383 panem
2737 4326 2900 4366 suum
2940 4312 3206 4367 esurienti
3252 4310 3479 4379 dederit,
3510 4319 3563 4367 et
3587 4310 3802 4367 nudum
3828 4326 3945 4383 ope-

2290 4402 2469 4457 ruerit
2494 4402 2832 4467 vestimento,
2857 4417 2892 4457 a
2916 4403 3180 4473 pauperis
3200 4401 3419 4473 injuria
3445 4402 3702 4458 averterit
3724 4416 3949 4457 manum

2291 4507 2471 4556 suam,
2504 4507 2735 4547 usuram
2787 4498 2840 4548 et
2892 4490 3456 4563 superabundantiam
3505 4507 3618 4549 non
3663 4492 3944 4563 acceperit,

528 4574 627 4632 ille
656 4578 901 4634 forsitan
936 4579 1237 4637 anhelaret
1266 4580 1553 4653 plurimos
1584 4580 1656 4635 ad
1696 4583 1930 4636 tantum
1959 4581 2181 4636 donum
2282 4580 2502 4654 judicia
2529 4596 2651 4637 mea
2697 4581 2909 4653 fecerit,
2945 4582 3003 4636 in
3031 4582 3321 4654 praeceptis
3375 4584 3515 4637 meis
3562 4580 3943 4646 ambulaverit,

526 4666 863 4738 perducere,
890 4668 951 4723 in
982 4686 1097 4741 quo
1129 4687 1190 4725 se
1220 4669 1404 4725 Deum
1436 4674 1701 4726 senserat
1730 4669 2185 4727 misericorditer
2212 4684 2260 4749 D
2291 4672 2382 4727 hic
2407 4687 2520 4727 non
2544 4672 2813 4727 morietur
2841 4672 2904 4726 in
2921 4671 3224 4742 iniquitate
3247 4673 3426 4743 patris
3462 4674 3573 4739 sui,
3598 4670 3692 4727 sed
3720 4671 3835 4726 vita
3862 4670 3945 4725 vi-

526 4756 823 4828 adjuvare.
850 4758 1112 4831 Denique
1144 4758 1193 4813 si
1227 4757 1405 4813 David
1438 4774 1569 4814 esse
1600 4776 1662 4814 se
1693 4759 1983 4815 furiosum
2016 4760 2183 4816 finxit

525 4846 569 4918 (ι
598 4852 728 4917 Reg.
760 4851 898 4919 xxx),
923 4852 988 4904 ut
1036 4864 1206 4904 suam
1254 4850 1485 4903 tantum
1535 4846 1784 4904 salutem
1816 4851 2045 4921 operari
2074 4867 2179 4923 po-

524 4936 951 5011 tuisset,quam
991 4954 1205 4993 noxam
1247 4936 1557 5003 contraxit,
1590 4936 1692 5008 qui
1740 4941 1826 4994 tot
1872 4938 2180 4996 hominum

526 5026 971 5084 multitudinem
1002 5026 1417 5099 quoquomodo
1442 5025 1513 5081 de
1543 5030 1827 5098 potestate
1855 5028 2093 5100 diaboli,
2124 5032 2184 5085 et

524 5122 751 5173 uterne;
772 5116 1119 5189 perditionis
1141 5115 1462 5172 abstraxit?
1483 5114 1733 5174 maxime
1756 5135 1890 5174 cum
1913 5136 1976 5175 se
1999 5135 2201 5175 sacer-'

524 5206 719 5263 dotem
753 5204 1138 5272 simulaverit,
1172 5223 1288 5261 non
1328 5210 1525 5285 tamen
1575 5206 1634 5263 in
1684 5208 2035 5281 baptizando
2066 5209 2185 5282 egit

524 5298 679 5368 quod
712 5300 925 5367 praeter
971 5294 1331 5352 sacerdotem
1364 5295 1423 5351 in
1468 5300 1590 5353 tam
1638 5297 1890 5353 evidenti
1934 5298 2182 5355 necessi-

523 5389 642 5441 tate
664 5402 833 5458 agere
857 5383 1086 5440 nullum
1104 5389 1358 5457 oportet:
1378 5387 1786 5460 presbyterum
1804 5404 1959 5454 vero,
1977 5391 2041 5443 ut
2061 5390 2182 5462 opi-

525 5491 758 5540 namur,
788 5472 1003 5528 idcirco
1033 5489 1094 5529 se
1125 5473 1290 5530 ﬁnxit
1318 5490 1476 5544 esse;
1512 5473 1793 5547 quoniam
1818 5475 1945 5546 jam
1981 5492 2180 5533 sense-

525 5570 613 5620 rat
642 5562 805 5619 vobis
837 5563 1019 5619 fuisse
1068 5581 1332 5634 suasum,
1358 5564 1516 5638 quod
1558 5564 1889 5636 baptizandi
1923 5565 2182 5624 ministe-

524 5653 677 5709 rium
712 5670 825 5708 non
859 5653 971 5710 nisi
1012 5656 1369 5730 presbyteris
1411 5657 1644 5710 tantum
1674 5658 1831 5711 esset
1859 5654 2176 5713 indultum.

523 5743 740 5815 Tertio,
766 5744 1045 5818 quoniam
1075 5745 1183 5804 etsi
1213 5746 1275 5802 in
1314 5744 1429 5802 ista
1467 5743 1843 5802 simulatione
1871 5744 2039 5803 valde
2070 5747 2182 5804 fuit

2289 4768 2374 4818 vet
2403 4779 2423 4817 :
2448 4769 2608 4833 pater
2634 4760 2754 4833 ejus
2782 4762 2917 4833 quia
2937 4761 3312 4817 calumniatus
3340 4769 3436 4829 est,
3459 4769 3513 4819 et
3539 4763 3653 4817 vim
3679 4761 3813 4832 fecit
3837 4762 3945 4832 fra-

2291 4852 2388 4918 tri,
2420 4858 2473 4907 et
2497 4850 2711 4906 malum
2737 4858 2993 4922 operatus
3029 4858 3109 4907 est
3138 4852 3201 4907 in
3230 4850 3407 4908 medio
3452 4850 3646 4923 populi
3689 4851 3802 4918 sui,
3834 4863 3946 4905 ecce

2288 4947 2537 4996 mortuus
2565 4947 2643 4996 est
2686 4941 2746 4995 in
2775 4941 3072 5013 iniquitate
3098 4956 3220 5008 sua,
3244 4948 3297 4997 et
3346 4940 3531 4997 dicitis
3554 4959 3574 4996 :
3607 4941 3786 5009 Quare
3839 4954 3944 4995 non

2284 5030 2527 5102 portavit
2551 5029 2702 5100 ﬁlius
2732 5030 3084 5102 iniquitatem
3116 5031 3332 5103 patris!
3359 5029 3616 5087 Videlicet
3644 5030 3777 5103 quia
3801 5028 3944 5100 ﬁlius

2290 5127 2343 5176 et
2362 5118 2645 5191 judicium
2668 5127 2720 5176 et
2738 5120 3020 5192 justitiam
3048 5128 3303 5193 operatus
3338 5127 3437 5189 est,
3463 5121 3655 5177 omnia
3677 5124 3945 5192 praecepta

2289 5226 2413 5265 mea
2453 5208 2764 5277 custodiuit,
2796 5217 2849 5265 et
2898 5211 3029 5282 fecit
3076 5210 3199 5277 illa,
3229 5212 3347 5267 vita
3389 5209 3550 5267 vivet.
3579 5210 3780 5266 Anima
3825 5220 3945 5281 quae

2285 5300 2592 5372 peccaverit
2621 5300 2743 5370 ipsa
2780 5306 3044 5356 morietur
3069 5320 3090 5355 :
3120 5300 3275 5371 ﬁlius
3300 5317 3414 5357 non
3451 5301 3697 5373 portabit
3735 5297 3943 5370 iniqui-

2291 5396 2457 5446 tatem
2481 5389 2678 5461 patris,
2707 5396 2759 5445 et
2799 5398 2960 5461 pater
2994 5405 3107 5446 non
3133 5390 3376 5462 portabit
3422 5390 3772 5463 iniquitatem
3816 5387 3936 5460 ﬁlii.

2291 5475 2568 5543 Quamvis
2598 5479 2655 5531 et
2680 5475 2751 5531 de
2800 5477 3144 5549 parentibus
3174 5478 3277 5550 qui
3325 5476 3733 5550 comprehensi
3787 5478 3934 5541 sunt,

2290 5566 2495 5623 mitius
2527 5580 2698 5638 agere
2729 5565 3071 5636 debueritis,
3099 5567 3323 5624 scilicet
3357 5573 3420 5623 ut
3449 5584 3553 5640 pro
3593 5566 3697 5624 Dei
3726 5580 3934 5631 amore,

2290 5656 2392 5731 qui
2422 5673 2521 5715 eos
2571 5655 2631 5711 in
2681 5672 2895 5713 manus
2948 5661 3171 5715 vestras
3229 5658 3569 5730 tradiderat,
3591 5657 3771 5715 vitam
3829 5653 3936 5711 illis

2290 5744 2685 5814 reservaretis,
2719 5749 3015 5818 quatenus
3062 5747 3121 5805 in
3171 5747 3432 5806 oratione
3478 5744 3786 5811 Dominiea
3829 5744 3933 5803 Deo
