4098 6460
190 461 311 526 989

1410 471 1811 535 EPISTOL/E
1850 473 1953 535 ET
1994 473 2355 536 DECRETA
2369 518 2383 535 .

3482 471 3603 538 990

190 600 464 671 prompte
494 595 686 655 dicere
713 596 981 658 valeretis
1016 618 1029 657 :
1061 601 1287 660 Dimitte
1334 605 1489 663 nobis
1532 606 1714 663 debita
1740 624 1840 665 no-
1868 608 1925 675 Α
1950 608 2149 677 modi;
2188 607 2482 683 quomodo
2505 608 2792 667 rationem
2816 608 3124 668 redderent
3141 608 3213 668 de
3229 608 3476 685 imperio
3494 623 3604 667 suo

190 694 328 752 stra,
390 689 533 744 sicut
586 697 637 744 et
692 706 789 746 nos
845 690 1169 749 dimittimus
1237 694 1574 752 debitoribus
1638 699 1845 753 nostris

192 776 405 848 (Matth.
438 777 539 849 VI).
575 778 686 833 Sed
735 779 843 835 etsi
892 779 1022 836 illos
1072 798 1366 839 reservare
1412 761 1710 857 potuistis,
1744 787 1843 858 qui

196 865 470 922 bellando
493 867 849 939 interiere,et
869 869 1112 926 minime
1134 871 1319 928 vivere
1343 874 1716 945 permisistis,
1740 892 1846 931 nec

196 954 424 1011 salvere
452 954 739 1024 voluistis,
764 975 878 1013 non
912 959 1175 1016 consulte
1198 979 1438 1033 prorsus
1460 963 1664 1037 egistis
1681 982 1694 1028 ;
1711 965 1849 1021 scri-

196 1048 366 1116 ptum
389 1046 606 1119 quippe
629 1051 749 1103 est:
771 1047 1057 1104 Iudicium
1084 1052 1190 1107 erit
1214 1054 1336 1107 sine
1364 1054 1742 1110 misericordia
1760 1056 1849 1110 illi

198 1136 298 1206 qui
324 1151 435 1191 non
461 1138 653 1208 fecerit
686 1139 1126 1194 misericordiam
1155 1143 1289 1208 (Jac.
1323 1142 1409 1213 II).
1440 1144 1507 1197 Et
1538 1161 1641 1216 per
1670 1161 1850 1216 supra

200 1224 574 1280 nominatum
632 1226 976 1298 prophetam
1037 1228 1318 1286 Dominus
1354 1248 1367 1286 :
1402 1233 1681 1305 Nunquid,
1745 1233 1846 1301 ait,

198 1316 499 1370 voluntatis
526 1330 667 1372 mea:
692 1323 770 1372 est
794 1333 938 1373 mors
971 1320 1149 1389 impii,
1183 1320 1318 1375 dicit
1366 1324 1633 1378 Dominus
1690 1323 1847 1391 Deus,

201 1411 255 1461 et
282 1420 393 1460 non
422 1412 481 1460 ut
517 1412 862 1461 convertatur
897 1424 932 1461 a
978 1409 1083 1462 viis
1131 1411 1269 1474 suis,
1320 1418 1372 1466 et
1416 1413 1608 1466 vivat?
1639 1414 1848 1480 (Ezech.

202 1494 382 1566 mu.)
414 1492 632 1549 Verum
682 1495 821 1566 quia
870 1495 993 1552 zelo
1040 1497 1386 1555 Christianae
1445 1500 1765 1572 religionis,
1798 1506 1855 1557 et

205 1581 537 1654 ignorantia
557 1583 751 1655 potius
782 1602 957 1657 quam
990 1585 1103 1641 alio
1131 1587 1272 1644 vitio
1302 1587 1655 1662 deliquistis,
1677 1591 1856 1662 pomi-

203 1672 390 1728 tentia
411 1673 806 1745 subsequente
822 1692 924 1747 per
935 1674 1149 1731 Christi
1162 1678 1854 1752 gratiamindulgentiam

209 1762 279 1818 de
311 1761 404 1817 his
434 1766 493 1819 et
523 1762 988 1819 misericordiam
1019 1766 1469 1839 consequimini.

280 1852 473 1907 XVIII.
507 1852 666 1908 Scire
686 1870 788 1909 vos
806 1852 951 1909 velle
984 1855 1509 1930 signiﬁcatis,quid
1544 1859 1613 1913 de
1642 1860 1735 1915 his
1757 1860 1857 1932 qui

1953 699 2117 755 Deo?
2146 699 2362 772 quippe
2422 717 2555 756 cum
2615 701 2903 773 pertineat
2947 701 3057 757 hoc
3103 702 3174 757 ad
3206 718 3370 774 reges
3405 698 3603 757 saeculi

1953 788 2339 856 Christianos,
2373 794 2438 844 ut
2466 789 2829 862 temporibus
2878 790 3004 847 suis
3053 795 3323 864 pacatam
3374 795 3432 845 et
3476 789 3603 846 sine

1954 876 2344 933 diminutione
2361 877 2540 933 velint
2560 877 2773 933 servari
2797 882 3046 934 matrem
3070 894 3238 933 suam
3261 876 3603 944 Ecclesiam,

1957 967 2112 1022 unde
2150 966 2491 1039 spiritaliter
2536 968 2659 1025 nati
2702 973 2860 1023 sunt.
2890 968 3193 1040 Siquidem
3221 966 3608 1024 Nabuchodo-

1958 1073 2134 1111 nosor
2162 1074 2279 1124 rex,
2318 1057 2416 1129 qui
2450 1061 2704 1113 statuam
2754 1075 2923 1113 suam
2973 1060 3251 1125 erexerat,
3288 1060 3344 1112 et
3372 1056 3445 1111 ad
3476 1072 3606 1111 eam

1958 1146 2316 1201 adorandam
2348 1163 2552 1203 omnes
2584 1150 2869 1220 coegerat,
2904 1146 3181 1202 laudibus
3201 1145 3382 1201 trium
3405 1161 3611 1217 puero-

1930 1252 2090 1290 -rum
2112 1236 2183 1291 de
2202 1235 2336 1308 igne
2359 1234 2739 1292 liberatorum
2771 1240 3101 1292 commotus
3132 1235 3350 1291 dixisse
3372 1234 3606 1307 legitur:

1957 1326 2025 1381 Et
2053 1342 2147 1397 ego
2172 1342 2377 1397 ponam
2423 1325 2693 1381 decretum
2740 1327 2995 1382 omnibus
3042 1325 3294 1381 tribubus
3322 1332 3373 1380 et
3403 1324 3612 1392 linguis

1962 1417 2023 1471 in
2053 1418 2205 1471 omni
2235 1424 2380 1471 terra
2400 1436 2420 1476 :
2449 1424 2501 1472 ot
2527 1417 2837 1487 quicunque
2878 1414 3084 1471 dixerit
3126 1414 3521 1486 blasphemiam
3548 1413 3611 1467 in

1960 1505 2130 1561 Deum
2159 1504 2409 1571 Sidrach,
2463 1504 2684 1571 Misach,
2735 1512 2784 1560 et
2842 1504 3147 1573 Abdenago,
3208 1504 3269 1559 in
3325 1502 3607 1558 interitum

1961 1603 2144 1663 erunt,
2205 1602 2256 1650 et
2310 1593 2501 1649 domus
2557 1610 2746 1651 eorum
2800 1596 2861 1649 in
2905 1593 3267 1666 perditionem
3310 1593 3470 1656 (Dan.
3503 1589 3608 1662 III).

1965 1684 2025 1740 Si
2051 1700 2188 1757 ergo
2238 1683 2321 1739 sic
2370 1682 2532 1739 saevlt
2580 1699 2679 1738 rex
2728 1683 3035 1750 barbarus,
3069 1698 3141 1737 ne
3171 1679 3614 1753 blasphematur

1966 1774 2122 1829 Deus
2145 1773 2340 1841 Israel,
2368 1773 2506 1845 quia
2528 1772 2722 1845 potuit
2745 1776 2863 1827 tres
2895 1787 3107 1845 pueros
3129 1771 3200 1825 de
3221 1770 3355 1842 igne
3382 1772 3613 1840 tempo-

1968 1863 2076 1918 rali
2110 1862 2393 1930 liberare;
2427 1866 2646 1934 quanto
2684 1861 2882 1934 potius
2933 1860 3132 1917 saevire
3189 1859 3404 1915 debent
3451 1873 3617 1928 reges

210 1940 813 2049 legem‘Christianam
843 1949 1319 2049 respuuntag‘ere
1342 1946 1603 2003 debeatis
1628 1965 1640 2002 :
1666 1949 1725 2003 in
1743 1966 1859 2021 quo
1889 1983 1937 2049 B
1968 1951 2301 2037 Christiani,
2350 1951 2489 2024 quia
2517 1951 2786 2007 Christus
2818 1950 3143 2023 abnegatur
3169 1952 3226 2005 et
3256 1947 3552 2013 irridetur,
3583 1962 3620 2001 a

211 2032 534 2087 notandum
557 2036 665 2097 est,
692 2033 968 2104 quoniam
990 2033 1183 2089 omnis
1208 2034 1383 2091 homo
1409 2036 1560 2092 sicut
1582 2055 1683 2110 per
1712 2037 1858 2094 alte-

213 2120 337 2176 rius
358 2120 613 2193 culpam,
637 2121 695 2176 id
718 2125 807 2177 est
834 2122 988 2186 Adae,
1014 2123 1303 2179 contraxit
1331 2127 1486 2182 unde
1516 2127 1863 2200 purgatione

214 2227 319 2282 per
338 2226 553 2282 aquam
581 2211 954 2283 baptismatis
973 2217 1167 2286 egeat;
1190 2213 1272 2268 ita
1293 2231 1425 2269 cum
1450 2217 1523 2271 ad
1546 2217 1721 2272 ﬁdem
1739 2235 1866 2289 pro-

216 2299 563 2354 mittendam
577 2300 650 2355 ad
663 2301 1119 2373 regenerationis
1150 2302 1401 2357 occurrit
1431 2305 1862 2371 undam,alium

217 2387 381 2461 eligit
408 2389 841 2461 quodammodo
872 2392 1502 2463 patrem,spiritualem
1535 2393 1867 2458 videlicet,a

217 2492 335 2548 quo
347 2483 657 2549 susceptus
670 2478 1079 2546 instruatur,et
1093 2480 1250 2535 omni
1264 2481 1530 2537 custodia
1543 2482 1863 2549 muniatur,

218 2570 275 2621 et
296 2572 578 2639 tanquam
602 2568 932 2640 depositum
960 2570 1256 2641 quoddam
1280 2570 1480 2626 lectori
1506 2571 1760 2628 ecclesiae
1783 2591 1868 2629 re-

218 2660 621 2729 praesentetur.
650 2657 932 2713 Praeterea
952 2658 1051 2731 qui
1079 2660 1253 2715 ﬁdem
1287 2660 1511 2733 respuit
1540 2678 1718 2734 quam
1741 2680 1870 2735 pro-

220 2745 404 2814 misit,
438 2748 510 2801 ab
539 2745 639 2802 illo
671 2763 705 2801 a
733 2763 847 2817 quo
878 2752 1187 2820 susceptus
1219 2752 1326 2816 est,
1362 2753 1418 2804 et
1448 2750 1546 2823 qui
1582 2751 1714 2807 ﬁdei
1741 2752 1869 2823 ejus

219 2834 581 2891 interventor
600 2835 840 2901 exstitit,
869 2837 1041 2893 debet
1069 2854 1172 2909 per
1201 2837 1399 2895 omnia
1428 2840 1703 2895 revocari.
1737 2840 1768 2896 J
1776 2858 1869 2896 am

218 2940 354 2979 vero
376 2924 423 2980 si
449 2941 562 2979 non
596 2925 846 2980 audierit
878 2942 1010 2980 eum
1044 2940 1219 2997 quem
1248 2927 1372 2999 ipse
1404 2945 1507 2999 pro
1540 2946 1602 2985 se
1634 2929 1873 2985 dederat

219 3014 448 3078 vadem,
475 3013 789 3069 dicendum
812 3017 900 3070 est
929 3014 1217 3082 Ecclesiae,
1242 3033 1276 3071 a
1298 3033 1415 3087 qua
1436 3018 1645 3089 majori
1677 3017 1871 3075 studio

224 3103 296 3158 ad
325 3102 473 3158 ovile
496 3102 798 3175 proprium
830 3119 993 3158 ovem
1026 3104 1223 3158 reduci
1257 3106 1528 3160 convenit
1557 3123 1682 3179 quae
1716 3123 1871 3162 erra-

221 3191 304 3248 vit
329 3209 344 3259 ;
378 3195 435 3248 et
465 3196 532 3248 ut
561 3193 633 3247 ad
680 3192 835 3248 viam
864 3191 1146 3260 veritatis,
1182 3210 1310 3266 quae
1341 3193 1610 3251 Christus
1640 3199 1748 3264 est,
1784 3213 1871 3252 re-

227 3283 383 3348 deat,
406 3281 598 3337 modis
628 3282 903 3337 omnibus
936 3281 1218 3350 revocari;
1245 3283 1536 3356 siquidem
1569 3285 1640 3339 ab
1663 3301 1729 3340 ea
1753 3288 1875 3340 tan-

1971 2057 2087 2112 quo
2118 2026 2241 2095 non
2260 2043 2377 2095 tres
2408 2039 2573 2111 pueri
2632 2042 2886 2107 tantum,
2921 2039 3023 2095 sed
3053 2043 3111 2093 et
3139 2037 3297 2093 orbis
3327 2041 3618 2092 terrarum

1971 2147 2106 2185 cum
2150 2129 2294 2202 ipsis
2342 2129 2579 2201 regibus
2612 2146 2645 2184 a
2673 2128 2970 2201 perpetuis
3016 2126 3254 2200 ignibus
3293 2123 3621 2181 liberatur?

1971 2220 2119 2274 Nam
2152 2218 2250 2291 qui
2282 2218 2399 2274 illis
2429 2217 2783 2284 mentiri,vel
2811 2234 2939 2273 esse
2971 2215 3237 2272 infideles
3270 2215 3621 2271 convincun-
3674 2270 3679 2277 ,

1970 2313 2088 2375 tur,
2119 2311 2221 2363 aut
2250 2308 2342 2362 vix
2370 2311 2472 2364 aut
2516 2323 2820 2379 nunquam
2873 2307 2944 2362 ab
2995 2305 3078 2361 eis
3121 2305 3314 2360 vivere
3362 2303 3619 2376 profecto

1974 2398 2287 2453 sinuntur:
2312 2400 2369 2452 et
2398 2396 2690 2468 quomodo
2715 2412 2831 2451 non
2864 2394 3267 2468 indignentur,
3283 2397 3341 2449 et
3355 2391 3618 2461 saaviant,

1976 2486 2212 2559 quando
2255 2486 2456 2541 vident
2506 2484 2822 2553 Christum,
2858 2484 2959 2555 qui
3012 2487 3102 2539 est
3147 2483 3268 2538 Rex
3304 2498 3532 2555 regum,
3566 2484 3625 2536 et

1975 2574 2267 2630 Dominus
2318 2573 2775 2640 dominantium,
2810 2573 2883 2628 ab
2932 2570 3273 2628 hominibus
3321 2568 3620 2642 abnegari,

1976 2663 2166 2731 illudi,
2192 2667 2248 2719 et
2269 2662 2319 2718 ei
2343 2663 2518 2718 fidem
2552 2661 2905 2735 promissam
2937 2679 3053 2717 non
3084 2658 3406 2716 custodiri?
3434 2656 3628 2714 Zelen-

1976 2756 2074 2807 tur
2102 2752 2302 2824 itaque
2331 2751 2452 2808 zelo
2488 2751 2605 2819 Dei,
2638 2751 2778 2824 quia
2821 2750 3048 2823 seipsos
3077 2765 3181 2822 per
3210 2747 3505 2804 Christum
3536 2760 3626 2801 re-

1978 2840 2180 2896 colunt
2208 2839 2486 2896 liberatos
2508 2840 2826 2912 agehenna
2856 2839 3045 2911 magis
3078 2854 3255 2909 quam
3289 2835 3387 2891 ille
3418 2833 3517 2907 qui
3542 2837 3627 2890 at-

1976 2931 2164 2985 tendit
2193 2935 2310 2984 tres
2341 2946 2553 3001 pueros
2583 2936 2810 3001 ereptos
2842 2946 2875 2984 a
2904 2929 3161 2983 ﬂamma.

2050 3018 2190 3075 XIX.
2224 3019 2371 3084 Quid
2396 3019 2531 3090 jure
2555 3020 2625 3074 de
2650 3018 2744 3073 his
2769 3017 3101 3073 faciendum
3127 3015 3221 3081 sit,
3246 3014 3345 3087 qui
3368 3012 3441 3069 ad
3470 3011 3627 3068 occi-

1980 3108 2239 3163 dendum
2299 3123 2493 3179 regem
2550 3106 2995 3171 insurrexerint,
3049 3104 3389 3160 venerandae
3445 3101 3624 3173 leges,

1981 3213 2129 3269 quas
2159 3195 2376 3269 scripto
2409 3195 2734 3263 mittemus,
2768 3211 2870 3250 vos
2904 3193 3124 3249 affatim
3157 3192 3500 3248 edocebunt.
3524 3189 3630 3244 Ve-

1984 3292 2317 3342 rumtamen
2350 3285 2460 3340 hoc
2492 3285 2548 3339 in
2582 3283 2823 3341 arbitrio
2856 3282 3008 3356 regis
3032 3285 3249 3349 manet,
3275 3279 3375 3352 qui
3405 3295 3519 3333 non
3542 3293 3630 3333 se-

228 3387 407 3443 quam
432 3387 466 3426 a
484 3373 690 3436 matre,
714 3375 994 3443 tanquam
1029 3389 1063 3427 a
1092 3354 1373 3444 magistra
1393 3373 1763 3429 suadendum
1786 3379 1875 3431 est
1905 3354 1947 3421 C
1985 3375 2100 3431 mel
2131 3379 2380 3442 tantum,
2413 3375 2513 3430 sed
2546 3377 2604 3430 et
2632 3354 2968 3446 septuagievs
2997 3370 3213 3444 septies
3245 3369 3416 3425 debet
3435 3383 3631 3439 pecca-

227 3460 312 3515 illi
345 3464 635 3532 quatenus
665 3460 892 3515 videat:
926 3460 1206 3532 quoniam
1238 3466 1563 3534 apostatam
1597 3462 1873 3535 spiritum

224 3549 492 3605 imitatus
524 3553 634 3615 est,
657 3550 728 3606 de
758 3566 873 3622 quo
904 3549 1190 3622 scriptum
1222 3556 1330 3615 est,
1359 3552 1515 3624 quod
1542 3551 1601 3607 in
1633 3552 1874 3609 veritate

225 3656 342 3695 non
394 3638 621 3695 steterit
666 3642 848 3708 (Joan.
891 3642 1032 3706 νηί).
1092 3640 1433 3695 Consideret
1488 3640 1664 3697 etiam
1719 3642 1874 3716 quod

228 3728 433 3784 Petrus
463 3726 734 3800 princeps
780 3728 1178 3800 apostolorum
1223 3727 1437 3785 clamat
1468 3747 1481 3785 :
1514 3732 1581 3787 Si
1608 3732 1756 3785 enim
1784 3748 1874 3787 re-

226 3819 516 3890 fugientes,
548 3816 844 3889 inquiens,
877 3819 1355 3889 coinquinationes
1383 3818 1580 3874 mundi
1599 3821 1659 3874 in
1688 3822 1877 3888 cogni-

229 3909 376 3963 tione
415 3908 639 3963 Domini
683 3907 881 3974 nostri,
912 3914 963 3962 et
1006 3907 1295 3962 salvatoris
1345 3911 1477 3965 Jesu
1535 3908 1757 3975 Christi,
1790 3909 1878 3965 his

230 4012 427 4052 rursus
458 3996 732 4068 implicati
760 4003 1133 4067 superantur;
1155 3997 1302 4067 facta
1320 4003 1450 4052 sunt
1477 3998 1553 4051 eis
1578 3999 1880 4069 posteriora

229 4086 497 4142 deteriora
517 4086 796 4157 prioribus
820 4103 833 4140 :
856 4086 1054 4141 melius
1089 4087 1238 4140 enim
1265 4094 1383 4141 erat
1410 4087 1525 4141 illis
1552 4103 1664 4142 non
1688 4102 1880 4158 cogno-

229 4192 378 4232 scere
405 4176 555 4230 viam
575 4175 835 4247 justitiae,
870 4191 1037 4247 quam
1059 4182 1180 4246 post
1205 4176 1544 4247 agnitionem
1582 4184 1884 4232 retrorsum

230 4265 471 4322 converti
501 4265 568 4319 ab
597 4280 677 4332 eo,
711 4264 852 4335 quod
888 4263 1004 4318 illis
1047 4262 1314 4319 traditum
1358 4272 1458 4331 est,
1498 4272 1682 4320 sancto
1722 4282 1881 4320 man-

233 4354 375 4410 dato.
413 4355 661 4422 Contigit
689 4354 839 4409 enim
857 4354 937 4409 eis
967 4352 1108 4408 illud
1124 4353 1432 4425 proverbii:
1452 4354 1616 4409 Canis
1636 4370 1882 4410 reversus

236 4443 307 4499 ad
334 4444 598 4499 vomitum
624 4459 808 4510 suum,
840 4449 891 4497 et
918 4459 1012 4498 sus
1061 4443 1171 4498 lota
1218 4443 1279 4498 in
1326 4443 1610 4499 volutabro
1658 4444 1764 4499 luti
1813 4443 1885 4516 (II

234 4535 457 4589 Petr.‘II
484 4550 497 4600 ;
529 4534 690 4588 Prov.
724 4548 893 4600 xxVI;
941 4532 1141 4588 Matth.
1192 4532 1375 4605 XVIII).
1438 4532 1613 4588 Porro
1671 4532 1720 4587 si
1780 4550 1886 4589 nec

234 4620 551 4678 Ecclesiam
565 4619 917 4689 audierit,sit
929 4621 1206 4676 omnibus
1220 4638 1416 4677 revera
1429 4621 1581 4677 sicut
1592 4621 1882 4692 ethnicus,

1981 3469 2109 3520 tum
2139 3464 2448 3531 dimittere,
2476 3465 2645 3535 juxta
2702 3462 2856 3534 quod
2911 3460 3194 3516 Dominus
3230 3459 3287 3512 in
3318 3454 3629 3528 Evangelia

1984 3559 2184 3610 sancto
2216 3555 2384 3609 Petro
2419 3552 2720 3608 mandavit
2751 3568 2763 3606 :
2800 3552 2939 3606 Nam
2992 3551 3085 3605 cui
3129 3550 3257 3621 plus
3312 3546 3627 3612 dimittitur,

1981 3645 2107 3718 plus
2137 3644 2360 3712 diligit;
2391 3646 2449 3697 et
2479 3641 2977 3714 quemadmodum
3020 3636 3396 3711 Evangelium
3440 3636 3629 3701 docet,

1986 3750 2086 3789 rex
2119 3733 2319 3787 decem
2353 3730 2537 3787 millia
2566 3730 2804 3797 talenta,
2839 3729 2897 3785 id
2931 3732 3020 3784 est
3049 3726 3235 3783 multa
3264 3729 3323 3781 et
3349 3722 3636 3780 immania

1986 3826 2225 3895 peccata
2252 3838 2415 3876 servo
2447 3837 2563 3875 non
2595 3819 2934 3885 dimitteret,
2970 3816 3021 3873 si
3053 3816 3178 3889 ipse
3220 3830 3497 3871 conservo
3524 3827 3633 3868 suo

1987 3915 2222 3967 centum
2256 3909 2620 3975 denarios,id
2656 3912 2745 3964 est
2771 3906 3003 3963 minora
3031 3904 3327 3961 dimittere
3349 3900 3637 3959 noluisset

1988 4000 2195 4069 (Matth.
2227 4015 2357 4055 xvm
2384 4016 2397 4066 ;
2434 3998 2560 4052 Luc.
2593 4001 2712 4065 v11).

2060 4088 2173 4144 XX.
2204 4086 2350 4151 Quid
2382 4087 2453 4141 de
2479 4086 2716 4142 homine
2764 4084 2947 4139 libero
2986 4081 3379 4154 judicandum
3407 4079 3503 4145 sit,
3536 4077 3638 4150 qui

1992 4178 2062 4233 de
2084 4176 2272 4250 patria
2294 4193 2401 4232 sua
2420 4175 2560 4247 luga
2579 4174 2781 4247 lapsus
2802 4173 2995 4241 fuerit,
3012 4173 3060 4227 si
3082 4166 3641 4242 comprehendatur?

1993 4266 2141 4322 nihil
2172 4267 2395 4339 utique,
2425 4264 2539 4321 nisi
2570 4263 2726 4336 quod
2764 4262 2921 4335 leges
2951 4261 3290 4316 decernunt.
3329 4258 3640 4312 Verumta-

1994 4373 2128 4412 men
2161 4355 2380 4411 multos
2429 4358 2767 4411 sanctorum
2800 4352 2872 4407 de
2901 4350 3091 4424 patria
3116 4366 3224 4404 sua
3251 4346 3460 4411 exisse,
3492 4348 3550 4400 et
3579 4343 3640 4397 in

1994 4444 2111 4501 alia
2131 4444 2416 4501 celebrius
2439 4446 2741 4499 veneratos
2765 4441 2966 4507 tuisse,
2992 4455 3171 4495 sacrae
3192 4436 3446 4509 produnt
3464 4432 3644 4488 histo-

1994 4534 2132 4602 riae;
2165 4533 2267 4588 sed
2316 4532 2446 4588 aliis
2497 4548 2613 4587 non
2662 4528 3046 4587 existentibus
3104 4524 3298 4582 causis
3347 4523 3419 4580 ob
3450 4520 3641 4578 solum

1995 4623 2217 4678 exitum
2249 4638 2555 4693 nunquam
2589 4618 2911 4692 culpabiles
2934 4615 3230 4690 judicatos
3258 4610 3645 4676 'exstitisse,ni

238 4711 295 4767 id
319 4714 408 4767 est
427 4709 684 4784 gentilis,
710 4726 776 4766 ac
797 4726 901 4782 per
920 4709 1028 4765 hoc
1051 4710 1179 4781 jam
1211 4710 1418 4766 merito
1441 4726 1543 4783 per
1565 4714 1886 4782 potestates
1917 4725 1964 4789 Ι)
1996 4709 2185 4780 fallor,
2220 4709 2434 4777 inveni,
2459 4709 2783 4781 praesertim
2812 4723 2947 4762 cum
2975 4703 3221 4761 Abrahae
3253 4702 3404 4775 patri
3445 4703 3645 4756 nostro

238 4803 465 4856 exteras
507 4803 793 4873 tanquam
845 4802 1156 4855 extraneas
1207 4799 1593 4871 opprimatur.
1628 4799 1890 4873 Denique

240 4894 465 4946 certum
491 4892 601 4958 est,
628 4888 908 4962 quoniam
931 4904 1082 4960 saepe
1103 4887 1257 4943 Deus
1288 4887 1540 4943 concitat
1570 4892 1889 4960 potestates

241 4979 522 5035 adversus
552 4978 936 5051 abnegatores
966 4976 1203 5043 Christi,
1236 4977 1517 5032 adversus
1564 4977 1890 5034 desertores

240 5068 557 5141 baptismi:
582 5072 642 5124 et
666 5067 884 5124 idcirco
916 5083 1087 5124 nemo
1117 5066 1384 5132 miretur,
1404 5066 1545 5138 quia
1573 5067 1727 5123 Deus
1759 5085 1892 5123 con-

242 5157 402 5225 citat,
437 5162 503 5213 ut
547 5160 770 5231 ponant
818 5158 1091 5226 cervices,
1125 5160 1183 5212 et
1211 5154 1506 5211 humiliati
1546 5156 1787 5212 redeant
1818 5158 1890 5213 ad

241 5247 592 5304 Ecclesiam:
618 5247 758 5319 quia
777 5251 837 5304 et
863 5251 1018 5321 Agar
1039 5262 1175 5301 cum
1206 5244 1578 5301 discessisset
1599 5263 1632 5301 a
1655 5245 1894 5302 domina

244 5355 353 5393 sua
382 5337 636 5393 occurrit
664 5337 713 5392 ei
747 5335 1009 5409 angelus,
1044 5337 1101 5393 et
1129 5334 1273 5392 dixit
1303 5334 1354 5390 ei
1390 5351 1403 5392 :
1436 5335 1577 5403 Quid
1606 5342 1699 5401 est,
1735 5340 1895 5405 Agar

242 5427 455 5482 ancilla
509 5427 713 5484 Sorte?
761 5427 1039 5481 Revertere
1096 5425 1165 5480 ad
1219 5424 1499 5480 dominam
1555 5431 1705 5479 tuam
1737 5424 1890 5494 (Gen.

243 5517 381 5586 xVI).
406 5517 490 5571 Ad
540 5515 651 5571 hoc
683 5531 819 5587 ergo
873 5514 973 5586 qui
1004 5512 1345 5585 hujusmodi
1375 5517 1466 5569 est
1497 5512 1798 5586 afﬂigitur,
1830 5518 1896 5569 ut

246 5608 587 5672 revertatur,
622 5608 795 5676 atque
823 5603 1048 5658 utinam
1082 5602 1584 5674 revertatur,quia
1612 5620 1746 5658 cum
1780 5603 1892 5658 fra-

246 5694 438 5750 tribus
467 5694 863 5749 hwreditatem
895 5691 1246 5765 promissam
1281 5692 1520 5763 recipiet
1552 5709 1565 5747 :
1615 5709 1750 5747 nam
1782 5693 1895 5749 nisi

250 5788 621 5840 moverentur
649 5785 966 5856 potestates
1007 5779 1347 5837 Christianae
1379 5781 1657 5837 adversus
1690 5781 1895 5853 hujus-

1998 4800 2194 4856 divina
2227 4814 2364 4854 voce
2395 4798 2659 4852 dicatur:
2691 4796 2957 4866 Egredere
2985 4794 3051 4850 de
3079 4801 3243 4860 terra,
3276 4799 3327 4847 et
3353 4790 3419 4847 de
3445 4805 3646 4858 cogna-

1999 4892 2142 4947 tione
2171 4897 2265 4944 tua
2296 4886 2447 4957 (Gen.
2480 4889 2581 4954 xu)
2608 4903 2621 4941 :
2655 4891 2712 4941 et
2740 4883 3011 4941 nonnulli
3041 4883 3277 4938 Patrum
3309 4882 3648 4935 nostrorum

2000 4977 2229 5035 exsules
2260 4994 2364 5049 per
2388 4975 2675 5048 plurimos
2708 4991 2894 5031 annos
2911 4972 2970 5027 in
2988 4976 3142 5027 terra
3158 4986 3273 5025 non
3296 4985 3406 5025 sua
3424 4965 3652 5023 habita-

1997 5065 2489 5138 verint;alioquin
2522 5065 2672 5120 liber
2701 5081 2816 5119 non
2848 5067 2961 5129 est,
2982 5061 3033 5118 si
3058 5062 3130 5117 de
3160 5058 3348 5134 patria
3378 5072 3489 5112 sua
3517 5054 3651 5126 quis

2001 5177 2117 5215 non
2148 5158 2325 5214 audet
2355 5154 2768 5228 egredi.Porro
2803 5152 2853 5208 si
2882 5150 3033 5207 liber
3061 5154 3169 5218 est,
3189 5154 3246 5205 et
3266 5149 3402 5220 jure
3430 5143 3653 5200 nullius

2002 5246 2354 5304 conditionis
2402 5242 2647 5300 nexibus
2698 5245 2928 5297 tenetur
2966 5237 3303 5305 obstrictus,
3333 5251 3448 5291 non
3481 5231 3651 5305 fugit,

2004 5338 2104 5394 sed
2137 5337 2253 5392 exit
2284 5336 2355 5391 de
2385 5333 2573 5407 patria
2601 5348 2730 5399 sua,
2765 5329 3267 5402 quemadmodum
3298 5330 3356 5382 et
3384 5321 3650 5388 Abrahas,

2004 5443 2120 5482 non
2149 5427 2327 5498 Fuge,
2361 5423 2463 5481 sed
2495 5421 2596 5478 Exi
2629 5421 2700 5476 de
2730 5422 2885 5474 terra
2916 5422 3019 5472 tua
3049 5416 3300 5483 dicitur;
3334 5412 3490 5487 quod
3518 5409 3658 5484 quia

2004 5516 2137 5572 fecit
2160 5514 2456 5577 obediens,
2475 5510 2707 5567 nemine
2729 5507 3059 5581 judicante,
3075 5521 3309 5578 pcenam
3331 5500 3659 5576 quamlibet

2007 5604 2248 5679 protulit
2281 5603 2458 5678 [forte,
2493 5600 2749 5674 pertulit,
2778 5597 3011 5667 Hann].

2077 5694 2218 5750 XXI.
2252 5695 2309 5748 Si
2361 5709 2563 5749 servus
2608 5707 2641 5745 a
2681 5687 2918 5745 domino
2968 5684 3199 5759 fugiens
3245 5680 3572 5749 recesserit,
3607 5679 3658 5734 si

2007 5782 2468 5856 comprehensus
2500 5775 3129 5851 fuerit,ignoscendum
3161 5775 3252 5830 est
3271 5771 3322 5829 ei
3347 5787 3361 5827 :
3386 5768 3531 5827 alias
3554 5784 3658 5826 au-
