4098 6474
503 438 631 503 991,

1880 434 2191 498 NICOI.AI
2233 435 2468 496 ΡΑΡΑΞ
2511 435 2560 496 Ι.

3825 431 3947 492 992

502 573 623 632 tem
643 569 843 646 legum
866 570 1014 630 scita
1033 588 1150 630 non
1171 568 1666 629 transcendantur
1684 567 1745 625 in
1765 566 2163 626 eo.Verumta—
2189 569 2246 638 Α
2273 566 2714 637 trucidaverint,
2770 566 3116 625 venerandae
3175 564 3336 640 leges
3387 563 3694 640 proprium
3756 562 3948 622 robur

503 677 641 720 men
663 678 897 736 semper
916 662 1063 725 illud
1086 660 1333 734 apostoli
1358 659 1516 716 Pauli
1530 677 1646 732 praa
1669 659 1854 715 oculis
1876 657 2165 714 habeatur

504 751 761 809 salubris
784 751 1203 809 admonitionis
1234 749 1512 806 dicentis:
1535 750 1771 805 Domini
1789 748 1931 821 quod
1946 748 2161 821 justum

501 849 583 897 est
609 849 663 897 et
686 857 915 913 aequum
943 843 1114 897 servis
1138 846 1420 912 praestate,
1452 840 1681 895 scientes
1710 840 1973 910 quoniam
2003 845 2053 893 et
2072 852 2163 893 vos

503 933 802 988 Dominum
849 931 1057 987 habetis
1089 932 1150 986 in
1179 930 1309 985 ειειο
1341 928 1563 1001 (Coloss.
1599 927 1668 1000 ιν)
1695 945 1709 995 ;
1745 932 1803 983 et
1830 926 1991 997 alibi,
2026 943 2161 982 cum

506 1021 690 1077 servis
708 1025 772 1077 ut
788 1019 1091 1076 obedirent
1114 1018 1374 1075 dominis
1398 1016 1736 1073 carnalibus
1767 1015 2160 1089 praecepisset,

506 1109 776 1183 adjunxit
809 1127 822 1165 :
853 1109 1113 1176 Scientes,
1146 1106 1441 1180 inquiens,
1474 1113 1615 1179 quod
1658 1107 2037 1178 unusquisque
2066 1121 2162 1161 ve-

502 1208 681 1255 strum
726 1198 1082 1271 quodcunque
1135 1200 1326 1270 fecerit
1384 1198 1604 1265 bonum,
1654 1198 1753 1253 hoc
1807 1202 2164 1267 consequetur

503 1305 538 1345 α
566 1290 815 1356 Domino,
867 1290 982 1345 sive
1036 1304 1246 1356 servus,
1303 1288 1416 1342 sive
1472 1287 1650 1353 liber;
1702 1294 1753 1341 et
1804 1302 1895 1342 vos
1950 1285 2163 1341 domini

499 1376 685 1435 eadem
717 1379 883 1448 facite
912 1378 981 1433 ad
1016 1378 1138 1433 illos
1171 1378 1508 1433 remittentes
1533 1378 1736 1442 minas,
1770 1376 1999 1432 scientes
2027 1376 2162 1447 quia

500 1476 555 1524 et
577 1475 751 1525 vester
777 1478 827 1525 et
854 1484 1045 1524 eorum
1089 1469 1356 1524 Dominus
1403 1468 1463 1522 in
1507 1467 1657 1522 caelis
1681 1474 1780 1532 est,
1813 1473 1865 1521 et
1888 1481 2160 1538 persona~

501 1572 631 1613 rum
660 1559 895 1628 acceptio
914 1574 1027 1613 non
1055 1565 1134 1613 est
1162 1557 1308 1628 apud
1336 1557 1632 1612 Dominum
1654 1556 1881 1627 (Ephes.
1914 1554 2012 1627 νι).

571 1645 742 1703 XXII.
778 1646 944 1702 Circa
974 1646 1082 1702 hos
1114 1645 1234 1718 qui,
1272 1646 1508 1717 quando
1539 1644 1609 1700 ad
1663 1661 1925 1717 pugnam
1955 1648 2161 1700 contra

500 1735 702 1792 hostes
719 1735 1055 1808 proceditis,
1070 1735 1272 1808 fugam
1294 1733 1603 1807 arripiunt,
1620 1733 1670 1788 si
1694 1750 1808 1790 non
1833 1733 2161 1789 misericor-

502 1825 656 1881 diter
666 1825 981 1897 prieveniat
997 1822 1349 1897 compassio,
1364 1823 1571 1880 saltem
1585 1822 1781 1897 legum
1800 1826 2160 1897 temperetur

503 1913 805 1973 severitas.

571 2003 766 2061 XXIII.
799 2004 880 2060 De
908 2003 1003 2059 his
1032 2003 1249 2076 quibus
1287 2004 1530 2074 jussum
1576 2006 1667 2059 est
1708 2006 1912 2060 contra
1955 2003 2155 2060 hostes

499 2093 791 2167 progredi,
811 2097 868 2149 et
877 2092 1136 2165 jussioni
1159 2110 1362 2166 parere
1379 2096 1785 2165 contemnunt,
1804 2092 2009 2149 eadem
2026 2110 2158 2149 sua-

500 2184 731 2240 demus.

567 2272 758 2328 XXIV.
793 2271 940 2339 Quid
974 2272 1284 2346 parricida,
1319 2271 1377 2328 id
1409 2275 1499 2329 est
1528 2272 1630 2345 qui
1663 2274 1890 2344 patrem
1919 2269 2153 2327 velma-

496 2364 647 2419 trem
677 2362 910 2431 occidit,
942 2362 1032 2418 vel
1073 2362 1251 2419 etiam
1300 2363 1403 2434 qui
1448 2363 1712 2428 fratrem,
1745 2365 1849 2417 aut
1891 2377 2153 2417 sororem

498 2449 791 2519 interﬁcit,
826 2451 947 2524 pati
995 2451 1224 2522 debeat,
1251 2450 1410 2525 leges
1454 2451 1757 2519 indicant;
1793 2467 1966 2523 porro
1999 2448 2048 2504 si
2080 2449 2152 2504 ad

495 2539 806 2598 ecclesiam
839 2540 1186 2614 confugerit,
1205 2540 1263 2596 id
1295 2541 1452 2612 quod
1482 2539 1797 2612 episcopus
1818 2538 1927 2595 loci
1957 2538 2046 2594 vel
2064 2556 2153 2595 sa-

497 2630 724 2696 cerdos,
748 2629 850 2702 qui
872 2630 944 2687 ab
976 2629 1075 2687 illo
1106 2629 1464 2687 constitutus
1495 2634 1605 2696 est,
1638 2628 2154 2702 providerit,agen-

496 2717 640 2775 dum
670 2718 1062 2777 decernimus.

567 2807 732 2864 XXV.
764 2807 1222 2865 Consuetudinis
1252 2825 1382 2864 esse
1412 2807 1613 2882 patrias
1642 2811 1848 2864 vestrm
1878 2807 2151 2881 perhibe-

494 2896 596 2967 tis,
630 2914 863 2970 semper
886 2898 1160 2959 custodes
1190 2898 1343 2954 inter
1374 2897 1625 2970 patriam
1649 2900 1999 2965 vestram,et
2014 2897 2152 2954 alio-

496 2998 629 3043 rum
671 2986 846 3058 juxta
892 2986 1178 3043 terminos
1235 2986 1539 3061 invigilare
1572 3004 1585 3042 :
1620 2991 1678 3042 et
1709 2987 1759 3042 si
1792 3004 2014 3051 servus,
2047 2990 2151 3043 aut

493 3075 644 3133 liber
656 3091 760 3148 per
774 3077 1042 3133 eamdem
1068 3076 1395 3134 custodiam
1429 3093 1779 3149 quocunque
1796 3076 1969 3132 modo
1994 3076 2152 3150 fuge-

494 3163 593 3233 rit,
618 3162 746 3221 sine
765 3164 927 3223 omni
960 3165 1397 3223 intermissione
1426 3166 1700 3222 custodes
1732 3182 1837 3237 pro
1857 3182 1925 3222 ea
1954 3164 2151 3222 interi-

495 3258 758 3321 muntur,
782 3254 994 3311 deinde
1009 3255 1459 3328 percontemini,
1476 3255 1619 3326 quid
1639 3271 1746 3311 nos
1764 3254 1901 3311 inde
1921 3254 2149 3326 judice-

2186 1950 2235 2014 B

2274 659 2596 716 obtineant.
2631 659 2743 715 Sed
2776 658 2825 715 si
2857 658 2931 714 ad
2962 656 3269 714 ecclesiam
3294 656 3750 726 convolaVerint,
3775 671 3944 712 mor-

2271 748 2349 804 tis
2398 749 2639 821 quidem
2689 748 2921 821 legibus
2971 751 3301 804 eruantur:
3362 745 3718 820 pmnitentiaa
3778 762 3941 815 vero,

2274 854 2453 911 quam
2494 838 2739 895 antistes
2787 837 2920 905 loci,
2951 837 3039 893 vel
3091 837 3399 910 presbyter
3452 835 3940 904 consideraverit,

2273 928 2498 1000 absque
2520 927 2698 984 dubio
2720 926 3185 983 submittantur:
3221 927 3375 994 Nolo,
3400 925 3596 999 inquit
3620 926 3942 991 Dominus,

2268 1026 2500 1074 mortem
2522 1020 2843 1091 peccatoris,
2859 1017 2950 1074 sed
2978 1023 3043 1073 ut
3072 1022 3438 1085 convertatur,
3452 1024 3506 1072 et
3528 1018 3675 1073 vivat
3702 1016 3939 1088 (Exech.

2270 1110 2454 1174 xvm).

2339 1197 2555 1252 XXVII.
2589 1197 2672 1253 De
2701 1195 2796 1253 his
2824 1196 2925 1269 qui
2956 1195 3184 1253 socium
3232 1212 3410 1252 suum
3462 1194 3637 1251 morti
3668 1195 3941 1251 tradide-

2270 1285 2408 1352 rint,
2438 1287 2495 1341 id
2522 1286 2719 1360 ipsum
2752 1287 2907 1359 quod
2939 1302 3118 1358 supra
3148 1284 3541 1342 decernimus.

2340 1376 2584 1433 XXVIII.
2621 1379 2698 1433 De
2730 1391 2796 1433 eo
2828 1376 2929 1449 qui
2961 1376 3034 1432 ad
3074 1392 3315 1432 uxorem
3366 1374 3610 1433 alterius
3662 1391 3942 1449 compre-

2268 1465 2491 1521 hensus
2522 1465 2716 1535 fuerit,
2772 1465 2915 1538 quid
2940 1465 3335 1536 judicandum
3367 1466 3464 1533 sit,
3498 1464 3665 1521 lectis
3694 1464 3943 1539 legibus

2268 1555 2591 1627 reperietis.
2623 1556 2756 1612 Jam
2786 1573 2919 1612 vero
2951 1554 3108 1612 si'ad
3139 1553 3448 1612 ecclesiam
3476 1554 3707 1611 adulter
3732 1555 3943 1612 confu-

2267 1644 2851 1717 gerit,judicandum
2894 1646 2967 1702 ab
3001 1644 3287 1718 'episcopo
3345 1644 3471 1701 fore
3531 1645 3939 1713 decernimus,

2269 1735 2425 1806 quod
2457 1752 2655 1792 sacros
2686 1738 2915 1792 constat
2943 1734 3236 1793 diffinisse
3266 1751 3543 1804 canones,
3570 1737 3662 1791 vel
3692 1738 3941 1792 sanctos

2268 1824 2598 1897 apostolicae
2630 1825 2789 1882 sedis
2818 1823 3100 1900 praesules
3121 1823 3347 1880 clarum
3378 1828 3470 1881 est
3499 1822 3813 1882 statuisse.

2337 1914 2524 1971 XXIX.
2559 1914 2844 1972 Similiter
2871 1919 2930 1971 et
2959 1916 3032 1971 de
3074 1931 3140 1972 eo
3191 1930 3526 1982 censemus,
3559 1914 3660 1988 qui
3693 1915 3771 1971 ad
3809 1930 3941 1988 pro-

2263 2004 2484 2061 ximam
2506 2004 2813 2079 sanguinis
2835 2005 2927 2061 sui
2948 2003 3307 2078 ingreditur;
3331 2020 3538 2060 verum
3571 2003 3759 2074 hujus
3782 2003 3939 2059 tanti

2264 2080 2479 2167 piaculi
2528 2081 2753 2168 lepram
2801 2094 3014 2151 melius
3048 2095 3121 2151 ad
3151 2093 3478 2150 sacerdotis
3509 2093 3938 2150 consideratio-

2263 2200 2419 2250 nem,
2452 2189 2510 2240 et
2531 2183 2823 2256 judicium
2856 2184 3115 2257 profecto
3146 2181 3490 2256 dirigimus.

2334 2272 2494 2329 XXX.
2528 2274 2608 2330 De
2638 2291 2704 2330 eo
2737 2273 2839 2346 qui
2869 2273 3076 2329 nolens
3107 2272 3410 2328 hominem
3456 2271 3843 2341 interfecerit,
3878 2271 3933 2328 id

2263 2363 2582 2421 statuimus
2610 2363 2767 2437 quod
2790 2380 2967 2420 sacrae
2988 2361 3201 2436 regulae
3225 2364 3512 2429 statuant,
3532 2377 3683 2434 quas
3703 2360 3935 2434 episco-

2262 2468 2404 2524 pum
2427 2457 2685 2509 vestrum
2709 2453 2865 2526 apud
2883 2469 2946 2509 se
2967 2468 3148 2524 penes
3176 2468 3281 2508 vos
3310 2450 3569 2524 positum
3601 2468 3716 2524 pra:
3740 2450 3935 2507 mani-

2259 2541 2371 2597 bus
2415 2546 2645 2615 oportet
2677 2559 2909 2616 semper
2937 2541 3171 2598 habere.

2331 2631 2515 2690 XXXI.
2548 2632 2716 2688 Circa
2762 2632 2919 2690 fures
2968 2629 3317 2687 animalium
3349 2629 3399 2685 si
3430 2646 3547 2686 non
3579 2628 3922 2687 misericor—

2261 2719 2378 2789 dia,
2414 2720 2621 2777 saltem
2652 2720 2850 2795 legum
2883 2719 3074 2776 edicta
3102 2722 3436 2776 serventur.

2331 2809 2545 2866 XXXII.
2580 2809 2867 2866 Similiter
2895 2809 2967 2865 de
2998 2808 3092 2865 his
3125 2809 3225 2881 qui
3255 2807 3449 2864 virum
3498 2810 3602 2864 aut
3639 2806 3928 2865 feminam

2260 2899 2584 2971 rapuerint,
2616 2899 3038 2972 permittimus.

2327 2988 2572 3045 XXXIII.
2609 2989 2851 3055 Quando
2881 2986 3149 3061 prmlium
3175 2986 3326 3042 inire
3355 2985 3515 3043 soliti
3543 2986 3743 3053 eratis,
3772 2986 3922 3042 indi-

2258 3078 2405 3135 catis
2432 3095 2534 3135 vos
2564 3079 2848 3135 hactenus
2878 3079 2940 3133 in
2970 3078 3138 3151 signo
3185 3076 3428 3133 militari
3477 3076 3727 3133 caudam
3782 3076 3919 3149 equi

2257 3171 2547 3239 portasse,
2564 3172 2623 3224 et
2653 3167 3041 3224 sciscitamini
3072 3165 3406 3240 quid-nunc
3430 3165 3556 3222 vice
3585 3163 3747 3222 illius
3780 3183 3919 3240 por—

2257 3260 2381 3313 tare
2402 3257 2691 3328 debeatis;
2714 3256 2855 3331 quid
2873 3256 3030 3312 aliud
3053 3256 3278 3329 utique,
3303 3254 3419 3311 nisi
3439 3254 3677 3329 signum
3700 3260 3917 3311 sancte

493 3347 729 3413 mus;et
747 3344 819 3400 de
845 3343 955 3400 hoc
986 3327 1043 3400 in
1074 3344 1305 3418 legibus
1336 3348 1427 3401 est
1456 3344 2147 3417 requirendum.Verum-
2176 3327 2220 3395 C
2258 3344 2488 3402 crucis?
2507 3327 2711 3417 Ipsum
2730 3327 2830 3402 est
2859 3344 3018 3401 enim
3039 3327 3402 3418 quofMoyses
3432 3327 3595 3399 mare
3624 3342 3848 3411 divisit,
3864 3348 3920 3400 et

491 3437 691 3490 tamen
711 3433 867 3490 absit
887 3451 920 3490 a
941 3435 1240 3490 mentibus
1259 3433 1487 3501 vestris,
1504 3438 1570 3489 ut
1583 3438 1703 3489 tam
1726 3433 1906 3506 impie
1919 3434 2046 3504 jam
2054 3436 2149 3505 ju-

493 3522 718 3588 dicetis,
743 3522 845 3595 qui
860 3527 983 3578 tam
1001 3523 1165 3595 pium
1183 3524 1445 3583 Deumet
1465 3523 1782 3579 Dominum
1804 3523 2144 3597 agnovistis:

492 3611 818 3684 prmsertim
863 3629 997 3667 cum
1048 3612 1239 3685 magis
1279 3616 1562 3684 oporteat,
1594 3616 1660 3667 ut
1684 3612 1837 3668 sicut
1862 3613 2147 3670 hactenus

491 3700 565 3757 ad
583 3705 836 3756 mortem
866 3699 1034 3757 facile
1060 3718 1325 3773 quosque
1358 3699 1744 3773 pertraxistis,
1767 3702 1850 3758 ita
1870 3702 2147 3775 deinceps

492 3806 611 3846 non
640 3790 713 3846 ad
745 3792 1015 3859 mortem,
1043 3791 1145 3847 sed
1169 3791 1243 3847 ad
1271 3789 1450 3846 vitam
1483 3808 1632 3862 quos
1662 3792 1907 3864 potestis
1938 3792 2148 3857 nihilo-

493 3876 693 3933 minus
716 3877 1166 3950 perducatis.lta
1188 3883 1253 3935 ut
1273 3880 1774 3951 quemadmodum
1796 3880 2003 3937 beatus
2016 3898 2148 3953 apo-

492 3965 681 4023 stolus
702 3966 919 4024 Paulus
941 3967 1106 4041 prius
1128 3971 1485 4041 persecutor,
1505 3972 1563 4024 et
1583 3970 2067 4038 contumeliosus,
2090 3975 2149 4027 et

491 4056 725 4129 spirans
745 4057 1040 4113 minarum
1064 4060 1122 4112 et
1139 4057 1312 4114 caedis
1335 4058 1393 4112 in
1418 4058 1738 4131 discipulos
1760 4058 2142 4133 Domini(Act.

489 4149 590 4215 1x),
620 4150 1008 4219 posteaquam
1040 4145 1504 4203 misericordiam
1530 4152 1882 4204 consecutus
1914 4154 2022 4217 est,
2056 4149 2144 4205 di-

486 4235 624 4292 vina
644 4236 996 4293 revelatione
1023 4252 1364 4307 conversus,
1386 4254 1502 4293 non
1530 4236 1723 4294 solum
1756 4238 2000 4294 minime
2019 4238 2143 4295 cui-

487 4323 633 4382 libet
659 4324 868 4381 mortis
898 4342 1131 4398 poenam
1163 4324 1383 4395 intulit,
1398 4343 1603 4383 verum
1624 4327 1801 4383 etiam
1831 4327 2145 4384 anathema

487 4429 618 4470 esse
648 4414 891 4486 optabat
910 4430 1014 4484 pro
1036 4414 1317 4471 fratribus
1338 4418 1517 4485 (Rom.
1544 4418 1644 4484 1x),
1666 4419 1723 4471 et
1751 4414 2144 4473 libentissime

487 4503 847 4575 impendere,
880 4507 938 4558 et
967 4503 1406 4578 superimpendi
1454 4508 1698 4576 paratus
1729 4508 1852 4561 erat
1875 4522 1980 4578 pro
2011 4507 2142 4562 ani-

487 4593 700 4648 mabus
741 4591 1005 4648 fidelium
1037 4596 1111 4663 (II
1138 4596 1263 4652 Cor.
1294 4596 1398 4662 xu)
1432 4608 1445 4648 :
1480 4593 1562 4650 ita
1591 4598 1650 4650 et
1677 4610 1779 4651 vos
1826 4599 2140 4668 postquam

2256 3433 2493 3490 Amalec
2511 3433 2802 3490 interfecit
2823 3434 3023 3507 (Exod.
3051 3432 3147 3506 1v),
3173 3450 3287 3506 quo
3309 3432 3542 3489 Gedeon
3559 3431 3917 3488 Madianitas

2258 3524 2554 3596 superavit
2585 3524 2782 3597 (ludio.
2813 3525 2913 3596 vn)
2942 3541 2955 3592 ;
2986 3526 3045 3578 et
3072 3522 3342 3579 Christus
3391 3522 3677 3578 Dominus
3715 3526 3919 3578 noster

2257 3611 2580 3680 diabolum,
2602 3614 2701 3686 qui
2724 3612 2978 3669 habebat
2999 3612 3207 3668 mortis
3226 3610 3563 3684 imperium,
3583 3627 3697 3667 non
3718 3609 3913 3667 solum

2257 3702 2573 3775 superavit,
2603 3703 2706 3758 sed
2728 3706 2785 3758 et
2804 3700 3145 3775 prostravit;
3169 3701 3368 3774 ipsum
3389 3704 3479 3757 est
3493 3699 3730 3774 signum
3755 3700 3913 3774 quod

2256 3796 2560 3864 portamus
2587 3791 2650 3847 in
2684 3792 2974 3848 frontibus
3020 3791 3240 3848 nostris
3274 3807 3288 3846 :
3320 3790 3450 3863 ipso
3480 3807 3516 3846 a
3545 3789 3775 3846 cunctis
3810 3790 3911 3847 de-

2256 3881 2555 3939 fendimur
2584 3880 2877 3951 hostibus,
2893 3885 2951 3937 et
2970 3881 3043 3937 ab
3074 3879 3353 3937 omnibus
3386 3880 3692 3936 munimur
3720 3880 3913 3936 incur-

2256 3971 2545 4028 sionibus.
2578 3973 2696 4027 Hoc
2753 3973 2844 4028 est
2889 3970 3130 4044 signum
3182 3970 3339 4039 ﬁdei,
3373 3974 3432 4026 et
3462 3969 3672 4043 ingens
3703 3969 3911 4026 horror

2255 4060 2493 4129 diaboli,
2528 4078 2645 4133 quo
2683 4059 2998 4117 Christiani
3042 4059 3338 4132 principes
3368 4060 3431 4115 in
3458 4058 3909 4116 necessitatibus

2254 4150 2381 4207 suis
2411 4166 2644 4223 semper
2691 4154 2963 4216 utuntur,
2997 4154 3056 4205 et
3097 4166 3263 4223 reges
3320 4166 3518 4205 veram
3566 4148 3907 4222 religionem

2255 4243 2545 4296 sectantes
2567 4256 2721 4313 saepe
2750 4239 3008 4296 celebres
3035 4238 3262 4295 Christo
3291 4238 3543 4312 propitio
3574 4238 3907 4312 triumphos

2253 4329 2624 4387 de'hostibus
2655 4333 2988 4403 cperantur.
3027 4329 3136 4385 Sed
3168 4333 3236 4384 ut
3266 4327 3640 4385 manifestius
3684 4327 3903 4393 sciatis,

2254 4420 2395 4492 quid
2420 4435 2524 4492 pro
2554 4418 2656 4476 illa
2683 4419 2900 4492 equina
2927 4419 3116 4475 cauda
3144 4418 3204 4473 in
3235 4417 3473 4493 signum
3504 4416 3767 4475 debeatis
3798 4416 3904 4473 mi-

2252 4509 2419 4565 litare
2441 4508 2903 4577 convenientius,
2930 4525 3066 4565 cum
3084 4508 3144 4564 in
3167 4512 3519 4581 apparatum
3542 4505 3680 4564 belli
3712 4522 3907 4580 proce-

2252 4597 2410 4667 ditis,
2435 4602 2698 4671 portare;
2724 4615 2912 4672 pauca
2939 4599 3012 4654 de
3042 4597 3413 4654 Constantini
3433 4597 3665 4653 actibus
3694 4612 3906 4653 memo-

486 4680 768 4738 electione
780 4681 881 4737 Dei
897 4682 1406 4749 vocati,etlumine
1426 4681 1614 4754 ipsius
1637 4683 1955 4741 illuminati
1975 4686 2141 4753 estis,
2173 4706 2219 4771 D
2251 4688 2438 4745 randa
2462 4688 2759 4756 ducimus,
2783 4688 2885 4761 qui
2913 4686 3221 4760 piissimus
3258 4688 3658 4744 Romanorum
3687 4684 3905 4742 exstitit

486 4787 602 4827 non
617 4771 743 4843 jam
767 4771 922 4829 sicut
940 4775 1105 4846 prius
1127 4773 1419 4830 mortibus
1442 4772 1688 4839 inhiare,
1713 4774 1814 4830 sed
1838 4791 2042 4832 omnes
2066 4777 2136 4833 ad

481 4860 662 4917 vitam
696 4866 816 4918 tam
847 4864 1128 4936 corporis,
1154 4878 1331 4934 quam
1364 4860 1572 4917 animae
1604 4863 1830 4919 debetis
1854 4866 2013 4921 omni
2045 4882 2140 4922 oc-

483 4951 718 5009 casione
746 4951 982 5009 inventa
1009 4950 1213 5025 procul
1245 4951 1425 5007 dubio
1456 4966 1747 5021 revocare,
1771 4956 1830 5009 et
1858 4953 2012 5011 sicut
2034 4973 2138 5012 vos

484 5038 862 5098 Christu3°de
908 5044 1094 5097 morte
1141 5039 1404 5112 perenni,
1440 5057 1557 5112 qua
1587 5041 2031 5110 detinebamini,
2065 5045 2137 5099 ad

481 5128 660 5186 vitam
682 5134 961 5187 aeternam
984 5128 1234 5199 reduxit,
1254 5128 1337 5186 ita
1355 5128 1467 5202 ipsi
1494 5147 1609 5187 non
1642 5130 1835 5188 solum
1870 5133 2139 5190 innoxios

484 5234 771 5292 quosque,
800 5235 1001 5275 verum
1051 5217 1229 5274 etiam
1279 5223 1336 5275 et
1386 5219 1588 5277 noxios
1632 5238 1666 5277 a
1710 5222 1919 5278 mortis
1963 5222 2138 5279 exitio

482 5309 730 5382 satagite
760 5312 1001 5364 cunctos
1033 5323 1253 5377 eruere,
1287 5310 1613 5367 secundum
1643 5309 1791 5367 illud
1825 5311 2137 5384 sapientis-

482 5397 615 5454 simi
646 5397 980 5453 Salomonis
1009 5413 1020 5451 :
1058 5397 1201 5453 Erue
1226 5414 1314 5455 eos
1342 5402 1440 5472 qui
1467 5401 1746 5456 ducuntur
1769 5401 1842 5457 ad
1872 5410 2137 5471 mortem;

479 5496 532 5545 et
563 5490 660 5561 qui
707 5488 1004 5544 trahuntur
1056 5486 1128 5544 ad
1184 5489 1488 5557 interitum,
1549 5490 1788 5547 liberare
1841 5508 1912 5547 ne
1965 5509 2136 5550 cesses

484 5579 666 5647 (Prov.
700 5576 834 5646 xw).

554 5664 745 5721 XXVI.
778 5664 857 5721 De
887 5665 980 5724 his
1029 5667 1130 5742 qui
1176 5668 1533 5742 proximum,
1569 5668 1627 5724 id
1659 5673 1749 5724 est
1780 5672 2134 5745 consangui-

486 5771 661 5812 neum
692 5771 888 5828 suum,
911 5763 979 5817 ut
1005 5763 1096 5817 est
1123 5759 1320 5829 frater,
1347 5758 1759 5829 consobrinus,
1795 5765 1898 5818 aut
1929 5778 2131 5835 nepos,

2250 4777 2587 4851 imperator,
2601 4781 2660 4834 et
2684 4776 3148 4834 Christianitatis
3178 4776 3617 4833 famosissimus
3638 4775 3899 4832 omnium

2250 4871 2626 4940 propagator.
2660 4865 2765 4922 llle
2795 4867 3014 4939 quippe
3063 4883 3200 4923 cum
3230 4867 3512 4923 adversus
3544 4865 3899 4922 Maxentium

2250 4957 2416 5013 urbis
2450 4957 2644 5013 Romae
2665 4961 2982 5030 tyrannum
3013 4955 3329 5013 exercitum
3354 4956 3613 5024 duceret,
3635 4958 3767 5011 erat
3779 4953 3900 5027 qui-

2249 5046 2383 5101 dem
2400 5046 2527 5117 jam
2543 5049 2684 5102 tunc
2699 5044 3047 5102 Christiana:
3073 5045 3375 5118 religionis
3406 5046 3618 5112 fautor,
3638 5044 3897 5101 nondum

2247 5139 2468 5207 tamen,
2493 5139 2559 5191 ut
2597 5139 2685 5193 est
2709 5135 2969 5192 solemne
3000 5134 3216 5193 nostris
3247 5134 3488 5204 initiari,
3522 5134 3759 5209 signum
3790 5133 3895 5189 Do-

2248 5223 2476 5281 minicae
2488 5225 2783 5297 passionis
2805 5224 3280 5298 acceperat.Cum
3300 5225 3480 5300 igitur
3500 5223 3689 5280 multa
3701 5237 3896 5280 secum

2246 5314 2320 5371 de
2350 5314 2627 5371 instantis
2657 5313 2842 5388 praelii
2874 5315 3224 5372 necessitate
3253 5313 3599 5389 pervolvens
3626 5313 3738 5370 iter
3766 5328 3893 5385 age-

2247 5408 2354 5473 ret,
2389 5404 2592 5477 utique
2635 5404 2709 5460 ad
2753 5402 2965 5459 ccelum
3020 5404 3237 5477 saepius
3293 5404 3543 5462 elevaret
3575 5404 3732 5475 [forte
3757 5401 3895 5459 deest

2246 5493 2489 5569 oculos],
2524 5497 2581 5549 et
2604 5493 2741 5549 inde
2771 5494 2884 5549 sibi
2916 5494 3183 5550 divinum
3212 5497 3551 5568 precaretur
3593 5491 3891 5559 auxilium,

2244 5584 2388 5639 vidit
2409 5600 2512 5656 per
2531 5600 2800 5657 soporem
2823 5584 2895 5639 ad
2917 5584 3161 5641 orientis
3176 5589 3402 5658 partem
3418 5584 3479 5640 in
3496 5582 3640 5641 cmlo
3662 5582 3892 5657 signum

2245 5674 2435 5730 crucis
2485 5674 2655 5747 igneo
2704 5672 2931 5748 fulgore
2981 5674 3550 5748 rutilare;cumque
3576 5677 3741 5730 tanto
3769 5671 3891 5728 visu

2244 5764 2456 5821 fuisset
2497 5764 2838 5833 exterritus,
2869 5781 2937 5821 ac
2968 5780 3115 5822 novo
3148 5765 3592 5838 perturbaretur
3633 5764 3886 5836 aspectu,
