4098 6462
152 425 286 484 997

1390 415 1799 479 EPISTOLzE
1841 415 1942 475 ΕΤ
1987 414 2372 476 DECRETA.

3467 417 3586 476 998

154 569 468 624 coercere;
503 552 827 609 notandum
874 555 984 620 est,
1011 551 1163 607 inter
1209 551 1309 607 illa
1356 567 1482 622 quae
1531 548 1823 622 prohibita
1852 549 1905 614 Α
1936 547 2047 602 nisi
2072 547 2452 619 reproborum
2486 545 2826 604 venationes
2864 546 3190 606 exercuisse
3224 565 3390 607 sacra
3429 551 3589 606 desi-

158 649 336 711 sunt,
354 643 530 701 etiam
554 659 794 715 porcum
819 641 1258 710 connumerari;
1286 641 1354 696 de
1386 657 1504 713 qua
1533 657 1591 694 re
1623 640 1824 712 praefa-

157 746 270 799 tus
301 745 542 799 sanctus
575 740 942 814 Augustinus
973 742 1044 797 de
1088 740 1308 796 caeteris
1340 740 1573 796 interim
1606 744 1825 805 tacens,

162 832 440 889 scribens
463 830 638 886 etiam
665 830 843 902 hujus
865 829 1139 886 animalis
1171 829 1438 884 meminit
1459 829 1658 884 dicens
1685 845 1697 884 :
1722 830 1827 884 Te-

163 925 469 978 stamento
490 919 704 986 Veteri,
719 919 818 976 ubi
845 919 1086 993 quidam
1106 919 1218 974 cibi
1236 919 1498 974 carnium
1525 918 1832 991 prohiben-

166 1017 296 1078 tur,
321 1029 424 1066 cur
455 1027 570 1065 non
602 1009 679 1066 sit
709 1009 1000 1064 contraria
1047 1008 1161 1064 ista
1209 1008 1516 1076 sententia,
1545 1025 1659 1080 qua
1689 1007 1833 1062 dicit

165 1099 492 1174 Apostolus
519 1117 531 1156 :
559 1099 754 1157 Omnia
785 1097 988 1153 munda
1016 1097 1260 1164 mundis,
1293 1106 1344 1152 et
1374 1099 1552 1152 omnis
1583 1105 1835 1152 creatura

171 1192 282 1246 Dei
312 1191 452 1247 bona
480 1197 558 1246 est
589 1188 638 1258 (I
669 1190 801 1244 Tim.
837 1195 934 1255 IV),
969 1187 1018 1244 si
1058 1191 1324 1260 possunt,
1367 1186 1696 1259 intelligant
1726 1187 1835 1244 hoc

170 1278 526 1353 Apostolum
541 1278 611 1333 de
629 1277 773 1350 ipsis
797 1277 1013 1332 dixisse
1036 1276 1293 1344 naturis;
1313 1275 1430 1331 illis
1461 1279 1656 1330 autem
1681 1275 1835 1331 litte-

173 1395 279 1434 ras
308 1381 544 1450 propter
578 1375 862 1448 quasdam
896 1373 1395 1448 praefigurationes
1418 1373 1667 1446 tempori
1699 1391 1836 1429 con-

173 1471 459 1541 gruentes
484 1464 764 1521 animalia
783 1465 1051 1536 quaedam
1083 1480 1198 1519 non
1231 1468 1461 1530 natura,
1488 1464 1587 1519 sed
1621 1463 1842 1536 signifi-

173 1557 411 1613 catione
439 1555 749 1610 immunda
769 1553 1006 1610 dixisse.
1031 1554 1234 1626 Itaque
1267 1554 1425 1609 verbi
1452 1553 1661 1626 gratia,
1687 1553 1734 1608 si
1769 1553 1839 1609 de

176 1663 357 1719 porco
375 1650 430 1702 et
447 1661 597 1717 agno
615 1644 969 1716 requiratur,
987 1648 1303 1715 utrumque
1321 1649 1531 1698 natura
1549 1643 1838 1699 mundum

177 1739 303 1803 est;
328 1734 466 1807 quia
487 1735 683 1799 omnis,
698 1741 951 1788 creatura
971 1734 1071 1788 Dei
1092 1734 1231 1787 bona
1253 1741 1330 1788 est
1349 1732 1556 1803 (ibid.‘:
1583 1733 1838 1803 quadam

180 1841 320 1880 vero
353 1823 780 1896 significatione
811 1838 1000 1895 agnus
1031 1822 1310 1890 mundus,
1335 1838 1548 1892 porcus
1578 1821 1840 1876 immun-

184 1915 303 1969 dus
335 1917 450 1980 est;
476 1917 760 1984 tanquam
784 1910 833 1966 si
865 1911 1113 1966 stultum
1145 1915 1201 1966 et
1231 1911 1555 1982 sapientem
1579 1909 1837 1966 diceres:
1874 1926 1922 1991 Β

189 2008 513 2073 utrumque
535 2000 644 2056 hoc
664 2000 906 2055 verbum
931 2004 1140 2055 natura
1153 1999 1328 2066 vocis,
1349 2003 1406 2054 et
1426 1999 1772 2067 litterarum,
1789 2003 1846 2054 et

189 2101 548 2174 syllabarum
582 2098 800 2170 quibus
831 2097 1296 2170 constat,utique
1325 2097 1611 2152 mundum
1633 2102 1749 2164 est;
1774 2096 1847 2151 si-

189 2189 568 2264 gnificatione
590 2192 786 2244 autem
811 2205 994 2243 unum
1018 2187 1229 2243 horum
1249 2187 1677 2259 vorbum,quod
1711 2185 1846 2242 dici-

188 2287 292 2336 tur
311 2279 582 2346 stultum,
598 2278 973 2332 immundum
999 2277 1112 2332 dici
1137 2281 1343 2350 potest,
1361 2294 1475 2332 non
1500 2281 1708 2332 natura
1729 2277 1841 2344 sui,

192 2371 298 2426 sed
317 2368 595 2441 quoniam
615 2367 1284 2439 quiddamimmundum
1311 2366 1633 2438 significat:
1659 2371 1714 2421 et
1737 2369 1847 2421 for-

190 2465 352 2516 tasse
375 2457 531 2530 quod
553 2461 641 2513 est
663 2457 720 2512 in
747 2473 942 2512 rerum
966 2457 1168 2529 figuris
1190 2473 1422 2528 porcus,
1441 2456 1550 2512 hoc
1572 2463 1659 2511 est.
1683 2458 1738 2511 in
1764 2474 1847 2512 re-

193 2566 328 2605 rum
354 2562 563 2620 genere
586 2545 832 2613 stultus;
857 2550 913 2600 et
933 2550 1053 2601 tam
1086 2545 1229 2601 illud
1261 2545 1501 2612 animal,
1525 2563 1700 2618 quam
1722 2546 1845 2601 istm

193 2640 325 2694 duae
350 2635 776 2710 syllabae,quod
803 2634 1016 2690 dicitur
1047 2634 1614 2708 stultum,quiddam
1664 2652 1847 2690 unum

192 2729 474 2799 idemque
493 2724 1208 2797 significatzlmmundum
1232 2725 1445 2798 quippe
1465 2724 1608 2781 illud
1631 2724 1848 2780 animal

193 2819 256 2874 in
279 2818 406 2890 lege
428 2815 685 2888 positum
704 2819 885 2880 est,eo
903 2815 1055 2886 quod
1079 2832 1191 2870 non
1210 2815 1496 2883 ruminet;
1521 2832 1634 2870 non
1654 2820 1850 2870 autem

195 2908 311 2963 hoc
335 2907 462 2978 ejus
478 2904 810 2972 vitium,sed
839 2908 1047 2958 natura
1067 2905 1333 2960 est.Sunt
1350 2908 1540 2960 autem
1562 2904 1850 2973 homines,

199 2996 302 3069 qui
335 3012 437 3069 per
467 2994 576 3050 hoc
599 2993 816 3049 animal
841 2993 1268 3066 significantur,
1298 2994 1588 3048 immundi
1623 2995 1854 3067 proprio

197 3086 360 3153 vitio,
395 3102 511 3140 non
543 3087 781 3151 natura;
815 3081 916 3154 qui
958 3098 1093 3137 cum
1125 3081 1372 3138 libenter
1415 3083 1654 3139 audiant
1681 3084 1858 3139 verba

204 3183 530 3256 sapientiae,
553 3186 756 3254 postea
775 3181 845 3236 de
866 3179 957 3236 his
981 3181 1218 3236 omnino
1251 3198 1367 3235 non
1389 3181 1674 3254 cogitant:
1701 3182 1856 3254 quod

204 3273 366 3329 enim
399 3270 541 3326 utile
571 3269 847 3338 audieris,
873 3268 1028 3324 velut
1069 3269 1344 3325 intestino
1390 3271 1682 3326 memoria:
1731 3275 1860 3327 tan-
1892 3299 1935 3366 C

207 3379 389 3435 quam
423 3361 493 3417 ad
527 3377 592 3415 os
623 3358 1012 3432 cogitationis,
1037 3359 1378 3414 recordandi
1401 3359 1708 3416 dulcedine
1736 3360 1862 3416 vol-

204 3467 368 3518 vere;
393 3450 532 3523 quid
556 3452 645 3504 est
665 3448 844 3513 aliud,
871 3465 1046 3520 quam
1071 3447 1409 3520 spiritaliter
1431 3449 1863 3521 quodammodo

208 3538 508 3596 ruminare
524 3543 546 3594 Ρ
563 3537 719 3610 quod
745 3537 844 3609 qui
869 3555 983 3592 non
1002 3537 1242 3602 faciunt,
1257 3537 1493 3593 illorum
1516 3537 1863 3594 animalium

207 3645 420 3702 genere
452 3628 802 3701 figurantur.
829 3626 991 3682 Unde
1023 3631 1078 3682 et
1116 3626 1245 3699 ipsa
1277 3645 1310 3682 a
1341 3626 1558 3683 talibus
1589 3627 1866 3684 carnibus

208 3717 588 3786 abstinentia,
614 3716 727 3773 tale
754 3715 963 3771 vitium
987 3733 1092 3772 nos
1115 3732 1315 3771 cavere
1337 3717 1704 3788 praemonuit.
1721 3718 1867 3773 Cum

207 3807 367 3865 enim
401 3807 470 3863 de
500 3807 609 3862 hac
642 3805 935 3861 munditia
965 3805 1302 3860 ruminandi
1335 3805 1446 3861 alio
1476 3806 1602 3862 loco
1629 3807 1709 3864 ita
1730 3807 1869 3862 scri-

209 3902 378 3968 ptum
411 3900 501 3950 est
531 3911 545 3950 :
582 3897 885 3950 Thesaurus
928 3894 1306 3949 desiderabilis
1336 3898 1622 3967 requiescit
1669 3899 1730 3952 in
1776 3914 1868 3953 ore

215 3987 496 4058 sapientis,
520 3987 608 4040 vir
632 3993 815 4040 autem
845 3983 1042 4039 stultus
1071 3983 1234 4054 glutit
1271 3985 1431 4039 illum
1465 3987 1644 4056 (Prov.
1669 3987 1863 4059 xxvn).

212 4076 332 4132 Has
372 4079 565 4130 autem
596 4073 1012 4130 similitudines
1063 4089 1257 4128 rerum
1291 4074 1349 4127 in
1383 4073 1775 4130 locutionibus
1813 4081 1871 4132 et

215 4171 725 4230 observationibus
749 4169 1014 4242 figuratis
1041 4174 1278 4242 propter
1299 4172 1591 4244 quaerendi
1621 4177 1679 4228 et
1707 4190 1870 4228 com-

214 4261 461 4336 parandi
493 4261 965 4317 exercitationem
994 4259 1306 4316 rationales
1328 4266 1553 4317 mentes
1577 4261 1797 4318 utiliter
1815 4268 1872 4319 et

217 4351 476 4409 suaviter
506 4349 728 4405 noverit
753 4365 766 4404 :
793 4350 892 4404 sed
924 4349 1103 4421 priori
1130 4349 1344 4422 populo
1369 4350 1553 4407 multa
1583 4351 1724 4407 talia
1754 4369 1870 4409 non

216 4445 453 4498 tantum
485 4439 795 4506 audienda,
825 4455 1028 4494 verum
1059 4439 1234 4494 etiam
1265 4439 1630 4497 observanda
1660 4458 1872 4513 praece-

218 4535 321 4604 pta
342 4533 502 4586 sunt.
519 4530 777 4600 Tempus
799 4528 955 4584 enim
977 4532 1120 4594 erat,
1147 4545 1262 4600 quo
1287 4546 1402 4585 non
1425 4534 1654 4586 tantum
1677 4531 1869 4603 dictis,

219 4621 322 4676 sed
382 4619 559 4676 etiam
622 4617 790 4674 factis
842 4616 1179 4690 prophetari
1237 4623 1545 4689 oporteret,
1563 4625 1620 4676 et
1647 4637 1716 4676 ea
1744 4639 1873 4694 quae

221 4708 527 4783 posteriori
577 4711 837 4779 tempore
887 4707 1120 4761 fuerant
1157 4707 1715 4781 revelanda,quibus
1773 4727 1875 4782 per

221 4799 542 4869 Christum,
569 4802 743 4869 atque
774 4797 833 4853 in
868 4795 1098 4851 Christo
1131 4797 1419 4864 revelatis,
1446 4799 1576 4854 fidei
1609 4801 1873 4872 gentium

222 4905 399 4944 onera
426 4888 900 4944 Observationum
931 4903 1044 4940 non
1070 4890 1208 4941 sunt
1237 4886 1534 4959 imposita,
1559 4889 1874 4961 prophetiae

220 4984 417 5035 tamen
452 4976 768 5034 auctoritas
805 4976 1233 5032 commendata.

292 5095 477 5151 XLIV.
503 5093 676 5149 Nulla
705 5093 852 5148 ratio
884 5092 962 5148 sit
998 5091 1057 5147 in
1091 5091 1584 5165 quadragesimali
1617 5099 1878 5168 tempore

221 5183 634 5242 venationibus
657 5182 776 5239 uti:
801 5186 1078 5239 venantes
1101 5181 1256 5238 enim
1278 5181 1422 5237 nihil
1444 5187 1653 5255 praeter
1674 5202 1878 5241 carnes

226 5278 482 5348 captant,
501 5278 564 5328 ut
588 5289 725 5346 ergo
756 5271 903 5326 nihil
934 5271 1164 5328 carnale
1195 5273 1404 5327 sectari
1427 5272 1762 5345 videamini,
1787 5275 1881 5331 de-

227 5367 424 5420 center
444 5381 478 5419 a
498 5362 775 5419 carnibus
801 5361 1107 5433 captandis
1132 5361 1192 5416 in
1219 5361 1714 5434 quadragesimali
1740 5381 1882 5435 prae-

228 5455 396 5527 cipue
415 5457 676 5526 tempore
695 5451 859 5507 vobis
882 5454 971 5506 est
991 5450 1409 5506 abstinendum
1431 5469 1444 5520 ;
1480 5455 1700 5524 quanto
1721 5453 1880 5509 enim

220 5551 434 5625 jejunii
455 5556 717 5624 tempore
738 5549 958 5605 arctius
979 5552 1068 5604 est
1088 5547 1298 5605 divinis
1323 5548 1581 5607 cultibus
1604 5551 1882 5608 insisten-

231 5643 393 5714 dum,
408 5645 572 5699 tanto
590 5644 678 5697 est
699 5640 757 5696 in
779 5637 1006 5695 cunctis
1027 5638 1235 5694 mundi
1261 5639 1480 5697 nocivis
1496 5639 1884 5699 oblectamen-

230 5732 306 5792 tis
337 5731 572 5809 longius
603 5727 1022 5802 recedendum;
1057 5729 1380 5806 presertim
1421 5743 1556 5790 cum
1588 5731 1884 5794 neminem

1935 642 2074 710 gnet
2105 637 2369 692 historia.

2007 726 2171 780 XLV.
2203 728 2250 781 A
2281 725 2451 781 nobis
2482 724 2629 781 scire
2678 726 2892 798 cupitis
2923 726 2970 782 si
3004 727 3062 782 in
3098 728 3589 801 quadragesimali

1938 817 2199 885 tempore
2222 812 2451 883 judicia
2489 812 2606 868 sint
2648 815 2985 882 exercenda,
3015 819 3069 870 et
3103 816 3174 870 ad
3207 821 3449 872 mortem
3484 816 3588 871 ali-

1940 903 2074 974 quis
2113 901 2575 968 addicendus,in
2609 919 2722 974 quo
2779 919 2885 958 nos
2943 905 3220 960 noveritis
3269 906 3470 960 eadem
3523 906 3592 960 de

1941 989 2434 1064 quadragesimali
2468 996 2725 1062 tempore
2757 1008 2934 1063 super
2961 992 3071 1047 hac
3090 994 3442 1064 respondere
3463 1010 3596 1050 con-

1943 1079 2276 1146 sultatione,
2303 1097 2429 1152 quae
2453 1079 2660 1135 diebus
2685 1080 2848 1137 festis
2876 1098 2982 1136 nos
3004 1083 3349 1138 duodecimo
3383 1083 3594 1140 harum

1944 1170 2394 1242 responsionum
2428 1174 2760 1225 nostrorum
2788 1169 3040 1243 capitulo
3065 1171 3191 1242 jam
3224 1172 3597 1244 respondisse

1945 1259 2368 1332 dignoscimur.

2014 1346 2198 1401 XLVI.
2215 1346 2245 1401 J
2252 1363 2346 1401 am
2369 1363 2500 1402 vero
2523 1345 2570 1402 si
2597 1345 3092 1419 quadragesimali
3119 1351 3374 1422 tempore
3405 1349 3595 1419 liceat,

1947 1435 1996 1492 si
2020 1436 2336 1491 necessitas
2358 1434 2553 1508 exigit,
2576 1435 2664 1491 vel
2697 1436 2744 1491 si
2777 1454 2890 1491 non
2921 1437 3097 1510 exigit
3117 1437 3237 1493 ulla
3257 1440 3595 1506 necessitas,

1947 1525 2019 1580 ad
2047 1524 2198 1580 bella
2221 1526 2552 1596 procedere,
2573 1542 2689 1580 non
2710 1525 2874 1582 vobis
2896 1530 2987 1581 est
3009 1527 3401 1583 necessarium
3426 1545 3598 1601 expo-

1949 1614 2380 1682 nendum,cum
2414 1631 2482 1668 ex
2513 1614 2773 1686 priorum
2805 1615 3269 1686 pr0positionum
3301 1616 3602 1673 solutioni-

1950 1703 2061 1758 bus
2084 1703 2226 1776 quid
2249 1721 2350 1758 vos
2373 1703 2674 1758 conveniat
2692 1705 3062 1775 agere,etiam
3087 1706 3254 1761 nobis
3273 1707 3602 1763 tacentibus

1941 1793 2068 1864 jam
2103 1793 2214 1866 ipsi
2247 1793 2542 1866 colligitis.
2578 1792 2873 1848 Bellorum
2906 1794 3124 1866 quippe
3164 1812 3228 1850 ac
3269 1795 3603 1868 praeliorum

1952 1882 2294 1949 certamina,
2322 1899 2546 1938 necnon
2570 1882 2836 1938 omnium
2859 1883 3194 1956 jurgiorum
3220 1885 3390 1941 initia
3409 1885 3606 1942 diabo-

1954 1971 2076 2026 lica;
2105 1971 2308 2027 fraude
2339 1976 2478 2027 sunt
2509 1973 2652 2028 artis
2683 1973 2940 2044 profecto
2975 1978 3226 2046 reperta,
3248 1978 3301 2029 et
3341 1975 3606 2031 dilatand

1956 2059 2116 2132 regni
2151 2060 2423 2132 cupidus,
2446 2060 2532 2116 vel
2565 2061 2683 2128 iraa,
2706 2061 2794 2115 vel
2825 2061 3072 2129 invidias,
3098 2062 3183 2117 vel
3213 2063 3366 2119 alius
3405 2064 3606 2135 cujus-

1955 2151 2112 2223 piam
2142 2149 2263 2203 vitii
2299 2148 2542 2204 dilector
2571 2154 2799 2204 tantum
2845 2149 2936 2206 his
2966 2150 3286 2220 intendere,
3313 2170 3414 2209 seu
3451 2153 3606 2210 dele-

1955 2238 2099 2295 ctari
2131 2238 2511 2294 convincitur.
2533 2239 2601 2293 Et
2623 2239 2770 2305 ideo,
2787 2239 2836 2294 si
2859 2238 3021 2294 nulla
3037 2245 3239 2313 urgeat
3262 2243 3603 2311 necessitas,

1956 2345 2072 2384 non
2106 2327 2296 2384 solum
2329 2327 2821 2401 quadragesimali
2873 2333 3152 2402 tempore,
3179 2331 3280 2386 sed
3311 2332 3470 2387 omni
3520 2337 3610 2389 est

1957 2417 2169 2491 prazliis
2194 2418 2634 2473 abstinendum.
2651 2417 2708 2472 Si
2732 2422 2927 2473 autem
2949 2417 3302 2477 inevitabilis
3325 2426 3490 2495 urget
3513 2439 3611 2495 op-

1958 2507 2308 2580 portunitas,
2329 2523 2434 2561 nec
2457 2507 2953 2580 quadragesimali
2982 2513 3070 2564 est
3099 2513 3360 2582 tempore
3383 2529 3486 2584 pro
3509 2513 3609 2568 de-

1958 2596 2221 2652 fensione
2245 2601 2364 2654 tam
2397 2613 2522 2664 sua,
2549 2613 2726 2668 quam
2755 2596 3093 2668 patriae,seu
3119 2597 3313 2671 legum
3345 2603 3612 2672 paterna-

1961 2703 2112 2752 rum,
2141 2685 2428 2740 bellorum
2469 2684 2670 2757 procul
2712 2685 2890 2741 dubio
2934 2687 3340 2758 przeparationi
3370 2705 3612 2761 parcen-

1961 2777 2137 2842 dum;
2173 2791 2243 2829 ne
2273 2773 2540 2829 videlicet
2569 2775 2754 2830 Deum
2785 2773 3052 2831 videatur
3080 2775 3254 2832 homo
3285 2781 3527 2846 tentare,
3563 2780 3612 2836 si

1963 2865 2137 2920 habet
2158 2864 2310 2936 quod
2335 2863 2599 2928 faciat,et
2621 2881 2737 2918 sua:
2760 2880 2825 2919 ac
2849 2864 3097 2920 aliorum
3119 2866 3291 2920 saluti
3312 2867 3616 2924 consulere

1965 2971 2080 3010 non
2113 2957 2402 3026 procurat,
2438 2957 2494 3007 et
2523 2957 2736 3008 sanctae
2777 2952 3074 3026 religionis
3108 2955 3458 3012 detrimenta
3498 2975 3614 3014 non

1966 3047 2264 3116 prmcavet.
2285 3047 2461 3096 Porro
2483 3042 2636 3096 muri
2655 3042 2885 3098 Jericho
2908 3042 3043 3100 filiis
3071 3043 3268 3112 Israel,
3285 3045 3384 3117 qui
3402 3046 3620 3104 Sabba-

1966 3138 2091 3188 tnm
2116 3133 2241 3204 jam
2284 3131 2710 3186 observandum
2742 3133 3332 3204 susceperant,etiam
3363 3135 3617 3193 Sabbato

1969 3222 2172 3277 urbem
2203 3220 2704 3277 circumeuntibus
2723 3225 2779 3276 et
2804 3221 2961 3278 tubis
2983 3222 3390 3296 clangentibus
3414 3225 3485 3281 ad
3509 3230 3619 3282 ter-

1973 3329 2097 3367 ram
2131 3309 2407 3382 protracti
2439 3312 2576 3365 sunt
2606 3310 2733 3378 (Jos.
2766 3309 2866 3383 v1).

2041 3398 2252 3454 XLVII.
2278 3398 2593 3454 Consulitis
2620 3399 2668 3453 si
2691 3399 2861 3454 liceat
2881 3399 2940 3454 in
2964 3401 3456 3474 quadragesimali
3481 3407 3622 3458 tem-

1973 3506 2110 3564 pore
2133 3489 2286 3561 jocis
2314 3505 2545 3556 vacare;
2582 3489 2735 3560 quod
2780 3505 2895 3543 non
2929 3488 3118 3544 solum
3150 3491 3206 3546 in
3241 3493 3619 3565 quadragesi-

1974 3579 2133 3646 mali,
2165 3595 2365 3634 verum
2408 3578 2586 3632 etiam
2631 3578 2691 3632 in
2739 3577 2900 3632 nullo
2957 3582 3218 3651 tempore
3277 3579 3503 3636 licitum
3535 3586 3626 3638 est

1974 3667 2352 3736 Christianis;
2379 3667 2479 3722 sed
2505 3666 2643 3732 quia
2663 3667 2966 3738 vobis,qui
2999 3667 3057 3722 in
3081 3673 3340 3724 montem
3365 3671 3624 3726 nondum

1975 3758 2286 3814 ascendere
2305 3761 2588 3828 tanquam
2609 3755 2827 3811 infirmi
2847 3757 3182 3829 potestis,ut
3197 3759 3333 3815 inde
3350 3759 3628 3816 sublimia

1976 3848 2255 3904 mandata
2275 3845 2370 3901 Dei
2392 3845 2744 3918 percipiatis,
2763 3846 2862 3901 sed
2886 3846 2944 3901 in
2970 3849 3629 3922 campestribus,quem-

1977 3937 2294 3994 admodum
2329 3935 2428 3990 filii
2463 3935 2760 4007 quondam
2802 3934 3000 4001 Israel,
3032 3936 3205 4008 positi
3245 3939 3491 4006 estis,ut
3512 3939 3626 3995 sal-

1976 4031 2094 4082 tem
2127 4026 2205 4082 ibi
2239 4025 2412 4098 plana
2443 4030 2500 4080 et
2526 4024 2754 4080 minora
2775 4041 3018 4097 quasque
3049 4031 3334 4099 praecepta
3356 4028 3628 4092 sumatis,

1977 4117 2229 4172 necdum
2262 4130 2577 4185 possumus
2623 4114 2888 4180 suadere,
2911 4117 2976 4168 ut
3005 4116 3163 4170 omni
3195 4118 3454 4188 tempore
3476 4116 3630 4188 jocis

1980 4203 2343 4271 abstineatis,
2369 4207 2425 4257 et
2470 4202 2940 4275 quadragesima,
2975 4220 3042 4259 ac
3085 4204 3297 4275 jejunii
3345 4209 3628 4276 tempore,

1981 4294 2212 4368 quando
2230 4291 2589 4364 peramplius
2602 4297 2657 4346 et
2674 4292 2992 4348 instantius
3007 4293 3253 4348 orationi
3268 4296 3322 4348 et
3339 4293 3633 4349 abstinen-

1980 4383 2098 4454 tiae,
2122 4386 2179 4437 et
2208 4381 2560 4436 omnimodae
2593 4381 2942 4452 poenitentiae
2975 4381 3129 4438 sicut
3157 4381 3327 4455 longe
3360 4383 3633 4455 superius

1981 4470 2599 4545 exposuimus,vacare
2621 4469 2867 4538 debetis,
2893 4487 3008 4526 non
3031 4471 3218 4527 solum
3236 4472 3409 4543 jocis,
3429 4489 3630 4528 verum

1983 4562 2156 4618 etiam
2180 4559 2252 4614 ab
2271 4557 2429 4614 omni
2450 4557 2869 4629 vaniloquio,et
2889 4560 3396 4632 scurrilitate,qua
3415 4561 3486 4616 ad
3510 4577 3633 4616 rem

1903 4675 1951 4740 Β
1985 4669 2100 4707 non
2133 4648 2445 4740 pertinent,
2478 4647 2772 4740 atquenab
2830 4648 2958 4740 ipso
2980 4649 3174 4740 otioso
3233 4650 3428 4716 verbo,
3463 4653 3528 4705 ut
3576 4649 3635 4704 in

1983 4736 2292 4811 Evangelio
2326 4735 2609 4792 Dominus
2633 4734 2772 4790 dicit
2802 4753 2813 4791 :
2842 4735 2990 4803 Quod
3023 4738 3192 4794 locuti
3219 4741 3429 4811 fuerint
3459 4740 3636 4794 homi-

1982 4847 2097 4897 nes,
2132 4827 2352 4884 reddent
2381 4825 2444 4881 de
2471 4841 2530 4881 eo
2567 4826 2837 4880 rationem
2862 4825 3069 4897 (Matth.
3094 4831 3196 4896 x11)
3223 4845 3235 4881 :
3265 4828 3314 4883 si
3339 4829 3408 4884 de
3451 4827 3636 4884 otioso

1985 4923 2203 4993 quanto
2227 4916 2414 4989 magis
2437 4915 2506 4970 de
2530 4915 2699 4970 noxio
2730 4918 2785 4969 et
2819 4914 3174 4970 criminoso?
3196 4916 3360 4972 nulla
3381 4933 3516 4990 ergo
3538 4933 3639 4972 vos

1983 5005 2748 5080 voluptatum,etjocorum,
2768 5007 2824 5059 et
2845 5004 3096 5059 maxime
3125 5004 3184 5058 in
3207 5009 3467 5079 tempore
3487 5007 3641 5078 jeju-

1988 5099 2246 5167 niorum,
2271 5095 2497 5150 vanitas
2520 5093 2798 5149 seducere
2817 5093 3033 5160 valeat;
3062 5109 3175 5148 non
3196 5093 3352 5148 enim
3385 5094 3644 5151 lamenta

1987 5185 2286 5259 cumjocis
2303 5183 2673 5249 conveniunt,
2693 5186 2749 5236 et
2772 5180 2964 5250 fallax,
2990 5198 3056 5237 ac
3089 5182 3384 5254 deceptrix
3415 5183 3641 5253 laetitia,

1988 5292 2224 5333 veraces
2244 5273 2532 5346 lacrymas
2556 5273 2876 5344 producere
2898 5271 3083 5326 nescit
3103 5271 3161 5326 in
3185 5272 3448 5343 proximo
3471 5288 3483 5326 :
3504 5290 3646 5344 prae-

1989 5371 2148 5422 terea
2172 5369 2260 5421 est
2281 5363 2485 5434 judex,
2512 5360 2611 5433 qui
2633 5359 2812 5416 dixit:
2844 5365 2940 5417 Vae
2968 5361 3120 5416 vobis
3139 5362 3232 5432 qui
3254 5361 3440 5416 ridetis
3472 5378 3640 5430 nunc,
3725 5351 3729 5356 ’

1989 5457 2122 5529 quia
2155 5452 2428 5525 lugebitis,
2455 5459 2506 5507 et
2530 5451 2732 5520 ﬂebitis
2757 5450 2904 5523 (Luc.
2929 5451 3039 5522 vi);
3065 5449 3200 5505 hinc
3223 5448 3496 5506 Salomon
3520 5449 3638 5505 ait:

1993 5543 2148 5602 Risus
2169 5543 2352 5599 dolore
2374 5541 2710 5606 miscebitur,
2733 5548 2783 5597 et
2805 5549 3049 5596 extrema
3077 5538 3271 5609 gaudii
3300 5539 3474 5595 luctus
3493 5553 3645 5594 occu-

1989 5643 2084 5711 pat
2122 5632 2468 5703 (Prov.xiv);
2501 5629 2637 5685 hinc
2686 5630 2900 5686 iterum
2930 5629 3114 5686 dicit:
3149 5631 3340 5687 Risum
3389 5629 3648 5703 reputavi

1991 5739 2250 5794 errorem,
2304 5729 2357 5781 et
2409 5718 2610 5797 gaudio
2664 5719 2788 5779 dixi
2817 5738 2837 5781 :
2878 5720 3023 5792 Quid
3077 5721 3285 5799 frustra
3340 5719 3649 5796 deciperis?
