4098 6474
561 426 683 488 999

1943 418 2250 481 NICOLAl
2295 418 2524 480 PAP/E
2566 416 2613 479 Ι.

3843 414 4013 478 1000

565 559 757 634 (Eccle.
791 558 878 626 ιι.)
899 554 1045 612 Hinc
1074 570 1284 611 rursus
1326 554 1409 610 ait
1441 572 1454 610 :
1489 553 1592 610 σον
1617 555 1969 626 sapientium,
1992 555 2091 610 ubi
2119 555 2221 610 tri—
2336 552 2506 627 perit.
2541 552 2614 608 Ut
2661 567 2786 624 cap.
2818 553 2890 606 78
2917 550 3297 608 consideravit.
3332 549 3565 622 ΗΑιω.],
3610 547 4011 622 compellatur

561 652 712 707 stitia
746 656 854 714 est;
886 654 939 704 et
973 662 1068 702 cor
1113 646 1427 711 stultorum,
1460 645 1558 699 ubi
1605 644 1805 701 laetitia
1836 644 2042 717 (ibid);
2083 660 2220 716 gra-

562 744 691 795 tum
724 752 982 810 namque
1022 735 1138 791 Deo
1188 731 1542 791 sacriﬁcium
1595 738 1685 789 est
1734 732 1973 789 afﬂictio
2021 737 2225 788 contra

562 832 893 903 peccatum,
928 823 1243 881 Psalmista
1270 826 1546 892 testante,
1577 822 1679 896 qui
1709 822 1790 879 ait
1823 840 1835 879 :
1872 824 2225 894 Sacriﬁcium

560 918 668 975 Deo
696 918 931 990 spiritus
958 913 1361 971 contribulatus
1390 912 1561 985 (Psal.
1594 912 1669 985 L).

632 1004 873 1063 XLVIII.
909 1003 1072 1059 Unde
1119 1018 1227 1058 nec
1274 1017 1516 1057 uxorem
1561 1002 1792 1070 ducere,
1828 1017 1932 1057 nec
1963 1000 2222 1057 convivia

560 1098 749 1153 facere
786 1094 845 1150 in
878 1090 1376 1167 quadragesimali
1421 1094 1682 1164 tempore
1713 1089 2019 1147 convenire
2050 1107 2222 1163 posse

557 1184 897 1243 nullatenus
918 1181 1295 1239 arbitramur.
1311 1182 1529 1237 lterum
1552 1179 1695 1253 quid
1718 1180 1855 1237 hinc
1878 1180 2025 1237 sacri
2051 1197 2221 1237 cano-

556 1291 661 1332 nes
681 1274 879 1330 dicant
908 1271 1182 1344 episcopo
1212 1275 1407 1327 vestro
1440 1270 1684 1327 docente
1714 1269 1932 1327 scietis.

623 1363 812 1420 XLIX.
859 1362 1145 1418 Praeterea
1194 1359 1602 1427 sciscitamini,
1656 1359 1705 1415 si
1756 1359 1893 1416 licet
1948 1359 2219 1416 exhibere

549 1454 719 1511 vobis
745 1450 1247 1526 quemadmodum
1272 1449 1437 1522 prius
1457 1449 1519 1505 in
1542 1450 1738 1506 dotem
1760 1449 2113 1523 conjugibus
2132 1465 2221 1505 ve-

550 1544 690 1602 stris
713 1557 947 1610 aurum,
964 1545 1299 1614 argentum,
1314 1539 1723 1612 boves,equos,
1738 1542 1873 1605 etc.,
1892 1539 2048 1611 quod
2080 1538 2221 1611 quia

549 1632 784 1689 nullum
817 1635 1124 1705 peccatum
1157 1632 1246 1685 est
1270 1632 1329 1684 et
1356 1628 1516 1702 leges
1545 1628 1655 1685 hoc
1678 1627 2007 1697 connivent,
2032 1632 2088 1685 et
2110 1645 2217 1686 nos

549 1726 616 1779 ut
637 1723 739 1777 fiat
758 1720 1003 1777 minime
1026 1719 1440 1793 prohibemus;
1461 1723 1518 1774 et
1534 1735 1649 1774 non
1668 1716 1858 1774 solum
1877 1717 2214 1789 hoc,verum

548 1810 725 1868 etiam
745 1809 1033 1883 quidquid
1059 1813 1190 1864 ante
1207 1808 1569 1881 baptismum
1589 1807 1814 1881 egistis,
1829 1811 1885 1863 et
1903 1823 2059 1863 nunc
2076 1823 2217 1880 quo-

2332 641 2651 714 suscipere.
2681 639 2943 713 Denique
2979 639 3089 696 hoc
3118 646 3239 696 tam
3270 638 3531 695 immane
3559 638 3755 696 scelus
3785 642 3909 707 est,
3943 645 4007 695 ut

2331 730 2635 786 homicidii
2666 730 2903 802 quidem
2936 729 3435 802 peccatum,qnod
3458 727 3597 784 Cain
3628 728 3690 783 in
3719 727 3873 785 Abel
3897 729 4010 785 tra-

2329 824 2481 876 trem
2514 836 2689 875 suum
2732 818 3027 875 commisit
3049 818 3200 892 (Gen.
3220 821 3319 887 1v),
3344 817 3597 891 septima
3614 819 4005 890 generatione

2330 909 2687 983 cataclysmo
2738 908 3101 965 vindicatum
3152 907 3329 963 fuerit
3359 907 3512 978 (Gen.
3541 910 3674 979 vn);
3716 907 4006 964 adulterii

2330 1002 2528 1055 autem
2558 998 2869 1071 ﬂagitium,
2902 998 3058 1070 quod
3092 996 3342 1053 Lamech
3373 996 3640 1053 omnium
3671 997 3916 1069 primus
3946 998 4004 1054 in

2329 1088 2564 1145 duabus
2586 1088 2874 1144 uxoribus
2898 1086 3251 1161 perpetravit
3271 1086 3422 1160 (Gen.
3455 1089 3554 1155 Iv),
3588 1086 3829 1143 nonnisi
3861 1105 4003 1144 san-

2329 1176 2507 1251 guine
2530 1175 2745 1233 Christi
2768 1176 3052 1234 abolitum
3078 1175 3499 1249 exstiterit,qui
3529 1176 3783 1249 septima
3811 1181 3878 1233 et
3910 1194 4002 1234 se-

2329 1272 2430 1340 ptu
2439 1267 2703 1341 agesima
2714 1266 3089 1340 generatione
3102 1266 3427 1323 secundum
3443 1264 3825 1340 Evangelium
3839 1266 4002 1324 luxe-

2328 1356 2404 1413 rit
2434 1356 2493 1412 in
2526 1357 2841 1413 mundum.

2400 1447 2516 1503 LII.
2543 1447 2602 1503 Si
2620 1463 2793 1503 nosse
2814 1444 3159 1504 desideratis
3175 1446 3318 1518 quid
3340 1444 3410 1502 de
3426 1444 3519 1501 bis
3539 1445 3642 1517 qui
3659 1445 3999 1518 quemlibet

2326 1535 2721 1593 eunuchizant
2740 1536 3132 1609 judicandum
3166 1534 3263 1603 sit,
3297 1533 3542 1609 paginas
3572 1533 3771 1609 legum
3807 1536 3999 1593 revol-

2324 1625 2459 1683 vite.

2397 1714 2544 1772 LIII.
2569 1714 2886 1772 Consulitis
2908 1714 2958 1771 si
2981 1713 3118 1770 licet
3147 1730 3325 1787 super
3353 1729 3643 1781 mensam,
3666 1714 3726 1770 in
3748 1732 3881 1788 qua
3899 1733 3994 1773 sa-

2323 1806 2549 1874 cerdos,
2582 1809 2684 1860 aut
2712 1804 2998 1861 diaconus
3026 1804 3208 1872 deest,
3235 1802 3513 1859 vexillum
3545 1807 3759 1860 sanctae
3792 1807 3993 1864 crucis

548 1917 663 1975 que
693 1899 857 1957 vobis
888 1915 1060 1973 agere
1090 1898 1348 1971 profecto
1397 1897 1739 1953 conceditur
1764 1896 1843 1969 (S.
1878 1896 2033 1966 Greg.
2063 1898 2206 1952 hom.
2238 1937 2286 2003 B
2321 1893 2658 1967 imprimere
2687 1898 2745 1950 et
2794 1894 3096 1950 comedere
3130 1909 3143 1948 :
3177 1894 3332 1965 quod
3378 1891 3582 1966 procul
3613 1892 3795 1951 dubio
3826 1893 3991 1967 licet,

543 1993 616 2047 24
648 1993 708 2047 in
736 1990 976 2063 evang.).
1010 1988 1158 2043 Nam
1191 1988 1543 2060 piscatorem
1578 1986 1835 2057 Petrum,
1861 1986 2202 2041 Matthaeum

541 2097 676 2138 vero
698 2079 1052 2136 telonarium
1074 2075 1387 2145 scimus,et
1416 2080 1551 2149 post
1570 2075 2007 2132 conversionem
2031 2091 2199 2131 suam

542 2170 747 2227 Petrus
772 2169 843 2225 ad
877 2166 1264 2241 piscationem
1296 2165 1490 2234 rediit,
1511 2164 1823 2221 Matthaeus
1842 2182 1976 2221 vero
2011 2164 2080 2220 ad
2114 2168 2200 2220 te-

539 2258 682 2317 lonii
708 2258 1009 2331 negotium
1042 2272 1158 2312 non
1188 2255 1422 2323 resedit,
1439 2254 1579 2327 quia
1599 2258 1655 2311 et
1685 2254 1846 2311 aliud
1870 2258 1959 2311 est
1978 2254 2196 2310 victum

537 2366 644 2422 per
671 2346 1057 2421 piscationem
1088 2361 1369 2417 qumrere,
1393 2343 1553 2401 aliud
1584 2344 1785 2401 telonii
1816 2344 1996 2400 lucris
2027 2360 2199 2415 pecu-

537 2440 668 2495 nias
698 2454 933 2510 augere.
959 2437 1110 2492 Sunt
1140 2435 1296 2490 enim
1330 2433 1607 2507 pleraque
1634 2434 1885 2506 negotia,
1911 2451 2039 2507 quae
2070 2431 2196 2489 sine

535 2531 771 2601 peccato
802 2524 1060 2581 exhiberi
1084 2527 1185 2580 aut
1207 2523 1318 2592 vix,
1343 2528 1446 2579 aut
1476 2522 1813 2579 nullatenus
1835 2526 2103 2596 possunt,
2121 2522 2192 2578 ad

534 2616 637 2672 illa
664 2633 802 2690 ergo
833 2619 1090 2680 tantum,
1116 2630 1243 2686 quce
1284 2613 1354 2669 ad
1387 2618 1692 2686 peccatum
1743 2612 2067 2685 implicant,
2094 2628 2192 2668 ne-

534 2722 698 2763 cesse
715 2711 803 2761 est
823 2707 888 2759 ut
906 2707 1039 2776 post
1053 2701 1491 2759 cenversionem
1511 2702 1745 2758 animus
1767 2719 1882 2758 non
1901 2705 2188 2758 recurrat:

534 2795 691 2869 quod
721 2809 856 2849 vero
889 2792 1139 2866 quisque
1169 2796 1303 2848 ante
1336 2792 1777 2847 conversionem
1808 2792 1935 2849 sine
1956 2796 2191 2865 peccato

531 2881 807 2948 exercuit,
831 2882 941 2938 hoc
971 2896 1109 2937 eum
1140 2884 1274 2953 post
1302 2880 1742 2936 conversionem
1779 2885 2036 2953 repetere
2074 2897 2188 2936 non

530 2977 621 3030 est
650 2971 845 3044 culpa.

602 3061 827 3126 L.Quid
851 3062 922 3118 de
944 3060 1138 3133 eo,qui
1163 3060 1234 3116 de
1255 3058 1750 3132 quadragesimali
1767 3062 2028 3131 tempore
2051 3075 2186 3114 cum

526 3167 702 3209 uxore
726 3167 834 3207 sua
860 3150 1175 3216 coierit,sit
1196 3149 1610 3221 judicandum,
1630 3148 1887 3221 episcopi
1910 3148 2105 3215 vestri,
2132 3151 2189 3204 et

526 3240 844 3298 Sacerdotis
875 3239 972 3313 qui
1006 3239 1078 3295 ab
1110 3256 1176 3295 eo
1208 3239 1623 3307 constituetur,
1647 3237 1887 3294 arbitrio
1920 3237 2184 3294 conside-

2314 2000 2451 2040 nam
2484 1984 2759 2040 omnibus
2790 1983 2993 2040 datum
3018 1986 3127 2051 est,
3152 1986 3218 2038 ut
3239 1987 3297 2038 et
3316 1983 3518 2038 omnia
3540 1987 3743 2039 nostra
3767 1983 3889 2042 hoc
3917 1986 3988 2042 si-

2309 2089 2423 2146 gno
2444 2074 2763 2130 debeamus
2785 2073 2861 2128 ab
2881 2071 3113 2129 insidiis
3146 2071 3379 2127 munire
3406 2070 3642 2141 diaboli,
3670 2077 3728 2128 et
3746 2074 3827 2129 ab
3853 2075 3986 2147 ejus

2308 2163 2585 2219 omnibus
2605 2161 3156 2237 impugnationihus
3186 2161 3247 2216 in
3267 2159 3481 2217 Christi
3508 2160 3744 2218 nomine
3769 2164 3981 2222 trium-

2307 2251 2488 2325 phare
2512 2269 2525 2308 :
2551 2257 2820 2325 superest
2849 2256 3103 2321 tantum,
3128 2254 3195 2307 ut
3224 2267 3359 2307 cum
3389 2250 3579 2323 potior
3607 2252 3800 2320 adest,
3823 2252 3978 2310 infe-

2305 2340 2424 2397 rior
2455 2342 2566 2399 hoc
2597 2342 2708 2398 sibi
2742 2342 2855 2398 nisi
2878 2342 3090 2415 jussus
3112 2358 3228 2397 non
3250 2341 3461 2398 audeat
3487 2357 3759 2416 arrogare
3787 2360 3803 2398 :
3831 2362 3975 2418 quo-

2304 2430 2486 2499 niam,
2513 2435 2638 2488 Νοη
2666 2440 2744 2489 est
2770 2432 3072 2504 discipulus
3100 2447 3266 2504 super
3309 2432 3634 2503 magistrum
3655 2432 3867 2505 (Matth.
3891 2442 3969 2503 χ),

2301 2520 2586 2577 etiterum
2612 2522 2875 2594 praecipit
2892 2519 3210 2594 Apostolus
3231 2520 3465 2577 dicens:
3486 2525 3707 2579 Honore
3728 2524 3966 2581 invicem

2298 2612 2694 2682 prazvenientes
2726 2612 2899 2684 (Rom.
2930 2615 3054 2679 xu).

2374 2700 2513 2757 LIV.
2538 2701 2741 2757 Dicitis
2777 2701 2932 2774 quod
2955 2701 3136 2757 Graeci
3171 2700 3465 2757 fateantur
3485 2701 3640 2774 quod
3672 2700 3731 2757 in
3766 2702 3963 2758 Eccle.

2299 2788 2388 2845 sia
2417 2790 2519 2862 qui
2550 2808 2667 2846 non
2700 2790 3034 2848 constrictis
3059 2790 3132 2847 ad
3163 2796 3366 2864 pectus
3399 2791 3675 2848 manibus
3706 2793 3960 2861 steterit,

2299 2880 2623 2936 maximum
2642 2880 2853 2937 habeat
2869 2884 3170 2953 peccatum
3188 2898 3200 2936 :
3220 2879 3327 2936 hoc
3343 2885 3409 2936 ut
3422 2881 3585 2937 ﬁeret
3599 2887 3958 2955 praceptum

2298 2967 2481 3026 fuisse
2512 2987 2827 3042 nusquam,
2863 2970 2921 3025 ni
2955 2969 3236 3039 fallimur,
3260 2968 3578 3038 invenitur,
3603 2987 3670 3025 ac
3700 2987 3809 3043 per
3830 2971 3957 3043 hoc,

2296 3057 2411 3113 nisi
2432 3059 2550 3127 fiat,
2570 3063 2877 3131 peccatum
2894 3076 3011 3115 non
3028 3063 3142 3116 est:
3159 3076 3297 3115 nam
3316 3059 3555 3131 quidem
3577 3057 3805 3116 faciunt
3828 3059 3955 3128 hoc,

2294 3147 2539 3219 quidam
2559 3148 2727 3219 illud,
2746 3166 2903 3205 nunc
2930 3149 3029 3205 isti
3055 3148 3164 3205 hoc
3185 3165 3374 3222 genus
3396 3148 3775 3217 humilitatis,
3801 3167 3954 3207 nunc

2295 3236 2438 3293 illud
2457 3242 2784 3295 ostentant:
2808 3239 2919 3295 nisi
2940 3239 3083 3294 forte
3101 3238 3201 3312 qui
3234 3239 3612 3312 pertinaciter
3628 3245 3863 3297 recuset
3881 3241 3955 3296 fa-

524 3331 797 3397 randum,
816 3347 881 3384 ac
904 3328 1317 3384 diffiniendum
1340 3327 1896 3399 committimus,qui
1924 3327 2180 3400 singulo-
2211 3314 2254 3381 C
2292 3343 2438 3395 cere,
2465 3328 2621 3400 quod
2643 3346 2849 3386 omnes
2871 3328 3080 3385 viderit
3107 3328 3406 3385 facientes.
3425 3328 3641 3385 Verum
3664 3330 3878 3398 ethoc,
3897 3335 3950 3386 et

522 3437 654 3475 rum
688 3435 881 3475 mores
913 3432 1228 3491 agnoscere
1259 3420 1571 3489 poterunt;
1616 3421 1673 3473 et
1714 3417 2186 3489 uniuscujusque

519 3514 782 3565 vestrum
805 3525 1019 3565 causas
1041 3506 1270 3562 libratis
1291 3506 1579 3580 personis,
1597 3523 1663 3562 ac
1680 3505 2045 3579 temporibus
2068 3507 2184 3563 dis-

522 3615 778 3666 cernere,
804 3614 908 3653 seu
947 3596 1240 3652 moderari
1275 3595 1591 3652 debebunt.
1617 3597 1790 3652 Porro
1822 3612 1958 3651 cum
1989 3612 2058 3652 ea
2085 3613 2179 3653 eo-

519 3687 653 3743 dem
684 3691 946 3758 tempore
976 3685 1103 3741 sine
1144 3683 1342 3757 aliqua
1387 3684 1883 3741 contaminatione
1924 3686 2180 3742 dormire

517 3776 760 3833 omnino
782 3775 1002 3841 liceret,
1018 3774 1067 3830 si
1082 3774 1322 3848 ignis,et
1339 3773 1506 3846 palea
1522 3775 1650 3830 sine
1666 3772 1902 3830 laesione
1920 3792 2179 3832 commu-

516 3864 753 3921 nionem
776 3864 1037 3937 aliquam
1059 3862 1426 3931 habuissent,
1442 3862 1531 3919 vel
1556 3864 1604 3918 si
1627 3862 1928 3919 diabolicae
1950 3863 2177 3920 fraudis

515 3954 746 4011 astutiaa
777 3954 1147 4010 nescirentur
1167 3970 1302 4009 nam
1333 3954 1431 4008 ubi
1456 3952 1756 4008 masculus
1788 3970 1922 4008 cum
1958 3953 2177 4011 femina

512 4043 732 4117 pariter
749 4041 1433 4111 conversantur,difﬁcile
1450 4045 1538 4097 est
1560 4041 1807 4097 insidias
1823 4041 2009 4099 hostis
2028 4044 2175 4098 anti-

513 4133 613 4206 qui
647 4134 870 4201 deesse,
889 4147 1016 4205 qua:
1049 4131 1333 4186 nimirum
1357 4148 1472 4187 non
1502 4131 1753 4199 defuere,
1779 4132 1879 4187 ubi
1909 4132 2174 4189 solitaria

508 4222 707 4280 fratris
739 4227 795 4279 et
828 4221 1067 4292 sororis,
1098 4220 1382 4277 Amnonis
1425 4220 1648 4277 scilicet
1676 4225 1733 4277 et
1762 4221 2038 4291 Thamar,
2073 4238 2169 4278 ex-

510 4311 661 4369 stitit
690 4310 1041 4385 parvissimo
1084 4310 1275 4384 spatio
1307 4311 1689 4367 commoratio
1713 4310 1759 4384 (I
1786 4313 1912 4380 Reg.
1947 4312 2094 4383 xm).

581 4400 671 4458 LI.
698 4401 759 4458 Si
791 4399 964 4457 liceat
989 4416 1105 4456 uno
1138 4404 1397 4473 tempore
1423 4399 1639 4457 habere
1661 4401 1809 4455 duas
1840 4416 2049 4456 uxores
2069 4418 2164 4458 ex-

507 4490 765 4563 quiritis,
784 4490 941 4563 quod
975 4489 1024 4546 si
1056 4507 1170 4546 non
1201 4489 1356 4557 licet,
1377 4490 1527 4546 scire
1552 4489 1787 4562 cupitis,
1807 4490 1963 4562 apud
1989 4507 2163 4564 quem

503 4580 808 4636 inventum
843 4579 1195 4653 fuerit,quid
1227 4579 1434 4635 exinde
1466 4580 1654 4636 facere
1687 4580 1969 4636 debeatis.
2003 4581 2161 4638 Duas

2294 3417 2487 3473 multa
2513 3419 2572 3473 in
2596 3419 2841 3476 diversis
2863 3418 3005 3475 locis
3028 3418 3146 3475 alia
3165 3417 3519 3475 humilitatis
3538 3419 3752 3475 indicio
3776 3421 3946 3486 ﬁunt,

2292 3512 2348 3562 et
2377 3506 2509 3574 hoc,
2534 3526 2669 3565 cum
2693 3509 2787 3578 sit,
2812 3507 3046 3565 nonnisi
3079 3507 3431 3564 humilitatis
3453 3507 3642 3582 gratia
3664 3509 3749 3578 fit,
3773 3514 3834 3566 et
3864 3527 3945 3567 re-

2288 3613 2425 3655 vera
2446 3598 2729 3672 scriptum
2762 3602 2885 3655 est:
2913 3598 3097 3655 Oratio
3127 3599 3546 3655 humiliantium
3572 3614 3627 3654 se
3653 3600 3830 3656 nubes
3854 3616 3945 3672 pe-

2288 3690 2531 3748 netrabit
2561 3690 2750 3762 (Eccte.
2786 3691 2977 3758 xxxv),
3010 3688 3255 3761 proinde
3304 3688 3423 3744 sive
3470 3687 3600 3758 hoc,
3635 3687 3755 3745 sive
3788 3686 3943 3746 aliud

2290 3780 2431 3854 quid
2453 3778 2808 3835 humilitatis
2830 3778 3155 3850 excogitare
3176 3781 3368 3850 potest
3387 3774 3584 3848 homo,
3607 3794 3725 3834 non
3749 3783 3845 3835 est
3868 3795 3944 3834 re

2288 3868 2762 3944 prehendendus,
2797 3867 2938 3941 quia
2975 3868 3302 3924 secundum
3331 3866 3731 3942 Evangelium,
3765 3871 3941 3942 quise

2284 3961 2549 4015 humiliat
2589 3960 2933 4016 excitabitur
2961 3959 3113 4028 (Luc.
3137 3961 3319 4027 xvul).
3344 3957 3403 4014 Si
3452 3957 3609 4014 enim
3640 3957 3777 4030 quis
3811 3962 3938 4014 ante

2282 4048 2613 4122 principem
2636 4046 2945 4104 mortalem
2961 4046 3201 4105 veniens
3218 4064 3351 4102 cum
3370 4046 3532 4103 omni
3551 4048 3873 4104 reverentia
3886 4050 3935 4103 et

2281 4139 2495 4194 timore
2525 4141 2661 4205 stat,
2684 4136 2966 4209 loquitur,
2990 4144 3047 4193 et
3076 4137 3315 4206 incedit,
3338 4141 3555 4209 quanto
3586 4139 3785 4209 potius
3805 4154 3931 4195 eum

2281 4227 2383 4299 qui
2410 4230 2545 4283 ante
2573 4228 2773 4294 Deum,
2794 4226 2895 4300 qui
2928 4230 3018 4283 est
3050 4230 3324 4294 aeternus,
3347 4226 3645 4295 terribilis,
3670 4231 3728 4283 et
3753 4226 3929 4284 excel-

2281 4333 2405 4387 sus,
2427 4316 2757 4384 accesserit,
2772 4333 2907 4371 cum
2930 4316 3087 4371 omni
3112 4332 3323 4389 pavore
3345 4332 3411 4372 ac
3432 4320 3682 4372 tremore
3702 4334 3820 4373 non
3844 4334 3929 4373 so-

2276 4406 2401 4462 lum
2422 4410 2576 4462 stare
2596 4406 2887 4472 convenit,
2901 4406 3004 4462 sed
3026 4410 3083 4462 et
3104 4405 3272 4479 quasi
3295 4422 3528 4462 servum
3550 4407 3925 4481 semetipsum

2274 4495 2335 4552 in
2359 4500 2674 4569 conspectu
2697 4496 2828 4567 ejus
2848 4494 3154 4551 humiliter
3178 4498 3547 4567 praesentare,
3563 4509 3620 4552 et
3638 4494 3780 4568 quia
3800 4513 3925 4569 quo-

2275 4586 2550 4642 rumdam
2575 4584 2633 4640 in
2659 4584 2965 4659 Evangelio
2992 4585 3373 4657 reproborum
3414 4582 3583 4658 ligari
3627 4588 3924 4656 manus,et

502 4671 767 4759 tempore
795 4685 913 4725 uno
936 4668 1155 4759 habere
1182 4668 1681 4759 uxores,neciipsa
1702 4669 1863 4742 origo
1886 4670 2158 4728 humanae
2192 4695 2241 4759 Β
2273 4675 2451 4748 pedes
2511 4673 2931 4747 praecipiuntur
2962 4673 3177 4747 (Matth.
3220 4673 3378 4746 xxu),
3413 4674 3553 4746 quid
3613 4674 3775 4731 aliud
3834 4672 3921 4730 isti

503 4757 858 4815 conditionis
881 4756 1157 4825 admittit,
1182 4773 1288 4813 nec
1308 4757 1399 4812 lex
1417 4757 1879 4814 Christianorum
1902 4759 2023 4816 ulla
2042 4778 2165 4833 per-
2193 4756 2227 4759 —
2274 4768 2458 4837 agunt
2474 4763 2575 4836 qui
2592 4780 2805 4819 manus
2820 4780 2961 4819 suas
2977 4780 3173 4819 coram
3195 4762 3440 4819 Domino
3458 4761 3665 4836 ligant,
3683 4764 3796 4822 nisi
3815 4762 3919 4820 Deo

501 4848 702 4905 mittit.
726 4848 872 4904 Nam
896 4846 1072 4913 Deus,
1094 4846 1194 4918 qui
1226 4846 1363 4901 fecit
1390 4846 1712 4915 hominem,
1738 4848 1811 4903 ab
1843 4847 2013 4906 initio
2045 4868 2167 4907 ma-

503 4938 735 4994 sculum
758 4954 945 4993 unum
980 4936 1116 4991 fecit
1144 4940 1200 4991 et
1230 4952 1411 4991 unam
1444 4935 1724 4990 feminam
1754 4940 1983 4993 tantum
2004 4938 2158 5008 (Gen.

499 5027 674 5095 ι),ουί
707 5026 898 5099 potuit
928 5025 1133 5097 utique
1164 5025 1213 5080 si
1242 5023 1603 5102 velletduas
1643 5043 1849 5083 uxores
1881 5028 2157 5097 tribuere,

499 5115 601 5172 sed
634 5116 854 5185 noluit;
890 5114 1176 5187 scriptum
1209 5113 1428 5187 quippe
1458 5118 1547 5170 est
1572 5131 1584 5169 :
1608 5117 1834 5189 Propter
1864 5117 1962 5173 hoc
1985 5119 2154 5173 relin-

495 5214 621 5279 quet
651 5206 808 5263 homo
835 5214 1047 5279 patrem
1076 5212 1129 5260 et
1154 5212 1404 5269 matrem,
1435 5212 1487 5260 et
1514 5204 1809 5263 odhwrebit
1846 5209 2013 5263 uxori
2039 5223 2160 5266 suae

496 5294 650 5367 (Gen.
677 5295 759 5367 ιι),
785 5312 903 5351 non
936 5292 1097 5359 dixit,
1123 5293 1431 5364 uxoribus;
1465 5299 1521 5351 et
1553 5294 1766 5352 iterum
1801 5313 1814 5352 :
1846 5297 2023 5354 Erunt
2050 5298 2155 5354 duo

493 5385 555 5440 in
584 5400 753 5440 carne
792 5400 908 5439 una
940 5382 1139 5455 (ibid.),
1164 5383 1467 5442 masculus
1505 5385 1729 5443 scilicet
1758 5390 1815 5442 et
1847 5386 2065 5442 femina
2091 5386 2153 5443 in

492 5490 668 5530 carne
689 5490 830 5539 una,
848 5478 906 5529 et
928 5488 1043 5529 non
1066 5477 1186 5530 tres
1209 5479 1311 5530 aut
1331 5474 1550 5548 plures.
1574 5476 1778 5549 Itaque
1797 5475 1955 5548 apud
1978 5492 2153 5548 quem

492 5577 609 5619 uno
630 5564 893 5634 tempgre
909 5562 1037 5618 duas
1057 5580 1267 5622 uxores
1287 5564 1684 5633 inveniuntur,
1709 5564 1947 5619 interim
1968 5566 2154 5639 priorI

488 5654 719 5709 retenta
748 5651 1130 5726 posteriorem
1174 5659 1420 5731 cogatur
1460 5655 1773 5717 amittere;
1805 5652 2049 5730 insuper
2094 5660 2153 5714 et

486 5740 893 5822 penitentiam
917 5761 1095 5825 quam
1125 5743 1239 5806 loci
1268 5745 1539 5806 sacerdos
1568 5744 1899 5822 praviderit
1919 5747 2151 5824 [praee-

2275 4853 2711 4927 quodammodo
2733 4852 2955 4923 dicunt,
2975 4851 3240 4919 Domine,
3256 4869 3328 4908 ne
3345 4869 3558 4909 manus
3578 4870 3738 4910 meas
3761 4851 3917 4928 ligari

2273 4942 2670 5017 praecipias,ut
2691 4943 2894 4999 mittar
2916 4942 2976 4997 in
2999 4943 3272 4999 tenebras
3294 4941 3633 4999 exteriores:
3650 4944 3914 5017 quoniam

2262 5033 2391 5103 jam
2423 5049 2527 5105 ego
2560 5050 2659 5089 eas
2691 5030 2886 5106 ligavi,
2909 5036 2965 5088 et
2990 5048 3119 5087 ecce
3142 5031 3215 5087 ad
3237 5030 3468 5106 ﬂagella
3497 5038 3737 5105 paratus
3758 5029 3914 5090 sum?

2269 5121 2413 5178 Hinc
2447 5122 2621 5179 etiam
2664 5127 2869 5195 pectus
2910 5122 3274 5195 percutimus
3306 5123 3608 5195 signantes
3636 5122 3909 5185 videlicet,

2271 5211 2425 5285 quod
2451 5212 2721 5284 nequiter
2751 5212 3000 5285 egimus,
3025 5209 3334 5283 displicere
3367 5212 3558 5278 nobis,
3582 5229 3647 5269 ac
3669 5211 3798 5269 ideo
3818 5227 3906 5291 an:

2263 5305 2501 5375 tequam
2534 5301 2688 5357 Deus
2720 5301 2907 5370 feriat,
2934 5301 2990 5356 id
3032 5317 3141 5357 nos
3174 5300 3233 5356 in
3267 5301 3433 5357 nobis
3467 5301 3611 5374 ipsis
3642 5302 3829 5363 ferire.
3859 5303 3905 5354 et

2262 5396 2579 5465 antequam
2609 5390 2753 5447 ultio
2794 5394 3052 5447 extrema
3096 5391 3711 5462 veniat,commissum
3736 5388 3899 5465 poenio

2261 5481 2447 5537 tentia
2477 5481 2657 5553 digna
2688 5480 2917 5553 punire.

2333 5570 2445 5625 LV.
2478 5570 2611 5625 Jam
2642 5587 2777 5627 vero
2819 5570 2976 5643 quod
3021 5570 3303 5639 asseritis,
3328 5570 3559 5628 Graecos
3586 5570 3689 5628 ves
3719 5567 3895 5646 prohi-

2258 5659 2395 5717 bere
2415 5658 2890 5717 communionem
2922 5660 3222 5735 suscipere
3250 5662 3377 5719 sine
3408 5660 3894 5736 cingulis,quibus

2259 5765 2436 5810 sacras
2460 5748 2773 5827 Scriptura
2794 5749 3149 5811 testimoniis
3171 5751 3281 5811 hoc
3300 5750 3648 5828 prohiberej
3657 5764 3759 5811 ure
3777 5762 3890 5829 pro-
