  <div class='ocr_page' id='page_1' title='image "/cluster/home/n/w/nwhite01/storage/ocr_20150623/119/umn.319510024774125/536.png"; bbox 0 0 4098 6462; ppageno 0'>
   <div class='ocr_carea' id='block_1_1' title="bbox 167 369 333 437">
    <p class='ocr_par' dir='ltr' id='par_1_1' title="bbox 167 369 333 437">
     <span class='ocr_line' id='line_1_1' title="bbox 167 369 333 437; baseline 0.024 -4"><span class='ocrx_word' id='word_1_1' title='bbox 167 369 333 437; x_wconf 64' lang='grc' dir='ltr'><strong>ιοοι</strong></span> 
     </span>
    </p>
   </div>
   <div class='ocr_carea' id='block_1_2' title="bbox 1382 366 2363 441">
    <p class='ocr_par' dir='ltr' id='par_1_2' title="bbox 1382 366 2363 441">
     <span class='ocr_line' id='line_1_2' title="bbox 1382 366 2363 441; baseline 0 -11"><span class='ocrx_word' id='word_1_2' title='bbox 1382 367 1794 441; x_wconf 65' lang='lat' dir='ltr'>EPISTOLJD</span> <span class='ocrx_word' id='word_1_3' title='bbox 1830 366 1933 433; x_wconf 70' lang='lat' dir='ltr'>ET</span> <span class='ocrx_word' id='word_1_4' title='bbox 1972 366 2363 441; x_wconf 68' lang='lat' dir='ltr'>WA.</span> 
     </span>
    </p>
   </div>
   <div class='ocr_carea' id='block_1_3' title="bbox 3421 374 3587 443">
    <p class='ocr_par' dir='ltr' id='par_1_3' title="bbox 3421 374 3587 443">
     <span class='ocr_line' id='line_1_3' title="bbox 3421 374 3587 443; baseline 0 0"><span class='ocrx_word' id='word_1_5' title='bbox 3421 374 3587 443; x_wconf 65' lang='grc'>1002</span> 
     </span>
    </p>
   </div>
   <div class='ocr_carea' id='block_1_4' title="bbox 166 503 3589 579">
    <p class='ocr_par' dir='ltr' id='par_1_4' title="bbox 166 503 3589 579">
     <span class='ocr_line' id='line_1_4' title="bbox 166 503 3589 579; baseline 0 -14"><span class='ocrx_word' id='word_1_6' title='bbox 166 506 415 575; x_wconf 58' lang='lat' dir='ltr'>bentur,</span> <span class='ocrx_word' id='word_1_7' title='bbox 435 522 555 563; x_wconf 85' lang='lat' dir='ltr'>nos</span> <span class='ocrx_word' id='word_1_8' title='bbox 574 506 825 579; x_wconf 78' lang='lat' dir='ltr'>penitus.</span> <span class='ocrx_word' id='word_1_9' title='bbox 852 504 1215 579; x_wconf 81' lang='lat' dir='ltr'>ignoramus,</span> <span class='ocrx_word' id='word_1_10' title='bbox 1250 503 1366 560; x_wconf 87' lang='lat' dir='ltr'>nisi</span> <span class='ocrx_word' id='word_1_11' title='bbox 1398 504 1545 561; x_wconf 81' lang='lat' dir='ltr'>forte</span> <span class='ocrx_word' id='word_1_12' title='bbox 1575 504 1675 561; x_wconf 89' lang='lat' dir='ltr'>illo</span> <span class='ocrx_word' id='word_1_13' title='bbox 1696 520 1827 577; x_wconf 73' lang='lat' dir='ltr'>qua</span> <span class='ocrx_word' id='word_1_14' title='bbox 1843 508 1899 576; x_wconf 67' lang='grc' dir='ltr'><strong>Αι</strong></span> <span class='ocrx_word' id='word_1_15' title='bbox 1922 512 2023 577; x_wconf 81' lang='lat' dir='ltr'>pat</span> <span class='ocrx_word' id='word_1_16' title='bbox 2044 513 2400 577; x_wconf 47' lang='lat' dir='ltr'>caputxsuum</span> <span class='ocrx_word' id='word_1_17' title='bbox 2420 525 2440 567; x_wconf 86' lang='lat'>.-</span> <span class='ocrx_word' id='word_1_18' title='bbox 2462 521 2640 561; x_wconf 83' lang='lat' dir='ltr'>unum</span> <span class='ocrx_word' id='word_1_19' title='bbox 2667 512 2749 561; x_wconf 85' lang='lat' dir='ltr'>est</span> <span class='ocrx_word' id='word_1_20' title='bbox 2774 506 2923 561; x_wconf 83' lang='lat' dir='ltr'>enim</span> <span class='ocrx_word' id='word_1_21' title='bbox 2940 522 3006 562; x_wconf 85' lang='lat' dir='ltr'>ac</span> <span class='ocrx_word' id='word_1_22' title='bbox 3032 508 3083 562; x_wconf 86' lang='lat' dir='ltr'>si</span> <span class='ocrx_word' id='word_1_23' title='bbox 3109 506 3589 573; x_wconf 77' lang='lat' dir='ltr'>decalvetur,nam</span> 
     </span>
    </p>
   </div>
   <div class='ocr_carea' id='block_1_5' title="bbox 164 591 1824 667">
    <p class='ocr_par' dir='ltr' id='par_1_5' title="bbox 164 591 1824 667">
     <span class='ocr_line' id='line_1_5' title="bbox 164 591 1824 667; baseline 0 -19"><span class='ocrx_word' id='word_1_24' title='bbox 164 592 455 649; x_wconf 81' lang='lat' dir='ltr'>Dominus</span> <span class='ocrx_word' id='word_1_25' title='bbox 475 592 741 667; x_wconf 71' lang='lat' dir='ltr'>praecipit</span> <span class='ocrx_word' id='word_1_26' title='bbox 754 591 958 648; x_wconf 83' lang='lat' dir='ltr'>dicens</span> <span class='ocrx_word' id='word_1_27' title='bbox 978 608 992 647; x_wconf 89' lang='lat'><strong>:</strong></span> <span class='ocrx_word' id='word_1_28' title='bbox 1018 593 1143 648; x_wconf 82' lang='lat' dir='ltr'>Sint</span> <span class='ocrx_word' id='word_1_29' title='bbox 1157 593 1335 648; x_wconf 85' lang='lat' dir='ltr'>lumbi</span> <span class='ocrx_word' id='word_1_30' title='bbox 1352 594 1517 648; x_wconf 85' lang='lat' dir='ltr'>vestri</span> <span class='ocrx_word' id='word_1_31' title='bbox 1531 593 1824 664; x_wconf 60' lang='lat' dir='ltr'>praecincti</span> 
     </span>
    </p>
   </div>
   <div class='ocr_carea' id='block_1_6' title="bbox 163 680 1817 754">
    <p class='ocr_par' dir='ltr' id='par_1_6' title="bbox 163 680 1817 754">
     <span class='ocr_line' id='line_1_6' title="bbox 163 680 1817 754; baseline -0.001 -16"><span class='ocrx_word' id='word_1_32' title='bbox 163 683 320 753; x_wconf 85' lang='lat' dir='ltr'>(Luc.</span> <span class='ocrx_word' id='word_1_33' title='bbox 336 682 491 748; x_wconf 85' lang='lat' dir='ltr'>xxu).</span> <span class='ocrx_word' id='word_1_34' title='bbox 512 685 729 737; x_wconf 83' lang='lat' dir='ltr'>Verum</span> <span class='ocrx_word' id='word_1_35' title='bbox 752 680 865 736; x_wconf 85' lang='lat' dir='ltr'>hoc</span> <span class='ocrx_word' id='word_1_36' title='bbox 882 680 1070 737; x_wconf 84' lang='lat' dir='ltr'>sancti</span> <span class='ocrx_word' id='word_1_37' title='bbox 1094 680 1390 754; x_wconf 74' lang='lat' dir='ltr'>Evangelii</span> <span class='ocrx_word' id='word_1_38' title='bbox 1412 680 1817 737; x_wconf 88' lang='lat' dir='ltr'>testimonium</span> 
     </span>
    </p>
   </div>
   <div class='ocr_carea' id='block_1_7' title="bbox 163 769 1827 844">
    <p class='ocr_par' dir='ltr' id='par_1_7' title="bbox 163 769 1827 844">
     <span class='ocr_line' id='line_1_7' title="bbox 163 769 1827 844; baseline -0.001 -17"><span class='ocrx_word' id='word_1_39' title='bbox 163 789 285 829; x_wconf 90' lang='lat' dir='ltr'>non</span> <span class='ocrx_word' id='word_1_40' title='bbox 307 787 409 844; x_wconf 89' lang='lat' dir='ltr'>per</span> <span class='ocrx_word' id='word_1_41' title='bbox 427 770 703 836; x_wconf 81' lang='lat' dir='ltr'>litteram,</span> <span class='ocrx_word' id='word_1_42' title='bbox 727 770 828 826; x_wconf 89' lang='lat' dir='ltr'>sed</span> <span class='ocrx_word' id='word_1_43' title='bbox 862 787 963 843; x_wconf 91' lang='lat' dir='ltr'>per</span> <span class='ocrx_word' id='word_1_44' title='bbox 995 769 1268 842; x_wconf 82' lang='lat' dir='ltr'>spiritum</span> <span class='ocrx_word' id='word_1_45' title='bbox 1300 774 1529 843; x_wconf 84' lang='lat' dir='ltr'>oportet</span> <span class='ocrx_word' id='word_1_46' title='bbox 1560 769 1827 843; x_wconf 39' lang='lat' dir='ltr'>implerit</span> 
     </span>
    </p>
   </div>
   <div class='ocr_carea' id='block_1_8' title="bbox 161 857 1823 932">
    <p class='ocr_par' dir='ltr' id='par_1_8' title="bbox 161 857 1823 932">
     <span class='ocr_line' id='line_1_8' title="bbox 161 857 1823 932; baseline -0.002 -15"><span class='ocrx_word' id='word_1_47' title='bbox 161 862 314 917; x_wconf 88' lang='lat' dir='ltr'>Nam</span> <span class='ocrx_word' id='word_1_48' title='bbox 338 860 386 916; x_wconf 89' lang='lat' dir='ltr'>si</span> <span class='ocrx_word' id='word_1_49' title='bbox 411 861 483 916; x_wconf 92' lang='lat' dir='ltr'>ad</span> <span class='ocrx_word' id='word_1_50' title='bbox 505 858 615 916; x_wconf 90' lang='lat' dir='ltr'>hoc</span> <span class='ocrx_word' id='word_1_51' title='bbox 637 859 793 916; x_wconf 89' lang='lat' dir='ltr'>istud</span> <span class='ocrx_word' id='word_1_52' title='bbox 827 864 1180 932; x_wconf 64' lang='lat' dir='ltr'>praeceptum</span> <span class='ocrx_word' id='word_1_53' title='bbox 1207 862 1299 914; x_wconf 90' lang='lat' dir='ltr'>est</span> <span class='ocrx_word' id='word_1_54' title='bbox 1315 863 1383 913; x_wconf 90' lang='lat' dir='ltr'>ut</span> <span class='ocrx_word' id='word_1_55' title='bbox 1402 857 1593 914; x_wconf 88' lang='lat' dir='ltr'>taliter</span> <span class='ocrx_word' id='word_1_56' title='bbox 1622 874 1823 914; x_wconf 49' lang='lat' dir='ltr'>servas</span> 
     </span>
    </p>
   </div>
   <div class='ocr_carea' id='block_1_9' title="bbox 161 948 1818 1021">
    <p class='ocr_par' dir='ltr' id='par_1_9' title="bbox 161 948 1818 1021">
     <span class='ocr_line' id='line_1_9' title="bbox 161 948 1818 1021; baseline -0.001 -14"><span class='ocrx_word' id='word_1_57' title='bbox 161 954 458 1017; x_wconf 86' lang='lat' dir='ltr'>retur,cur</span> <span class='ocrx_word' id='word_1_58' title='bbox 473 966 589 1005; x_wconf 93' lang='lat' dir='ltr'>non</span> <span class='ocrx_word' id='word_1_59' title='bbox 605 950 757 1004; x_wconf 83' lang='lat' dir='ltr'>ﬁunt</span> <span class='ocrx_word' id='word_1_60' title='bbox 771 948 991 1020; x_wconf 86' lang='lat' dir='ltr'>pariter.</span> <span class='ocrx_word' id='word_1_61' title='bbox 1006 965 1131 1021; x_wconf 67' lang='lat' dir='ltr'>quae</span> <span class='ocrx_word' id='word_1_62' title='bbox 1146 951 1437 1019; x_wconf 81' lang='lat' dir='ltr'>sequuntu</span> <span class='ocrx_word' id='word_1_63' title='bbox 1446 948 1818 1016; x_wconf 64' lang='lat' dir='ltr'>r,utlucernat</span> 
     </span>
    </p>
   </div>
   <div class='ocr_carea' id='block_1_10' title="bbox 160 1036 1821 1111">
    <p class='ocr_par' dir='ltr' id='par_1_10' title="bbox 160 1036 1821 1111">
     <span class='ocr_line' id='line_1_10' title="bbox 160 1036 1821 1111; baseline -0.003 -13"><span class='ocrx_word' id='word_1_64' title='bbox 160 1039 415 1098; x_wconf 75' lang='lat' dir='ltr'>ardentes</span> <span class='ocrx_word' id='word_1_65' title='bbox 430 1039 458 1093; x_wconf 81' lang='lat'><strong><em>?</em></strong></span> <span class='ocrx_word' id='word_1_66' title='bbox 478 1039 667 1111; x_wconf 73' lang='lat' dir='ltr'>(Exod.</span> <span class='ocrx_word' id='word_1_67' title='bbox 688 1037 842 1108; x_wconf 79' lang='lat' dir='ltr'>xvm)</span> <span class='ocrx_word' id='word_1_68' title='bbox 864 1041 919 1092; x_wconf 91' lang='lat' dir='ltr'>et</span> <span class='ocrx_word' id='word_1_69' title='bbox 941 1037 1095 1093; x_wconf 87' lang='lat' dir='ltr'>sicut</span> <span class='ocrx_word' id='word_1_70' title='bbox 1125 1053 1343 1110; x_wconf 83' lang='lat' dir='ltr'>agnum</span> <span class='ocrx_word' id='word_1_71' title='bbox 1374 1036 1821 1093; x_wconf 83' lang='lat' dir='ltr'>comedentibus</span> 
     </span>
    </p>
   </div>
   <div class='ocr_carea' id='block_1_11' title="bbox 152 1124 1823 1201">
    <p class='ocr_par' dir='ltr' id='par_1_11' title="bbox 152 1124 1823 1201">
     <span class='ocr_line' id='line_1_11' title="bbox 152 1124 1823 1201; baseline -0.002 -15"><span class='ocrx_word' id='word_1_72' title='bbox 152 1130 422 1201; x_wconf 74' lang='lat' dir='ltr'>iubetur,</span> <span class='ocrx_word' id='word_1_73' title='bbox 458 1131 527 1184; x_wconf 89' lang='lat' dir='ltr'>ut</span> <span class='ocrx_word' id='word_1_74' title='bbox 562 1125 847 1183; x_wconf 85' lang='lat' dir='ltr'>baculum</span> <span class='ocrx_word' id='word_1_75' title='bbox 871 1126 931 1182; x_wconf 93' lang='lat' dir='ltr'>in</span> <span class='ocrx_word' id='word_1_76' title='bbox 963 1126 1241 1182; x_wconf 86' lang='lat' dir='ltr'>manibus</span> <span class='ocrx_word' id='word_1_77' title='bbox 1285 1126 1570 1182; x_wconf 85' lang='lat' dir='ltr'>teneant?</span> <span class='ocrx_word' id='word_1_78' title='bbox 1599 1124 1823 1182; x_wconf 79' lang='lat' dir='ltr'>habent</span> 
     </span>
    </p>
   </div>
   <div class='ocr_carea' id='block_1_12' title="bbox 160 1214 1823 1290">
    <p class='ocr_par' dir='ltr' id='par_1_12' title="bbox 160 1214 1823 1290">
     <span class='ocr_line' id='line_1_12' title="bbox 160 1214 1823 1290; baseline -0.003 -14"><span class='ocrx_word' id='word_1_79' title='bbox 160 1236 341 1276; x_wconf 87' lang='lat' dir='ltr'>suum</span> <span class='ocrx_word' id='word_1_80' title='bbox 390 1216 505 1274; x_wconf 87' lang='lat' dir='ltr'>ista</span> <span class='ocrx_word' id='word_1_81' title='bbox 551 1214 917 1290; x_wconf 81' lang='lat' dir='ltr'>mysterium,</span> <span class='ocrx_word' id='word_1_82' title='bbox 952 1220 1013 1271; x_wconf 89' lang='lat' dir='ltr'>et</span> <span class='ocrx_word' id='word_1_83' title='bbox 1052 1214 1521 1288; x_wconf 81' lang='lat' dir='ltr'>intelligentibus</span> <span class='ocrx_word' id='word_1_84' title='bbox 1549 1215 1630 1270; x_wconf 85' lang='lat' dir='ltr'>ita</span> <span class='ocrx_word' id='word_1_85' title='bbox 1658 1214 1823 1271; x_wconf 77' lang='lat' dir='ltr'>clara</span> 
     </span>
    </p>
   </div>
   <div class='ocr_carea' id='block_1_13' title="bbox 160 1304 1819 1379">
    <p class='ocr_par' dir='ltr' id='par_1_13' title="bbox 160 1304 1819 1379">
     <span class='ocr_line' id='line_1_13' title="bbox 160 1304 1819 1379; baseline -0.003 -14"><span class='ocrx_word' id='word_1_86' title='bbox 160 1312 325 1375; x_wconf 88' lang='lat' dir='ltr'>sunt,</span> <span class='ocrx_word' id='word_1_87' title='bbox 349 1310 414 1363; x_wconf 89' lang='lat' dir='ltr'>ut</span> <span class='ocrx_word' id='word_1_88' title='bbox 437 1323 506 1362; x_wconf 91' lang='lat' dir='ltr'>ea</span> <span class='ocrx_word' id='word_1_89' title='bbox 525 1305 745 1379; x_wconf 80' lang='lat' dir='ltr'>magis,</span> <span class='ocrx_word' id='word_1_90' title='bbox 768 1321 886 1379; x_wconf 87' lang='lat' dir='ltr'>qua</span> <span class='ocrx_word' id='word_1_91' title='bbox 913 1304 1111 1373; x_wconf 68' lang='lat' dir='ltr'>decet,</span> <span class='ocrx_word' id='word_1_92' title='bbox 1131 1304 1573 1377; x_wconf 77' lang='lat' dir='ltr'>signiﬁcatione</span> <span class='ocrx_word' id='word_1_93' title='bbox 1589 1319 1819 1360; x_wconf 87' lang='lat' dir='ltr'>serven-</span> 
     </span>
    </p>
   </div>
   <div class='ocr_carea' id='block_1_14' title="bbox 158 1391 1821 1465">
    <p class='ocr_par' dir='ltr' id='par_1_14' title="bbox 158 1391 1821 1465">
     <span class='ocr_line' id='line_1_14' title="bbox 158 1391 1821 1465; baseline -0.006 -11"><span class='ocrx_word' id='word_1_94' title='bbox 158 1402 281 1454; x_wconf 97' lang='lat' dir='ltr'>tur.</span> <span class='ocrx_word' id='word_1_95' title='bbox 306 1396 454 1451; x_wconf 87' lang='lat' dir='ltr'>Nam</span> <span class='ocrx_word' id='word_1_96' title='bbox 473 1394 539 1451; x_wconf 87' lang='lat' dir='ltr'>in</span> <span class='ocrx_word' id='word_1_97' title='bbox 556 1392 897 1451; x_wconf 85' lang='lat' dir='ltr'>lumborum</span> <span class='ocrx_word' id='word_1_98' title='bbox 929 1391 1335 1465; x_wconf 66' lang='lat' dir='ltr'>praecinctione</span> <span class='ocrx_word' id='word_1_99' title='bbox 1356 1391 1618 1459; x_wconf 71' lang='lat' dir='ltr'>castitas;</span> <span class='ocrx_word' id='word_1_100' title='bbox 1636 1392 1821 1448; x_wconf 61' lang='lat' dir='ltr'>iuba.</span> 
     </span>
    </p>
   </div>
   <div class='ocr_carea' id='block_1_15' title="bbox 159 1481 1817 1558">
    <p class='ocr_par' dir='ltr' id='par_1_15' title="bbox 159 1481 1817 1558">
     <span class='ocr_line' id='line_1_15' title="bbox 159 1481 1817 1558; baseline -0.004 -13"><span class='ocrx_word' id='word_1_101' title='bbox 159 1486 297 1545; x_wconf 91' lang='lat' dir='ltr'>culo</span> <span class='ocrx_word' id='word_1_102' title='bbox 317 1484 575 1558; x_wconf 89' lang='lat' dir='ltr'>regimen</span> <span class='ocrx_word' id='word_1_103' title='bbox 591 1481 900 1557; x_wconf 80' lang='lat' dir='ltr'>pastorale,</span> <span class='ocrx_word' id='word_1_104' title='bbox 920 1482 979 1538; x_wconf 92' lang='lat' dir='ltr'>in</span> <span class='ocrx_word' id='word_1_105' title='bbox 1001 1482 1257 1539; x_wconf 88' lang='lat' dir='ltr'>lucernis</span> <span class='ocrx_word' id='word_1_106' title='bbox 1278 1482 1817 1540; x_wconf 62' lang='lat' dir='ltr'>ardsntibusbonos-</span> 
     </span>
    </p>
   </div>
   <div class='ocr_carea' id='block_1_16' title="bbox 157 1571 1824 1649">
    <p class='ocr_par' dir='ltr' id='par_1_16' title="bbox 157 1571 1824 1649">
     <span class='ocr_line' id='line_1_16' title="bbox 157 1571 1824 1649; baseline -0.004 -15"><span class='ocrx_word' id='word_1_107' title='bbox 157 1594 296 1635; x_wconf 89' lang='lat' dir='ltr'>rum</span> <span class='ocrx_word' id='word_1_108' title='bbox 322 1574 596 1649; x_wconf 85' lang='lat' dir='ltr'>splendor</span> <span class='ocrx_word' id='word_1_109' title='bbox 617 1590 882 1646; x_wconf 89' lang='lat' dir='ltr'>operum,</span> <span class='ocrx_word' id='word_1_110' title='bbox 906 1573 977 1629; x_wconf 89' lang='lat' dir='ltr'>de</span> <span class='ocrx_word' id='word_1_111' title='bbox 1001 1572 1219 1644; x_wconf 88' lang='lat' dir='ltr'>quibus</span> <span class='ocrx_word' id='word_1_112' title='bbox 1249 1571 1498 1628; x_wconf 73' lang='lat' dir='ltr'>dicitnr&#39;:</span> <span class='ocrx_word' id='word_1_113' title='bbox 1531 1571 1623 1629; x_wconf 86' lang='lat' dir='ltr'>Sic</span> <span class='ocrx_word' id='word_1_114' title='bbox 1650 1585 1824 1644; x_wconf 66' lang='lat' dir='ltr'>operte</span> 
     </span>
    </p>
   </div>
   <div class='ocr_carea' id='block_1_17' title="bbox 154 1660 1815 1735">
    <p class='ocr_par' dir='ltr' id='par_1_17' title="bbox 154 1660 1815 1735">
     <span class='ocr_line' id='line_1_17' title="bbox 154 1660 1815 1735; baseline -0.005 -11"><span class='ocrx_word' id='word_1_115' title='bbox 154 1675 342 1723; x_wconf 82' lang='lat' dir='ltr'>vestra</span> <span class='ocrx_word' id='word_1_116' title='bbox 371 1665 588 1720; x_wconf 80' lang='lat' dir='ltr'>luceant</span> <span class='ocrx_word' id='word_1_117' title='bbox 611 1660 819 1735; x_wconf 86' lang='lat' dir='ltr'>(Matth.</span> <span class='ocrx_word' id='word_1_118' title='bbox 838 1664 915 1730; x_wconf 81' lang='lat' dir='ltr'>v),</span> <span class='ocrx_word' id='word_1_119' title='bbox 937 1661 1253 1717; x_wconf 79' lang='lat' dir='ltr'>indicatur.</span> <span class='ocrx_word' id='word_1_120' title='bbox 1287 1661 1487 1718; x_wconf 85' lang='lat' dir='ltr'>Rudes</span> <span class='ocrx_word' id='word_1_121' title='bbox 1507 1660 1815 1733; x_wconf 64' lang='lat' dir='ltr'>ergo.fide—-</span> 
     </span>
    </p>
   </div>
   <div class='ocr_carea' id='block_1_18' title="bbox 155 1750 1815 1823">
    <p class='ocr_par' dir='ltr' id='par_1_18' title="bbox 155 1750 1815 1823">
     <span class='ocr_line' id='line_1_18' title="bbox 155 1750 1815 1823; baseline -0.004 -11"><span class='ocrx_word' id='word_1_122' title='bbox 155 1757 306 1813; x_wconf 88' lang='lat' dir='ltr'>lium</span> <span class='ocrx_word' id='word_1_123' title='bbox 330 1756 577 1820; x_wconf 86' lang='lat' dir='ltr'>mentes,</span> <span class='ocrx_word' id='word_1_124' title='bbox 592 1755 657 1807; x_wconf 88' lang='lat' dir='ltr'>ut</span> <span class='ocrx_word' id='word_1_125' title='bbox 674 1755 915 1808; x_wconf 83' lang='lat' dir='ltr'>sanctus</span> <span class='ocrx_word' id='word_1_126' title='bbox 931 1753 989 1806; x_wconf 84' lang='lat' dir='ltr'>et</span> <span class='ocrx_word' id='word_1_127' title='bbox 1006 1750 1281 1823; x_wconf 82' lang='lat' dir='ltr'>egregius</span> <span class='ocrx_word' id='word_1_128' title='bbox 1297 1754 1698 1823; x_wconf 80' lang='lat' dir='ltr'>propugnator</span> <span class='ocrx_word' id='word_1_129' title='bbox 1712 1750 1815 1806; x_wconf 84' lang='lat' dir='ltr'>Ec-</span> 
     </span>
    </p>
   </div>
   <div class='ocr_carea' id='block_1_19' title="bbox 156 1837 1819 1916">
    <p class='ocr_par' dir='ltr' id='par_1_19' title="bbox 156 1837 1819 1916">
     <span class='ocr_line' id='line_1_19' title="bbox 156 1837 1819 1916; baseline -0.007 -13"><span class='ocrx_word' id='word_1_130' title='bbox 156 1845 352 1903; x_wconf 70' lang='lat' dir='ltr'>clesiae</span> <span class='ocrx_word' id='word_1_131' title='bbox 382 1859 534 1916; x_wconf 84' lang='lat' dir='ltr'>papa</span> <span class='ocrx_word' id='word_1_132' title='bbox 562 1839 913 1896; x_wconf 77' lang='lat' dir='ltr'>Gmlestinus</span> <span class='ocrx_word' id='word_1_133' title='bbox 949 1838 1169 1894; x_wconf 76' lang='lat' dir='ltr'>scribit</span> <span class='ocrx_word' id='word_1_134' title='bbox 1190 1840 1367 1911; x_wconf 84' lang='lat' dir='ltr'>(epist.</span> <span class='ocrx_word' id='word_1_135' title='bbox 1402 1841 1458 1908; x_wconf 78' lang='grc'>1)</span> <span class='ocrx_word' id='word_1_136' title='bbox 1489 1839 1659 1909; x_wconf 86' lang='lat' dir='ltr'>cujus</span> <span class='ocrx_word' id='word_1_137' title='bbox 1689 1837 1819 1899; x_wconf 67' lang='lat' dir='ltr'>haec</span> 
     </span>
    </p>
   </div>
   <div class='ocr_carea' id='block_1_20' title="bbox 156 1926 1816 1997">
    <p class='ocr_par' dir='ltr' id='par_1_20' title="bbox 156 1926 1816 1997">
     <span class='ocr_line' id='line_1_20' title="bbox 156 1926 1816 1997; baseline -0.006 -3"><span class='ocrx_word' id='word_1_138' title='bbox 156 1930 705 1994; x_wconf 85' lang='lat' dir='ltr'>summatimverba</span> <span class='ocrx_word' id='word_1_139' title='bbox 726 1930 980 1986; x_wconf 87' lang='lat' dir='ltr'>mutuati</span> <span class='ocrx_word' id='word_1_140' title='bbox 1003 1945 1232 1997; x_wconf 89' lang='lat' dir='ltr'>sumus,</span> <span class='ocrx_word' id='word_1_141' title='bbox 1255 1928 1328 1984; x_wconf 90' lang='lat' dir='ltr'>ad</span> <span class='ocrx_word' id='word_1_142' title='bbox 1349 1927 1627 1984; x_wconf 44' lang='lat' dir='ltr'>talia‘non</span> <span class='ocrx_word' id='word_1_143' title='bbox 1647 1926 1816 1984; x_wconf 61' lang='lat' dir='ltr'>debeo</span> 
     </span>
    </p>
   </div>
   <div class='ocr_carea' id='block_1_21' title="bbox 157 2015 1817 2089">
    <p class='ocr_par' dir='ltr' id='par_1_21' title="bbox 157 2015 1817 2089">
     <span class='ocr_line' id='line_1_21' title="bbox 157 2015 1817 2089; baseline -0.007 -7"><span class='ocrx_word' id='word_1_144' title='bbox 157 2040 307 2082; x_wconf 86' lang='lat' dir='ltr'>mus</span> <span class='ocrx_word' id='word_1_145' title='bbox 330 2022 624 2088; x_wconf 89' lang='lat' dir='ltr'>inducere,</span> <span class='ocrx_word' id='word_1_146' title='bbox 640 2018 886 2076; x_wconf 89' lang='lat' dir='ltr'>docendi</span> <span class='ocrx_word' id='word_1_147' title='bbox 907 2016 1065 2075; x_wconf 90' lang='lat' dir='ltr'>enim</span> <span class='ocrx_word' id='word_1_148' title='bbox 1097 2022 1237 2074; x_wconf 89' lang='lat' dir='ltr'>sunt</span> <span class='ocrx_word' id='word_1_149' title='bbox 1261 2017 1471 2089; x_wconf 76' lang='lat' dir='ltr'>potius</span> <span class='ocrx_word' id='word_1_150' title='bbox 1487 2015 1817 2089; x_wconf 61' lang='lat' dir='ltr'>quamillw</span> 
     </span>
    </p>
   </div>
   <div class='ocr_carea' id='block_1_22' title="bbox 158 2104 1823 2182">
    <p class='ocr_par' dir='ltr' id='par_1_22' title="bbox 158 2104 1823 2182">
     <span class='ocr_line' id='line_1_22' title="bbox 158 2104 1823 2182; baseline -0.006 -11"><span class='ocrx_word' id='word_1_151' title='bbox 158 2112 362 2180; x_wconf 85' lang='lat' dir='ltr'>dsndi,</span> <span class='ocrx_word' id='word_1_152' title='bbox 397 2127 503 2167; x_wconf 89' lang='lat' dir='ltr'>nec</span> <span class='ocrx_word' id='word_1_153' title='bbox 531 2107 889 2182; x_wconf 87' lang='lat' dir='ltr'>imponenda</span> <span class='ocrx_word' id='word_1_154' title='bbox 917 2123 1133 2163; x_wconf 87' lang='lat' dir='ltr'>eorum</span> <span class='ocrx_word' id='word_1_155' title='bbox 1154 2105 1356 2175; x_wconf 89' lang='lat' dir='ltr'>oculis,</span> <span class='ocrx_word' id='word_1_156' title='bbox 1377 2106 1480 2163; x_wconf 88' lang='lat' dir='ltr'>sed</span> <span class='ocrx_word' id='word_1_157' title='bbox 1512 2104 1823 2161; x_wconf 61' lang='lat' dir='ltr'>mentibus</span> 
     </span>
    </p>
   </div>
   <div class='ocr_carea' id='block_1_23' title="bbox 158 2200 1037 2272">
    <p class='ocr_par' dir='ltr' id='par_1_23' title="bbox 158 2200 1037 2272">
     <span class='ocr_line' id='line_1_23' title="bbox 158 2200 1037 2272; baseline -0.01 -11"><span class='ocrx_word' id='word_1_158' title='bbox 158 2200 531 2261; x_wconf 82' lang='lat' dir='ltr'>infundenda</span> <span class='ocrx_word' id='word_1_159' title='bbox 559 2201 861 2272; x_wconf 63' lang='lat' dir='ltr'>precepts.</span> <span class='ocrx_word' id='word_1_160' title='bbox 877 2200 1037 2253; x_wconf 84' lang='lat' dir='ltr'>sunt.</span> 
     </span>
    </p>
   </div>
   <div class='ocr_carea' id='block_1_24' title="bbox 238 2282 1827 2349">
    <p class='ocr_par' dir='ltr' id='par_1_24' title="bbox 238 2282 1827 2349">
     <span class='ocr_line' id='line_1_24' title="bbox 238 2282 1827 2349; baseline -0.007 0"><span class='ocrx_word' id='word_1_161' title='bbox 238 2291 378 2349; x_wconf 76' lang='lat' dir='ltr'><strong>LVI.</strong></span> <span class='ocrx_word' id='word_1_162' title='bbox 402 2290 586 2346; x_wconf 83' lang='lat' dir='ltr'>Nosse</span> <span class='ocrx_word' id='word_1_163' title='bbox 606 2304 708 2343; x_wconf 89' lang='lat' dir='ltr'>vos</span> <span class='ocrx_word' id='word_1_164' title='bbox 732 2285 876 2343; x_wconf 84' lang='lat' dir='ltr'>velle</span> <span class='ocrx_word' id='word_1_165' title='bbox 898 2285 1319 2349; x_wconf 74' lang='lat' dir='ltr'>asseveratis,si</span> <span class='ocrx_word' id='word_1_166' title='bbox 1342 2284 1516 2340; x_wconf 86' lang='lat' dir='ltr'>liccat</span> <span class='ocrx_word' id='word_1_167' title='bbox 1535 2282 1827 2339; x_wconf 69' lang='lat' dir='ltr'>omnibus:</span> 
     </span>
    </p>
   </div>
   <div class='ocr_carea' id='block_1_25' title="bbox 155 2372 1813 2451">
    <p class='ocr_par' dir='ltr' id='par_1_25' title="bbox 155 2372 1813 2451">
     <span class='ocr_line' id='line_1_25' title="bbox 155 2372 1813 2451; baseline -0.008 -10"><span class='ocrx_word' id='word_1_168' title='bbox 155 2380 373 2441; x_wconf 79' lang='lat' dir='ltr'>vestris</span> <span class='ocrx_word' id='word_1_169' title='bbox 396 2376 686 2451; x_wconf 63' lang='lat' dir='ltr'>praecipue</span> <span class='ocrx_word' id='word_1_170' title='bbox 718 2378 981 2447; x_wconf 84' lang='lat' dir='ltr'>tempore</span> <span class='ocrx_word' id='word_1_171' title='bbox 1007 2373 1308 2442; x_wconf 83' lang='lat' dir='ltr'>siccitatis,</span> <span class='ocrx_word' id='word_1_172' title='bbox 1327 2374 1400 2429; x_wconf 89' lang='lat' dir='ltr'>ad</span> <span class='ocrx_word' id='word_1_173' title='bbox 1431 2372 1813 2446; x_wconf 75' lang='lat' dir='ltr'>pluviam-po-</span> 
     </span>
    </p>
   </div>
   <div class='ocr_carea' id='block_1_26' title="bbox 158 2460 1814 2538">
    <p class='ocr_par' dir='ltr' id='par_1_26' title="bbox 158 2460 1814 2538">
     <span class='ocr_line' id='line_1_26' title="bbox 158 2460 1814 2538; baseline -0.008 -8"><span class='ocrx_word' id='word_1_174' title='bbox 158 2469 503 2533; x_wconf 83' lang='lat' dir='ltr'>stulandum</span> <span class='ocrx_word' id='word_1_175' title='bbox 519 2465 817 2538; x_wconf 84' lang='lat' dir='ltr'>jejunium</span> <span class='ocrx_word' id='word_1_176' title='bbox 849 2468 911 2521; x_wconf 87' lang='lat' dir='ltr'>et</span> <span class='ocrx_word' id='word_1_177' title='bbox 937 2463 1259 2520; x_wconf 88' lang='lat' dir='ltr'>orationem</span> <span class='ocrx_word' id='word_1_178' title='bbox 1280 2460 1668 2530; x_wconf 66' lang='lat' dir='ltr'>facem,,vobis</span> <span class='ocrx_word' id='word_1_179' title='bbox 1683 2460 1814 2533; x_wconf 87' lang='lat' dir='ltr'>qui-</span> 
     </span>
    </p>
   </div>
   <div class='ocr_carea' id='block_1_27' title="bbox 159 2550 1825 2629">
    <p class='ocr_par' dir='ltr' id='par_1_27' title="bbox 159 2550 1825 2629">
     <span class='ocr_line' id='line_1_27' title="bbox 159 2550 1825 2629; baseline -0.008 -10"><span class='ocrx_word' id='word_1_180' title='bbox 159 2563 301 2619; x_wconf 88' lang='lat' dir='ltr'>dem</span> <span class='ocrx_word' id='word_1_181' title='bbox 330 2559 441 2615; x_wconf 91' lang='lat' dir='ltr'>hoc</span> <span class='ocrx_word' id='word_1_182' title='bbox 472 2571 643 2629; x_wconf 88' lang='lat' dir='ltr'>agere</span> <span class='ocrx_word' id='word_1_183' title='bbox 671 2553 807 2610; x_wconf 89' lang='lat' dir='ltr'>licet</span> <span class='ocrx_word' id='word_1_184' title='bbox 840 2571 853 2608; x_wconf 91' lang='lat'>:</span> <span class='ocrx_word' id='word_1_185' title='bbox 889 2553 1168 2626; x_wconf 89' lang='lat' dir='ltr'>quoniam</span> <span class='ocrx_word' id='word_1_186' title='bbox 1206 2552 1503 2625; x_wconf 86' lang='lat' dir='ltr'>jejunium</span> <span class='ocrx_word' id='word_1_187' title='bbox 1544 2555 1603 2607; x_wconf 88' lang='lat' dir='ltr'>et</span> <span class='ocrx_word' id='word_1_188' title='bbox 1630 2550 1825 2607; x_wconf 81' lang='lat' dir='ltr'>oratio</span> 
     </span>
    </p>
   </div>
   <div class='ocr_carea' id='block_1_28' title="bbox 160 2634 1832 2723">
    <p class='ocr_par' dir='ltr' id='par_1_28' title="bbox 160 2634 1832 2723">
     <span class='ocr_line' id='line_1_28' title="bbox 160 2634 1832 2723; baseline -0.011 -16"><span class='ocrx_word' id='word_1_189' title='bbox 160 2666 392 2723; x_wconf 70' lang='lat' dir='ltr'>magna:</span> <span class='ocrx_word' id='word_1_190' title='bbox 416 2646 656 2701; x_wconf 89' lang='lat' dir='ltr'>virtutes</span> <span class='ocrx_word' id='word_1_191' title='bbox 680 2646 855 2715; x_wconf 76' lang='grc' dir='ltr'>[[ονιε,</span> <span class='ocrx_word' id='word_1_192' title='bbox 875 2643 1131 2711; x_wconf 88' lang='lat' dir='ltr'>virtutis,</span> <span class='ocrx_word' id='word_1_193' title='bbox 1148 2634 1832 2723; x_wconf 28' lang='lat' dir='ltr'>H&#39;Ann.]sunt,etad‘hasi</span> 
     </span>
    </p>
   </div>
   <div class='ocr_carea' id='block_1_29' title="bbox 152 2728 1817 2815">
    <p class='ocr_par' dir='ltr' id='par_1_29' title="bbox 152 2728 1817 2815">
     <span class='ocr_line' id='line_1_29' title="bbox 152 2728 1817 2815; baseline -0.007 -19"><span class='ocrx_word' id='word_1_194' title='bbox 152 2741 382 2815; x_wconf 83' lang='lat' dir='ltr'>jugiter</span> <span class='ocrx_word' id='word_1_195' title='bbox 413 2734 707 2793; x_wconf 86' lang='lat' dir='ltr'>faciendas</span> <span class='ocrx_word' id='word_1_196' title='bbox 737 2736 930 2788; x_wconf 87' lang='lat' dir='ltr'>vestra</span> <span class='ocrx_word' id='word_1_197' title='bbox 950 2731 1205 2787; x_wconf 90' lang='lat' dir='ltr'>multum</span> <span class='ocrx_word' id='word_1_198' title='bbox 1225 2730 1380 2787; x_wconf 86' lang='lat' dir='ltr'>valet</span> <span class='ocrx_word' id='word_1_199' title='bbox 1400 2729 1681 2798; x_wconf 81' lang='lat' dir='ltr'>hortatio;</span> <span class='ocrx_word' id='word_1_200' title='bbox 1715 2728 1817 2784; x_wconf 88' lang='lat' dir='ltr'>sed</span> 
     </span>
    </p>
   </div>
   <div class='ocr_carea' id='block_1_30' title="bbox 162 2816 1818 2903">
    <p class='ocr_par' dir='ltr' id='par_1_30' title="bbox 162 2816 1818 2903">
     <span class='ocr_line' id='line_1_30' title="bbox 162 2816 1818 2903; baseline -0.009 -16"><span class='ocrx_word' id='word_1_201' title='bbox 162 2824 588 2903; x_wconf 82' lang='lat' dir='ltr'>congruentius</span> <span class='ocrx_word' id='word_1_202' title='bbox 606 2828 695 2879; x_wconf 89' lang='lat' dir='ltr'>est</span> <span class='ocrx_word' id='word_1_203' title='bbox 715 2822 764 2878; x_wconf 90' lang='lat' dir='ltr'>si</span> <span class='ocrx_word' id='word_1_204' title='bbox 786 2821 921 2879; x_wconf 71' lang='lat' dir='ltr'>haec</span> <span class='ocrx_word' id='word_1_205' title='bbox 932 2837 1034 2894; x_wconf 89' lang='lat' dir='ltr'>per</span> <span class='ocrx_word' id='word_1_206' title='bbox 1053 2820 1460 2893; x_wconf 91' lang='lat' dir='ltr'>episcoporum</span> <span class='ocrx_word' id='word_1_207' title='bbox 1482 2816 1818 2890; x_wconf 88' lang='lat' dir='ltr'>dispositio-</span> 
     </span>
    </p>
   </div>
   <div class='ocr_carea' id='block_1_31' title="bbox 163 2906 1833 2986">
    <p class='ocr_par' dir='ltr' id='par_1_31' title="bbox 163 2906 1833 2986">
     <span class='ocr_line' id='line_1_31' title="bbox 163 2906 1833 2986; baseline -0.01 -9"><span class='ocrx_word' id='word_1_208' title='bbox 163 2934 304 2977; x_wconf 89' lang='lat' dir='ltr'>nem</span> <span class='ocrx_word' id='word_1_209' title='bbox 326 2917 496 2972; x_wconf 82' lang='lat' dir='ltr'>ﬁant:</span> <span class='ocrx_word' id='word_1_210' title='bbox 521 2913 632 2986; x_wconf 89' lang='lat' dir='ltr'>ipsi</span> <span class='ocrx_word' id='word_1_211' title='bbox 655 2906 1833 2984; x_wconf 55' lang='lat' dir='ltr'>namquesuntquiligandi,solvendiqne&#39;</span> 
     </span>
    </p>
   </div>
   <div class='ocr_carea' id='block_1_32' title="bbox 166 2995 1833 3083">
    <p class='ocr_par' dir='ltr' id='par_1_32' title="bbox 166 2995 1833 3083">
     <span class='ocr_line' id='line_1_32' title="bbox 166 2995 1833 3083; baseline -0.009 -18"><span class='ocrx_word' id='word_1_212' title='bbox 166 3008 523 3083; x_wconf 82' lang='lat' dir='ltr'>potestatem</span> <span class='ocrx_word' id='word_1_213' title='bbox 555 3000 869 3075; x_wconf 88' lang='lat' dir='ltr'>accipiunt,</span> <span class='ocrx_word' id='word_1_214' title='bbox 904 2999 991 3055; x_wconf 42' lang='lat' dir='ltr'>ad‘</span> <span class='ocrx_word' id='word_1_215' title='bbox 1011 2998 1222 3054; x_wconf 90' lang='lat' dir='ltr'>horum</span> <span class='ocrx_word' id='word_1_216' title='bbox 1254 3013 1452 3052; x_wconf 87' lang='lat' dir='ltr'>vocem</span> <span class='ocrx_word' id='word_1_217' title='bbox 1484 2995 1682 3068; x_wconf 89' lang='lat' dir='ltr'>populi</span> <span class='ocrx_word' id='word_1_218' title='bbox 1719 2995 1833 3051; x_wconf 66' lang='lat' dir='ltr'>Deiv</span> 
     </span>
    </p>
   </div>
   <div class='ocr_carea' id='block_1_33' title="bbox 166 3084 1833 3161">
    <p class='ocr_par' dir='ltr' id='par_1_33' title="bbox 166 3084 1833 3161">
     <span class='ocr_line' id='line_1_33' title="bbox 166 3084 1833 3161; baseline -0.008 -8"><span class='ocrx_word' id='word_1_219' title='bbox 166 3101 364 3155; x_wconf 88' lang='lat' dir='ltr'>castra</span> <span class='ocrx_word' id='word_1_220' title='bbox 385 3095 713 3159; x_wconf 81' lang='lat' dir='ltr'>moventur,</span> <span class='ocrx_word' id='word_1_221' title='bbox 738 3092 799 3145; x_wconf 90' lang='lat' dir='ltr'>et</span> <span class='ocrx_word' id='word_1_222' title='bbox 820 3088 1232 3161; x_wconf 87' lang='lat' dir='ltr'>requiescunt:</span> <span class='ocrx_word' id='word_1_223' title='bbox 1259 3086 1385 3143; x_wconf 88' lang='lat' dir='ltr'>sine</span> <span class='ocrx_word' id='word_1_224' title='bbox 1408 3084 1500 3142; x_wconf 88' lang='lat' dir='ltr'>his</span> <span class='ocrx_word' id='word_1_225' title='bbox 1532 3089 1833 3156; x_wconf 65' lang='lat' dir='ltr'>tanquam.</span> 
     </span>
    </p>
   </div>
   <div class='ocr_carea' id='block_1_34' title="bbox 1812 1884 1891 1951">
    <p class='ocr_par' dir='ltr' id='par_1_34' title="bbox 1812 1884 1891 1951">
     <span class='ocr_line' id='line_1_34' title="bbox 1812 1884 1891 1951; baseline 0 0"><span class='ocrx_word' id='word_1_226' title='bbox 1812 1894 1813 1899; x_wconf 65' lang='grc'><em>“</em></span> <span class='ocrx_word' id='word_1_227' title='bbox 1840 1884 1891 1951; x_wconf 88' lang='grc' dir='ltr'><strong>Β</strong></span> 
     </span>
    </p>
   </div>
   <div class='ocr_carea' id='block_1_35' title="bbox 1924 594 3589 669">
    <p class='ocr_par' dir='ltr' id='par_1_35' title="bbox 1924 594 3589 669">
     <span class='ocr_line' id='line_1_35' title="bbox 1924 594 3589 669; baseline 0.004 -21"><span class='ocrx_word' id='word_1_228' title='bbox 1924 595 1974 648; x_wconf 80' lang='lat' dir='ltr'>si</span> <span class='ocrx_word' id='word_1_229' title='bbox 2018 611 2130 649; x_wconf 85' lang='lat' dir='ltr'>non</span> <span class='ocrx_word' id='word_1_230' title='bbox 2182 594 2393 649; x_wconf 81' lang='lat' dir='ltr'>velatur</span> <span class='ocrx_word' id='word_1_231' title='bbox 2435 595 2660 660; x_wconf 82' lang='lat' dir='ltr'>mulier,</span> <span class='ocrx_word' id='word_1_232' title='bbox 2692 595 3018 663; x_wconf 75' lang='lat' dir='ltr'>tondeatur;</span> <span class='ocrx_word' id='word_1_233' title='bbox 3047 597 3098 651; x_wconf 87' lang='lat' dir='ltr'>si</span> <span class='ocrx_word' id='word_1_234' title='bbox 3133 613 3256 653; x_wconf 88' lang='lat' dir='ltr'>vero</span> <span class='ocrx_word' id='word_1_235' title='bbox 3304 605 3460 669; x_wconf 84' lang='lat' dir='ltr'>turpe</span> <span class='ocrx_word' id='word_1_236' title='bbox 3497 606 3589 654; x_wconf 74' lang='lat' dir='ltr'>est&#39;</span> 
     </span>
    </p>
   </div>
   <div class='ocr_carea' id='block_1_36' title="bbox 1923 683 3585 757">
    <p class='ocr_par' dir='ltr' id='par_1_36' title="bbox 1923 683 3585 757">
     <span class='ocr_line' id='line_1_36' title="bbox 1923 683 3585 757; baseline 0.004 -19"><span class='ocrx_word' id='word_1_237' title='bbox 1923 684 2152 739; x_wconf 86' lang='lat' dir='ltr'>mulieri</span> <span class='ocrx_word' id='word_1_238' title='bbox 2178 683 2390 739; x_wconf 77' lang='lat' dir='ltr'>tonderi</span> <span class='ocrx_word' id='word_1_239' title='bbox 2431 691 2531 740; x_wconf 87' lang='lat' dir='ltr'>aut</span> <span class='ocrx_word' id='word_1_240' title='bbox 2568 684 2863 753; x_wconf 83' lang='lat' dir='ltr'>decalvari,</span> <span class='ocrx_word' id='word_1_241' title='bbox 2897 685 3034 740; x_wconf 84' lang='lat' dir='ltr'>velet</span> <span class='ocrx_word' id='word_1_242' title='bbox 3078 693 3242 757; x_wconf 85' lang='lat' dir='ltr'>caput</span> <span class='ocrx_word' id='word_1_243' title='bbox 3286 703 3488 755; x_wconf 85' lang='lat' dir='ltr'>suum;</span> <span class='ocrx_word' id='word_1_244' title='bbox 3519 691 3585 743; x_wconf 49' lang='lat' dir='ltr'>et1</span> 
     </span>
    </p>
   </div>
   <div class='ocr_carea' id='block_1_37' title="bbox 1924 771 3585 844">
    <p class='ocr_par' dir='ltr' id='par_1_37' title="bbox 1924 771 3585 844">
     <span class='ocr_line' id='line_1_37' title="bbox 1924 771 3585 844; baseline 0.004 -18"><span class='ocrx_word' id='word_1_245' title='bbox 1924 771 2137 827; x_wconf 83' lang='lat' dir='ltr'>iterum</span> <span class='ocrx_word' id='word_1_246' title='bbox 2171 789 2184 826; x_wconf 91' lang='lat'>:</span> <span class='ocrx_word' id='word_1_247' title='bbox 2217 774 2359 840; x_wconf 79' lang='lat' dir='ltr'>Ideo,</span> <span class='ocrx_word' id='word_1_248' title='bbox 2396 772 2608 844; x_wconf 86' lang='lat' dir='ltr'>inquit,</span> <span class='ocrx_word' id='word_1_249' title='bbox 2638 772 2791 829; x_wconf 82' lang='lat' dir='ltr'>debet</span> <span class='ocrx_word' id='word_1_250' title='bbox 2836 774 3043 829; x_wconf 83' lang='lat' dir='ltr'>mulier</span> <span class='ocrx_word' id='word_1_251' title='bbox 3082 773 3331 831; x_wconf 76' lang='lat' dir='ltr'>velamen</span> <span class='ocrx_word' id='word_1_252' title='bbox 3379 776 3585 833; x_wconf 82' lang='lat' dir='ltr'>habere-</span> 
     </span>
    </p>
   </div>
   <div class='ocr_carea' id='block_1_38' title="bbox 1923 861 3575 934">
    <p class='ocr_par' dir='ltr' id='par_1_38' title="bbox 1923 861 3575 934">
     <span class='ocr_line' id='line_1_38' title="bbox 1923 861 3575 934; baseline 0.003 -19"><span class='ocrx_word' id='word_1_253' title='bbox 1923 876 2089 933; x_wconf 67' lang='grc' dir='ltr'><strong><em>δίψαν</em></strong></span> <span class='ocrx_word' id='word_1_254' title='bbox 2132 869 2296 933; x_wconf 86' lang='lat' dir='ltr'>caput</span> <span class='ocrx_word' id='word_1_255' title='bbox 2336 870 2555 934; x_wconf 83' lang='lat' dir='ltr'>propter</span> <span class='ocrx_word' id='word_1_256' title='bbox 2603 862 2845 931; x_wconf 76' lang='lat' dir='ltr'>angelos,</span> <span class='ocrx_word' id='word_1_257' title='bbox 2878 861 2937 917; x_wconf 91' lang='lat' dir='ltr'>id</span> <span class='ocrx_word' id='word_1_258' title='bbox 2972 866 3080 930; x_wconf 88' lang='lat' dir='ltr'>est,</span> <span class='ocrx_word' id='word_1_259' title='bbox 3116 864 3481 932; x_wconf 87' lang='lat' dir='ltr'>sacerdotes;</span> <span class='ocrx_word' id='word_1_260' title='bbox 3517 868 3575 920; x_wconf 88' lang='lat' dir='ltr'>et</span> 
     </span>
    </p>
   </div>
   <div class='ocr_carea' id='block_1_39' title="bbox 1925 949 3572 1023">
    <p class='ocr_par' dir='ltr' id='par_1_39' title="bbox 1925 949 3572 1023">
     <span class='ocr_line' id='line_1_39' title="bbox 1925 949 3572 1023; baseline 0.003 -19"><span class='ocrx_word' id='word_1_261' title='bbox 1925 964 2133 1005; x_wconf 87' lang='lat' dir='ltr'>rursus</span> <span class='ocrx_word' id='word_1_262' title='bbox 2163 949 2244 1006; x_wconf 88' lang='lat' dir='ltr'>ait</span> <span class='ocrx_word' id='word_1_263' title='bbox 2274 966 2288 1005; x_wconf 89' lang='lat'><strong>:</strong></span> <span class='ocrx_word' id='word_1_264' title='bbox 2326 951 2420 1007; x_wconf 84' lang='lat' dir='ltr'>Vos</span> <span class='ocrx_word' id='word_1_265' title='bbox 2446 952 2555 1022; x_wconf 85' lang='lat' dir='ltr'>ipsi</span> <span class='ocrx_word' id='word_1_266' title='bbox 2571 951 2837 1023; x_wconf 85' lang='lat' dir='ltr'>judicate,</span> <span class='ocrx_word' id='word_1_267' title='bbox 2859 951 3005 1007; x_wconf 85' lang='lat' dir='ltr'>decet</span> <span class='ocrx_word' id='word_1_268' title='bbox 3032 952 3323 1008; x_wconf 83' lang='lat' dir='ltr'>mulierem</span> <span class='ocrx_word' id='word_1_269' title='bbox 3344 969 3454 1009; x_wconf 87' lang='lat' dir='ltr'>non</span> <span class='ocrx_word' id='word_1_270' title='bbox 3484 970 3572 1009; x_wconf 87' lang='lat' dir='ltr'>ve-</span> 
     </span>
    </p>
   </div>
   <div class='ocr_carea' id='block_1_40' title="bbox 1926 1038 3570 1112">
    <p class='ocr_par' dir='ltr' id='par_1_40' title="bbox 1926 1038 3570 1112">
     <span class='ocr_line' id='line_1_40' title="bbox 1926 1038 3570 1112; baseline 0.003 -18"><span class='ocrx_word' id='word_1_271' title='bbox 1926 1038 2094 1095; x_wconf 81' lang='lat' dir='ltr'>latam</span> <span class='ocrx_word' id='word_1_272' title='bbox 2148 1054 2307 1095; x_wconf 87' lang='lat' dir='ltr'>orare</span> <span class='ocrx_word' id='word_1_273' title='bbox 2353 1039 2823 1096; x_wconf 55' lang='lat' dir='ltr'>Dominum-lucc</span> <span class='ocrx_word' id='word_1_274' title='bbox 2878 1042 3000 1112; x_wconf 87' lang='lat' dir='ltr'>ipsa</span> <span class='ocrx_word' id='word_1_275' title='bbox 3052 1049 3256 1097; x_wconf 84' lang='lat' dir='ltr'>natura</span> <span class='ocrx_word' id='word_1_276' title='bbox 3284 1041 3435 1099; x_wconf 84' lang='lat' dir='ltr'>docet</span> <span class='ocrx_word' id='word_1_277' title='bbox 3460 1059 3570 1112; x_wconf 89' lang='lat' dir='ltr'>vos,</span> 
     </span>
    </p>
   </div>
   <div class='ocr_carea' id='block_1_41' title="bbox 1924 1126 3574 1201">
    <p class='ocr_par' dir='ltr' id='par_1_41' title="bbox 1924 1126 3574 1201">
     <span class='ocr_line' id='line_1_41' title="bbox 1924 1126 3574 1201; baseline 0.003 -19"><span class='ocrx_word' id='word_1_278' title='bbox 1924 1126 2065 1198; x_wconf 83' lang='lat' dir='ltr'>quod</span> <span class='ocrx_word' id='word_1_279' title='bbox 2086 1129 2172 1182; x_wconf 85' lang='lat' dir='ltr'>vir</span> <span class='ocrx_word' id='word_1_280' title='bbox 2195 1127 2411 1200; x_wconf 78' lang='lat' dir='ltr'>quidem</span> <span class='ocrx_word' id='word_1_281' title='bbox 2437 1129 2491 1184; x_wconf 85' lang='lat' dir='ltr'>si</span> <span class='ocrx_word' id='word_1_282' title='bbox 2516 1144 2726 1184; x_wconf 67' lang='lat' dir='ltr'>contam</span> <span class='ocrx_word' id='word_1_283' title='bbox 2753 1130 2984 1195; x_wconf 83' lang='lat' dir='ltr'>nutriat,</span> <span class='ocrx_word' id='word_1_284' title='bbox 3017 1131 3325 1201; x_wconf 80' lang='lat' dir='ltr'>ignominia</span> <span class='ocrx_word' id='word_1_285' title='bbox 3352 1139 3429 1187; x_wconf 87' lang='lat' dir='ltr'>est</span> <span class='ocrx_word' id='word_1_286' title='bbox 3460 1132 3574 1188; x_wconf 86' lang='lat' dir='ltr'>illi:</span> 
     </span>
    </p>
   </div>
   <div class='ocr_carea' id='block_1_42' title="bbox 1920 1216 3579 1293">
    <p class='ocr_par' dir='ltr' id='par_1_42' title="bbox 1920 1216 3579 1293">
     <span class='ocr_line' id='line_1_42' title="bbox 1920 1216 3579 1293; baseline 0.004 -22"><span class='ocrx_word' id='word_1_287' title='bbox 1920 1216 2127 1272; x_wconf 82' lang='lat' dir='ltr'>mulier</span> <span class='ocrx_word' id='word_1_288' title='bbox 2146 1232 2268 1273; x_wconf 86' lang='lat' dir='ltr'>vero</span> <span class='ocrx_word' id='word_1_289' title='bbox 2278 1219 2568 1273; x_wconf 78' lang='lat' dir='ltr'>sicomam</span> <span class='ocrx_word' id='word_1_290' title='bbox 2589 1219 2821 1285; x_wconf 85' lang='lat' dir='ltr'>nutriat,</span> <span class='ocrx_word' id='word_1_291' title='bbox 2850 1218 3035 1287; x_wconf 85' lang='lat' dir='ltr'>gloria</span> <span class='ocrx_word' id='word_1_292' title='bbox 3059 1225 3149 1276; x_wconf 73' lang='grc' dir='ltr'>εει-</span> <span class='ocrx_word' id='word_1_293' title='bbox 3162 1218 3259 1276; x_wconf 75' lang='lat' dir='ltr'>illi</span> <span class='ocrx_word' id='word_1_294' title='bbox 3271 1224 3294 1276; x_wconf 74' lang='grc' dir='ltr'>Ρ</span> <span class='ocrx_word' id='word_1_295' title='bbox 3311 1222 3579 1293; x_wconf 80' lang='lat' dir='ltr'>quoniam;</span> 
     </span>
    </p>
   </div>
   <div class='ocr_carea' id='block_1_43' title="bbox 1921 1294 2940 1378">
    <p class='ocr_par' dir='ltr' id='par_1_43' title="bbox 1921 1294 2940 1378">
     <span class='ocr_line' id='line_1_43' title="bbox 1921 1294 2940 1378; baseline 0.003 -19"><span class='ocrx_word' id='word_1_296' title='bbox 1921 1306 2119 1377; x_wconf 83' lang='lat' dir='ltr'>capilli</span> <span class='ocrx_word' id='word_1_297' title='bbox 2142 1320 2243 1378; x_wconf 84' lang='lat' dir='ltr'>pro</span> <span class='ocrx_word' id='word_1_298' title='bbox 2270 1306 2544 1363; x_wconf 84' lang='lat' dir='ltr'>velamine</span> <span class='ocrx_word' id='word_1_299' title='bbox 2566 1309 2621 1363; x_wconf 89' lang='lat' dir='ltr'>ei</span> <span class='ocrx_word' id='word_1_300' title='bbox 2646 1306 2773 1363; x_wconf 69' lang='lat' dir='ltr'>dati&quot;</span> <span class='ocrx_word' id='word_1_301' title='bbox 2790 1294 2940 1363; x_wconf 85' lang='lat' dir='ltr'>sunt.</span> 
     </span>
    </p>
   </div>
   <div class='ocr_carea' id='block_1_44' title="bbox 1994 1394 3575 1470">
    <p class='ocr_par' dir='ltr' id='par_1_44' title="bbox 1994 1394 3575 1470">
     <span class='ocr_line' id='line_1_44' title="bbox 1994 1394 3575 1470; baseline 0.003 -20"><span class='ocrx_word' id='word_1_302' title='bbox 1994 1394 2132 1452; x_wconf 86' lang='lat' dir='ltr'>LIX.</span> <span class='ocrx_word' id='word_1_303' title='bbox 2165 1396 2326 1461; x_wconf 87' lang='lat' dir='ltr'>Quod</span> <span class='ocrx_word' id='word_1_304' title='bbox 2359 1395 2843 1452; x_wconf 76' lang='lat' dir='ltr'>defemoralibus</span> <span class='ocrx_word' id='word_1_305' title='bbox 2871 1396 3278 1465; x_wconf 87' lang='lat' dir='ltr'>sciscitamini,</span> <span class='ocrx_word' id='word_1_306' title='bbox 3302 1414 3575 1470; x_wconf 87' lang='lat' dir='ltr'>superva-</span> 
     </span>
    </p>
   </div>
   <div class='ocr_carea' id='block_1_45' title="bbox 1922 1484 3569 1556">
    <p class='ocr_par' dir='ltr' id='par_1_45' title="bbox 1922 1484 3569 1556">
     <span class='ocr_line' id='line_1_45' title="bbox 1922 1484 3569 1556; baseline 0.004 -19"><span class='ocrx_word' id='word_1_307' title='bbox 1922 1499 2097 1538; x_wconf 87' lang='lat' dir='ltr'>cuum</span> <span class='ocrx_word' id='word_1_308' title='bbox 2129 1499 2258 1540; x_wconf 88' lang='lat' dir='ltr'>esse</span> <span class='ocrx_word' id='word_1_309' title='bbox 2283 1488 2591 1556; x_wconf 88' lang='lat' dir='ltr'>putamus;</span> <span class='ocrx_word' id='word_1_310' title='bbox 2614 1500 2721 1539; x_wconf 90' lang='lat' dir='ltr'>nos</span> <span class='ocrx_word' id='word_1_311' title='bbox 2746 1484 2903 1541; x_wconf 90' lang='lat' dir='ltr'>enim</span> <span class='ocrx_word' id='word_1_312' title='bbox 2934 1499 3050 1542; x_wconf 86' lang='lat' dir='ltr'>non</span> <span class='ocrx_word' id='word_1_313' title='bbox 3079 1486 3421 1543; x_wconf 83' lang='lat' dir='ltr'>exteriorem</span> <span class='ocrx_word' id='word_1_314' title='bbox 3452 1486 3569 1543; x_wconf 82' lang='lat' dir='ltr'>cul-</span> 
     </span>
    </p>
   </div>
   <div class='ocr_carea' id='block_1_46' title="bbox 1920 1571 3568 1640">
    <p class='ocr_par' dir='ltr' id='par_1_46' title="bbox 1920 1571 3568 1640">
     <span class='ocr_line' id='line_1_46' title="bbox 1920 1571 3568 1640; baseline 0.003 -14"><span class='ocrx_word' id='word_1_315' title='bbox 1920 1575 2048 1627; x_wconf 87' lang='lat' dir='ltr'>tum</span> <span class='ocrx_word' id='word_1_316' title='bbox 2064 1571 2317 1630; x_wconf 85' lang='lat' dir='ltr'>vestium</span> <span class='ocrx_word' id='word_1_317' title='bbox 2338 1576 2686 1640; x_wconf 82' lang='lat' dir='ltr'>vestrarum,</span> <span class='ocrx_word' id='word_1_318' title='bbox 2708 1575 2819 1630; x_wconf 88' lang='lat' dir='ltr'>sed-</span> <span class='ocrx_word' id='word_1_319' title='bbox 2833 1573 3128 1631; x_wconf 88' lang='lat' dir='ltr'>interioris</span> <span class='ocrx_word' id='word_1_320' title='bbox 3148 1574 3406 1632; x_wconf 84' lang='lat' dir='ltr'>hominis</span> <span class='ocrx_word' id='word_1_321' title='bbox 3436 1592 3568 1631; x_wconf 85' lang='lat' dir='ltr'>mo-</span> 
     </span>
    </p>
   </div>
   <div class='ocr_carea' id='block_1_47' title="bbox 1920 1661 3573 1737">
    <p class='ocr_par' dir='ltr' id='par_1_47' title="bbox 1920 1661 3573 1737">
     <span class='ocr_line' id='line_1_47' title="bbox 1920 1661 3573 1737; baseline 0.002 -20"><span class='ocrx_word' id='word_1_322' title='bbox 1920 1677 2011 1717; x_wconf 80' lang='lat' dir='ltr'>nes</span> <span class='ocrx_word' id='word_1_323' title='bbox 2044 1661 2105 1717; x_wconf 92' lang='lat' dir='ltr'>in</span> <span class='ocrx_word' id='word_1_324' title='bbox 2135 1661 2301 1720; x_wconf 83' lang='lat' dir='ltr'>vobis</span> <span class='ocrx_word' id='word_1_325' title='bbox 2332 1663 2547 1719; x_wconf 89' lang='lat' dir='ltr'>mutari</span> <span class='ocrx_word' id='word_1_326' title='bbox 2579 1663 3006 1731; x_wconf 79' lang='lat' dir='ltr'>desideramus,</span> <span class='ocrx_word' id='word_1_327' title='bbox 3022 1679 3128 1720; x_wconf 88' lang='lat' dir='ltr'>nec</span> <span class='ocrx_word' id='word_1_328' title='bbox 3149 1663 3573 1737; x_wconf 72' lang='lat' dir='ltr'>quidinduatis</span> 
     </span>
    </p>
   </div>
   <div class='ocr_carea' id='block_1_48' title="bbox 1920 1749 3577 1825">
    <p class='ocr_par' dir='ltr' id='par_1_48' title="bbox 1920 1749 3577 1825">
     <span class='ocr_line' id='line_1_48' title="bbox 1920 1749 3577 1825; baseline 0.003 -20"><span class='ocrx_word' id='word_1_329' title='bbox 1920 1753 2131 1822; x_wconf 56' lang='lat' dir='ltr'>praeter</span> <span class='ocrx_word' id='word_1_330' title='bbox 2156 1749 2479 1818; x_wconf 83' lang='lat' dir='ltr'>Christum,</span> <span class='ocrx_word' id='word_1_331' title='bbox 2513 1758 2767 1824; x_wconf 83' lang='lat' dir='ltr'>quotquot</span> <span class='ocrx_word' id='word_1_332' title='bbox 2796 1754 3037 1808; x_wconf 75' lang='lat' dir='ltr'>enim‘in</span> <span class='ocrx_word' id='word_1_333' title='bbox 3068 1754 3278 1810; x_wconf 78' lang='lat' dir='ltr'>Christo</span> <span class='ocrx_word' id='word_1_334' title='bbox 3309 1755 3577 1825; x_wconf 61' lang='lat' dir='ltr'>baptizata:</span> 
     </span>
    </p>
   </div>
   <div class='ocr_carea' id='block_1_49' title="bbox 1918 1840 3574 1915">
    <p class='ocr_par' dir='ltr' id='par_1_49' title="bbox 1918 1840 3574 1915">
     <span class='ocr_line' id='line_1_49' title="bbox 1918 1840 3574 1915; baseline 0.003 -21"><span class='ocrx_word' id='word_1_335' title='bbox 1918 1841 2065 1907; x_wconf 88' lang='lat' dir='ltr'>estis,</span> <span class='ocrx_word' id='word_1_336' title='bbox 2098 1841 2375 1896; x_wconf 80' lang='lat' dir='ltr'>Christum</span> <span class='ocrx_word' id='word_1_337' title='bbox 2422 1840 2684 1898; x_wconf 82' lang='lat' dir='ltr'>induistis</span> <span class='ocrx_word' id='word_1_338' title='bbox 2717 1840 2862 1908; x_wconf 84' lang='lat' dir='ltr'>(Gal.</span> <span class='ocrx_word' id='word_1_339' title='bbox 2896 1850 2978 1912; x_wconf 86' lang='lat' dir='ltr'><strong>III)</strong></span> <span class='ocrx_word' id='word_1_340' title='bbox 3005 1868 3017 1909; x_wconf 86' lang='lat'><strong>;</strong></span> <span class='ocrx_word' id='word_1_341' title='bbox 3049 1841 3151 1899; x_wconf 89' lang='lat' dir='ltr'>sed</span> <span class='ocrx_word' id='word_1_342' title='bbox 3190 1843 3483 1915; x_wconf 85' lang='lat' dir='ltr'>quomodo</span> <span class='ocrx_word' id='word_1_343' title='bbox 3509 1842 3574 1899; x_wconf 92' lang='lat' dir='ltr'>in</span> 
     </span>
    </p>
   </div>
   <div class='ocr_carea' id='block_1_50' title="bbox 1921 1928 3574 2004">
    <p class='ocr_par' dir='ltr' id='par_1_50' title="bbox 1921 1928 3574 2004">
     <span class='ocr_line' id='line_1_50' title="bbox 1921 1928 3574 2004; baseline 0.004 -21"><span class='ocrx_word' id='word_1_344' title='bbox 1921 1928 2053 1996; x_wconf 67' lang='lat' dir='ltr'>ﬁde,</span> <span class='ocrx_word' id='word_1_345' title='bbox 2075 1945 2142 1984; x_wconf 91' lang='lat' dir='ltr'>ac</span> <span class='ocrx_word' id='word_1_346' title='bbox 2162 1928 2621 2002; x_wconf 88' lang='lat' dir='ltr'>bonisoperibus</span> <span class='ocrx_word' id='word_1_347' title='bbox 2640 1930 2958 2002; x_wconf 87' lang='lat' dir='ltr'>proﬁciatis</span> <span class='ocrx_word' id='word_1_348' title='bbox 2975 1930 3574 2004; x_wconf 85' lang='lat' dir='ltr'>inquirimus.Verum</span> 
     </span>
    </p>
   </div>
   <div class='ocr_carea' id='block_1_51' title="bbox 1920 2017 3576 2093">
    <p class='ocr_par' dir='ltr' id='par_1_51' title="bbox 1920 2017 3576 2093">
     <span class='ocr_line' id='line_1_51' title="bbox 1920 2017 3576 2093; baseline 0.004 -21"><span class='ocrx_word' id='word_1_349' title='bbox 1920 2017 2062 2089; x_wconf 84' lang='lat' dir='ltr'>quia</span> <span class='ocrx_word' id='word_1_350' title='bbox 2090 2018 2439 2091; x_wconf 82' lang='lat' dir='ltr'>simpliciter</span> <span class='ocrx_word' id='word_1_351' title='bbox 2472 2019 2555 2075; x_wconf 85' lang='lat' dir='ltr'>de</span> <span class='ocrx_word' id='word_1_352' title='bbox 2573 2019 2669 2075; x_wconf 87' lang='lat' dir='ltr'>his</span> <span class='ocrx_word' id='word_1_353' title='bbox 2694 2018 3087 2093; x_wconf 83' lang='lat' dir='ltr'>interrogatis,</span> <span class='ocrx_word' id='word_1_354' title='bbox 3120 2024 3384 2078; x_wconf 84' lang='lat' dir='ltr'>verentes</span> <span class='ocrx_word' id='word_1_355' title='bbox 3409 2022 3576 2079; x_wconf 90' lang='lat' dir='ltr'>vide-</span> 
     </span>
    </p>
   </div>
   <div class='ocr_carea' id='block_1_52' title="bbox 1919 2104 3576 2182">
    <p class='ocr_par' dir='ltr' id='par_1_52' title="bbox 1919 2104 3576 2182">
     <span class='ocr_line' id='line_1_52' title="bbox 1919 2104 3576 2182; baseline 0.002 -17"><span class='ocrx_word' id='word_1_356' title='bbox 1919 2104 2147 2165; x_wconf 82' lang='lat' dir='ltr'>licetne</span> <span class='ocrx_word' id='word_1_357' title='bbox 2165 2107 2329 2164; x_wconf 87' lang='lat' dir='ltr'>vobis</span> <span class='ocrx_word' id='word_1_358' title='bbox 2345 2107 2735 2180; x_wconf 87' lang='lat' dir='ltr'>in-peccatum</span> <span class='ocrx_word' id='word_1_359' title='bbox 2755 2108 3102 2181; x_wconf 84' lang='lat' dir='ltr'>imputetur,</span> <span class='ocrx_word' id='word_1_360' title='bbox 3125 2109 3187 2165; x_wconf 60' lang='lat' dir='ltr'>si»</span> <span class='ocrx_word' id='word_1_361' title='bbox 3202 2114 3413 2182; x_wconf 80' lang='lat' dir='ltr'>praeter</span> <span class='ocrx_word' id='word_1_362' title='bbox 3436 2109 3576 2168; x_wconf 89' lang='lat' dir='ltr'>alio-</span> 
     </span>
    </p>
   </div>
   <div class='ocr_carea' id='block_1_53' title="bbox 1920 2197 3573 2271">
    <p class='ocr_par' dir='ltr' id='par_1_53' title="bbox 1920 2197 3573 2271">
     <span class='ocr_line' id='line_1_53' title="bbox 1920 2197 3573 2271; baseline 0.003 -21"><span class='ocrx_word' id='word_1_363' title='bbox 1920 2212 2053 2251; x_wconf 75' lang='lat' dir='ltr'>rum</span> <span class='ocrx_word' id='word_1_364' title='bbox 2076 2198 2562 2255; x_wconf 81' lang='lat' dir='ltr'>consuetudinem</span> <span class='ocrx_word' id='word_1_365' title='bbox 2595 2197 2736 2270; x_wconf 90' lang='lat' dir='ltr'>quid</span> <span class='ocrx_word' id='word_1_366' title='bbox 2770 2197 2978 2254; x_wconf 90' lang='lat' dir='ltr'>saltem</span> <span class='ocrx_word' id='word_1_367' title='bbox 3008 2198 3067 2253; x_wconf 91' lang='lat' dir='ltr'>in</span> <span class='ocrx_word' id='word_1_368' title='bbox 3102 2198 3369 2255; x_wconf 81' lang='lat' dir='ltr'>minimis</span> <span class='ocrx_word' id='word_1_369' title='bbox 3397 2199 3573 2271; x_wconf 88' lang='lat' dir='ltr'>agitis</span> 
     </span>
    </p>
   </div>
   <div class='ocr_carea' id='block_1_54' title="bbox 1921 2284 3575 2359">
    <p class='ocr_par' dir='ltr' id='par_1_54' title="bbox 1921 2284 3575 2359">
     <span class='ocr_line' id='line_1_54' title="bbox 1921 2284 3575 2359; baseline 0.003 -19"><span class='ocrx_word' id='word_1_370' title='bbox 1921 2284 2409 2354; x_wconf 81' lang='lat' dir='ltr'>Christianorum,</span> <span class='ocrx_word' id='word_1_371' title='bbox 2435 2303 2508 2343; x_wconf 89' lang='lat' dir='ltr'>ne</span> <span class='ocrx_word' id='word_1_372' title='bbox 2525 2288 2668 2359; x_wconf 82' lang='lat' dir='ltr'>quid</span> <span class='ocrx_word' id='word_1_373' title='bbox 2686 2286 2974 2344; x_wconf 86' lang='lat' dir='ltr'>desiderio</span> <span class='ocrx_word' id='word_1_374' title='bbox 3005 2291 3195 2344; x_wconf 89' lang='lat' dir='ltr'>vestro</span> <span class='ocrx_word' id='word_1_375' title='bbox 3225 2288 3575 2345; x_wconf 83' lang='lat' dir='ltr'>subtrahere</span> 
     </span>
    </p>
   </div>
   <div class='ocr_carea' id='block_1_55' title="bbox 1921 2374 3582 2449">
    <p class='ocr_par' dir='ltr' id='par_1_55' title="bbox 1921 2374 3582 2449">
     <span class='ocr_line' id='line_1_55' title="bbox 1921 2374 3582 2449; baseline 0.005 -19"><span class='ocrx_word' id='word_1_376' title='bbox 1921 2374 2246 2443; x_wconf 88' lang='lat' dir='ltr'>videamur,</span> <span class='ocrx_word' id='word_1_377' title='bbox 2268 2375 2543 2443; x_wconf 88' lang='lat' dir='ltr'>dicimus,</span> <span class='ocrx_word' id='word_1_378' title='bbox 2562 2376 2842 2448; x_wconf 89' lang='lat' dir='ltr'>quoniam</span> <span class='ocrx_word' id='word_1_379' title='bbox 2873 2376 2931 2431; x_wconf 93' lang='lat' dir='ltr'>in</span> <span class='ocrx_word' id='word_1_380' title='bbox 2966 2375 3133 2433; x_wconf 81' lang='lat' dir='ltr'>libris</span> <span class='ocrx_word' id='word_1_381' title='bbox 3164 2376 3582 2449; x_wconf 63' lang='lat' dir='ltr'>nostrisjussuF</span> 
     </span>
    </p>
   </div>
   <div class='ocr_carea' id='block_1_56' title="bbox 1924 2464 3583 2533">
    <p class='ocr_par' dir='ltr' id='par_1_56' title="bbox 1924 2464 3583 2533">
     <span class='ocr_line' id='line_1_56' title="bbox 1924 2464 3583 2533; baseline 0.002 -15"><span class='ocrx_word' id='word_1_382' title='bbox 1924 2467 2067 2520; x_wconf 91' lang='lat' dir='ltr'>sunt</span> <span class='ocrx_word' id='word_1_383' title='bbox 2098 2464 2397 2522; x_wconf 78' lang='lat' dir='ltr'>femoralia</span> <span class='ocrx_word' id='word_1_384' title='bbox 2428 2465 2573 2533; x_wconf 84' lang='lat' dir='ltr'>ﬁeri,</span> <span class='ocrx_word' id='word_1_385' title='bbox 2596 2469 2801 2521; x_wconf 40' lang='lat' dir='ltr'>nonrut</span> <span class='ocrx_word' id='word_1_386' title='bbox 2822 2465 2913 2520; x_wconf 89' lang='lat' dir='ltr'>his</span> <span class='ocrx_word' id='word_1_387' title='bbox 2936 2464 3213 2523; x_wconf 87' lang='lat' dir='ltr'>mulieres</span> <span class='ocrx_word' id='word_1_388' title='bbox 3242 2470 3583 2533; x_wconf 60' lang='lat' dir='ltr'>uterentur;</span> 
     </span>
    </p>
   </div>
   <div class='ocr_carea' id='block_1_57' title="bbox 1924 2553 3570 2627">
    <p class='ocr_par' dir='ltr' id='par_1_57' title="bbox 1924 2553 3570 2627">
     <span class='ocr_line' id='line_1_57' title="bbox 1924 2553 3570 2627; baseline 0 -17"><span class='ocrx_word' id='word_1_389' title='bbox 1924 2553 2162 2610; x_wconf 41' lang='lat' dir='ltr'>sedvviri</span> <span class='ocrx_word' id='word_1_390' title='bbox 2197 2570 2209 2610; x_wconf 92' lang='lat'><strong>:</strong></span> <span class='ocrx_word' id='word_1_391' title='bbox 2245 2571 2403 2610; x_wconf 92' lang='lat' dir='ltr'>nunc</span> <span class='ocrx_word' id='word_1_392' title='bbox 2451 2559 2673 2623; x_wconf 89' lang='lat' dir='ltr'>autem,</span> <span class='ocrx_word' id='word_1_393' title='bbox 2706 2559 2777 2610; x_wconf 82' lang='lat' dir='ltr'>ut</span> <span class='ocrx_word' id='word_1_394' title='bbox 2801 2555 3301 2627; x_wconf 76' lang='lat' dir='ltr'>quemadmodum</span> <span class='ocrx_word' id='word_1_395' title='bbox 3332 2573 3367 2612; x_wconf 89' lang='lat' dir='ltr'>a</span> <span class='ocrx_word' id='word_1_396' title='bbox 3392 2557 3570 2612; x_wconf 87' lang='lat' dir='ltr'>veteri</span> 
     </span>
    </p>
   </div>
   <div class='ocr_carea' id='block_1_58' title="bbox 1925 2643 3581 2716">
    <p class='ocr_par' dir='ltr' id='par_1_58' title="bbox 1925 2643 3581 2716">
     <span class='ocr_line' id='line_1_58' title="bbox 1925 2643 3581 2716; baseline 0.002 -19"><span class='ocrx_word' id='word_1_397' title='bbox 1925 2643 1997 2697; x_wconf 91' lang='lat' dir='ltr'>ad</span> <span class='ocrx_word' id='word_1_398' title='bbox 2020 2659 2233 2699; x_wconf 85' lang='lat' dir='ltr'>novum</span> <span class='ocrx_word' id='word_1_399' title='bbox 2267 2644 2565 2700; x_wconf 85' lang='lat' dir='ltr'>transistis</span> <span class='ocrx_word' id='word_1_400' title='bbox 2594 2644 3011 2714; x_wconf 89' lang='lat' dir='ltr'>hominem,ita</span> <span class='ocrx_word' id='word_1_401' title='bbox 3029 2645 3103 2700; x_wconf 88' lang='lat' dir='ltr'>de</span> <span class='ocrx_word' id='word_1_402' title='bbox 3123 2644 3301 2716; x_wconf 87' lang='lat' dir='ltr'>priori</span> <span class='ocrx_word' id='word_1_403' title='bbox 3330 2660 3581 2701; x_wconf 80' lang='lat' dir='ltr'>consue-</span> 
     </span>
    </p>
   </div>
   <div class='ocr_carea' id='block_1_59' title="bbox 1925 2731 3581 2805">
    <p class='ocr_par' dir='ltr' id='par_1_59' title="bbox 1925 2731 3581 2805">
     <span class='ocr_line' id='line_1_59' title="bbox 1925 2731 3581 2805; baseline 0.003 -19"><span class='ocrx_word' id='word_1_404' title='bbox 1925 2731 2135 2787; x_wconf 86' lang='lat' dir='ltr'>tudine</span> <span class='ocrx_word' id='word_1_405' title='bbox 2161 2732 2232 2788; x_wconf 90' lang='lat' dir='ltr'>ad</span> <span class='ocrx_word' id='word_1_406' title='bbox 2266 2748 2490 2788; x_wconf 88' lang='lat' dir='ltr'>morem</span> <span class='ocrx_word' id='word_1_407' title='bbox 2524 2738 2923 2805; x_wconf 82' lang='lat' dir='ltr'>nostrumper</span> <span class='ocrx_word' id='word_1_408' title='bbox 2950 2733 3482 2790; x_wconf 83' lang='lat' dir='ltr'>omnia-transeatis</span> <span class='ocrx_word' id='word_1_409' title='bbox 3503 2734 3581 2791; x_wconf 86' lang='lat' dir='ltr'>fa-</span> 
     </span>
    </p>
   </div>
   <div class='ocr_carea' id='block_1_60' title="bbox 1928 2820 3589 2895">
    <p class='ocr_par' dir='ltr' id='par_1_60' title="bbox 1928 2820 3589 2895">
     <span class='ocr_line' id='line_1_60' title="bbox 1928 2820 3589 2895; baseline 0.002 -20"><span class='ocrx_word' id='word_1_410' title='bbox 1928 2821 2079 2889; x_wconf 88' lang='lat' dir='ltr'>cite;</span> <span class='ocrx_word' id='word_1_411' title='bbox 2111 2820 2203 2876; x_wconf 89' lang='lat' dir='ltr'>sin</span> <span class='ocrx_word' id='word_1_412' title='bbox 2234 2825 2451 2889; x_wconf 87' lang='lat' dir='ltr'>autem,</span> <span class='ocrx_word' id='word_1_413' title='bbox 2487 2822 2643 2894; x_wconf 91' lang='lat' dir='ltr'>quod</span> <span class='ocrx_word' id='word_1_414' title='bbox 2691 2821 2878 2894; x_wconf 90' lang='lat' dir='ltr'>placet</span> <span class='ocrx_word' id='word_1_415' title='bbox 2922 2822 3093 2895; x_wconf 86' lang='lat' dir='ltr'>agite.</span> <span class='ocrx_word' id='word_1_416' title='bbox 3128 2827 3273 2878; x_wconf 87' lang='lat' dir='ltr'>Nam</span> <span class='ocrx_word' id='word_1_417' title='bbox 3305 2822 3424 2879; x_wconf 88' lang='lat' dir='ltr'>sive</span> <span class='ocrx_word' id='word_1_418' title='bbox 3450 2840 3589 2891; x_wconf 71' lang='lat' dir='ltr'>vos,;</span> 
     </span>
    </p>
   </div>
   <div class='ocr_carea' id='block_1_61' title="bbox 1928 2911 3579 2984">
    <p class='ocr_par' dir='ltr' id='par_1_61' title="bbox 1928 2911 3579 2984">
     <span class='ocr_line' id='line_1_61' title="bbox 1928 2911 3579 2984; baseline 0.002 -17"><span class='ocrx_word' id='word_1_419' title='bbox 1928 2911 2052 2967; x_wconf 88' lang='lat' dir='ltr'>sive</span> <span class='ocrx_word' id='word_1_420' title='bbox 2077 2911 2305 2968; x_wconf 69' lang='lat' dir='ltr'>feminae</span> <span class='ocrx_word' id='word_1_421' title='bbox 2334 2917 2561 2980; x_wconf 70' lang='lat' dir='ltr'>vestras,</span> <span class='ocrx_word' id='word_1_422' title='bbox 2585 2913 2706 2968; x_wconf 89' lang='lat' dir='ltr'>sive</span> <span class='ocrx_word' id='word_1_423' title='bbox 2730 2913 3055 2984; x_wconf 90' lang='lat' dir='ltr'>deponatis,</span> <span class='ocrx_word' id='word_1_424' title='bbox 3072 2913 3201 2970; x_wconf 85' lang='lat' dir='ltr'>sive</span> <span class='ocrx_word' id='word_1_425' title='bbox 3220 2913 3479 2970; x_wconf 89' lang='lat' dir='ltr'>induatis</span> <span class='ocrx_word' id='word_1_426' title='bbox 3502 2914 3579 2970; x_wconf 84' lang='lat' dir='ltr'>fe-</span> 
     </span>
    </p>
   </div>
   <div class='ocr_carea' id='block_1_62' title="bbox 1929 3000 3577 3067">
    <p class='ocr_par' dir='ltr' id='par_1_62' title="bbox 1929 3000 3577 3067">
     <span class='ocr_line' id='line_1_62' title="bbox 1929 3000 3577 3067; baseline 0 -10"><span class='ocrx_word' id='word_1_427' title='bbox 1929 3001 2194 3067; x_wconf 88' lang='lat' dir='ltr'>moralia,</span> <span class='ocrx_word' id='word_1_428' title='bbox 2228 3018 2333 3057; x_wconf 85' lang='lat' dir='ltr'>nec</span> <span class='ocrx_word' id='word_1_429' title='bbox 2363 3000 2539 3057; x_wconf 82' lang='lat' dir='ltr'>saluti</span> <span class='ocrx_word' id='word_1_430' title='bbox 2572 3002 2773 3067; x_wconf 84' lang='lat' dir='ltr'>ofﬁcit,</span> <span class='ocrx_word' id='word_1_431' title='bbox 2808 3017 2913 3057; x_wconf 90' lang='lat' dir='ltr'>nec</span> <span class='ocrx_word' id='word_1_432' title='bbox 2944 3002 3017 3057; x_wconf 89' lang='lat' dir='ltr'>ad</span> <span class='ocrx_word' id='word_1_433' title='bbox 3047 3001 3330 3059; x_wconf 90' lang='lat' dir='ltr'>virtutum</span> <span class='ocrx_word' id='word_1_434' title='bbox 3360 3006 3577 3059; x_wconf 87' lang='lat' dir='ltr'>vestra-</span> 
     </span>
    </p>
   </div>
   <div class='ocr_carea' id='block_1_63' title="bbox 1929 3089 3591 3161">
    <p class='ocr_par' dir='ltr' id='par_1_63' title="bbox 1929 3089 3591 3161">
     <span class='ocr_line' id='line_1_63' title="bbox 1929 3089 3591 3161; baseline 0.002 -16"><span class='ocrx_word' id='word_1_435' title='bbox 1929 3107 2060 3146; x_wconf 84' lang='lat' dir='ltr'>rum</span> <span class='ocrx_word' id='word_1_436' title='bbox 2093 3089 2322 3161; x_wconf 84' lang='lat' dir='ltr'>proficit</span> <span class='ocrx_word' id='word_1_437' title='bbox 2351 3090 2799 3146; x_wconf 88' lang='lat' dir='ltr'>incrementum.</span> <span class='ocrx_word' id='word_1_438' title='bbox 2828 3091 2980 3146; x_wconf 89' lang='lat' dir='ltr'>Sane</span> <span class='ocrx_word' id='word_1_439' title='bbox 3008 3089 3286 3161; x_wconf 88' lang='lat' dir='ltr'>quoniam</span> <span class='ocrx_word' id='word_1_440' title='bbox 3318 3091 3591 3148; x_wconf 73' lang='lat' dir='ltr'>diximus</span> 
     </span>
    </p>
   </div>
   <div class='ocr_carea' id='block_1_64' title="bbox 167 3176 3581 3258">
    <p class='ocr_par' dir='ltr' id='par_1_64' title="bbox 167 3176 3581 3258">
     <span class='ocr_line' id='line_1_64' title="bbox 167 3176 3581 3258; baseline -0.003 -13"><span class='ocrx_word' id='word_1_441' title='bbox 167 3187 297 3245; x_wconf 87' lang='lat' dir='ltr'>sine</span> <span class='ocrx_word' id='word_1_442' title='bbox 317 3183 509 3258; x_wconf 88' lang='lat' dir='ltr'>capite</span> <span class='ocrx_word' id='word_1_443' title='bbox 534 3182 657 3237; x_wconf 88' lang='lat' dir='ltr'>fore</span> <span class='ocrx_word' id='word_1_444' title='bbox 685 3177 986 3247; x_wconf 90' lang='lat' dir='ltr'>videmini,</span> <span class='ocrx_word' id='word_1_445' title='bbox 1011 3182 1067 3233; x_wconf 89' lang='lat' dir='ltr'>et</span> <span class='ocrx_word' id='word_1_446' title='bbox 1088 3177 1254 3249; x_wconf 89' lang='lat' dir='ltr'>quasi</span> <span class='ocrx_word' id='word_1_447' title='bbox 1287 3193 1421 3233; x_wconf 89' lang='lat' dir='ltr'>oves</span> <span class='ocrx_word' id='word_1_448' title='bbox 1450 3177 1730 3242; x_wconf 88' lang='lat' dir='ltr'>errantes,</span> <span class='ocrx_word' id='word_1_449' title='bbox 1763 3176 1837 3228; x_wconf 63' lang='lat' dir='ltr'>et.</span> <span class='ocrx_word' id='word_1_450' title='bbox 1859 3255 1886 3258; x_wconf 79' lang='lat'>__</span> <span class='ocrx_word' id='word_1_451' title='bbox 1921 3178 2095 3249; x_wconf 90' lang='lat' dir='ltr'>jussa</span> <span class='ocrx_word' id='word_1_452' title='bbox 2126 3177 2308 3235; x_wconf 85' lang='lat' dir='ltr'>fuisse</span> <span class='ocrx_word' id='word_1_453' title='bbox 2338 3176 2639 3235; x_wconf 78' lang='lat' dir='ltr'>femoralia</span> <span class='ocrx_word' id='word_1_454' title='bbox 2668 3178 3151 3245; x_wconf 86' lang='lat' dir='ltr'>fieri,notandum</span> <span class='ocrx_word' id='word_1_455' title='bbox 3179 3182 3287 3244; x_wconf 90' lang='lat' dir='ltr'>est,</span> <span class='ocrx_word' id='word_1_456' title='bbox 3313 3178 3451 3250; x_wconf 90' lang='lat' dir='ltr'>quia</span> <span class='ocrx_word' id='word_1_457' title='bbox 3468 3195 3581 3235; x_wconf 85' lang='lat' dir='ltr'>nos</span> 
     </span>
    </p>
   </div>
   <div class='ocr_carea' id='block_1_65' title="bbox 166 3255 3578 3343">
    <p class='ocr_par' dir='ltr' id='par_1_65' title="bbox 166 3255 3578 3343">
     <span class='ocr_line' id='line_1_65' title="bbox 166 3255 3578 3343; baseline -0 -20"><span class='ocrx_word' id='word_1_458' title='bbox 166 3293 285 3335; x_wconf 76' lang='lat' dir='ltr'>non</span> <span class='ocrx_word' id='word_1_459' title='bbox 313 3255 601 3331; x_wconf 67' lang='lat' dir='ltr'>habentes</span> <span class='ocrx_word' id='word_1_460' title='bbox 625 3265 1240 3343; x_wconf 45' lang='lat' dir='ltr'>pastorem&#39;inceditis.</span> <span class='ocrx_word' id='word_1_461' title='bbox 1271 3264 1576 3337; x_wconf 89' lang='lat' dir='ltr'>Siquidem</span> <span class='ocrx_word' id='word_1_462' title='bbox 1605 3260 1817 3319; x_wconf 42' lang='lat' dir='ltr'>intuli.</span> <span class='ocrx_word' id='word_1_463' title='bbox 1845 3255 1889 3322; x_wconf 89' lang='lat' dir='ltr'>C</span> <span class='ocrx_word' id='word_1_464' title='bbox 1928 3267 2313 3340; x_wconf 87' lang='lat' dir='ltr'>spiritualiter</span> <span class='ocrx_word' id='word_1_465' title='bbox 2331 3267 2638 3324; x_wconf 89' lang='lat' dir='ltr'>induimur</span> <span class='ocrx_word' id='word_1_466' title='bbox 2655 3266 3058 3336; x_wconf 89' lang='lat' dir='ltr'>femoralibus,</span> <span class='ocrx_word' id='word_1_467' title='bbox 3074 3283 3210 3322; x_wconf 92' lang='lat' dir='ltr'>cum</span> <span class='ocrx_word' id='word_1_468' title='bbox 3232 3266 3426 3323; x_wconf 90' lang='lat' dir='ltr'>carnis</span> <span class='ocrx_word' id='word_1_469' title='bbox 3448 3267 3578 3323; x_wconf 90' lang='lat' dir='ltr'>libi-</span> 
     </span>
    </p>
   </div>
   <div class='ocr_carea' id='block_1_66' title="bbox 164 3354 1819 3438">
    <p class='ocr_par' dir='ltr' id='par_1_66' title="bbox 164 3354 1819 3438">
     <span class='ocr_line' id='line_1_66' title="bbox 164 3354 1819 3438; baseline -0.011 -14"><span class='ocrx_word' id='word_1_470' title='bbox 164 3367 281 3423; x_wconf 86' lang='lat' dir='ltr'>bus</span> <span class='ocrx_word' id='word_1_471' title='bbox 302 3363 388 3438; x_wconf 88' lang='lat' dir='ltr'>pri</span> <span class='ocrx_word' id='word_1_472' title='bbox 398 3378 494 3419; x_wconf 91' lang='lat' dir='ltr'>sco</span> <span class='ocrx_word' id='word_1_473' title='bbox 519 3365 800 3432; x_wconf 88' lang='lat' dir='ltr'>tempore,</span> <span class='ocrx_word' id='word_1_474' title='bbox 824 3357 981 3430; x_wconf 91' lang='lat' dir='ltr'>quod</span> <span class='ocrx_word' id='word_1_475' title='bbox 1004 3372 1163 3412; x_wconf 87' lang='lat' dir='ltr'>nunc</span> <span class='ocrx_word' id='word_1_476' title='bbox 1182 3370 1415 3426; x_wconf 89' lang='lat' dir='ltr'>quoque</span> <span class='ocrx_word' id='word_1_477' title='bbox 1435 3355 1640 3409; x_wconf 82' lang='lat' dir='ltr'>sancta</span> <span class='ocrx_word' id='word_1_478' title='bbox 1658 3354 1819 3408; x_wconf 89' lang='lat' dir='ltr'>tenet</span> 
     </span>
    </p>
   </div>
   <div class='ocr_carea' id='block_1_67' title="bbox 163 3438 1823 3519">
    <p class='ocr_par' dir='ltr' id='par_1_67' title="bbox 163 3438 1823 3519">
     <span class='ocr_line' id='line_1_67' title="bbox 163 3438 1823 3519; baseline -0.01 -8"><span class='ocrx_word' id='word_1_479' title='bbox 163 3452 445 3519; x_wconf 85' lang='lat' dir='ltr'>Ecclesia,</span> <span class='ocrx_word' id='word_1_480' title='bbox 470 3448 837 3506; x_wconf 86' lang='lat' dir='ltr'>sacerdotum</span> <span class='ocrx_word' id='word_1_481' title='bbox 860 3445 1218 3518; x_wconf 63' lang='lat' dir='ltr'>praecedebat</span> <span class='ocrx_word' id='word_1_482' title='bbox 1231 3441 1540 3510; x_wconf 89' lang='lat' dir='ltr'>institutio,</span> <span class='ocrx_word' id='word_1_483' title='bbox 1555 3442 1613 3497; x_wconf 93' lang='lat' dir='ltr'>et</span> <span class='ocrx_word' id='word_1_484' title='bbox 1623 3438 1823 3497; x_wconf 84' lang='lat' dir='ltr'>omnis</span> 
     </span>
    </p>
   </div>
   <div class='ocr_carea' id='block_1_68' title="bbox 162 3530 1815 3618">
    <p class='ocr_par' dir='ltr' id='par_1_68' title="bbox 162 3530 1815 3618">
     <span class='ocr_line' id='line_1_68' title="bbox 162 3530 1815 3618; baseline -0.011 -16"><span class='ocrx_word' id='word_1_485' title='bbox 162 3543 413 3618; x_wconf 83' lang='lat' dir='ltr'>penitus</span> <span class='ocrx_word' id='word_1_486' title='bbox 428 3537 809 3604; x_wconf 86' lang='lat' dir='ltr'>ordinatio,et</span> <span class='ocrx_word' id='word_1_487' title='bbox 835 3540 976 3591; x_wconf 89' lang='lat' dir='ltr'>tunc</span> <span class='ocrx_word' id='word_1_488' title='bbox 1006 3532 1244 3606; x_wconf 70' lang='lat' dir='ltr'>reliquie</span> <span class='ocrx_word' id='word_1_489' title='bbox 1274 3530 1463 3604; x_wconf 90' lang='lat' dir='ltr'>plebis</span> <span class='ocrx_word' id='word_1_490' title='bbox 1492 3531 1815 3602; x_wconf 89' lang='lat' dir='ltr'>subseque-</span> 
     </span>
    </p>
   </div>
   <div class='ocr_carea' id='block_1_69' title="bbox 162 3619 1815 3699">
    <p class='ocr_par' dir='ltr' id='par_1_69' title="bbox 162 3619 1815 3699">
     <span class='ocr_line' id='line_1_69' title="bbox 162 3619 1815 3699; baseline -0.01 -9"><span class='ocrx_word' id='word_1_491' title='bbox 162 3635 342 3692; x_wconf 89' lang='lat' dir='ltr'>batur</span> <span class='ocrx_word' id='word_1_492' title='bbox 362 3643 661 3695; x_wconf 88' lang='lat' dir='ltr'>assensus,</span> <span class='ocrx_word' id='word_1_493' title='bbox 685 3642 750 3681; x_wconf 90' lang='lat' dir='ltr'>ac</span> <span class='ocrx_word' id='word_1_494' title='bbox 771 3641 873 3699; x_wconf 88' lang='lat' dir='ltr'>per</span> <span class='ocrx_word' id='word_1_495' title='bbox 904 3624 1014 3680; x_wconf 89' lang='lat' dir='ltr'>hoc</span> <span class='ocrx_word' id='word_1_496' title='bbox 1045 3622 1247 3679; x_wconf 90' lang='lat' dir='ltr'>ordine</span> <span class='ocrx_word' id='word_1_497' title='bbox 1277 3620 1472 3677; x_wconf 88' lang='lat' dir='ltr'>debito</span> <span class='ocrx_word' id='word_1_498' title='bbox 1502 3619 1815 3686; x_wconf 87' lang='lat' dir='ltr'>custodito,</span> 
     </span>
    </p>
   </div>
   <div class='ocr_carea' id='block_1_70' title="bbox 165 3708 1816 3785">
    <p class='ocr_par' dir='ltr' id='par_1_70' title="bbox 165 3708 1816 3785">
     <span class='ocr_line' id='line_1_70' title="bbox 165 3708 1816 3785; baseline -0.011 -4"><span class='ocrx_word' id='word_1_499' title='bbox 165 3728 227 3781; x_wconf 89' lang='lat' dir='ltr'>et</span> <span class='ocrx_word' id='word_1_500' title='bbox 245 3718 637 3779; x_wconf 87' lang='lat' dir='ltr'>unanimitate</span> <span class='ocrx_word' id='word_1_501' title='bbox 658 3718 903 3784; x_wconf 86' lang='lat' dir='ltr'>servata,</span> <span class='ocrx_word' id='word_1_502' title='bbox 919 3714 1035 3769; x_wconf 91' lang='lat' dir='ltr'>Deo</span> <span class='ocrx_word' id='word_1_503' title='bbox 1052 3712 1357 3785; x_wconf 85' lang='lat' dir='ltr'>largiente,</span> <span class='ocrx_word' id='word_1_504' title='bbox 1370 3710 1487 3766; x_wconf 91' lang='lat' dir='ltr'>voti</span> <span class='ocrx_word' id='word_1_505' title='bbox 1501 3708 1816 3783; x_wconf 75' lang='lat' dir='ltr'>praestaba-</span> 
     </span>
    </p>
   </div>
   <div class='ocr_carea' id='block_1_71' title="bbox 165 3812 557 3870">
    <p class='ocr_par' dir='ltr' id='par_1_71' title="bbox 165 3812 557 3870">
     <span class='ocr_line' id='line_1_71' title="bbox 165 3812 557 3870; baseline -0.02 1"><span class='ocrx_word' id='word_1_506' title='bbox 165 3818 267 3870; x_wconf 91' lang='lat' dir='ltr'>tur</span> <span class='ocrx_word' id='word_1_507' title='bbox 296 3812 557 3867; x_wconf 75' lang='lat' dir='ltr'>effectus.</span> 
     </span>
    </p>
   </div>
   <div class='ocr_carea' id='block_1_72' title="bbox 243 3886 1821 3966">
    <p class='ocr_par' dir='ltr' id='par_1_72' title="bbox 243 3886 1821 3966">
     <span class='ocr_line' id='line_1_72' title="bbox 243 3886 1821 3966; baseline -0.009 -8"><span class='ocrx_word' id='word_1_508' title='bbox 243 3900 410 3958; x_wconf 86' lang='lat' dir='ltr'><strong>LVII.</strong></span> <span class='ocrx_word' id='word_1_509' title='bbox 439 3898 668 3955; x_wconf 63' lang='lat' dir='ltr'>Graecos</span> <span class='ocrx_word' id='word_1_510' title='bbox 698 3897 890 3951; x_wconf 86' lang='lat' dir='ltr'>vetare</span> <span class='ocrx_word' id='word_1_511' title='bbox 915 3890 1234 3966; x_wconf 89' lang='lat' dir='ltr'>perhibetis</span> <span class='ocrx_word' id='word_1_512' title='bbox 1265 3888 1568 3946; x_wconf 89' lang='lat' dir='ltr'>eunuchos</span> <span class='ocrx_word' id='word_1_513' title='bbox 1599 3886 1821 3945; x_wconf 83' lang='lat' dir='ltr'>anima-</span> 
     </span>
    </p>
   </div>
   <div class='ocr_carea' id='block_1_73' title="bbox 167 3975 1819 4051">
    <p class='ocr_par' dir='ltr' id='par_1_73' title="bbox 167 3975 1819 4051">
     <span class='ocr_line' id='line_1_73' title="bbox 167 3975 1819 4051; baseline -0.012 -2"><span class='ocrx_word' id='word_1_514' title='bbox 167 3991 249 4050; x_wconf 89' lang='lat' dir='ltr'>lia</span> <span class='ocrx_word' id='word_1_515' title='bbox 266 3978 459 4048; x_wconf 85' lang='lat' dir='ltr'>vestra</span> <span class='ocrx_word' id='word_1_516' title='bbox 480 3990 755 4049; x_wconf 87' lang='lat' dir='ltr'>mactare,</span> <span class='ocrx_word' id='word_1_517' title='bbox 780 3982 862 4038; x_wconf 91' lang='lat' dir='ltr'>ita</span> <span class='ocrx_word' id='word_1_518' title='bbox 882 3986 949 4037; x_wconf 94' lang='lat' dir='ltr'>ut</span> <span class='ocrx_word' id='word_1_519' title='bbox 973 3997 1105 4037; x_wconf 91' lang='lat' dir='ltr'>eum</span> <span class='ocrx_word' id='word_1_520' title='bbox 1130 3978 1230 4051; x_wconf 90' lang='lat' dir='ltr'>qui</span> <span class='ocrx_word' id='word_1_521' title='bbox 1264 3995 1332 4034; x_wconf 87' lang='lat' dir='ltr'>ex</span> <span class='ocrx_word' id='word_1_522' title='bbox 1361 3975 1723 4033; x_wconf 89' lang='lat' dir='ltr'>animalibus</span> <span class='ocrx_word' id='word_1_523' title='bbox 1745 3975 1819 4031; x_wconf 90' lang='lat' dir='ltr'>ab</span> 
     </span>
    </p>
   </div>
   <div class='ocr_carea' id='block_1_74' title="bbox 170 4066 1819 4145">
    <p class='ocr_par' dir='ltr' id='par_1_74' title="bbox 170 4066 1819 4145">
     <span class='ocr_line' id='line_1_74' title="bbox 170 4066 1819 4145; baseline -0.011 -7"><span class='ocrx_word' id='word_1_524' title='bbox 170 4080 293 4138; x_wconf 90' lang='lat' dir='ltr'>illis</span> <span class='ocrx_word' id='word_1_525' title='bbox 310 4075 518 4137; x_wconf 89' lang='lat' dir='ltr'>occisis</span> <span class='ocrx_word' id='word_1_526' title='bbox 546 4072 886 4139; x_wconf 82' lang='lat' dir='ltr'>comederit,</span> <span class='ocrx_word' id='word_1_527' title='bbox 918 4086 1099 4145; x_wconf 84' lang='lat' dir='ltr'>grave</span> <span class='ocrx_word' id='word_1_528' title='bbox 1118 4066 1487 4124; x_wconf 88' lang='lat' dir='ltr'>commisisse</span> <span class='ocrx_word' id='word_1_529' title='bbox 1514 4067 1819 4139; x_wconf 85' lang='lat' dir='ltr'>peccatum</span> 
     </span>
    </p>
   </div>
   <div class='ocr_carea' id='block_1_75' title="bbox 173 4154 1820 4229">
    <p class='ocr_par' dir='ltr' id='par_1_75' title="bbox 173 4154 1820 4229">
     <span class='ocr_line' id='line_1_75' title="bbox 173 4154 1820 4229; baseline -0.012 0"><span class='ocrx_word' id='word_1_530' title='bbox 173 4170 493 4229; x_wconf 75' lang='lat' dir='ltr'>afﬁrmant.</span> <span class='ocrx_word' id='word_1_531' title='bbox 523 4165 635 4224; x_wconf 89' lang='lat' dir='ltr'>Sed</span> <span class='ocrx_word' id='word_1_532' title='bbox 666 4161 838 4219; x_wconf 83' lang='lat' dir='ltr'>nobis</span> <span class='ocrx_word' id='word_1_533' title='bbox 864 4159 1032 4216; x_wconf 88' lang='lat' dir='ltr'>valde</span> <span class='ocrx_word' id='word_1_534' title='bbox 1079 4158 1365 4214; x_wconf 88' lang='lat' dir='ltr'>absonum</span> <span class='ocrx_word' id='word_1_535' title='bbox 1401 4159 1510 4224; x_wconf 88' lang='lat' dir='ltr'>est,</span> <span class='ocrx_word' id='word_1_536' title='bbox 1541 4158 1600 4210; x_wconf 92' lang='lat' dir='ltr'>et</span> <span class='ocrx_word' id='word_1_537' title='bbox 1628 4154 1820 4212; x_wconf 90' lang='lat' dir='ltr'>adhuc</span> 
     </span>
    </p>
   </div>
   <div class='ocr_carea' id='block_1_76' title="bbox 172 4242 1823 4325">
    <p class='ocr_par' dir='ltr' id='par_1_76' title="bbox 172 4242 1823 4325">
     <span class='ocr_line' id='line_1_76' title="bbox 172 4242 1823 4325; baseline -0.011 -9"><span class='ocrx_word' id='word_1_538' title='bbox 172 4257 445 4319; x_wconf 88' lang='lat' dir='ltr'>frivolum</span> <span class='ocrx_word' id='word_1_539' title='bbox 476 4257 665 4323; x_wconf 89' lang='lat' dir='ltr'>sonat,</span> <span class='ocrx_word' id='word_1_540' title='bbox 689 4251 844 4325; x_wconf 90' lang='lat' dir='ltr'>quod</span> <span class='ocrx_word' id='word_1_541' title='bbox 877 4248 1110 4305; x_wconf 89' lang='lat' dir='ltr'>dicitur.</span> <span class='ocrx_word' id='word_1_542' title='bbox 1144 4246 1320 4303; x_wconf 89' lang='lat' dir='ltr'>Porro</span> <span class='ocrx_word' id='word_1_543' title='bbox 1349 4244 1489 4318; x_wconf 89' lang='lat' dir='ltr'>quia</span> <span class='ocrx_word' id='word_1_544' title='bbox 1518 4242 1823 4300; x_wconf 82' lang='lat' dir='ltr'>ratiocina-</span> 
     </span>
    </p>
   </div>
   <div class='ocr_carea' id='block_1_77' title="bbox 170 4332 1820 4405">
    <p class='ocr_par' dir='ltr' id='par_1_77' title="bbox 170 4332 1820 4405">
     <span class='ocr_line' id='line_1_77' title="bbox 170 4332 1820 4405; baseline -0.01 -1"><span class='ocrx_word' id='word_1_545' title='bbox 170 4347 401 4405; x_wconf 20' lang='lat' dir='ltr'>tionem.</span> <span class='ocrx_word' id='word_1_546' title='bbox 422 4344 540 4401; x_wconf 91' lang='lat' dir='ltr'>ista</span> <span class='ocrx_word' id='word_1_547' title='bbox 567 4340 889 4398; x_wconf 89' lang='lat' dir='ltr'>dicentium</span> <span class='ocrx_word' id='word_1_548' title='bbox 921 4354 1039 4394; x_wconf 91' lang='lat' dir='ltr'>non</span> <span class='ocrx_word' id='word_1_549' title='bbox 1076 4334 1373 4403; x_wconf 85' lang='lat' dir='ltr'>audimus,</span> <span class='ocrx_word' id='word_1_550' title='bbox 1406 4332 1551 4390; x_wconf 89' lang='lat' dir='ltr'>nihil</span> <span class='ocrx_word' id='word_1_551' title='bbox 1582 4332 1820 4389; x_wconf 88' lang='lat' dir='ltr'>interim</span> 
     </span>
    </p>
   </div>
   <div class='ocr_carea' id='block_1_78' title="bbox 172 4420 1823 4505">
    <p class='ocr_par' dir='ltr' id='par_1_78' title="bbox 172 4420 1823 4505">
     <span class='ocr_line' id='line_1_78' title="bbox 172 4420 1823 4505; baseline -0.012 -9"><span class='ocrx_word' id='word_1_552' title='bbox 172 4439 249 4495; x_wconf 86' lang='lat' dir='ltr'>de</span> <span class='ocrx_word' id='word_1_553' title='bbox 260 4434 583 4494; x_wconf 83' lang='lat' dir='ltr'>assertione</span> <span class='ocrx_word' id='word_1_554' title='bbox 603 4431 618 4486; x_wconf 93' lang='lat' dir='ltr'>i</span> <span class='ocrx_word' id='word_1_555' title='bbox 626 4445 877 4505; x_wconf 88' lang='lat' dir='ltr'>psorum.</span> <span class='ocrx_word' id='word_1_556' title='bbox 900 4426 1165 4484; x_wconf 90' lang='lat' dir='ltr'>nondum</span> <span class='ocrx_word' id='word_1_557' title='bbox 1196 4424 1366 4498; x_wconf 90' lang='lat' dir='ltr'>plene</span> <span class='ocrx_word' id='word_1_558' title='bbox 1381 4422 1618 4497; x_wconf 88' lang='lat' dir='ltr'>cognita</span> <span class='ocrx_word' id='word_1_559' title='bbox 1631 4420 1823 4478; x_wconf 84' lang='lat' dir='ltr'>decer-</span> 
     </span>
    </p>
   </div>
   <div class='ocr_carea' id='block_1_79' title="bbox 173 4511 1821 4584">
    <p class='ocr_par' dir='ltr' id='par_1_79' title="bbox 173 4511 1821 4584">
     <span class='ocr_line' id='line_1_79' title="bbox 173 4511 1821 4584; baseline -0.01 0"><span class='ocrx_word' id='word_1_560' title='bbox 173 4543 313 4584; x_wconf 83' lang='lat' dir='ltr'>nere</span> <span class='ocrx_word' id='word_1_561' title='bbox 340 4521 649 4581; x_wconf 82' lang='lat' dir='ltr'>difﬁnitive</span> <span class='ocrx_word' id='word_1_562' title='bbox 673 4519 957 4576; x_wconf 85' lang='lat' dir='ltr'>valemus.</span> <span class='ocrx_word' id='word_1_563' title='bbox 984 4515 1179 4572; x_wconf 89' lang='lat' dir='ltr'>Unum</span> <span class='ocrx_word' id='word_1_564' title='bbox 1210 4519 1406 4570; x_wconf 89' lang='lat' dir='ltr'>tamen</span> <span class='ocrx_word' id='word_1_565' title='bbox 1427 4511 1821 4584; x_wconf 84' lang='lat' dir='ltr'>scimus,quo-</span> 
     </span>
    </p>
   </div>
   <div class='ocr_carea' id='block_1_80' title="bbox 1925 3355 3577 3430">
    <p class='ocr_par' dir='ltr' id='par_1_80' title="bbox 1925 3355 3577 3430">
     <span class='ocr_line' id='line_1_80' title="bbox 1925 3355 3577 3430; baseline 0.001 -19"><span class='ocrx_word' id='word_1_566' title='bbox 1925 3356 2122 3412; x_wconf 90' lang='lat' dir='ltr'>dinem</span> <span class='ocrx_word' id='word_1_567' title='bbox 2146 3373 2249 3430; x_wconf 88' lang='lat' dir='ltr'>per</span> <span class='ocrx_word' id='word_1_568' title='bbox 2262 3356 2679 3415; x_wconf 88' lang='lat' dir='ltr'>abstinentiam</span> <span class='ocrx_word' id='word_1_569' title='bbox 2716 3360 3121 3412; x_wconf 88' lang='lat' dir='ltr'>coarctamus:</span> <span class='ocrx_word' id='word_1_570' title='bbox 3149 3373 3285 3412; x_wconf 84' lang='lat' dir='ltr'>nam</span> <span class='ocrx_word' id='word_1_571' title='bbox 3316 3355 3418 3411; x_wconf 90' lang='lat' dir='ltr'>illa</span> <span class='ocrx_word' id='word_1_572' title='bbox 3447 3355 3577 3413; x_wconf 88' lang='lat' dir='ltr'>loca</span> 
     </span>
    </p>
   </div>
   <div class='ocr_carea' id='block_1_81' title="bbox 1925 3444 3573 3518">
    <p class='ocr_par' dir='ltr' id='par_1_81' title="bbox 1925 3444 3573 3518">
     <span class='ocr_line' id='line_1_81' title="bbox 1925 3444 3573 3518; baseline 0.001 -17"><span class='ocrx_word' id='word_1_573' title='bbox 1925 3445 2303 3502; x_wconf 83' lang='lat' dir='ltr'>femoralibus</span> <span class='ocrx_word' id='word_1_574' title='bbox 2332 3445 2835 3518; x_wconf 87' lang='lat' dir='ltr'>constringuntur,</span> <span class='ocrx_word' id='word_1_575' title='bbox 2866 3444 2928 3500; x_wconf 94' lang='lat' dir='ltr'>in</span> <span class='ocrx_word' id='word_1_576' title='bbox 2961 3444 3178 3517; x_wconf 87' lang='lat' dir='ltr'>quibus</span> <span class='ocrx_word' id='word_1_577' title='bbox 3203 3444 3445 3501; x_wconf 74' lang='lat' dir='ltr'>luxuriae</span> <span class='ocrx_word' id='word_1_578' title='bbox 3476 3461 3573 3502; x_wconf 86' lang='lat' dir='ltr'>se-</span> 
     </span>
    </p>
   </div>
   <div class='ocr_carea' id='block_1_82' title="bbox 1925 3533 3573 3607">
    <p class='ocr_par' dir='ltr' id='par_1_82' title="bbox 1925 3533 3573 3607">
     <span class='ocr_line' id='line_1_82' title="bbox 1925 3533 3573 3607; baseline 0 -17"><span class='ocrx_word' id='word_1_579' title='bbox 1925 3536 2028 3591; x_wconf 92' lang='lat' dir='ltr'>des</span> <span class='ocrx_word' id='word_1_580' title='bbox 2049 3552 2178 3591; x_wconf 90' lang='lat' dir='ltr'>esse</span> <span class='ocrx_word' id='word_1_581' title='bbox 2199 3540 2545 3601; x_wconf 88' lang='lat' dir='ltr'>noscuntur,</span> <span class='ocrx_word' id='word_1_582' title='bbox 2568 3534 2952 3607; x_wconf 88' lang='lat' dir='ltr'>quamobrem</span> <span class='ocrx_word' id='word_1_583' title='bbox 2983 3534 3230 3589; x_wconf 84' lang='lat' dir='ltr'>fortasse</span> <span class='ocrx_word' id='word_1_584' title='bbox 3260 3534 3433 3606; x_wconf 83' lang='lat' dir='ltr'>primi</span> <span class='ocrx_word' id='word_1_585' title='bbox 3462 3533 3573 3590; x_wconf 93' lang='lat' dir='ltr'>ho-</span> 
     </span>
    </p>
   </div>
   <div class='ocr_carea' id='block_1_83' title="bbox 1926 3622 3576 3698">
    <p class='ocr_par' dir='ltr' id='par_1_83' title="bbox 1926 3622 3576 3698">
     <span class='ocr_line' id='line_1_83' title="bbox 1926 3622 3576 3698; baseline 0 -19"><span class='ocrx_word' id='word_1_586' title='bbox 1926 3624 2115 3680; x_wconf 91' lang='lat' dir='ltr'>mines</span> <span class='ocrx_word' id='word_1_587' title='bbox 2139 3628 2271 3697; x_wconf 90' lang='lat' dir='ltr'>post</span> <span class='ocrx_word' id='word_1_588' title='bbox 2290 3628 2596 3698; x_wconf 85' lang='lat' dir='ltr'>peccatum</span> <span class='ocrx_word' id='word_1_589' title='bbox 2619 3624 2680 3679; x_wconf 91' lang='lat' dir='ltr'>in</span> <span class='ocrx_word' id='word_1_590' title='bbox 2708 3622 2991 3680; x_wconf 90' lang='lat' dir='ltr'>membris</span> <span class='ocrx_word' id='word_1_591' title='bbox 3024 3622 3149 3679; x_wconf 90' lang='lat' dir='ltr'>suis</span> <span class='ocrx_word' id='word_1_592' title='bbox 3180 3622 3416 3679; x_wconf 90' lang='lat' dir='ltr'>illicitos</span> <span class='ocrx_word' id='word_1_593' title='bbox 3436 3639 3576 3679; x_wconf 85' lang='lat' dir='ltr'>sen—</span> 
     </span>
    </p>
   </div>
   <div class='ocr_carea' id='block_1_84' title="bbox 1926 3711 3581 3770">
    <p class='ocr_par' dir='ltr' id='par_1_84' title="bbox 1926 3711 3581 3770">
     <span class='ocr_line' id='line_1_84' title="bbox 1926 3711 3581 3770; baseline -0.001 -1"><span class='ocrx_word' id='word_1_594' title='bbox 1926 3714 2138 3770; x_wconf 88' lang='lat' dir='ltr'>tientes</span> <span class='ocrx_word' id='word_1_595' title='bbox 2161 3718 2358 3770; x_wconf 89' lang='lat' dir='ltr'>motus</span> <span class='ocrx_word' id='word_1_596' title='bbox 2380 3714 2453 3770; x_wconf 88' lang='lat' dir='ltr'>ad</span> <span class='ocrx_word' id='word_1_597' title='bbox 2475 3712 2705 3769; x_wconf 89' lang='lat' dir='ltr'>arboris</span> <span class='ocrx_word' id='word_1_598' title='bbox 2729 3711 2991 3768; x_wconf 69' lang='lat' dir='ltr'>ﬁculneae</span> <span class='ocrx_word' id='word_1_599' title='bbox 3007 3711 3146 3767; x_wconf 88' lang='lat' dir='ltr'>folia</span> <span class='ocrx_word' id='word_1_600' title='bbox 3162 3715 3581 3768; x_wconf 86' lang='lat' dir='ltr'>concurrentes</span> 
     </span>
    </p>
   </div>
   <div class='ocr_carea' id='block_1_85' title="bbox 1927 3800 3581 3875">
    <p class='ocr_par' dir='ltr' id='par_1_85' title="bbox 1927 3800 3581 3875">
     <span class='ocr_line' id='line_1_85' title="bbox 1927 3800 3581 3875; baseline -0.001 -17"><span class='ocrx_word' id='word_1_601' title='bbox 1927 3802 2036 3860; x_wconf 83' lang='lat' dir='ltr'>sibi</span> <span class='ocrx_word' id='word_1_602' title='bbox 2071 3803 2425 3875; x_wconf 86' lang='lat' dir='ltr'>perizomata</span> <span class='ocrx_word' id='word_1_603' title='bbox 2454 3806 2764 3859; x_wconf 79' lang='lat' dir='ltr'>texuerunt</span> <span class='ocrx_word' id='word_1_604' title='bbox 2793 3802 2945 3865; x_wconf 83' lang='lat' dir='ltr'>(Gen.</span> <span class='ocrx_word' id='word_1_605' title='bbox 2971 3800 3052 3863; x_wconf 85' lang='grc' dir='ltr'><strong>ιιι)</strong></span> <span class='ocrx_word' id='word_1_606' title='bbox 3076 3819 3090 3870; x_wconf 89' lang='grc'><strong>;</strong></span> <span class='ocrx_word' id='word_1_607' title='bbox 3124 3801 3225 3857; x_wconf 87' lang='lat' dir='ltr'>sed</span> <span class='ocrx_word' id='word_1_608' title='bbox 3255 3801 3378 3856; x_wconf 70' lang='lat' dir='ltr'>haec</span> <span class='ocrx_word' id='word_1_609' title='bbox 3408 3800 3581 3875; x_wconf 88' lang='lat' dir='ltr'>spiri-</span> 
     </span>
    </p>
   </div>
   <div class='ocr_carea' id='block_1_86' title="bbox 1925 3889 3587 3964">
    <p class='ocr_par' dir='ltr' id='par_1_86' title="bbox 1925 3889 3587 3964">
     <span class='ocr_line' id='line_1_86' title="bbox 1925 3889 3587 3964; baseline -0.001 -16"><span class='ocrx_word' id='word_1_610' title='bbox 1925 3892 2119 3948; x_wconf 30' lang='lat' dir='ltr'>tualiat</span> <span class='ocrx_word' id='word_1_611' title='bbox 2132 3895 2289 3957; x_wconf 90' lang='lat' dir='ltr'>sunt,</span> <span class='ocrx_word' id='word_1_612' title='bbox 2315 3909 2441 3964; x_wconf 72' lang='lat' dir='ltr'>quas</span> <span class='ocrx_word' id='word_1_613' title='bbox 2462 3891 2747 3947; x_wconf 89' lang='lat' dir='ltr'>hactenus</span> <span class='ocrx_word' id='word_1_614' title='bbox 2769 3894 3003 3963; x_wconf 87' lang='lat' dir='ltr'>portare</span> <span class='ocrx_word' id='word_1_615' title='bbox 3032 3907 3149 3947; x_wconf 90' lang='lat' dir='ltr'>non</span> <span class='ocrx_word' id='word_1_616' title='bbox 3176 3892 3475 3963; x_wconf 87' lang='lat' dir='ltr'>poteratis,</span> <span class='ocrx_word' id='word_1_617' title='bbox 3490 3889 3587 3946; x_wconf 76' lang='lat' dir='ltr'>sed</span> 
     </span>
    </p>
   </div>
   <div class='ocr_carea' id='block_1_87' title="bbox 1925 3978 3583 4053">
    <p class='ocr_par' dir='ltr' id='par_1_87' title="bbox 1925 3978 3583 4053">
     <span class='ocr_line' id='line_1_87' title="bbox 1925 3978 3583 4053; baseline -0.001 -16"><span class='ocrx_word' id='word_1_618' title='bbox 1925 3981 2273 4051; x_wconf 86' lang='lat' dir='ltr'>necdum,ut</span> <span class='ocrx_word' id='word_1_619' title='bbox 2329 3998 2465 4038; x_wconf 89' lang='lat' dir='ltr'>cum</span> <span class='ocrx_word' id='word_1_620' title='bbox 2519 3978 2794 4053; x_wconf 88' lang='lat' dir='ltr'>Apostolo</span> <span class='ocrx_word' id='word_1_621' title='bbox 2854 3979 3068 4046; x_wconf 91' lang='lat' dir='ltr'>dicam,</span> <span class='ocrx_word' id='word_1_622' title='bbox 3108 3981 3375 4052; x_wconf 84' lang='lat' dir='ltr'>potestis;</span> <span class='ocrx_word' id='word_1_623' title='bbox 3405 3979 3583 4036; x_wconf 80' lang='lat' dir='ltr'>adhuc</span> 
     </span>
    </p>
   </div>
   <div class='ocr_carea' id='block_1_88' title="bbox 1926 4066 3587 4139">
    <p class='ocr_par' dir='ltr' id='par_1_88' title="bbox 1926 4066 3587 4139">
     <span class='ocr_line' id='line_1_88' title="bbox 1926 4066 3587 4139; baseline -0.002 -12"><span class='ocrx_word' id='word_1_624' title='bbox 1926 4073 2078 4127; x_wconf 84' lang='lat' dir='ltr'>enim</span> <span class='ocrx_word' id='word_1_625' title='bbox 2103 4072 2231 4127; x_wconf 87' lang='lat' dir='ltr'>estis</span> <span class='ocrx_word' id='word_1_626' title='bbox 2257 4070 2513 4126; x_wconf 82' lang='lat' dir='ltr'>carnales</span> <span class='ocrx_word' id='word_1_627' title='bbox 2539 4071 2587 4131; x_wconf 73' lang='lat' dir='ltr'>il</span> <span class='ocrx_word' id='word_1_628' title='bbox 2607 4070 2736 4125; x_wconf 87' lang='lat' dir='ltr'>Cor.</span> <span class='ocrx_word' id='word_1_629' title='bbox 2750 4068 2871 4136; x_wconf 84' lang='lat' dir='ltr'><strong>III);</strong></span> <span class='ocrx_word' id='word_1_630' title='bbox 2897 4071 2956 4124; x_wconf 87' lang='lat' dir='ltr'>et</span> <span class='ocrx_word' id='word_1_631' title='bbox 2974 4068 3103 4124; x_wconf 91' lang='lat' dir='ltr'>ideo</span> <span class='ocrx_word' id='word_1_632' title='bbox 3122 4066 3260 4124; x_wconf 92' lang='lat' dir='ltr'>hinc</span> <span class='ocrx_word' id='word_1_633' title='bbox 3289 4083 3587 4139; x_wconf 86' lang='lat' dir='ltr'>perpauca</span> 
     </span>
    </p>
   </div>
   <div class='ocr_carea' id='block_1_89' title="bbox 1928 4155 3576 4232">
    <p class='ocr_par' dir='ltr' id='par_1_89' title="bbox 1928 4155 3576 4232">
     <span class='ocr_line' id='line_1_89' title="bbox 1928 4155 3576 4232; baseline -0.002 -16"><span class='ocrx_word' id='word_1_634' title='bbox 1928 4160 2208 4227; x_wconf 86' lang='lat' dir='ltr'>diximus,</span> <span class='ocrx_word' id='word_1_635' title='bbox 2228 4176 2362 4215; x_wconf 90' lang='lat' dir='ltr'>cum</span> <span class='ocrx_word' id='word_1_636' title='bbox 2385 4158 2555 4232; x_wconf 90' lang='lat' dir='ltr'>plura</span> <span class='ocrx_word' id='word_1_637' title='bbox 2578 4158 2694 4214; x_wconf 89' lang='lat' dir='ltr'>Deo</span> <span class='ocrx_word' id='word_1_638' title='bbox 2725 4158 2979 4214; x_wconf 87' lang='lat' dir='ltr'>donante</span> <span class='ocrx_word' id='word_1_639' title='bbox 3011 4156 3201 4213; x_wconf 88' lang='lat' dir='ltr'>dicere</span> <span class='ocrx_word' id='word_1_640' title='bbox 3228 4155 3576 4212; x_wconf 83' lang='lat' dir='ltr'>valeremus.</span> 
     </span>
    </p>
   </div>
   <div class='ocr_carea' id='block_1_90' title="bbox 2000 4244 3579 4317">
    <p class='ocr_par' dir='ltr' id='par_1_90' title="bbox 2000 4244 3579 4317">
     <span class='ocr_line' id='line_1_90' title="bbox 2000 4244 3579 4317; baseline -0.003 -12"><span class='ocrx_word' id='word_1_641' title='bbox 2000 4248 2111 4305; x_wconf 88' lang='lat' dir='ltr'>LX.</span> <span class='ocrx_word' id='word_1_642' title='bbox 2136 4248 2592 4305; x_wconf 86' lang='lat' dir='ltr'>Consulentibus</span> <span class='ocrx_word' id='word_1_643' title='bbox 2611 4246 2778 4303; x_wconf 87' lang='lat' dir='ltr'>vobis</span> <span class='ocrx_word' id='word_1_644' title='bbox 2799 4245 2850 4301; x_wconf 92' lang='lat' dir='ltr'>si</span> <span class='ocrx_word' id='word_1_645' title='bbox 2872 4246 3047 4302; x_wconf 90' lang='lat' dir='ltr'>liceat</span> <span class='ocrx_word' id='word_1_646' title='bbox 3070 4245 3293 4317; x_wconf 89' lang='lat' dir='ltr'>absque</span> <span class='ocrx_word' id='word_1_647' title='bbox 3315 4244 3579 4317; x_wconf 77' lang='lat' dir='ltr'>jejunio-</span> 
     </span>
    </p>
   </div>
   <div class='ocr_carea' id='block_1_91' title="bbox 1929 4331 3581 4409">
    <p class='ocr_par' dir='ltr' id='par_1_91' title="bbox 1929 4331 3581 4409">
     <span class='ocr_line' id='line_1_91' title="bbox 1929 4331 3581 4409; baseline -0.004 -15"><span class='ocrx_word' id='word_1_648' title='bbox 1929 4354 2063 4394; x_wconf 90' lang='lat' dir='ltr'>rum</span> <span class='ocrx_word' id='word_1_649' title='bbox 2091 4340 2352 4409; x_wconf 88' lang='lat' dir='ltr'>tempore</span> <span class='ocrx_word' id='word_1_650' title='bbox 2381 4333 2971 4408; x_wconf 87' lang='lat' dir='ltr'>quantulumcunque</span> <span class='ocrx_word' id='word_1_651' title='bbox 2998 4331 3165 4388; x_wconf 89' lang='lat' dir='ltr'>valde</span> <span class='ocrx_word' id='word_1_652' title='bbox 3197 4347 3370 4387; x_wconf 86' lang='lat' dir='ltr'>mane</span> <span class='ocrx_word' id='word_1_653' title='bbox 3393 4347 3581 4387; x_wconf 84' lang='lat' dir='ltr'>come-</span> 
     </span>
    </p>
   </div>
   <div class='ocr_carea' id='block_1_92' title="bbox 1929 4418 3597 4497">
    <p class='ocr_par' dir='ltr' id='par_1_92' title="bbox 1929 4418 3597 4497">
     <span class='ocr_line' id='line_1_92' title="bbox 1929 4418 3597 4497; baseline -0.004 -15"><span class='ocrx_word' id='word_1_654' title='bbox 1929 4426 2084 4493; x_wconf 89' lang='lat' dir='ltr'>dere,</span> <span class='ocrx_word' id='word_1_655' title='bbox 2118 4423 2562 4497; x_wconf 84' lang='lat' dir='ltr'>respondemus,</span> <span class='ocrx_word' id='word_1_656' title='bbox 2583 4419 2860 4493; x_wconf 91' lang='lat' dir='ltr'>quoniam</span> <span class='ocrx_word' id='word_1_657' title='bbox 2893 4418 3189 4475; x_wconf 88' lang='lat' dir='ltr'>neminem</span> <span class='ocrx_word' id='word_1_658' title='bbox 3219 4422 3453 4493; x_wconf 90' lang='lat' dir='ltr'>patrum</span> <span class='ocrx_word' id='word_1_659' title='bbox 3484 4435 3597 4475; x_wconf 65' lang='lat' dir='ltr'>noo&#39;</span> 
     </span>
    </p>
   </div>
   <div class='ocr_carea' id='block_1_93' title="bbox 1930 4508 3581 4576">
    <p class='ocr_par' dir='ltr' id='par_1_93' title="bbox 1930 4508 3581 4576">
     <span class='ocr_line' id='line_1_93' title="bbox 1930 4508 3581 4576; baseline -0.005 -5"><span class='ocrx_word' id='word_1_660' title='bbox 1930 4518 2187 4571; x_wconf 80' lang='lat' dir='ltr'>atrorum</span> <span class='ocrx_word' id='word_1_661' title='bbox 2217 4517 2354 4569; x_wconf 88' lang='lat' dir='ltr'>ante</span> <span class='ocrx_word' id='word_1_662' title='bbox 2380 4511 2589 4568; x_wconf 90' lang='lat' dir='ltr'>horam</span> <span class='ocrx_word' id='word_1_663' title='bbox 2620 4509 2736 4566; x_wconf 91' lang='lat' dir='ltr'>diei</span> <span class='ocrx_word' id='word_1_664' title='bbox 2767 4508 3011 4566; x_wconf 58' lang='lat' dir='ltr'>tertiam.</span> <span class='ocrx_word' id='word_1_665' title='bbox 3036 4508 3448 4576; x_wconf 85' lang='lat' dir='ltr'>manducasse,</span> <span class='ocrx_word' id='word_1_666' title='bbox 3473 4523 3581 4564; x_wconf 89' lang='lat' dir='ltr'>nec</span> 
     </span>
    </p>
   </div>
   <div class='ocr_carea' id='block_1_94' title="bbox 171 4596 3583 4692">
    <p class='ocr_par' dir='ltr' id='par_1_94' title="bbox 171 4596 3583 4692">
     <span class='ocr_line' id='line_1_94' title="bbox 171 4596 3583 4692; baseline -0.006 -18"><span class='ocrx_word' id='word_1_667' title='bbox 171 4616 334 4673; x_wconf 85' lang='lat' dir='ltr'>niam</span> <span class='ocrx_word' id='word_1_668' title='bbox 369 4613 419 4671; x_wconf 92' lang='lat' dir='ltr'>si</span> <span class='ocrx_word' id='word_1_669' title='bbox 448 4608 704 4669; x_wconf 90' lang='lat' dir='ltr'>eunuchi</span> <span class='ocrx_word' id='word_1_670' title='bbox 735 4610 1024 4682; x_wconf 61' lang='lat' dir='ltr'>praecepta</span> <span class='ocrx_word' id='word_1_671' title='bbox 1057 4604 1154 4660; x_wconf 89' lang='lat' dir='ltr'>Dei</span> <span class='ocrx_word' id='word_1_672' title='bbox 1185 4600 1588 4668; x_wconf 89' lang='lat' dir='ltr'>custodierint,</span> <span class='ocrx_word' id='word_1_673' title='bbox 1623 4601 1694 4656; x_wconf 93' lang='lat' dir='ltr'>ad</span> <span class='ocrx_word' id='word_1_674' title='bbox 1728 4617 1822 4656; x_wconf 83' lang='lat' dir='ltr'>re-</span> <span class='ocrx_word' id='word_1_675' title='bbox 1852 4625 1911 4692; x_wconf 70' lang='grc' dir='ltr'>Ι)⁵</span> <span class='ocrx_word' id='word_1_676' title='bbox 1932 4606 2136 4660; x_wconf 87' lang='lat' dir='ltr'>sancta</span> <span class='ocrx_word' id='word_1_677' title='bbox 2164 4598 2424 4658; x_wconf 85' lang='lat' dir='ltr'>Ecclesia</span> <span class='ocrx_word' id='word_1_678' title='bbox 2453 4604 2587 4657; x_wconf 89' lang='lat' dir='ltr'>ante</span> <span class='ocrx_word' id='word_1_679' title='bbox 2617 4599 2824 4656; x_wconf 92' lang='lat' dir='ltr'>horam</span> <span class='ocrx_word' id='word_1_680' title='bbox 2872 4597 3027 4654; x_wconf 89' lang='lat' dir='ltr'>hanc</span> <span class='ocrx_word' id='word_1_681' title='bbox 3072 4596 3583 4654; x_wconf 58' lang='lat' dir='ltr'>traditionem-su-</span> 
     </span>
    </p>
   </div>
   <div class='ocr_carea' id='block_1_95' title="bbox 172 4692 1823 4781">
    <p class='ocr_par' dir='ltr' id='par_1_95' title="bbox 172 4692 1823 4781">
     <span class='ocr_line' id='line_1_95' title="bbox 172 4692 1823 4781; baseline -0.011 -19"><span class='ocrx_word' id='word_1_682' title='bbox 172 4721 357 4781; x_wconf 88' lang='lat' dir='ltr'>gnum</span> <span class='ocrx_word' id='word_1_683' title='bbox 389 4701 617 4760; x_wconf 75' lang='lat' dir='ltr'>cmleste</span> <span class='ocrx_word' id='word_1_684' title='bbox 645 4694 1084 4772; x_wconf 87' lang='lat' dir='ltr'>percipiendum</span> <span class='ocrx_word' id='word_1_685' title='bbox 1117 4692 1263 4748; x_wconf 91' lang='lat' dir='ltr'>nihil</span> <span class='ocrx_word' id='word_1_686' title='bbox 1296 4692 1385 4749; x_wconf 89' lang='lat' dir='ltr'>eis</span> <span class='ocrx_word' id='word_1_687' title='bbox 1406 4692 1612 4747; x_wconf 89' lang='lat' dir='ltr'>obesse</span> <span class='ocrx_word' id='word_1_688' title='bbox 1641 4706 1823 4745; x_wconf 85' lang='lat' dir='ltr'>mem-</span> 
     </span>
    </p>
   </div>
   <div class='ocr_carea' id='block_1_96' title="bbox 174 4780 1826 4864">
    <p class='ocr_par' dir='ltr' id='par_1_96' title="bbox 174 4780 1826 4864">
     <span class='ocr_line' id='line_1_96' title="bbox 174 4780 1826 4864; baseline -0.011 -13"><span class='ocrx_word' id='word_1_689' title='bbox 174 4780 417 4851; x_wconf 83' lang='lat' dir='ltr'>brorum</span> <span class='ocrx_word' id='word_1_690' title='bbox 449 4788 660 4864; x_wconf 78' lang='lat' dir='ltr'>poterit</span> <span class='ocrx_word' id='word_1_691' title='bbox 681 4782 1068 4852; x_wconf 89' lang='lat' dir='ltr'>detruncatio,</span> <span class='ocrx_word' id='word_1_692' title='bbox 1084 4798 1219 4838; x_wconf 92' lang='lat' dir='ltr'>cum</span> <span class='ocrx_word' id='word_1_693' title='bbox 1241 4780 1566 4837; x_wconf 90' lang='lat' dir='ltr'>secundum</span> <span class='ocrx_word' id='word_1_694' title='bbox 1585 4781 1826 4852; x_wconf 85' lang='lat' dir='ltr'>Aposto-</span> 
     </span>
    </p>
   </div>
   <div class='ocr_carea' id='block_1_97' title="bbox 174 4868 1825 4941">
    <p class='ocr_par' dir='ltr' id='par_1_97' title="bbox 174 4868 1825 4941">
     <span class='ocr_line' id='line_1_97' title="bbox 174 4868 1825 4941; baseline -0.01 -2"><span class='ocrx_word' id='word_1_695' title='bbox 174 4884 302 4941; x_wconf 91' lang='lat' dir='ltr'>lum</span> <span class='ocrx_word' id='word_1_696' title='bbox 331 4881 392 4936; x_wconf 91' lang='lat' dir='ltr'>in</span> <span class='ocrx_word' id='word_1_697' title='bbox 424 4875 853 4936; x_wconf 89' lang='lat' dir='ltr'>resurrectione</span> <span class='ocrx_word' id='word_1_698' title='bbox 883 4889 1088 4930; x_wconf 89' lang='lat' dir='ltr'>omnes</span> <span class='ocrx_word' id='word_1_699' title='bbox 1134 4886 1515 4927; x_wconf 81' lang='lat' dir='ltr'>occurramus</span> <span class='ocrx_word' id='word_1_700' title='bbox 1541 4869 1602 4924; x_wconf 92' lang='lat' dir='ltr'>in</span> <span class='ocrx_word' id='word_1_701' title='bbox 1630 4868 1825 4924; x_wconf 85' lang='lat' dir='ltr'>virum</span> 
     </span>
    </p>
   </div>
   <div class='ocr_carea' id='block_1_98' title="bbox 176 4958 1822 5047">
    <p class='ocr_par' dir='ltr' id='par_1_98' title="bbox 176 4958 1822 5047">
     <span class='ocr_line' id='line_1_98' title="bbox 176 4958 1822 5047; baseline -0.009 -18"><span class='ocrx_word' id='word_1_702' title='bbox 176 4972 500 5047; x_wconf 87' lang='lat' dir='ltr'>perfectum</span> <span class='ocrx_word' id='word_1_703' title='bbox 535 4967 756 5041; x_wconf 86' lang='lat' dir='ltr'>(Ephes.</span> <span class='ocrx_word' id='word_1_704' title='bbox 792 4974 895 5035; x_wconf 85' lang='lat' dir='ltr'>1v),</span> <span class='ocrx_word' id='word_1_705' title='bbox 927 4967 984 5020; x_wconf 90' lang='lat' dir='ltr'>et</span> <span class='ocrx_word' id='word_1_706' title='bbox 1013 4978 1125 5036; x_wconf 85' lang='lat' dir='ltr'>per</span> <span class='ocrx_word' id='word_1_707' title='bbox 1144 4959 1489 5034; x_wconf 87' lang='lat' dir='ltr'>prophetam</span> <span class='ocrx_word' id='word_1_708' title='bbox 1516 4958 1822 5024; x_wconf 88' lang='lat' dir='ltr'>Dominus,</span> 
     </span>
    </p>
   </div>
   <div class='ocr_carea' id='block_1_99' title="bbox 179 5048 1831 5134">
    <p class='ocr_par' dir='ltr' id='par_1_99' title="bbox 179 5048 1831 5134">
     <span class='ocr_line' id='line_1_99' title="bbox 179 5048 1831 5134; baseline -0.009 -15"><span class='ocrx_word' id='word_1_709' title='bbox 179 5062 231 5120; x_wconf 90' lang='lat' dir='ltr'>si</span> <span class='ocrx_word' id='word_1_710' title='bbox 261 5062 390 5134; x_wconf 87' lang='lat' dir='ltr'>ejus</span> <span class='ocrx_word' id='word_1_711' title='bbox 419 5059 697 5116; x_wconf 83' lang='lat' dir='ltr'>mandata</span> <span class='ocrx_word' id='word_1_712' title='bbox 727 5052 1176 5116; x_wconf 87' lang='lat' dir='ltr'>observaverint,</span> <span class='ocrx_word' id='word_1_713' title='bbox 1209 5048 1495 5107; x_wconf 89' lang='lat' dir='ltr'>eunuchis</span> <span class='ocrx_word' id='word_1_714' title='bbox 1544 5048 1831 5105; x_wconf 91' lang='lat' dir='ltr'>nonnulla</span> 
     </span>
    </p>
   </div>
   <div class='ocr_carea' id='block_1_100' title="bbox 178 5137 1830 5223">
    <p class='ocr_par' dir='ltr' id='par_1_100' title="bbox 178 5137 1830 5223">
     <span class='ocr_line' id='line_1_100' title="bbox 178 5137 1830 5223; baseline -0.007 -16"><span class='ocrx_word' id='word_1_715' title='bbox 178 5151 314 5209; x_wconf 69' lang='lat' dir='ltr'>laeta</span> <span class='ocrx_word' id='word_1_716' title='bbox 342 5148 648 5223; x_wconf 88' lang='lat' dir='ltr'>promittat</span> <span class='ocrx_word' id='word_1_717' title='bbox 678 5143 951 5208; x_wconf 78' lang='lat' dir='ltr'>(lsa.Lv1).</span> <span class='ocrx_word' id='word_1_718' title='bbox 975 5140 1277 5214; x_wconf 89' lang='lat' dir='ltr'>Siquidem</span> <span class='ocrx_word' id='word_1_719' title='bbox 1310 5143 1367 5195; x_wconf 85' lang='lat' dir='ltr'>et</span> <span class='ocrx_word' id='word_1_720' title='bbox 1394 5137 1491 5193; x_wconf 91' lang='lat' dir='ltr'>ille</span> <span class='ocrx_word' id='word_1_721' title='bbox 1521 5138 1830 5195; x_wconf 88' lang='lat' dir='ltr'>eunuchus</span> 
     </span>
    </p>
   </div>
   <div class='ocr_carea' id='block_1_101' title="bbox 179 5227 1834 5311">
    <p class='ocr_par' dir='ltr' id='par_1_101' title="bbox 179 5227 1834 5311">
     <span class='ocr_line' id='line_1_101' title="bbox 179 5227 1834 5311; baseline -0.008 -16"><span class='ocrx_word' id='word_1_722' title='bbox 179 5238 444 5311; x_wconf 66' lang='lat' dir='ltr'>[Ethiops</span> <span class='ocrx_word' id='word_1_723' title='bbox 475 5254 509 5292; x_wconf 85' lang='lat' dir='ltr'>a</span> <span class='ocrx_word' id='word_1_724' title='bbox 536 5238 738 5292; x_wconf 89' lang='lat' dir='ltr'>sancto</span> <span class='ocrx_word' id='word_1_725' title='bbox 788 5234 947 5289; x_wconf 85' lang='lat' dir='ltr'>Luca</span> <span class='ocrx_word' id='word_1_726' title='bbox 994 5228 1351 5303; x_wconf 84' lang='lat' dir='ltr'>evangelista</span> <span class='ocrx_word' id='word_1_727' title='bbox 1399 5227 1742 5300; x_wconf 88' lang='lat' dir='ltr'>provirtute</span> <span class='ocrx_word' id='word_1_728' title='bbox 1773 5231 1834 5283; x_wconf 90' lang='lat' dir='ltr'>et</span> 
     </span>
    </p>
   </div>
   <div class='ocr_carea' id='block_1_102' title="bbox 180 5315 1834 5401">
    <p class='ocr_par' dir='ltr' id='par_1_102' title="bbox 180 5315 1834 5401">
     <span class='ocr_line' id='line_1_102' title="bbox 180 5315 1834 5401; baseline -0.009 -16"><span class='ocrx_word' id='word_1_729' title='bbox 180 5327 521 5401; x_wconf 89' lang='lat' dir='ltr'>integritate</span> <span class='ocrx_word' id='word_1_730' title='bbox 566 5324 656 5381; x_wconf 92' lang='lat' dir='ltr'>vir</span> <span class='ocrx_word' id='word_1_731' title='bbox 712 5320 1038 5395; x_wconf 86' lang='lat' dir='ltr'>appellatur</span> <span class='ocrx_word' id='word_1_732' title='bbox 1092 5319 1235 5374; x_wconf 94' lang='lat' dir='ltr'>dum</span> <span class='ocrx_word' id='word_1_733' title='bbox 1292 5315 1433 5372; x_wconf 92' lang='lat' dir='ltr'>dicit</span> <span class='ocrx_word' id='word_1_734' title='bbox 1466 5333 1479 5371; x_wconf 90' lang='lat'>:</span> <span class='ocrx_word' id='word_1_735' title='bbox 1511 5316 1578 5371; x_wconf 87' lang='lat' dir='ltr'>Et</span> <span class='ocrx_word' id='word_1_736' title='bbox 1602 5331 1718 5372; x_wconf 84' lang='lat' dir='ltr'>ecce</span> <span class='ocrx_word' id='word_1_737' title='bbox 1745 5317 1834 5371; x_wconf 84' lang='lat' dir='ltr'>vir</span> 
     </span>
    </p>
   </div>
   <div class='ocr_carea' id='block_1_103' title="bbox 184 5405 1831 5490">
    <p class='ocr_par' dir='ltr' id='par_1_103' title="bbox 184 5405 1831 5490">
     <span class='ocr_line' id='line_1_103' title="bbox 184 5405 1831 5490; baseline -0.009 -15"><span class='ocrx_word' id='word_1_738' title='bbox 184 5418 428 5490; x_wconf 62' lang='lat' dir='ltr'>Ethiops</span> <span class='ocrx_word' id='word_1_739' title='bbox 465 5414 749 5473; x_wconf 75' lang='lat' dir='ltr'>eunuchus</span> <span class='ocrx_word' id='word_1_740' title='bbox 774 5419 965 5485; x_wconf 82' lang='lat' dir='ltr'>potens</span> <span class='ocrx_word' id='word_1_741' title='bbox 997 5408 1261 5465; x_wconf 83' lang='lat' dir='ltr'>Candacis</span> <span class='ocrx_word' id='word_1_742' title='bbox 1283 5407 1496 5476; x_wconf 65' lang='lat' dir='ltr'>reginae</span> <span class='ocrx_word' id='word_1_743' title='bbox 1523 5406 1660 5476; x_wconf 79' lang='lat' dir='ltr'>(Act.</span> <span class='ocrx_word' id='word_1_744' title='bbox 1690 5405 1831 5478; x_wconf 84' lang='lat' dir='ltr'>vm).</span> 
     </span>
    </p>
   </div>
   <div class='ocr_carea' id='block_1_104' title="bbox 255 5493 1835 5567">
    <p class='ocr_par' dir='ltr' id='par_1_104' title="bbox 255 5493 1835 5567">
     <span class='ocr_line' id='line_1_104' title="bbox 255 5493 1835 5567; baseline -0.008 -4"><span class='ocrx_word' id='word_1_745' title='bbox 255 5506 452 5563; x_wconf 86' lang='lat' dir='ltr'><strong>LVIII.</strong></span> <span class='ocrx_word' id='word_1_746' title='bbox 485 5505 697 5561; x_wconf 88' lang='lat' dir='ltr'>Utrum</span> <span class='ocrx_word' id='word_1_747' title='bbox 727 5500 915 5557; x_wconf 87' lang='lat' dir='ltr'>velato</span> <span class='ocrx_word' id='word_1_748' title='bbox 955 5515 1028 5554; x_wconf 90' lang='lat' dir='ltr'>an</span> <span class='ocrx_word' id='word_1_749' title='bbox 1060 5497 1281 5552; x_wconf 89' lang='lat' dir='ltr'>nudato</span> <span class='ocrx_word' id='word_1_750' title='bbox 1312 5494 1499 5567; x_wconf 86' lang='lat' dir='ltr'>capite</span> <span class='ocrx_word' id='word_1_751' title='bbox 1530 5493 1745 5551; x_wconf 87' lang='lat' dir='ltr'>mulier</span> <span class='ocrx_word' id='word_1_752' title='bbox 1774 5495 1835 5550; x_wconf 90' lang='lat' dir='ltr'>in</span> 
     </span>
    </p>
   </div>
   <div class='ocr_carea' id='block_1_105' title="bbox 187 5584 1833 5659">
    <p class='ocr_par' dir='ltr' id='par_1_105' title="bbox 187 5584 1833 5659">
     <span class='ocr_line' id='line_1_105' title="bbox 187 5584 1833 5659; baseline -0.008 -4"><span class='ocrx_word' id='word_1_753' title='bbox 187 5595 433 5655; x_wconf 88' lang='lat' dir='ltr'>ecclesia</span> <span class='ocrx_word' id='word_1_754' title='bbox 463 5598 618 5651; x_wconf 89' lang='lat' dir='ltr'>stare</span> <span class='ocrx_word' id='word_1_755' title='bbox 649 5591 877 5655; x_wconf 90' lang='lat' dir='ltr'>debeat,</span> <span class='ocrx_word' id='word_1_756' title='bbox 924 5584 1238 5659; x_wconf 87' lang='lat' dir='ltr'>Apostolus</span> <span class='ocrx_word' id='word_1_757' title='bbox 1280 5586 1449 5641; x_wconf 87' lang='lat' dir='ltr'>docet</span> <span class='ocrx_word' id='word_1_758' title='bbox 1482 5584 1525 5658; x_wconf 91' lang='grc'>(1</span> <span class='ocrx_word' id='word_1_759' title='bbox 1555 5586 1675 5642; x_wconf 86' lang='lat' dir='ltr'>Cor.</span> <span class='ocrx_word' id='word_1_760' title='bbox 1706 5589 1787 5656; x_wconf 74' lang='lat' dir='ltr'>x1)</span> <span class='ocrx_word' id='word_1_761' title='bbox 1819 5601 1833 5642; x_wconf 89' lang='lat'><strong>:</strong></span> 
     </span>
    </p>
   </div>
   <div class='ocr_carea' id='block_1_106' title="bbox 187 5675 1840 5755">
    <p class='ocr_par' dir='ltr' id='par_1_106' title="bbox 187 5675 1840 5755">
     <span class='ocr_line' id='line_1_106' title="bbox 187 5675 1840 5755; baseline -0.007 -7"><span class='ocrx_word' id='word_1_762' title='bbox 187 5687 385 5748; x_wconf 75' lang='lat' dir='ltr'>Mulier</span> <span class='ocrx_word' id='word_1_763' title='bbox 412 5700 598 5754; x_wconf 85' lang='lat' dir='ltr'>orans,</span> <span class='ocrx_word' id='word_1_764' title='bbox 632 5690 729 5740; x_wconf 86' lang='lat' dir='ltr'>aut</span> <span class='ocrx_word' id='word_1_765' title='bbox 751 5677 1080 5755; x_wconf 84' lang='lat' dir='ltr'>prephetans</span> <span class='ocrx_word' id='word_1_766' title='bbox 1107 5692 1218 5734; x_wconf 82' lang='lat' dir='ltr'>non</span> <span class='ocrx_word' id='word_1_767' title='bbox 1251 5676 1423 5735; x_wconf 86' lang='lat' dir='ltr'>velato</span> <span class='ocrx_word' id='word_1_768' title='bbox 1443 5676 1636 5750; x_wconf 77' lang='lat' dir='ltr'>capite,</span> <span class='ocrx_word' id='word_1_769' title='bbox 1660 5675 1840 5737; x_wconf 82' lang='lat' dir='ltr'>detur-</span> 
     </span>
    </p>
   </div>
   <div class='ocr_carea' id='block_1_107' title="bbox 514 5805 1033 5879">
    <p class='ocr_par' dir='ltr' id='par_1_107' title="bbox 514 5805 1033 5879">
     <span class='ocr_line' id='line_1_107' title="bbox 514 5805 1033 5879; baseline -0.021 0"><span class='ocrx_word' id='word_1_770' title='bbox 514 5814 786 5879; x_wconf 71' lang='grc' dir='ltr'><strong>ΡΑτιιοι..</strong></span> <span class='ocrx_word' id='word_1_771' title='bbox 831 5805 1033 5871; x_wconf 82' lang='lat' dir='ltr'>CXIX.</span> 
     </span>
    </p>
   </div>
   <div class='ocr_carea' id='block_1_108' title="bbox 1934 4684 3585 4761">
    <p class='ocr_par' dir='ltr' id='par_1_108' title="bbox 1934 4684 3585 4761">
     <span class='ocr_line' id='line_1_108' title="bbox 1934 4684 3585 4761; baseline -0.005 -10"><span class='ocrx_word' id='word_1_772' title='bbox 1934 4690 2129 4751; x_wconf 79' lang='lat' dir='ltr'>mandi</span> <span class='ocrx_word' id='word_1_773' title='bbox 2160 4691 2359 4748; x_wconf 90' lang='lat' dir='ltr'>cibum</span> <span class='ocrx_word' id='word_1_774' title='bbox 2395 4688 2689 4761; x_wconf 86' lang='lat' dir='ltr'>accepisse</span> <span class='ocrx_word' id='word_1_775' title='bbox 2720 4685 3151 4755; x_wconf 88' lang='lat' dir='ltr'>recolimus,vel</span> <span class='ocrx_word' id='word_1_776' title='bbox 3183 4684 3585 4743; x_wconf 90' lang='lat' dir='ltr'>monumentis</span> 
     </span>
    </p>
   </div>
   <div class='ocr_carea' id='block_1_109' title="bbox 1932 4775 3586 4856">
    <p class='ocr_par' dir='ltr' id='par_1_109' title="bbox 1932 4775 3586 4856">
     <span class='ocr_line' id='line_1_109' title="bbox 1932 4775 3586 4856; baseline -0.005 -17"><span class='ocrx_word' id='word_1_777' title='bbox 1932 4782 2385 4856; x_wconf 88' lang='lat' dir='ltr'>quibuscunque</span> <span class='ocrx_word' id='word_1_778' title='bbox 2427 4776 2751 4851; x_wconf 89' lang='lat' dir='ltr'>reperimus</span> <span class='ocrx_word' id='word_1_779' title='bbox 2786 4794 2799 4833; x_wconf 90' lang='lat'><strong>:</strong></span> <span class='ocrx_word' id='word_1_780' title='bbox 2833 4794 2867 4832; x_wconf 89' lang='lat' dir='ltr'>e</span> <span class='ocrx_word' id='word_1_781' title='bbox 2894 4775 3187 4833; x_wconf 87' lang='lat' dir='ltr'>contrario</span> <span class='ocrx_word' id='word_1_782' title='bbox 3230 4793 3365 4832; x_wconf 84' lang='lat' dir='ltr'>vero</span> <span class='ocrx_word' id='word_1_783' title='bbox 3411 4791 3586 4848; x_wconf 89' lang='lat' dir='ltr'>quos-</span> 
     </span>
    </p>
   </div>
   <div class='ocr_carea' id='block_1_110' title="bbox 1933 4866 3595 4940">
    <p class='ocr_par' dir='ltr' id='par_1_110' title="bbox 1933 4866 3595 4940">
     <span class='ocr_line' id='line_1_110' title="bbox 1933 4866 3595 4940; baseline -0.005 -12"><span class='ocrx_word' id='word_1_784' title='bbox 1933 4873 2070 4928; x_wconf 89' lang='lat' dir='ltr'>dam</span> <span class='ocrx_word' id='word_1_785' title='bbox 2100 4885 2303 4926; x_wconf 89' lang='lat' dir='ltr'>eorum</span> <span class='ocrx_word' id='word_1_786' title='bbox 2333 4884 2523 4940; x_wconf 90' lang='lat' dir='ltr'>usque</span> <span class='ocrx_word' id='word_1_787' title='bbox 2544 4868 2615 4923; x_wconf 85' lang='lat' dir='ltr'>ad</span> <span class='ocrx_word' id='word_1_788' title='bbox 2637 4883 2969 4939; x_wconf 88' lang='lat' dir='ltr'>vesperum,</span> <span class='ocrx_word' id='word_1_789' title='bbox 2991 4866 3138 4922; x_wconf 90' lang='lat' dir='ltr'>alios</span> <span class='ocrx_word' id='word_1_790' title='bbox 3164 4870 3359 4923; x_wconf 87' lang='lat' dir='ltr'>autem</span> <span class='ocrx_word' id='word_1_791' title='bbox 3394 4878 3595 4937; x_wconf 87' lang='lat' dir='ltr'>usque</span> 
     </span>
    </p>
   </div>
   <div class='ocr_carea' id='block_1_111' title="bbox 1936 4955 3587 5028">
    <p class='ocr_par' dir='ltr' id='par_1_111' title="bbox 1936 4955 3587 5028">
     <span class='ocr_line' id='line_1_111' title="bbox 1936 4955 3587 5028; baseline -0.005 -11"><span class='ocrx_word' id='word_1_792' title='bbox 1936 4962 2006 5017; x_wconf 91' lang='lat' dir='ltr'>ad</span> <span class='ocrx_word' id='word_1_793' title='bbox 2032 4975 2262 5016; x_wconf 77' lang='lat' dir='ltr'>nonam</span> <span class='ocrx_word' id='word_1_794' title='bbox 2278 4958 2483 5014; x_wconf 88' lang='lat' dir='ltr'>horam</span> <span class='ocrx_word' id='word_1_795' title='bbox 2507 4956 2658 5013; x_wconf 88' lang='lat' dir='ltr'>dici:</span> <span class='ocrx_word' id='word_1_796' title='bbox 2685 4973 2858 5028; x_wconf 85' lang='lat' dir='ltr'>porro</span> <span class='ocrx_word' id='word_1_797' title='bbox 2880 4955 3028 5012; x_wconf 90' lang='lat' dir='ltr'>alios</span> <span class='ocrx_word' id='word_1_798' title='bbox 3048 4971 3238 5026; x_wconf 90' lang='lat' dir='ltr'>usque</span> <span class='ocrx_word' id='word_1_799' title='bbox 3261 4955 3332 5009; x_wconf 90' lang='lat' dir='ltr'>ad</span> <span class='ocrx_word' id='word_1_800' title='bbox 3364 4958 3587 5010; x_wconf 83' lang='lat' dir='ltr'>sextam</span> 
     </span>
    </p>
   </div>
   <div class='ocr_carea' id='block_1_112' title="bbox 1934 5040 3591 5118">
    <p class='ocr_par' dir='ltr' id='par_1_112' title="bbox 1934 5040 3591 5118">
     <span class='ocr_line' id='line_1_112' title="bbox 1934 5040 3591 5118; baseline -0.005 -12"><span class='ocrx_word' id='word_1_801' title='bbox 1934 5048 2607 5118; x_wconf 74' lang='lat' dir='ltr'>invenimus-jejunasse:</span> <span class='ocrx_word' id='word_1_802' title='bbox 2624 5044 2856 5100; x_wconf 90' lang='lat' dir='ltr'>nullum</span> <span class='ocrx_word' id='word_1_803' title='bbox 2872 5048 3068 5100; x_wconf 90' lang='lat' dir='ltr'>autem</span> <span class='ocrx_word' id='word_1_804' title='bbox 3091 5057 3263 5098; x_wconf 88' lang='lat' dir='ltr'>mane</span> <span class='ocrx_word' id='word_1_805' title='bbox 3284 5040 3591 5113; x_wconf 88' lang='lat' dir='ltr'>cibiquan-</span> 
     </span>
    </p>
   </div>
   <div class='ocr_carea' id='block_1_113' title="bbox 1934 5131 3591 5209">
    <p class='ocr_par' dir='ltr' id='par_1_113' title="bbox 1934 5131 3591 5209">
     <span class='ocr_line' id='line_1_113' title="bbox 1934 5131 3591 5209; baseline -0.004 -13"><span class='ocrx_word' id='word_1_806' title='bbox 1934 5139 2365 5209; x_wconf 88' lang='lat' dir='ltr'>tulumcunque</span> <span class='ocrx_word' id='word_1_807' title='bbox 2379 5136 2708 5209; x_wconf 88' lang='lat' dir='ltr'>sumpsisse</span> <span class='ocrx_word' id='word_1_808' title='bbox 2721 5132 3276 5206; x_wconf 91' lang='lat' dir='ltr'>comperimus,cum</span> <span class='ocrx_word' id='word_1_809' title='bbox 3290 5131 3487 5204; x_wconf 89' lang='lat' dir='ltr'>potius</span> <span class='ocrx_word' id='word_1_810' title='bbox 3499 5131 3591 5189; x_wconf 58' lang='grc' dir='ltr'>γε</span> 
     </span>
    </p>
   </div>
   <div class='ocr_carea' id='block_1_114' title="bbox 1939 5219 3587 5299">
    <p class='ocr_par' dir='ltr' id='par_1_114' title="bbox 1939 5219 3587 5299">
     <span class='ocr_line' id='line_1_114' title="bbox 1939 5219 3587 5299; baseline -0.005 -15"><span class='ocrx_word' id='word_1_811' title='bbox 1939 5228 2161 5284; x_wconf 91' lang='lat' dir='ltr'>dictum</span> <span class='ocrx_word' id='word_1_812' title='bbox 2211 5225 2311 5299; x_wconf 91' lang='lat' dir='ltr'>qui</span> <span class='ocrx_word' id='word_1_813' title='bbox 2354 5242 2529 5281; x_wconf 88' lang='lat' dir='ltr'>mane</span> <span class='ocrx_word' id='word_1_814' title='bbox 2558 5223 2875 5280; x_wconf 87' lang='lat' dir='ltr'>comedunt</span> <span class='ocrx_word' id='word_1_815' title='bbox 2904 5221 3085 5277; x_wconf 84' lang='lat' dir='ltr'>fuisse</span> <span class='ocrx_word' id='word_1_816' title='bbox 3110 5219 3426 5294; x_wconf 89' lang='lat' dir='ltr'>legerimus</span> <span class='ocrx_word' id='word_1_817' title='bbox 3457 5219 3587 5281; x_wconf 86' lang='lat' dir='ltr'>(Isa.</span> 
     </span>
    </p>
   </div>
   <div class='ocr_carea' id='block_1_115' title="bbox 1940 5308 3605 5390">
    <p class='ocr_par' dir='ltr' id='par_1_115' title="bbox 1940 5308 3605 5390">
     <span class='ocr_line' id='line_1_115' title="bbox 1940 5308 3605 5390; baseline -0.004 -17"><span class='ocrx_word' id='word_1_818' title='bbox 1940 5327 2019 5390; x_wconf 90' lang='lat' dir='ltr'>v).</span> <span class='ocrx_word' id='word_1_819' title='bbox 2054 5315 2446 5383; x_wconf 88' lang='lat' dir='ltr'>Quamobrem</span> <span class='ocrx_word' id='word_1_820' title='bbox 2476 5314 2549 5369; x_wconf 89' lang='lat' dir='ltr'>ab</span> <span class='ocrx_word' id='word_1_821' title='bbox 2580 5311 2692 5369; x_wconf 88' lang='lat' dir='ltr'>isto</span> <span class='ocrx_word' id='word_1_822' title='bbox 2720 5309 3031 5367; x_wconf 87' lang='lat' dir='ltr'>maledicto</span> <span class='ocrx_word' id='word_1_823' title='bbox 3075 5326 3178 5366; x_wconf 89' lang='lat' dir='ltr'>vos</span> <span class='ocrx_word' id='word_1_824' title='bbox 3208 5308 3432 5366; x_wconf 85' lang='lat' dir='ltr'>alienos</span> <span class='ocrx_word' id='word_1_825' title='bbox 3462 5325 3605 5366; x_wconf 88' lang='lat' dir='ltr'>esse-</span> 
     </span>
    </p>
   </div>
   <div class='ocr_carea' id='block_1_116' title="bbox 1944 5398 3593 5469">
    <p class='ocr_par' dir='ltr' id='par_1_116' title="bbox 1944 5398 3593 5469">
     <span class='ocr_line' id='line_1_116' title="bbox 1944 5398 3593 5469; baseline -0.005 -6"><span class='ocrx_word' id='word_1_826' title='bbox 1944 5406 2345 5463; x_wconf 88' lang='lat' dir='ltr'>desiderantes</span> <span class='ocrx_word' id='word_1_827' title='bbox 2368 5403 2695 5469; x_wconf 89' lang='lat' dir='ltr'>hortamur,</span> <span class='ocrx_word' id='word_1_828' title='bbox 2718 5404 2783 5456; x_wconf 94' lang='lat' dir='ltr'>ut</span> <span class='ocrx_word' id='word_1_829' title='bbox 2812 5402 2945 5456; x_wconf 88' lang='lat' dir='ltr'>ante</span> <span class='ocrx_word' id='word_1_830' title='bbox 2974 5398 3181 5455; x_wconf 87' lang='lat' dir='ltr'>horam</span> <span class='ocrx_word' id='word_1_831' title='bbox 3212 5398 3324 5454; x_wconf 90' lang='lat' dir='ltr'>diei</span> <span class='ocrx_word' id='word_1_832' title='bbox 3357 5398 3593 5455; x_wconf 87' lang='lat' dir='ltr'>tertiam</span> 
     </span>
    </p>
   </div>
   <div class='ocr_carea' id='block_1_117' title="bbox 1946 5486 3599 5565">
    <p class='ocr_par' dir='ltr' id='par_1_117' title="bbox 1946 5486 3599 5565">
     <span class='ocr_line' id='line_1_117' title="bbox 1946 5486 3599 5565; baseline -0.007 -12"><span class='ocrx_word' id='word_1_833' title='bbox 1946 5495 2179 5553; x_wconf 88' lang='lat' dir='ltr'>nullum</span> <span class='ocrx_word' id='word_1_834' title='bbox 2211 5493 2451 5549; x_wconf 90' lang='lat' dir='ltr'>omnino</span> <span class='ocrx_word' id='word_1_835' title='bbox 2474 5490 2832 5565; x_wconf 90' lang='lat' dir='ltr'>corporalem</span> <span class='ocrx_word' id='word_1_836' title='bbox 2850 5488 3046 5545; x_wconf 90' lang='lat' dir='ltr'>cibum</span> <span class='ocrx_word' id='word_1_837' title='bbox 3065 5487 3242 5545; x_wconf 89' lang='lat' dir='ltr'>etiam</span> <span class='ocrx_word' id='word_1_838' title='bbox 3267 5487 3325 5544; x_wconf 92' lang='lat' dir='ltr'>in</span> <span class='ocrx_word' id='word_1_839' title='bbox 3348 5487 3497 5561; x_wconf 89' lang='lat' dir='ltr'>ipsis</span> <span class='ocrx_word' id='word_1_840' title='bbox 3511 5486 3599 5542; x_wconf 85' lang='lat' dir='ltr'>in-</span> 
     </span>
    </p>
   </div>
   <div class='ocr_carea' id='block_1_118' title="bbox 1948 5576 3599 5658">
    <p class='ocr_par' dir='ltr' id='par_1_118' title="bbox 1948 5576 3599 5658">
     <span class='ocr_line' id='line_1_118' title="bbox 1948 5576 3599 5658; baseline -0.005 -18"><span class='ocrx_word' id='word_1_841' title='bbox 1948 5580 2216 5658; x_wconf 88' lang='lat' dir='ltr'>signibus</span> <span class='ocrx_word' id='word_1_842' title='bbox 2246 5578 2721 5636; x_wconf 90' lang='lat' dir='ltr'>solemnitatibus</span> <span class='ocrx_word' id='word_1_843' title='bbox 2744 5577 2983 5633; x_wconf 90' lang='lat' dir='ltr'>omnino</span> <span class='ocrx_word' id='word_1_844' title='bbox 3001 5576 3251 5633; x_wconf 89' lang='lat' dir='ltr'>sumatis</span> <span class='ocrx_word' id='word_1_845' title='bbox 3274 5592 3287 5631; x_wconf 91' lang='lat'>:</span> <span class='ocrx_word' id='word_1_846' title='bbox 3313 5593 3450 5633; x_wconf 87' lang='lat' dir='ltr'>nam</span> <span class='ocrx_word' id='word_1_847' title='bbox 3469 5592 3599 5648; x_wconf 70' lang='lat' dir='ltr'>quin</span> 
     </span>
    </p>
   </div>
   <div class='ocr_carea' id='block_1_119' title="bbox 1951 5663 3621 5746">
    <p class='ocr_par' dir='ltr' id='par_1_119' title="bbox 1951 5663 3621 5746">
     <span class='ocr_line' id='line_1_119' title="bbox 1951 5663 3621 5746; baseline -0.005 -12"><span class='ocrx_word' id='word_1_848' title='bbox 1951 5669 2292 5734; x_wconf 86' lang='lat' dir='ltr'>solemnitas</span> <span class='ocrx_word' id='word_1_849' title='bbox 2323 5669 2514 5746; x_wconf 88' lang='lat' dir='ltr'>potest</span> <span class='ocrx_word' id='word_1_850' title='bbox 2542 5683 2671 5728; x_wconf 86' lang='lat' dir='ltr'>esse</span> <span class='ocrx_word' id='word_1_851' title='bbox 2702 5667 3037 5727; x_wconf 86' lang='lat' dir='ltr'>Pentecoste</span> <span class='ocrx_word' id='word_1_852' title='bbox 3069 5663 3621 5743; x_wconf 75' lang='lat' dir='ltr'>sublimior,inqua&#39;</span> 
     </span>
    </p>
   </div>
   <div class='ocr_carea' id='block_1_120' title="bbox 3205 5793 3285 5862">
    <p class='ocr_par' dir='ltr' id='par_1_120' title="bbox 3205 5793 3285 5862">
     <span class='ocr_line' id='line_1_120' title="bbox 3205 5793 3285 5862; baseline 0.025 -2"><span class='ocrx_word' id='word_1_853' title='bbox 3205 5793 3285 5862; x_wconf 78' lang='lat'>32</span> 
     </span>
    </p>
   </div>
  </div>
