4098 6460
553 349 710 411 1003

1931 336 2244 406 NICOLAI
2290 334 2519 402 ΡΑΡιΕ
2560 336 2612 404 Ι.

3820 334 3966 402 1604

553 483 808 557 Spiritus
839 486 1079 539 sanctus
1108 497 1288 555 super
1317 478 1612 555 apostolos
1645 477 1969 548 descendit,
2002 492 2069 531 ac
2102 489 2207 548 per
2235 475 2289 542 Α
2316 480 2367 530 et
2397 473 2836 545 honoriﬁcatum,
2870 480 2921 530 et
2950 474 3061 545 ipsi
3097 480 3359 546 tanquam
3408 470 3615 546 lapides
3640 472 3757 529 vivi
3786 488 3963 545 super-

553 572 663 628 hoc
690 572 959 629 homines
986 574 1332 628 meruerunt
1354 570 1412 624 in
1436 585 1497 625 se
1522 568 1821 640 suscipere
1850 563 2212 621 Dominum?

555 662 620 718 In
650 662 764 718 ista
792 677 1005 734 nempe
1035 660 1347 717 festivitate
1378 657 1564 715 sancti
1617 655 1864 728 apostoli
1910 671 2044 710 cum
2079 652 2211 709 aliis

555 748 859 805 nonnullis
890 749 1036 805 hora
1055 748 1169 803 diei
1192 746 1362 803 tertia
1391 745 1764 817 reperiuntur
1793 743 1976 799 fuisse
1997 738 2210 813 jejuni,

559 853 696 892 cum
726 835 979 909 repletos
1009 833 1229 907 Spiritu
1263 837 1485 899 sancto,
1520 836 1577 886 et
1609 831 1916 903 loquentes
1947 828 2215 885 omnium

563 928 830 1000 gentium
847 924 1065 999 linguis
1083 923 1440 996 quibusdam
1463 920 1783 977 incredulis
1813 918 2214 984 audientibus,

565 1014 1277 1089 etobstupescentibus,et
1300 1013 1456 1085 quod
1485 1014 1680 1067 musto
1711 1014 1908 1066 essent
1931 1007 2135 1081 repleti
2154 1005 2215 1075 ii,

570 1106 671 1179 qui
702 1104 879 1162 simul
909 1105 1153 1161 aderant
1184 1102 1330 1159 falso
1363 1100 1730 1158 dicentibus:
1759 1099 1964 1155 Petrus
1996 1100 2223 1169 aposto-

570 1195 760 1251 lorum
794 1194 1065 1267 princeps
1095 1191 1479 1265 responderit,
1505 1190 1738 1246 dicens:
1768 1189 1881 1245 Non
1904 1188 2225 1255 enim,sicut

569 1302 661 1341 vos
690 1285 1003 1353 aestimatis,
1032 1283 1177 1339 ebrii
1204 1289 1335 1337 sunt
1365 1282 1480 1349 isti,
1503 1296 1628 1335 cum
1654 1280 1726 1335 sit
1756 1279 1892 1333 hora
1919 1277 2033 1332 diei
2062 1276 2223 1331 tertia

573 1377 710 1448 (Act.
745 1377 828 1443 ιι),
863 1373 963 1429 ubi
996 1372 1321 1428 notandum
1355 1370 1510 1443 quod
1543 1386 1659 1425 non
1710 1367 1902 1425 solum
1953 1363 2222 1439 apostoli,

574 1464 675 1521 sed
697 1468 753 1520 et
781 1479 987 1519 omnes
1020 1461 1119 1533 qui
1153 1477 1288 1516 cum
1318 1460 1465 1532 ipsis
1496 1462 1684 1526 erant,
1704 1457 1762 1513 id
1782 1459 1871 1513 est
1887 1460 2126 1513 centum
2144 1454 2227 1509 vi-

574 1554 719 1628 ginti
748 1553 881 1621 viri,
902 1568 1079 1625 super
1108 1567 1257 1622 quos
1288 1549 1543 1622 Spiritus
1573 1552 1815 1604 sanctus
1846 1545 2227 1609 cecidit,hora

574 1642 689 1699 diei
710 1642 883 1697 tertia
896 1640 1085 1713 jejuni
1106 1639 1493 1712 reperiantur.
1510 1637 1695 1694 Simul
1710 1636 1887 1692 etiam
1900 1635 2225 1691 notandum

576 1733 733 1806 quod
756 1749 873 1787 non
896 1730 1107 1785 dixerit
1128 1731 1335 1785 beatus
1360 1730 1562 1784 Petrus
1583 1725 1926 1799 simpliciter
1949 1744 1961 1781 :
1986 1725 2230 1793 Non,sic-

575 1828 639 1877 ut
665 1837 755 1877 vos
783 1821 1089 1887 wstimatis,
1123 1819 1186 1874 hi
1232 1819 1374 1874 ebrii
1422 1825 1568 1884 sunt,
1603 1817 1703 1872 sed
1736 1814 2027 1871 addiderit
2061 1830 2074 1868 :
2104 1829 2230 1868 cum

574 1913 646 1967 sit
675 1911 808 1967 hora
837 1910 953 1966 diei
980 1911 1180 1977 tertia;
1213 1925 1279 1964 ac
1309 1908 1358 1964 si
1389 1911 1655 1979 patenter
1710 1905 1928 1961 diceret
1960 1921 1973 1958 :
2008 1902 2125 1976 Ipsi
2157 1901 2229 1956 li-

576 2000 756 2073 quido
783 1999 991 2068 nostis,
1025 1998 1180 2070 quod
1229 2014 1343 2053 non
1376 1996 1454 2053 sit
1484 1994 1613 2053 istis
1643 1992 2055 2052 consuetudini
2093 1997 2227 2049 ante

574 2090 779 2147 horam
818 2088 931 2145 diei
964 2088 1195 2145 tertiam
1219 2087 1517 2159 jejunium
1567 2085 1807 2153 solvere,
1841 2083 2224 2156 quamobrem

573 2179 794 2235 frustra
823 2177 958 2234 illos
989 2177 1181 2233 ebrios
1211 2192 1340 2232 esse
1380 2175 1620 2247 putatis.
1656 2172 1976 2229 Imitamini
2027 2173 2227 2244 itaque

572 2268 702 2336 hos,
738 2271 803 2323 ut
833 2266 1089 2339 Spiritus
1119 2267 1380 2331 sanctus,
1414 2266 1473 2320 et
1503 2262 1551 2319 si
1584 2278 1699 2317 non
1731 2260 1982 2327 tardius,
2014 2258 2222 2315 saltem

569 2357 717 2413 hora
739 2356 913 2413 tertia
942 2355 1057 2412 diei
1103 2370 1205 2410 vos
1245 2354 1485 2425 jejunos
1515 2350 1836 2416 inveniens,
1867 2349 2022 2405 sicut
2052 2348 2221 2419 istos,

568 2455 685 2504 vos
702 2463 937 2518 quoque
966 2444 1348 2518 inspiratione
1376 2460 1495 2499 suae
1526 2440 1724 2515 gratia:
1764 2439 2004 2512 repleat.

645 2537 781 2592 LXI.
815 2522 898 2591 De
926 2538 1132 2590 caetero
1164 2533 1311 2589 scire
1341 2549 1443 2587 vos
1485 2531 1628 2587 velle
1678 2529 2047 2603 significatis,
2081 2533 2225 2602 quot

567 2625 795 2681 vicibus
807 2623 1034 2680 laicalis
1050 2639 1300 2695 persona
1311 2639 1414 2695 per
1434 2636 1920 2692 unumquemque
1932 2619 2083 2674 diem
2101 2636 2225 2675 ora-

566 2714 789 2771 tionem
821 2713 1010 2769 facere
1048 2712 1276 2781 debeat,
1310 2711 1368 2765 in
1419 2726 1535 2783 quo
1580 2709 1730 2765 scire
1777 2726 1879 2764 vos
1930 2709 2218 2779 convenit,

566 2804 865 2861 neminem.
915 2806 1221 2874 exceptum
1271 2817 1398 2857 esse
1434 2800 1506 2855 ab
1538 2817 1625 2867 eo,
1660 2799 1816 2871 quod
1845 2798 2129 2855 Dominus
2158 2798 2218 2854 in

564 2892 877 2966 Evangelio
907 2892 1051 2948 dicit
1083 2909 1095 2947 :
1132 2891 1346 2964 Oportet
1393 2906 1606 2962 semper
1648 2905 1825 2956 orare,
1859 2897 1911 2945 et
1947 2905 2058 2944 non
2085 2888 2218 2960 deﬁ-

562 3000 683 3040 cere
720 2983 896 3044 (Joan.
931 2981 1092 3041 xvm)
1120 2998 1133 3049 ;
1167 2985 1224 3036 et
1252 2978 1567 3052 Apostolus
1600 2995 1613 3034 :
1649 2980 1780 3035 Sine
1813 2980 2219 3036 intermissione

561 3082 713 3131 orate
745 3074 791 3136 (Ι
819 3073 994 3128 Thess.
1026 3072 1119 3139 v);
1153 3070 1307 3142 quod
1349 3068 1661 3125 sanissime
1718 3068 1955 3140 praefato
2015 3073 2216 3125 sancto

559 3162 891 3236 Augustino
915 3162 1177 3229 docente,
1204 3160 1288 3215 sic
1318 3158 1619 3231 accipitur,
1638 3162 1702 3213 ut
1723 3156 1885 3213 nullo
1917 3146 2010 3213 die
2040 3157 2216 3214 inter-

2319 563 2693 632 ;L’diﬁcamini
2722 564 2781 617 in
2811 563 3041 619 domum
3072 563 3381 635 spiritalem
3412 562 3459 623 (I
3490 564 3631 619 Petr.
3662 563 3747 627 ιι).

2392 650 2580 706 LXIII.
2604 650 2925 707 Consulitis
2957 655 3233 724 praeterea
3256 652 3303 708 si
3323 651 3496 708 liceat
3516 652 3639 708 viro
3670 649 3965 709 Dominico

2324 744 2613 796 nocturno
2641 740 2732 797 vel
2782 740 2993 797 diurno
3036 745 3299 814 tempore
3330 758 3464 797 cum
3496 758 3672 798 uxore
3700 759 3815 798 sua
3845 759 3965 798 con-

2317 828 2491 903 jungi
2522 834 2624 885 aut
2654 830 3165 903 dormire,quibus
3194 831 3618 903 respondemus
3650 848 3664 887 :
3698 832 3968 905 quoniam

2327 918 2376 974 si
2394 918 2698 975 Dominico
2729 920 2821 975 die
2853 921 2925 975 ab
2959 937 3131 993 opere
3163 921 3462 977 mundano
3495 922 3851 977 cessandum
3874 927 3968 989 est,

2329 1008 2482 1063 sicut
2527 1025 2708 1081 supra
2751 1008 3083 1078 docuimus,
3119 1014 3338 1083 quanto
3387 1010 3582 1083 potius
3621 1027 3656 1066 a
3684 1010 3972 1084 voluptate

2330 1096 2553 1153 carnali
2602 1101 2659 1153 et
2707 1098 3047 1155 omnimodo
3096 1098 3357 1171 corporis
3405 1097 3727 1172 pollutione
3777 1118 3971 1158 caven-

2331 1186 2521 1242 dum?
2547 1188 2870 1260 praesertim
2923 1204 3056 1244 cum
3089 1187 3378 1244 Dominici
3408 1189 3522 1245 diei
3553 1206 3793 1259 nomen,
3830 1194 3972 1264 quod

2332 1274 2694 1332 nihileodem
2714 1276 2804 1332 die
2818 1281 3026 1350 praeter
3045 1295 3170 1351 quae
3194 1277 3425 1334 Domini
3448 1284 3586 1335 sunt
3610 1280 3973 1340 Christianus

2333 1382 2504 1439 agere
2526 1354 2753 1435 debeat,
2777 1365 3001 1439 liquido
3026 1367 3381 1424 manifestet.
3408 1367 3581 1425 Porro
3612 1369 3879 1443 idipsum
3899 1380 3975 1431 est

2336 1454 2408 1509 de
2430 1458 2717 1511 nocturno
2740 1454 2930 1529 ipsius
2952 1455 3069 1531 diei
3092 1457 3247 1529 quod
3270 1458 3341 1513 de
3362 1457 3572 1515 diurno
3587 1462 3853 1533 tempore
3865 1480 3978 1519 sen-

2334 1542 2623 1599 tiendum.
2649 1544 2812 1601 Unus
2828 1548 2919 1601 est
2939 1546 3095 1601 enim
3118 1546 3263 1615 dies,
3288 1545 3389 1619 qui
3411 1551 3531 1603 tam
3549 1548 3788 1619 diurno,
3808 1567 3975 1624 quam

2337 1636 2623 1688 nocturno
2653 1634 2840 1706 spatio
2869 1638 3118 1703 constat,
3148 1635 3355 1709 viginti
3396 1640 3648 1708 quatuor
3676 1638 3858 1697 horas
3887 1641 3978 1697 ha-

2338 1722 2501 1778 bens.
2525 1722 2671 1779 Nam
2706 1723 2819 1779 nisi
2849 1728 2970 1779 tam
3003 1724 3271 1780 absentia
3296 1742 3472 1798 quam
3507 1730 3824 1799 praesentia
3853 1728 3979 1787 solis

2339 1828 2494 1868 unus
2525 1813 2798 1870 existeret
2827 1813 3365 1888 dies,nequaquam
3397 1815 3698 1889 Scriptura
3730 1819 3978 1876 diceret:

2337 1903 2563 1957 Factum
2592 1911 2669 1958 est
2698 1920 2914 1976 vespere
2943 1912 2994 1959 et
3023 1920 3183 1981 mane
3233 1905 3356 1961 dies
3386 1922 3530 1961 unus
3560 1906 3710 1977 (Gen.
3750 1909 3793 1977 ι)
3826 1927 3841 1965 :
3866 1909 3978 1981 jam

2336 2007 2467 2047 vero
2487 1992 2535 2047 si
2567 1992 2982 2048 dormiendum
3012 1992 3361 2067 simpliciter
3389 1995 3590 2051 eodem
3624 1996 3701 2052 sit
3730 2001 3981 2072 tempore

2336 2096 2472 2135 cum
2505 2097 2681 2137 uxore
2713 2082 2968 2155 propria,
2985 2082 3474 2155 quinquagesimo
3506 2084 3716 2141 harum
3755 2104 3979 2161 respon-

2335 2169 2570 2226 sionum
2604 2176 2939 2228 nostrarum
2972 2170 3227 2245 capitulo
3259 2174 3413 2245 quod
3438 2174 3977 2242 sensimus,cursim

2324 2258 2453 2329 jam
2471 2260 2897 2318 intimavimus.
2919 2261 3115 2330 Porro,
3138 2264 3206 2317 ut
3219 2261 3411 2319 verbis
3441 2268 3574 2319 utar
3592 2265 3978 2338 Apostoli,hoc

2331 2350 2410 2405 ad
2442 2351 2739 2407 utilitatem
2762 2359 2999 2407 vestram
3018 2351 3290 2419 dico,non
3320 2359 3380 2408 ut
3412 2352 3667 2425 laqueum
3686 2356 3844 2411 vobis
3867 2358 3977 2429 inji-

2329 2441 2496 2508 ciam,
2530 2442 2629 2497 sed
2657 2442 2737 2497 ad
2766 2442 2832 2497 id
2859 2441 3011 2513 quod
3061 2440 3343 2497 honestum
3370 2450 3463 2511 est,
3496 2451 3548 2499 et
3575 2445 3726 2517 quod
3754 2447 3974 2517 faculta-

2331 2537 2437 2585 tem
2462 2529 2707 2602 praebeat
2735 2532 2855 2586 sine
2884 2531 3271 2603 impedimento
3315 2532 3609 2588 Dominum
3656 2535 3975 2593 obsecrandi

2331 2619 2377 2691 (ι
2406 2619 2527 2675 Cor.
2555 2620 2678 2690 vn).

2402 2708 2589 2765 LXIV.
2623 2709 2774 2773 Quot
2802 2709 3011 2766 diebus
3040 2709 3183 2780 viro,
3217 2715 3528 2784 postquam
3560 2712 3781 2771 mulier
3800 2714 3972 2772 illium

2328 2798 2615 2871 genuerit,
2640 2799 2713 2856 ab
2745 2816 2813 2855 ea
2842 2799 2918 2856 sit
2945 2799 3387 2869 abstinendum,
3420 2818 3535 2857 non
3562 2802 3974 2861 adinventioni—

2327 2888 2439 2943 bus
2473 2888 2711 2956 nostris,
2746 2889 2848 2945 sed
2878 2889 3071 2945 verbis
3125 2890 3307 2945 beatae
3363 2891 3658 2947 memorias
3716 2893 3971 2968 Gregorii

2327 2977 2574 3034 Romani
2606 2978 2920 3050 pontificis,
2955 2983 3012 3034 et
3042 2977 3361 3053 Anglorum
3392 2980 3581 3053 gentis
3612 2984 3866 3055 apostoli
3884 2985 3968 3040 de-

2326 3066 2604 3135 claratur,
2636 3068 2734 3141 qui
2784 3068 3114 3142 Augustino
3164 3069 3459 3143 episcopo,
3493 3087 3667 3144 quem
3699 3072 3762 3128 in
3798 3074 3967 3130 Saxo-

2324 3158 2485 3214 niam
2534 3157 2660 3230 ipse
2705 3157 3014 3231 direxerat,
3048 3159 3311 3216 scribens
3371 3160 3523 3217 inter
3580 3165 3791 3219 caetera
3838 3163 3967 3220 dixit

561 3253 876 3309 mittantur
905 3256 1060 3307 certa
1106 3255 1373 3322 tempora
1426 3247 1632 3303 orandi
1660 3265 1673 3315 ;
1707 3262 1833 3320 quae
1867 3252 2062 3304 autem
2097 3248 2214 3304 sint
2244 3238 2286 3305 C
2326 3249 2515 3320 (Epist.
2551 3249 2648 3303 lib.
2682 3264 2781 3317 xu,
2813 3250 2970 3321 epist.
3001 3249 3090 3323 31)
3119 3267 3132 3304 :
3164 3250 3250 3305 Ad
3294 3250 3422 3322 ejus
3451 3268 3584 3307 vero
3612 3251 3690 3325 (id
3723 3258 3821 3309 est
3849 3271 3963 3309 mu-

560 3342 684 3399 haec
731 3346 890 3398 certa
936 3345 1205 3413 tempora
1243 3337 1469 3406 orandi,
1504 3355 1631 3409 quae
1663 3336 1825 3393 nullo
1856 3338 1948 3393 die
1978 3343 2211 3410 praeter-

562 3431 718 3487 mitti
751 3432 1021 3496 debeant,
1053 3428 1291 3501 quaerite
1324 3431 1380 3483 et
1400 3425 1727 3483 invenietis.

633 3521 801 3576 LXII.
836 3520 1084 3576 Refertis
1115 3519 1272 3591 quod
1316 3517 1467 3590 lapis
1516 3516 1788 3572 inventus
1819 3516 1896 3573 sit
1924 3508 2078 3590 apud
2110 3535 2212 3576 vos

560 3614 875 3683 antequam
904 3608 1401 3664 Christianitatem
1443 3606 1873 3679 suscepissetis,
1909 3608 1979 3663 de
2011 3625 2127 3680 quo
2158 3608 2208 3664 si

557 3700 875 3773 quisquam
893 3699 965 3754 ob
983 3696 1242 3769 aliquam
1272 3696 1674 3751 infirmitatem
1708 3695 1844 3768 quid
1881 3697 2210 3769 accipit,so-

554 3789 672 3846 leat
702 3787 1009 3860 aliquoties
1033 3787 1357 3843 remedium
1391 3786 1619 3858 corpori
1651 3803 1757 3842 suo
1788 3787 2046 3859 praebere
2067 3803 2079 3842 :
2102 3787 2207 3843 ali-

555 3878 786 3950 quoties
816 3893 948 3933 vero
981 3875 1106 3933 sine
1136 3876 1400 3949 profectu
1442 3891 1779 3944 remanere;
1812 3876 1966 3948 quod
2002 3876 2208 3950 utique

552 3968 729 4025 etiam
753 3967 825 4022 de
846 3965 948 4022 illo
980 3965 1193 4039 lapide,
1211 3965 1310 4037 qui
1332 3981 1639 4037 nunquam
1671 3965 2043 4021 sumentibus
2069 3983 2208 4040 quo~

548 4056 691 4113 tidie
723 4059 946 4112 certum
970 4060 1061 4111 est
1085 4054 1313 4111 evenire
1341 4053 1627 4124 videlicet,
1651 4058 1716 4109 ut
1740 4052 1839 4109 alii
1870 4055 2107 4127 quidem
2130 4057 2202 4113 ab

546 4146 892 4220 aegritudine
903 4162 1011 4201 sua
1024 4144 1349 4201 remedium
1362 4143 1632 4200 sanitatis
1647 4143 1759 4200 reci
1767 4144 2056 4217 piant,alii
2068 4163 2201 4204 vero

545 4236 891 4292 inﬁrmitate
908 4235 1235 4291 tabescunt.
1260 4234 1651 4298 Quamobrem
1675 4250 1783 4289 nos
1813 4239 2097 4307 tanquam
2116 4252 2202 4292 er-

547 4325 781 4393 roris(a)
793 4324 957 4381 vobis
969 4322 1415 4381 consulentibus
1427 4327 1625 4379 utrum
1641 4323 1711 4378 de
1722 4327 1928 4379 caetero
1942 4324 2201 4398 sitagen-

547 4416 692 4471 dum
724 4432 798 4471 an
831 4413 1781 4487 respuendum,respondemus,et
1802 4414 2197 4481 decernimus,

548 4509 839 4577 quatenus
871 4503 1065 4559 omnis
1094 4503 1360 4574 ejusdem
1401 4502 1614 4574 lapidis
1658 4507 1935 4574 sumptus
1964 4504 2198 4577 penitus

2323 3336 2504 3411 lieris)
2533 3336 2914 3393 concubitum
2962 3338 3051 3394 vir
3100 3356 3246 3396 suus
3296 3340 3568 3397 accedere
3616 3358 3731 3398 non
3784 3344 3962 3415 debet,

2322 3427 2709 3499 quoadusque
2739 3426 2931 3500 proles
2962 3444 3088 3500 quae
3119 3427 3400 3502 gignitur,
3434 3428 3964 3489 ablactetur.Prava

2322 3522 2519 3573 autem
2550 3516 2611 3572 in
2643 3518 3091 3590 conjugatorum
3134 3518 3398 3575 moribus
3448 3522 3813 3578 consuetudo
3845 3540 3962 3578 sur-

2320 3607 2485 3675 rexit,
2519 3610 2585 3661 ut
2616 3605 2894 3662 mulieres
2923 3606 3074 3663 filios
3122 3624 3269 3680 quos
3300 3607 3551 3682 gignunt
3581 3610 3807 3667 nutrire
3837 3628 3961 3667 con-

2317 3699 2829 3767 temnant,eosque
2844 3695 2974 3751 aliis
2988 3696 3338 3753 mulieribus
3352 3697 3699 3755 nutriendos
3712 3701 3959 3769 tradant;

2317 3785 2474 3857 quod
2504 3783 2775 3841 videlicet
2803 3785 2927 3842 sola
2958 3802 3138 3843 causa
3166 3785 3604 3845 incontinentiae
3634 3789 3869 3847 videtur
3888 3790 3960 3845 in-

2314 3878 2576 3943 ventum,
2611 3874 2712 3947 qui
2751 3876 2892 3930 dum
2943 3892 3004 3932 se
3044 3875 3341 3933 continere
3370 3876 3599 3949 nolunt,
3634 3879 3957 3953 despiciunt

2314 3963 2531 4020 lactare
2560 3979 2709 4036 quos
2740 3963 3009 4037 gignunt.

2387 4053 2543 4110 LXV.
2571 4054 2735 4109 Tunc
2757 4058 2911 4109 recte
2932 4070 3047 4111 non
3069 4053 3205 4111 licet
3225 4054 3466 4112 cuilibet
3487 4058 3951 4115 communionem

2312 4141 2527 4199 Christi
2556 4142 2872 4216 percipere,
2898 4144 3132 4216 quando
3154 4144 3303 4219 gulae
3334 4145 3570 4202 deditus
3602 4164 3717 4203 non
3749 4146 3954 4204 inveni-

2308 4237 2407 4287 tur
2428 4232 2692 4305 jojunus,
2728 4233 2871 4288 adeo
2904 4237 2969 4288 ut
3000 4234 3306 4306 mysticam
3353 4248 3621 4291 mensam
3655 4237 3949 4311 parvipen-

2309 4321 2453 4378 dens
2486 4321 2650 4395 prius
2695 4321 2809 4378 cibi
2853 4321 2985 4378 laici
3018 4328 3257 4396 sumptu
3281 4324 3579 4397 jejunium
3610 4325 3855 4383 solvisse
3876 4326 3948 4381 vi-

2309 4412 2536 4479 deatur,
2560 4410 2896 4483 Christique
2912 4413 3310 4469 venerandum
3334 4431 3545 4487 corpus
3559 4431 3624 4470 ac
3636 4417 3946 4489 pretiosum

2308 4500 2656 4574 sanguinem
2680 4518 2713 4555 a
2743 4500 2968 4556 caeteris
3001 4518 3118 4558 non
3151 4502 3492 4560 discernens
3523 4502 3818 4562 alimentis
3844 4522 3947 4561 non

545 4592 947 4666 prohibeatur,
980 4597 1037 4648 et
1063 4591 1419 4648 omnimodis
1449 4592 1750 4663 refutetur,
1776 4597 1833 4647 et
1860 4591 1920 4647 in
1954 4594 2077 4649 solo
2100 4593 2197 4651 illo
2227 4616 2273 4682 D
2306 4589 2697 4663 praeposuisse
2727 4590 2883 4646 omni
2919 4589 3191 4647 humanae
3236 4593 3556 4662 refectioni,
3590 4595 3691 4650 sed
3720 4602 3945 4669 postpo-

542 4681 737 4755 lapide
768 4682 1016 4738 Domino
1042 4687 1241 4737 nostro
1270 4682 1411 4737 Jesu
1441 4680 1694 4748 Christo,
1721 4698 1892 4753 quem
1928 4684 2196 4755 reproba-

538 4787 673 4828 vere
721 4771 1095 4838 aedificantes,
1139 4770 1235 4826 hic
1283 4770 1474 4825 factus
1523 4774 1613 4825 est
1659 4770 1718 4824 in
1769 4776 1944 4843 caput
1994 4772 2195 4847 anguli

542 4860 746 4934 (Matth.
779 4862 917 4931 χχι),
954 4876 1088 4932 spes
1120 4859 1301 4913 totius
1352 4857 1560 4913 salutis
1609 4857 1879 4915 humanae
1916 4867 2189 4933 ponatur,

539 4955 595 5005 et
625 4956 905 5022 tanquam
939 4967 972 5004 a
1004 4947 1323 5003 fortissimo
1373 4949 1784 5019 recuperandm
1831 4951 2190 5007 fortitudinis

537 5046 749 5095 nostra:
795 5038 1119 5095 remedium
1169 5040 1555 5108 exspectetur,
1591 5038 1659 5091 ad
1692 5055 1865 5110 quem
1892 5056 1994 5095 vos
2026 5057 2187 5097 acce-

535 5130 691 5197 dere,
725 5135 779 5184 et
814 5130 871 5183 in
906 5145 970 5183 eo
1004 5126 1278 5181 ﬁduciam
1312 5143 1545 5181 omnem
1588 5126 1777 5183 locare
1808 5129 2188 5186 beatissimus

533 5218 761 5293 primus
786 5216 1185 5290 apostolorum
1199 5216 1404 5271 Petrus
1419 5234 1520 5288 per
1540 5216 1846 5289 epistolam
1872 5235 2038 5274 suam
2054 5219 2186 5276 hor-

2305 4680 2497 4737 suisse
2521 4684 2817 4736 noscatur.
2852 4680 3197 4737 Remedium
3225 4682 3441 4756 quippe
3467 4681 3838 4741 salutiferum
3868 4686 3947 4740 est

2304 4787 2516 4844 corpus
2570 4770 2785 4826 Christi
2835 4774 3040 4826 contra
3092 4776 3418 4841 peccatum,
3451 4777 3507 4829 et
3538 4774 3638 4846 qui
3683 4774 3793 4831 hoc
3824 4778 3943 4831 ante

2302 4876 2538 4916 omnem
2571 4876 2765 4916 escam
2797 4854 3146 4917 venerantur
3194 4878 3309 4917 non
3360 4862 3540 4918 sumit
3571 4864 3666 4934 (b).
3701 4865 3773 4921 Et
3802 4870 3941 4921 certe

2301 4950 2561 5021 quotidie
2593 4949 2850 5005 medicos
2897 4950 3098 5006 vacuis
3145 4950 3469 5009 visceribus
3518 4970 3626 5009 sua
3656 4955 3938 5010 cernimus

2299 5040 2508 5111 pocula
2540 5040 2849 5113 propinare
2880 5057 2893 5095 :
2930 5046 2985 5096 et
3017 5042 3065 5095 si
3096 5041 3205 5097 hoc
3245 5059 3349 5114 pro
3398 5025 3644 5099 sanitate
3691 5042 3936 5118 corporis

2298 5129 2510 5201 agitur,
2535 5134 2755 5200 quanto
2775 5129 2971 5201 potius
3004 5135 3091 5186 est
3120 5148 3223 5204 pro
3257 5131 3464 5187 animae
3496 5131 3686 5189 salute
3718 5140 3935 5207 patran-

2296 5218 2437 5273 dum
2458 5218 2486 5274 ?
2507 5219 2789 5275 Caeterum
2823 5220 3209 5292 quamobrem
3234 5237 3350 5277 non
3380 5222 3586 5278 debeat
3608 5223 3677 5291 is,
3701 5224 3797 5279 cui
3819 5241 3933 5281 san-

532 5312 710 5374 tatur,
745 5307 947 5362 dicens
981 5322 993 5360 :
1027 5304 1105 5360 Ad
1136 5321 1292 5377 quem
1320 5306 1623 5363 accedentes
1654 5307 1891 5379 lapidem
1909 5310 2093 5365 vivum
2113 5310 2181 5365 ab
2290 5307 2424 5382 guis
2453 5325 2521 5364 ex
2552 5325 2649 5364 ore
2679 5308 2766 5364 vel
2800 5310 3042 5366 naribus
3074 5311 3436 5384 proﬂuxerit,
3471 5328 3685 5385 corpus
3716 5330 3783 5370 ac
3803 5331 3929 5370 san-

528 5398 843 5455 hominibus
875 5397 1098 5469 quidem
1130 5397 1497 5469 reprobatum,
1529 5414 1565 5452 a
1587 5397 1694 5453 Deo
1723 5405 1906 5453 autem
1950 5400 2181 5456 electum
2289 5398 2530 5471 guinem
2561 5397 2777 5455 Christi
2810 5399 3128 5473 percipere,
3162 5400 3368 5475 regula
3396 5400 3561 5459 nulla
3592 5400 3776 5460 docet.
3797 5402 3928 5460 Nam

523 5665 563 5733 ﬂ
568 5592 674 5723 u(:11)
694 5592 975 5725 mnium
1007 5599 1232 5670 erroris,
1266 5601 1367 5655 aut
1396 5600 1484 5655 est
1517 5599 1811 5671 corrupta,
1846 5603 1946 5655 aut
1976 5618 2176 5676 super-

2360 5600 2437 5673 (b)
2470 5597 2659 5671 Hujus
2690 5595 2801 5655 loci
2832 5614 2970 5675 pars
3000 5596 3183 5660 altera
3214 5598 3396 5661 deest.
