4098 6494
215 446 372 507 1005

1425 448 1832 512 EPISTOLIE
1873 438 1974 512 ET
2017 448 2398 513 DECRETA.

3462 461 3619 522 1006

212 580 370 652 quod
405 579 620 636 invitus
649 580 785 653 quis
816 581 1052 652 patitur,
1087 581 1145 638 in
1178 580 1411 654 culpam
1442 582 1494 636 ei
1527 599 1642 636 non
1693 581 1863 637 debet
1890 583 1945 648 Α
1974 585 2061 638 ter
2091 582 2205 638 alia
2252 583 2399 639 dixit
2445 586 2640 657 (Epist.
2676 589 2772 643 lib.
2806 607 2907 662 xn,
2939 594 3094 664 epist.
3127 592 3217 661 3|)
3253 610 3263 649 :
3299 593 3359 649 Si
3411 592 3622 649 mulier

211 669 513 740 imputari,
547 686 612 724 ac
644 687 748 741 per
777 671 884 726 hoc
916 688 1019 727 nec
1049 689 1082 727 a
1112 670 1556 743 participatione
1598 671 1745 725 tanti
1777 688 1863 725 re-

214 758 393 814 medii
425 759 674 815 coerceri
711 776 723 814 :
761 759 1030 816 novimus
1061 777 1317 832 namque
1343 761 1483 832 quia
1505 759 1717 814 mulier
1738 777 1864 831 quae

212 847 437 902 ﬂuxum
470 848 805 919 patiebatur
835 850 1160 923 sanguinis,
1196 855 1328 921 post
1356 855 1588 922 tergum
1632 849 1865 904 Domini

210 935 515 992 humiliter
543 937 782 994 veniens
806 939 1140 994 vestimenti
1170 941 1299 1011 ejus
1329 937 1624 993 fimbriam
1654 937 1862 1011 tetigit,

213 1029 388 1098 atque
419 1025 492 1081 ab
523 1043 590 1082 ea
611 1027 809 1083 statim
831 1028 1147 1084 infirmitas
1171 1028 1497 1084 recessit.Si
1523 1027 1717 1099 itaque
1741 1044 1863 1082 mu-

212 1113 320 1169 lier
348 1114 468 1170 haec
500 1114 559 1170 in
592 1115 751 1171 ﬂuxu
782 1117 1088 1191 sanguinis
1110 1117 1301 1190 posita
1319 1117 1648 1173 vestimenti
1675 1115 1867 1171 Domi-

213 1203 327 1258 nici
375 1208 531 1260 tactu
585 1222 700 1260 non
743 1205 1046 1276 judicatur
1092 1206 1353 1279 indigna,
1388 1205 1506 1262 imo
1534 1205 1722 1278 ipsius
1755 1210 1865 1259 Do-

211 1291 524 1358 mini,nam
555 1293 668 1366 ipsi
702 1294 848 1350 dixit
881 1312 894 1350 :
934 1297 1126 1365 Tetigit
1158 1313 1241 1352 me
1268 1297 1472 1367 aliquis
1504 1295 1722 1365 (Matth.
1749 1297 1862 1362 Ix);

213 1397 318 1438 cur
348 1382 397 1437 ei
430 1381 530 1454 qui
562 1384 870 1456 sanguinis
899 1401 967 1440 ex
997 1401 1094 1440 ore
1119 1383 1207 1440 vel
1239 1384 1481 1441 naribus
1505 1385 1746 1440 ﬂuorem
1771 1400 1866 1439 ευ-

212 1472 534 1540 stinet,non
567 1471 739 1530 liceat
763 1472 1070 1530 salutifera
1099 1473 1312 1529 Christi
1337 1476 1702 1529 sacramenta
1732 1489 1864 1545 per-

211 1559 401 1634 cipere
423 1560 450 1616 ?

285 1649 475 1716 LXVI,
507 1652 732 1708 Graecos
765 1651 1076 1725 prohibere
1104 1669 1205 1708 vos
1239 1653 1501 1708 asseritis
1533 1669 1666 1706 cum
1717 1650 1862 1723 liga-

211 1744 343 1795 tura
375 1739 536 1796 lintei
567 1757 744 1813 quam
778 1741 835 1796 in
868 1741 1058 1814 capite
1082 1739 1657 1814 gestatis,ecclesiam
1690 1739 1866 1796 intra-

213 1847 308 1898 re;
341 1846 488 1902 quos
522 1829 700 1902 [forte,
734 1832 912 1902 quod,
950 1832 1154 1902 limo]
1185 1848 1293 1887 nos
1321 1847 1552 1903 quoque
1595 1829 1866 1885 similiter

212 1936 329 1974 non
362 1919 467 1974 abs
499 1937 558 1976 re
589 1919 831 1975 forsitan
863 1919 1197 1976 inhibemus
1231 1938 1243 1976 :
1285 1938 1418 1975 nam
1451 1937 1602 1992 saepe
1637 1935 1862 1974 memo-
1893 1956 1940 2020 Β

213 2014 378 2064 ratus
401 2025 466 2064 ac
490 2024 724 2080 semper
744 2010 1160 2066 memorandus
1183 2009 1482 2082 apostolus
1507 2009 1721 2064 Paulus
1743 2007 1823 2063 ait
1847 2024 1858 2062 :

215 2098 403 2154 Omnis
433 2100 518 2154 vir
545 2115 709 2155 orans
740 2107 836 2155 aut
860 2101 1187 2171 prophetans
1217 2101 1386 2155 velato
1407 2098 1868 2170 capito,deturpat

211 2197 376 2260 caput
403 2205 585 2244 suum.
621 2188 687 2243 Et
714 2187 925 2243 iterum
963 2206 974 2243 :
1012 2190 1105 2245 Vir
1129 2188 1347 2261 quidem
1373 2188 1659 2244 nondebet
1687 2188 1866 2243 velare

213 2287 396 2352 caput,
429 2280 690 2350 quoniam
735 2281 918 2347 imago
965 2287 1014 2334 et
1058 2280 1238 2349 gloria
1285 2286 1363 2334 est
1392 2280 1490 2333 Dei
1516 2278 1563 2349 (Ι
1597 2277 1712 2332 Cor.
1747 2278 1861 2344 x1);

215 2369 369 2440 quod
402 2368 558 2424 enim
591 2367 661 2422 de
691 2366 977 2424 velamine
1007 2367 1144 2433 dici,
1179 2367 1353 2422 etiam
1387 2367 1457 2421 de
1487 2364 1750 2437 ligaturae
1773 2381 1866 2420 vo-

214 2457 438 2514 lumine
468 2457 660 2523 debet,
693 2456 1008 2525 credimus,
1043 2455 1355 2512 observari.

289 2546 501 2602 LXVII.
538 2545 860 2602 Perhibetis
889 2563 992 2602 vos
1031 2545 1517 2601 consuetudinem
1566 2544 1865 2610 habuisse,

215 2636 684 2708 quotiescunque
715 2634 971 2707 aliquem
986 2635 1373 2706 jurejurando
1397 2651 1498 2706 pro
1525 2633 1785 2705 qualibet
1807 2650 1866 2688 re

217 2724 620 2797 disponebatis
652 2724 930 2796 obligare,
957 2724 1226 2796 spatham
1260 2724 1318 2778 in
1346 2723 1606 2778 medium
1640 2722 1866 2788 afferre,

218 2819 275 2870 et
305 2832 407 2887 per
437 2831 563 2869 eam
589 2815 1000 2886 juramentum
1024 2813 1307 2886 agebatur
1331 2830 1343 2867 :
1370 2831 1524 2868 nunc
1547 2818 1743 2867 autem
1767 2828 1870 2882 per

217 2921 364 2976 quos
390 2904 592 2975 jurare
623 2902 883 2958 debeatis
914 2920 948 2956 a
978 2902 1146 2957 nobis
1171 2901 1366 2973 juberi
1399 2900 1734 2974 deposcitis.
1756 2900 1866 2955 Sed

217 3010 322 3048 nos
356 2997 487 3048 ante
519 2992 719 3047 omnia
751 3009 864 3046 non
889 3007 1022 3046 sum
1047 3009 1146 3064 per
1168 2991 1667 3063 spatham,verum
1689 2982 1867 3044 etiam

217 3099 320 3155 per
351 3081 524 3137 aliam
559 3081 796 3137 omnino
829 3079 1124 3134 conditam
1159 3079 1413 3152 speciem
1439 3079 1870 3150 jurarijudica-

218 3188 351 3226 mus
385 3171 716 3242 indignum.
751 3171 856 3224 Per
886 3185 1061 3240 quem
1094 3170 1248 3224 enim
1273 3167 1868 3240 quisjurat,profecto

217 3265 274 3316 et
305 3259 497 3332 diligit
528 3263 585 3314 et
612 3263 943 3324 veneratur,
976 3259 1076 3313 sed
1109 3262 1166 3312 et
1198 3258 1474 3313 fiduciam
1505 3273 1672 3313 suam
1703 3257 1754 3312 ei
1779 3256 1869 3312 fir-

1975 671 2118 726 hora
2148 673 2349 728 eadem
2385 691 2499 746 qua
2529 679 2819 749 genuerit,
2852 683 3052 734 actura
3083 681 3299 752 gratias
3325 682 3499 737 intret
3530 699 3624 738 ec-

1975 760 2236 829 clesiam,
2272 762 2433 818 nullo
2466 767 2683 836 peccati
2717 769 2974 838 pondere
3004 773 3279 842 gravatur
3310 787 3323 825 :
3356 770 3624 844 voluptas

1974 850 2129 905 enim
2163 850 2376 918 carnis,
2411 869 2525 908 non
2558 853 2724 910 dolor
2753 856 2809 910 in
2846 857 3020 929 culpa
3048 863 3156 927 est,
3191 859 3249 914 in
3291 860 3482 916 carnis
3515 878 3624 915 au-

1974 942 2094 994 tem
2127 941 2533 997 commistione
2564 943 2833 1017 voluptas
2859 951 2978 1014 est;
3013 965 3150 1004 nam
3182 947 3240 1003 in
3275 947 3453 1021 prolis
3495 967 3625 1021 pro-

1974 1026 2188 1097 latione
2210 1029 2484 1101 gemitus,
2513 1035 2669 1090 unde
2694 1039 2751 1090 et
2782 1035 2893 1106 ipsi
2926 1036 3126 1108 primae
3157 1037 3422 1093 omnium
3455 1038 3628 1094 matri

1974 1117 2190 1172 dicitur
2221 1135 2234 1172 :
2266 1121 2331 1175 In
2361 1120 2637 1178 doloribus
2661 1126 2850 1195 paries
2900 1127 3053 1195 (Gen.
3088 1126 3169 1198 In)
3205 1143 3217 1180 :
3250 1126 3297 1182 si
3330 1143 3466 1199 ergo
3497 1127 3627 1183 eni—

1973 1223 2106 1261 xam
2139 1206 2445 1264 mulierem
2470 1211 2687 1268 intrare
2707 1213 3010 1269 ecclesiam
3029 1215 3450 1288 prohibemus,i
3459 1234 3623 1289 psam

1973 1294 2024 1349 ei
2057 1313 2289 1367 poenam
2319 1296 2378 1353 in
2409 1299 2641 1371 culpam
2667 1302 3040 1374 deputamus.

2045 1385 2230 1440 LXIX.
2265 1387 2414 1450 Quot
2441 1388 2666 1445 vicibus
2688 1407 2791 1462 per
2810 1395 2997 1447 totum
3020 1410 3240 1449 annum
3263 1394 3623 1466 baptismata

1973 1473 2252 1530 celebrari
2284 1476 2552 1546 debeant,
2587 1478 2675 1534 vel
2707 1479 2756 1535 si
2779 1481 2984 1536 eodem
3016 1481 3108 1537 die
3137 1481 3361 1538 licitum
3394 1482 3470 1539 sit
3500 1501 3623 1539 car-

1974 1580 2078 1619 nes
2108 1565 2356 1633 comedi,
2389 1566 2477 1622 vel
2509 1571 2653 1638 quot
2683 1569 2742 1624 in
2775 1571 3266 1642 consequentibus
3317 1572 3388 1627 ab
3420 1571 3512 1628 his
3544 1571 3621 1628 sit

1973 1652 2412 1723 abstinendum,
2448 1656 2765 1728 requiritis.
2801 1658 3060 1731 Insignia
3105 1659 3287 1731 igitur
3331 1661 3470 1715 anni
3503 1660 3621 1718 sive

1973 1737 2260 1795 solemnia
2289 1743 2575 1813 tempora,
2599 1743 2816 1816 quibus
2847 1744 3201 1817 baptismata
3231 1746 3618 1817 celebrantur,

1973 1829 2300 1884 secundum
2352 1847 2628 1900 canones,
2657 1833 2771 1888 duo
2823 1838 2981 1902 sunt,
3015 1835 3250 1891 Pascha
3297 1835 3521 1892 scilicet
3567 1840 3625 1893 et

1973 1915 2363 1974 Pentecostes.
2398 1920 2609 1975 Verum
2643 1921 2798 1978 circa
2821 1940 2923 1978 vos
2957 1922 3119 1979 nulla
3149 1929 3287 1979 sunt
3328 1924 3389 1980 in
3432 1925 3624 1997 bapti-

1971 2007 2156 2061 zando
2176 2010 2439 2079 tempora
2456 2010 2690 2080 penitus
2709 2012 3099 2081 observanda;
3121 2014 3623 2084 quemadmodum

1974 2112 2078 2150 nec
2108 2113 2246 2169 erga
2275 2114 2374 2152 eos
2405 2098 2506 2169 qui
2539 2100 2747 2156 mortis
2776 2100 2977 2156 vicinas
3007 2101 3333 2174 periculum
3366 2108 3626 2159 metuen-

1972 2189 2062 2240 tes
2081 2189 2243 2242 tanto
2267 2185 2494 2242 lavacro
2519 2189 2756 2261 purgari
2779 2190 3111 2246 desiderant
3136 2208 3148 2245 :
3177 2208 3209 2246 a
3229 2192 3506 2249 carnibus
3529 2210 3626 2248 au-

1972 2277 2088 2329 tem
2116 2275 2242 2346 ipso
2264 2274 2356 2331 die
2380 2276 2452 2331 iis
2475 2278 2575 2349 qui
2599 2278 2852 2334 Sabbato
2873 2279 3189 2348 sancto,vel
3213 2281 3454 2337 sabbato
3478 2282 3622 2338 Pen-

1971 2367 2220 2419 tecostes
2261 2364 2534 2436 baptizati
2585 2366 2820 2437 fuerint,
2855 2369 3144 2425 abstinere
3194 2369 3392 2443 procul
3445 2370 3622 2426 dubio

1974 2454 2241 2508 convenit
2265 2470 2276 2507 ε
2303 2456 2799 2527 consequentibus
2821 2474 2953 2514 vero
2979 2462 3202 2530 septem
3232 2459 3567 2532 diebus,qui
3589 2477 3624 2515 a

1974 2541 2268 2598 veteribus
2303 2543 2428 2599 dies
2458 2561 2794 2617 azymorum
2822 2547 3183 2614 dicebantur,
3199 2552 3256 2603 et
3285 2547 3398 2604 diei
3429 2565 3624 2604 resur-

1977 2629 2250 2686 rectionis
2281 2631 2594 2688 Dnminica:
2622 2634 2909 2690 convincti
2942 2635 3281 2709 [conjuncti]
3319 2635 3425 2691 rite
3476 2637 3622 2692 cele-

1975 2720 2239 2786 brantur,
2255 2720 2304 2775 si
2337 2720 2649 2794 quisquam
2681 2724 3151 2795 quandocunque
3178 2725 3453 2781 carnibus
3473 2725 3626 2782 vesci

1976 2808 2226 2879 affectat,
2261 2809 2444 2865 multo
2477 2812 2666 2883 magis
2696 2813 2865 2868 edere
2895 2830 3100 2869 carnes
3130 2819 3375 2886 oportet.

2051 2899 2207 2952 LXX.
2241 2899 2674 2956 Consulendum
2715 2902 3028 2957 decernitis
3078 2907 3276 2958 utrum
3328 2905 3625 2978 presbyte-

1978 3003 2105 3041 rum
2140 3005 2373 3043 uxorem
2410 2987 2732 3045 habentum
2765 2992 3024 3047 debeatis
3055 2997 3386 3048 sustentare
3426 2999 3482 3049 et
3522 2994 3626 3049 ho-

1976 3093 2202 3144 norare,
2220 3094 2290 3132 an
2311 3078 2522 3134 avobis
2543 3079 2857 3150 projicere:
2879 3097 2995 3152 quo
3021 3083 3466 3154 respondemus,
3481 3100 3628 3155 quo-

1976 3165 2135 3220 niam
2166 3165 2302 3220 licet
2332 3166 2477 3238 ipsis
2506 3167 2672 3223 valde
2703 3169 3190 3240 reprehensibiles
3235 3171 3374 3239 sint,
3407 3189 3509 3227 vos
3540 3177 3626 3228 ta-

1975 3270 2110 3310 men
2142 3255 2456 3311 Dominum
2487 3256 2706 3312 imitari
2737 3259 3022 3326 convenit,
3055 3261 3154 3331 qui
3177 3261 3346 3316 solem
3373 3265 3629 3329 suum,ut

218 3367 314 3405 ma
344 3327 662 3404 stabilitate
693 3348 1099 3403 commendat:
1136 3347 1516 3418 quamobrem
1549 3363 1653 3419 per
1681 3347 1866 3401 Deum
1898 3327 1940 3393 (ἶ
1977 3343 2354 3416 Evangelium
2386 3349 2652 3416 testatur,
2685 3349 2826 3402 oriri
2851 3350 2986 3420 facit
3032 3327 3196 3421 super
3243 3350 3405 3406 bonos
3433 3359 3484 3405 et
3506 3327 3625 3406 nia-

209 3438 534 3511 jurandum
567 3437 779 3508 est,qui
805 3436 877 3491 ab
905 3435 1248 3492 hominibus
1271 3435 1604 3508 diligendus
1627 3439 1678 3491 et
1705 3452 1868 3492 vene-

217 3528 521 3598 randus,et
549 3525 607 3580 in
640 3542 755 3598 quo
787 3524 980 3581 omnis
1010 3542 1142 3597 spes
1169 3529 1225 3580 et
1255 3524 1470 3580 fiducia
1487 3528 1577 3580 est
1598 3525 1863 3593 locanda,

217 3622 274 3673 et
305 3634 338 3672 a
368 3633 482 3688 quo
514 3633 629 3688 prae
662 3614 890 3670 cunctis
913 3613 1198 3670 creaturis
1220 3618 1309 3669 est
1331 3629 1564 3684 semper
1584 3612 1866 3668 auxilium

216 3705 842 3777 exspectandum,nam
875 3719 1009 3758 cum
1041 3720 1071 3758 a
1105 3702 1352 3758 Domino
1373 3718 1477 3774 per
1506 3694 1866 3769 caelum,ter-

217 3812 365 3861 ram,
389 3798 565 3866 caput
596 3797 653 3849 et
679 3791 1007 3849 Jerusalem
1032 3809 1148 3847 non
1168 3790 1729 3863 jurarejubetur,nil
1755 3789 1869 3845 nisi

219 3890 284 3940 ut
315 3901 416 3956 per
443 3887 772 3939 creaturam
796 3882 1051 3952 juretur,
1087 3880 1288 3954 procul
1321 3870 1498 3936 dubio
1546 3879 1865 3936 inhibetur.

219 3973 380 4038 Quod
413 3977 606 4028 autem
635 3988 735 4044 per
764 3971 866 4026 Dei
894 3987 1107 4026 nomen
1127 3971 1329 4041 jurare
1350 3969 1870 4041 praecipiamur,ip-

220 4081 285 4120 so
307 4063 573 4134 jubente,
608 4060 1104 4116 didicimus.Sane
1134 4075 1453 4132 possumus
1483 4075 1586 4130 per
1604 4075 1704 4114 eas
1725 4059 1870 4112 dun-

220 4157 381 4208 taxat
410 4155 711 4207 creaturas
740 4151 955 4222 jurare,
989 4166 1116 4221 quae
1167 4148 1382 4204 divinis
1427 4152 1568 4204 sunt
1611 4147 1869 4203 cultibus

219 4238 604 4314 deputatae,ut
635 4244 723 4297 est
753 4239 1041 4311 templum
1073 4243 1129 4294 et
1160 4237 1360 4303 altare,
1391 4237 1452 4292 in
1502 4237 1719 4309 quibus
1768 4235 1870 4309 qui

209 4332 392 4404 jurat,
428 4330 583 4403 iurat
613 4329 672 4384 in
699 4328 865 4402 ipsis,
899 4333 957 4384 et
1005 4327 1103 4400 qui
1154 4327 1383 4384 habitat
1433 4328 1490 4381 in
1543 4327 1708 4399 ipsis,
1734 4331 1790 4383 et
1821 4327 1868 4382 si

218 4437 344 4496 quae
377 4423 516 4476 sunt
545 4417 1075 4490 talia.Quapropter
1096 4417 1232 4489 jure
1262 4433 1364 4488 per
1385 4415 1872 4488 Evangeliumju-

216 4509 468 4565 randum
502 4511 610 4574 est,
635 4507 694 4562 in
727 4523 842 4578 quo
875 4506 1160 4578 quidquid
1193 4505 1547 4571 continetur,
1580 4504 1726 4559 nihil
1759 4504 1871 4561 nisi

215 4598 449 4670 Dei,qui
482 4597 540 4652 in
575 4612 641 4652 eo
675 4596 952 4652 scribitur
982 4599 1038 4651 et
1068 4594 1283 4667 legitur
1311 4611 1458 4663 esse,
1484 4594 1750 4666 praefecto
1784 4593 1870 4648 di-

1977 3434 2073 3500 los,
2106 3441 2156 3488 et
2183 3434 2329 3504 pluit
2355 3451 2519 3506 super
2539 3437 2716 3507 justas
2744 3443 2795 3492 et
2840 3437 3072 3509 injustas
3123 3437 3331 3510 (Matth.
3363 3440 3438 3510 v).
3472 3438 3625 3510 Deji-

1977 3538 2104 3578 cere
2135 3539 2267 3578 vero
2298 3539 2432 3578 eum
2465 3541 2499 3579 a
2527 3524 2692 3580 vobis
2723 3524 2850 3581 ideo
2899 3543 3015 3581 non
3065 3526 3312 3594 hebetis,
3347 3527 3626 3599 quoniam

1977 3627 2082 3667 nec
2113 3611 2326 3674 Judam
2359 3612 2806 3684 Dominus,cum
2827 3618 2982 3671 esset
3001 3616 3253 3672 mendax
3273 3615 3622 3688 discipulus,

1977 3701 2048 3756 de
2081 3717 2323 3756 numero
2355 3701 2755 3774 apostolorum
2785 3703 3015 3775 dejecit.
3046 3704 3263 3760 Verum
3294 3706 3365 3760 de
3396 3705 3628 3778 presby-

1976 3789 2116 3846 teris
2157 3788 2598 3863 qualescunque
2647 3792 2784 3860 sint,
2813 3793 2998 3859 vobis,
3031 3793 3133 3866 qui
3164 3793 3296 3849 laici
3327 3793 3489 3861 estis,
3522 3810 3628 3850 nec

1969 3878 2362 3950 judicandum
2389 3884 2496 3949 est,
2530 3897 2635 3937 nec
2669 3881 2740 3937 de
2769 3881 2886 3937 vita
2914 3881 3181 3954 ipsorum
3215 3882 3517 3955 quidpiam
3539 3882 3629 3938 in-

1978 3968 2520 4042 vestigandum,sed
2542 3969 2945 4042 episcoporum
2962 3970 3187 4042 judicio
3209 3971 3495 4043 quidquid
3519 3975 3628 4041 est,

1977 4073 2081 4129 per
2111 4056 2308 4113 omnia
2336 4059 2774 4114 reservandum.

2051 4146 2236 4202 LXXI.
2274 4147 2721 4204 Sciscitantibus
2777 4149 2964 4220 vobis,
3018 4150 3066 4205 si
3100 4167 3133 4205 a
3165 4150 3484 4215 sacerdote,
3530 4149 3633 4221 qui

1979 4234 2098 4291 sive
2129 4235 2592 4308 comprehensus
2640 4241 2729 4293 est
2779 4238 2839 4293 in
2891 4237 3199 4306 adulterio,
3236 4238 3352 4294 sive
3404 4239 3475 4294 de
3525 4238 3633 4294 hoc

1979 4325 2137 4380 fama
2175 4324 2302 4380 sola
2348 4342 2652 4397 respersus
2701 4330 2811 4391 est,
2846 4327 3108 4382 debeatis
3157 4327 3632 4382 communionem

1980 4414 2298 4486 suscipere,
2323 4431 2526 4482 necne,
2562 4415 3160 4487 respondemuszNon
3193 4421 3387 4488 potest
3417 4416 3632 4489 aliquis

1980 4507 2510 4576 quantumcunque
2528 4503 2787 4575 pollutus
2805 4504 3277 4572 sit,sacramenta
3297 4505 3494 4561 divina
3514 4505 3634 4578 pol-

1980 4592 2297 4664 luere,quaa
2329 4593 2667 4665 purgatoria
2697 4597 3042 4650 cunctarum
3067 4595 3325 4651 remedia
3345 4596 3636 4668 contagio-

210 4687 526 4760 gnoscitur
559 4703 572 4740 :
607 4685 803 4759 ipsum
835 4689 922 4740 est
952 4683 1108 4740 enim
1131 4684 1222 4739 lex
1242 4683 1669 4755 nostra,ipsum
1701 4686 1874 4738 testa-
1903 4703 1949 4767 Ι)
1982 4699 2126 4738 num
2158 4681 2434 4738 existunt.
2473 4683 2587 4738 Nec
2616 4687 2808 4755 potest
2837 4683 2978 4739 solis
3009 4685 3210 4740 radius
3258 4702 3361 4758 per
3407 4684 3634 4741 cloacas

211 4781 476 4833 mentum
509 4775 961 4847 nostrum,quod
984 4773 1190 4846 legiter
1215 4777 1270 4828 et
1291 4776 1535 4828 testator
1587 4772 1874 4828 Dominus

214 4871 271 4922 et
306 4867 662 4937 Redemptor
693 4868 892 4920 noster
921 4863 1122 4919 electis
1153 4862 1277 4918 suis
1302 4861 1675 4935 disposuit,et
1697 4861 1744 4917 si
1765 4861 1876 4917 hoc

215 4973 490 5012 amamus
521 4971 623 5027 per
653 4953 848 5027 ipsum
881 4953 1058 5010 etiam
1083 4952 1394 5023 juramus;
1428 4951 1644 5007 etenim
1678 4950 1878 5006 omnis

216 5063 350 5101 vera
381 5044 482 5117 qui
516 5043 785 5116 dicit,per
816 5060 951 5098 eum
976 5042 1141 5113 jurat
1169 5057 1345 5112 quem
1379 5044 1571 5108 amat;
1608 5057 1715 5096 nos
1737 5057 1876 5112 ergo

221 5134 269 5191 si
303 5151 406 5207 per
434 5132 815 5206 Evangelium
840 5133 1201 5204 juramus,et
1222 5133 1648 5197 testatorem,et
1680 5130 1878 5201 ipsum

219 5226 641 5280 testamentum
662 5221 903 5294 diligere
920 5220 1455 5293 comprobamur,et
1472 5218 1543 5273 ab
1565 5219 1691 5290 ejus
1715 5235 1880 5274 man-

219 5314 375 5370 datis
405 5330 512 5368 nos
545 5311 696 5367 nolle
727 5311 993 5366 recedere
1024 5308 1224 5382 procul
1247 5307 1424 5365 dubio
1447 5306 1872 5380 signiﬁcamus.

294 5403 530 5459 LXVIII.
566 5398 916 5473 Requisistis
947 5404 1080 5470 post
1108 5403 1252 5471 quot
1281 5399 1405 5454 dies
1438 5395 1650 5452 mulier
1692 5396 1877 5469 possit

217 5492 527 5551 ecclesiam
555 5491 777 5546 intrare
808 5491 1124 5561 postquam
1156 5486 1423 5561 genuerit
1455 5503 1467 5542 :
1501 5486 1560 5542 in
1605 5503 1720 5558 quo
1772 5503 1879 5542 nos

212 5581 634 5658 praedecesoris
681 5577 865 5638 nostri
914 5576 1067 5633 beati
1116 5577 1376 5651 Gregorii
1426 5595 1586 5650 papze
1636 5575 1881 5648 vestigia

216 5677 560 5747 sequentes,
594 5671 798 5727 eadem
844 5685 972 5743 quae
1020 5667 1146 5742 ipse
1197 5667 1588 5735 decernimus,
1623 5666 1724 5740 qui
1775 5681 1920 5738 pro~

220 5781 374 5827 nova
401 5765 573 5842 gente
605 5760 760 5822 sicut
792 5777 896 5818 nos
925 5757 1098 5819 modo
1130 5757 1479 5819 instruenda
1508 5755 1883 5829 scribens,in-

1983 4775 2039 4828 et
2059 4770 2305 4827 latrinas
2326 4772 2620 4828 transiens
2643 4771 2863 4844 aliquid
2891 4773 3097 4829 exinde
3123 4773 3634 4829 contaminationis

1987 4861 2278 4917 attrahere
2314 4877 2326 4917 :
2361 4861 2604 4932 proinde
2630 4862 3060 4934 qualiscunque
3092 4863 3364 4918 sacerdos
3393 4862 3489 4929 sit,
3508 4879 3633 4934 qua:

1986 4953 2189 5006 sancta
2219 4953 2358 5005 sunt
2389 4950 2770 5022 coinquinare
2801 4967 2916 5006 non
2967 4955 3190 5024 potest;
3225 4950 3439 5006 idcirco
3472 4951 3542 5005 ab
3568 4966 3634 5006 eo

1985 5056 2293 5111 usquequo
2325 5038 2734 5111 episcoporum
2759 5040 2984 5111 judicio
3008 5039 3637 5111 reprobetur,commu-

1987 5127 2083 5184 nio
2102 5127 2475 5200 percipienda
2491 5132 2606 5183 est:
2625 5127 2903 5198 quoniam
2926 5125 3064 5182 mali
3082 5127 3234 5182 bona
3251 5125 3636 5183 ministrando

1988 5234 2050 5273 se
2078 5217 2487 5272 tantummodo
2517 5215 2739 5271 laedunt
2771 5233 2782 5270 :
2819 5219 2876 5271 et
2906 5232 3070 5270 cerea
3101 5214 3195 5270 fax
3236 5232 3480 5271 accensa
3525 5214 3639 5271 sibi

1987 5306 2225 5378 quidem
2258 5305 2674 5361 detrimentum
2706 5308 2964 5376 praestat,
2991 5302 3120 5359 aliis
3148 5321 3283 5359 vero
3326 5303 3525 5360 lumen
3576 5304 3632 5360 in

1985 5394 2243 5450 tenebris
2276 5393 2671 5461 administrat,
2707 5397 2762 5449 et
2789 5393 2944 5448 unde
2975 5391 3104 5448 aliis
3135 5394 3509 5450 commodum
3542 5411 3639 5449 ex-

1987 5484 2169 5553 hibet,
2202 5483 2338 5539 inde
2368 5483 2481 5538 sibi
2513 5482 2888 5556 dispendium
2920 5482 3154 5554 praebet.
3189 5483 3413 5538 Sumite
3461 5483 3641 5556 igitur

1989 5573 2278 5645 intrepide
2309 5573 2379 5628 ab
2413 5573 2570 5628 omni
2605 5573 2904 5628 sacerdote
2935 5571 3146 5628 Christi
3180 5572 3636 5645 mysteria,quo-

1990 5663 2150 5720 niam
2179 5663 2380 5719 omnia
2409 5661 2468 5718 in
2500 5662 2614 5717 fide
2644 5661 3167 5736 purgantur.Fides
3199 5666 3287 5718 est
3316 5660 3637 5734 enim,quae

1992 5751 2174 5814 vincit
2203 5752 2362 5812 hunc
2389 5752 2703 5826 mundum,
2734 5756 2792 5811 et
2822 5752 2961 5831 quia
2991 5768 3104 5812 non
3137 5752 3352 5825 dantis,
3372 5752 3473 5812 sed
3495 5752 3643 5833 αοοίτ
