4098 6484
210 434 370 511 ιορθ
1430 434 1831 506 EPISTOLE
1872 434 1880 500 l

2014 438 2402 505 DEGBETA.

3466 438 3623 511 1010

215 580 401 650 ciosa,
432 578 854 655 providendum
885 582 992 646 est,
1025 583 1092 636 ut
1113 578 1174 636 in
1206 578 1367 638 omni
1399 583 1566 653 pacto
1596 577 1865 635 Christus
1892 575 1949 645 Α
1978 593 2152 649 quam
2189 581 2482 651 peccatur,
2503 579 2757 652 profecto
2789 581 2845 637 et
2866 577 3186 652 judicatur.
3210 581 3423 639 Scimus
3441 581 3621 648 enim,

211 672 700 745 praeponaturﬁta
718 675 784 727 ut
806 669 931 743 lege
952 669 1223 743 ipsius,et
1245 670 1531 743 praecipue
1555 669 1667 724 ﬁde
1690 666 1870 722 illaesa
1980 672 2046 722 ut
2076 668 2401 725 secundum
2422 669 2764 741 Apostolum
2790 670 3075 740 dicamus,
3095 675 3224 746 quia
3237 675 3382 745 justo
3403 675 3494 731 lex
3512 692 3622 730 non

211 760 1219 834 persistente,fcedus,quodinvicem
1234 758 1872 832 pangitur,permaneat
1977 765 2057 812 est
2080 760 2274 830 posita,
2307 758 2399 814 sed
2430 761 2668 832 injustis,
2700 768 2751 816 et
2778 777 2891 816 non
2936 762 3191 831 subditis,
3237 771 3289 821 et
3333 766 3541 837 impiis,
3573 773 3625 823 et

209 850 620 924 incorruptum
655 866 668 904 :
704 866 882 923 quam
905 853 1102 905 autem
1128 865 1330 922 pacem
1354 848 1565 904 sectari
1587 845 1865 915 debeatis,

207 939 497 998 Dominus
548 940 907 1007 manifestat,
939 954 1074 995 cum
1106 939 1249 994 dicit
1281 955 1293 993 :
1326 940 1527 994 Pacem
1569 953 1750 993 meam
1803 935 1869 991 do

208 1031 363 1087 vobis
393 1031 570 1097 (Joan.
604 1034 739 1099 xxv),
773 1044 907 1084 cum
941 1045 1008 1084 eo
1039 1028 1220 1101 igitur
1249 1028 1349 1100 qui
1402 1042 1604 1100 pacem
1654 1023 1867 1080 Christi

208 1134 328 1175 non
360 1119 557 1187 habet,
579 1136 683 1175 nec
714 1134 822 1175 nos
851 1118 1284 1174 communionis
1310 1117 1525 1173 habere
1556 1131 1758 1189 pacem
1777 1115 1871 1170 de-

206 1210 453 1278 bemus;
479 1209 582 1265 sed
610 1224 721 1265 nec
752 1224 888 1264 cum
918 1207 1018 1264 illo
1052 1207 1153 1280 qui
1188 1222 1387 1280 pacem
1420 1205 1634 1261 idcirco
1666 1207 1866 1277 postu-

208 1298 311 1368 lat,
347 1303 411 1354 ut
438 1298 682 1354 liberius
709 1297 915 1355 nociva
946 1297 1295 1353 committat.

283 1388 516 1446 LXXXI.
563 1386 892 1444 Percontati
948 1387 1107 1456 estis,
1169 1386 1217 1443 si
1277 1403 1412 1442 cum
1473 1386 1864 1459 generatione,

214 1490 343 1552 qua:
371 1477 704 1534 Christiana
732 1480 842 1543 est,
877 1476 1067 1532 fcedus
1116 1474 1463 1549 interposito
1505 1491 1574 1531 ex
1620 1479 1869 1546 utraque

214 1567 778 1642 partejurejurando
809 1565 1085 1634 feceritis,
1117 1570 1176 1620 et
1204 1568 1337 1638 post
1360 1565 1481 1620 haec
1513 1563 1596 1619 illi
1628 1568 1867 1637 pactum

214 1658 568 1731 dirumpere,
586 1661 643 1713 et
672 1672 849 1729 super
872 1673 976 1711 vos
1006 1655 1311 1728 insurgere
1331 1653 1649 1722 voluerint;
1670 1656 1867 1709 utrum

213 1752 271 1805 et
314 1764 419 1803 vos
469 1746 630 1803 adire
678 1746 881 1802 contra
940 1761 1038 1801 eos
1082 1744 1367 1813 audeatis,
1393 1760 1467 1798 an
1526 1743 1684 1799 aliud
1726 1742 1865 1815 quid

215 1848 382 1911 agere
414 1836 697 1893 debeatis.
729 1834 946 1890 Verum
981 1834 1175 1889 omnis
1225 1837 1315 1889 est
1364 1833 1684 1889 necessitas
1731 1832 1870 1888 tole-

213 1928 415 1996 randa,
431 1925 622 1999 magis
652 1941 831 2016 quam
860 1940 894 2016 a
924 1922 1095 2016 nobis
1126 1922 1401 2016 quaelibet
1423 1922 1713 2016 iniquitas
1735 1938 1868 1995 per-
1896 1951 1945 2016 B

212 2016 498 2093 patranda
531 2032 545 2070 :
578 2014 822 2095 proinde
855 2013 1045 2069 fmdus
1073 2013 1226 2085 quod
1260 2011 1537 2085 pangitis,
1571 2009 1735 2067 nulla
1780 2016 1869 2067 est

214 2106 518 2163 occasione
545 2103 906 2171 violandum,
930 2102 1046 2158 nisi
1077 2102 1223 2158 forte
1250 2101 1311 2156 in
1343 2100 1730 2157 conﬁrmandi
1768 2101 1866 2156 foe-

216 2196 371 2254 deris
394 2194 589 2268 ipsius
621 2192 867 2248 articulo
898 2192 1312 2265 interpositum
1332 2195 1439 2259 est,
1459 2195 1751 2264 quatenus
1784 2191 1868 2247 sic

217 2295 502 2359 una‘p'ars
530 2283 589 2339 id
622 2283 771 2339 foret
819 2282 1216 2348 observatum,
1249 2280 1490 2353 si-pars
1535 2280 1645 2336 hoc
1688 2279 1871 2336 altera

217 2375 381 2432 nulla
424 2370 904 2447 tergiversatione
950 2369 1257 2437 violasset;
1291 2369 1585 2443 siquidem
1633 2386 1667 2424 a
1703 2369 1867 2424 Chri-

220 2464 410 2522 stiano
441 2479 627 2537 genus
655 2478 827 2517 omne
856 2459 1146 2516 mendacii
1177 2475 1551 2532 summopere
1571 2458 1868 2515 declinan-

223 2550 364 2611 dum
395 2558 484 2610 est
510 2555 748 2625 pr0pter
776 2549 942 2620 illud,
976 2550 1132 2622 quod
1166 2565 1201 2603 a
1227 2549 1343 2605 Deo
1375 2548 1591 2604 dicitur
1618 2565 1631 2603 :
1669 2549 1869 2605 Perdes

221 2659 402 2703 omnes
450 2643 547 2715 qui
593 2642 894 2714 loquuntur
941 2638 1297 2695 mendacium
1326 2637 1598 2711 (Psal.v).
1637 2637 1708 2693 Et
1760 2638 1869 2694 ite-

220 2748 352 2792 rum
385 2750 398 2789 :
436 2732 502 2789 Os
531 2730 673 2803 quod
700 2730 984 2797 mentitur,
1017 2726 1213 2784 occidit
1254 2729 1502 2783 animam
1531 2726 1679 2799 (Sap.
1713 2730 1775 2790 1).
1802 2728 1873 2782 Et

219 2820 532 2896 Apostolus
566 2836 579 2874 :
613 2820 813 2885 Nolite,
863 2819 963 2885 ait,
1007 2818 1236 2874 mentiri
1290 2819 1527 2872 invicem
1581 2816 1717 2887 (Col.
1766 2819 1868 2885 III).

219 2914 350 2971 Jam
374 2924 516 2967 vero
538 2907 598 2966 si
629 2906 714 2963 illi
762 2906 1088 2980 postposito
1127 2908 1485 2979 juramento,
1519 2905 1873 2979 diruptoque

218 3001 435 3058 fmdere
466 3003 670 3055 contra
698 3013 801 3054 vos
829 2995 1276 3066 insurrexerint,
1304 2994 1447 3067 quid
1476 3011 1577 3050 vos
1608 2999 1874 3067 oporteat

224 3088 935 3163 agere,episcopusvester
945 3101 979 3140 a
991 3084 1156 3140 vobis
1169 3082 1487 3156 inquisitos
1502 3084 1870 3155 respondeat,

228 3179 328 3253 qui
351 3181 522 3257 juxta
549 3177 778 3251 positus
808 3179 865 3231 et
887 3172 1390 3230 circumstantiam
1421 3178 1705 3239 rerum,et
1732 3176 1876 3228 tem-

231 3286 441 3344 porum
472 3267 836 3340 qualitatem,
872 3268 929 3320 et
953 3278 1145 3320 mores
1175 3278 1580 3334 personarum,
1613 3265 1669 3317 et
1698 3261 1875 3332 justi-

228 3360 374 3416 tiam
404 3356 663 3429 partium
696 3354 847 3410 clare
877 3368 1254 3426 cognoscens,
1274 3351 1428 3423 quod
1459 3351 1876 3423 congruentius

233 3453 291 3505 et
318 3446 615 3503 salubrius
646 3459 775 3501 esse
806 3442 1181 3516 perspexerit,
1210 3444 1352 3496 tunc
1400 3440 1630 3496 facilius
1669 3440 1881 3513 poterit

228 3536 510 3602 indicare,
542 3539 599 3590 et
628 3532 768 3607 quid
802 3532 895 3605 agi
925 3529 1230 3587 conveniat
1258 3532 1469 3585 cuncta
1509 3544 1879 3601 praenoscens

227 3625 396 3684 vobis
426 3623 676 3698 pleniter
705 3621 998 3677 intimare.
1028 3619 1248 3675 Verum
1277 3635 1385 3674 nos
1422 3616 1659 3674 interim
1705 3618 1882 3673 rebus

232 3713 549 3789 incognitis
580 3712 767 3768 satius
799 3710 1207 3776 admonemus,
1227 3711 1293 3763 ut
1321 3722 1554 3780 semper
1581 3706 1796 3779 rogetis
1812 3723 1885 3763 ea

232 3814 364 3879 quae
391 3803 555 3877 pacis
588 3805 746 3858 sunt.

304 3890 563 3949 LXXXII.
597 3893 741 3945 Cum
768 3887 1013 3962 paganis
1044 3890 1239 3943 autem
1272 3886 1427 3958 quod
1450 3884 1528 3941 sit
1555 3884 1885 3941 Christiano

231 3989 470 4058 pactum
498 3979 858 4048 faciendum,
884 3975 1197 4048 Apostolus
1235 3975 1477 4041 indicat,
1511 3974 1612 4046 qui
1660 3972 1885 4029 nullam

232 4070 710 4129 Communionem
736 4066 856 4122 luci
882 4065 960 4121 ad
990 4063 1286 4131 tenebras,
1319 4062 1536 4118 Christi
1584 4063 1656 4118 ad
1706 4061 1886 4118 Belial

234 4165 283 4236 (Ι
309 4161 428 4217 Cor.
461 4159 561 4232 v1),
591 4156 750 4213 ﬁdeli
780 4172 915 4212 cum
965 4152 1186 4208 infideli
1237 4154 1337 4208 dat
1362 4151 1629 4224 'intelligi
1679 4152 1888 4208 debere

234 4260 478 4324 promus
509 4247 774 4304 existere.
793 4245 1009 4300 Verum
1034 4242 1083 4297 si
1116 4258 1183 4298 eo
1213 4241 1406 4297 ﬁdelis
1436 4241 1632 4297 animo
1653 4246 1888 4313 pactum

236 4351 371 4398 eum
403 4336 625 4394 inﬁdeli
656 4333 980 4401 constituit,
1015 4336 1082 4388 ut
1110 4348 1245 4388 eum
1277 4332 1349 4387 ad
1380 4329 1605 4386 cultum
1636 4331 1757 4386 veri
1787 4330 1889 4386 Dei

238 4427 427 4503 possit
456 4425 888 4503 attrahere,non
912 4426 1003 4478 est
1033 4420 1462 4494 prohibendum
1491 4436 1503 4474 :
1528 4420 1893 4492 quandoqui-

241 4518 376 4575 dem
396 4514 719 4589 Apostolus
750 4513 924 4569 etiam
959 4509 1425 4576 matrimonium,
1452 4508 1614 4580 quod
1647 4525 1712 4564 ex
1736 4508 1891 4565 ﬁdeli

241 4609 472 4666 constat
499 4610 557 4661 et
583 4602 829 4669 inﬁdeli,
844 4618 960 4657 non
982 4599 1211 4655 inhibet
1230 4597 1693 4671 permanendum
1708 4600 1755 4666 tl
1769 4598 1889 4655 Cor.

1974 848 2371 919 peccatoribus,
2402 850 2697 916 sceleratis,
2724 850 3038 921 patricidis,
3064 860 3117 907 et
3156 854 3483 922 matricidis,
3528 853 3623 913 ho-

1979 936 2219 1003 micidis,
2248 940 2590 1009 fornicariis,
2623 940 2992 996 masculorum
3015 943 3478 1013 concubitoribus,
3507 945 3627 1016 pla-

1976 1029 2194 1100 giariis,
2217 1027 2590 1099 mendacibus,
2622 1030 2884 1101 perjuris,
2916 1037 2966 1085 et
2994 1032 3045 1085 si
3090 1031 3222 1102 quid
3266 1033 3426 1089 aliud
3470 1049 3627 1092 sane:

1975 1116 2241 1174 doctrinae
2268 1117 2605 1185 adversatur,
2641 1133 2764 1190 qua:
2809 1127 2888 1174 est
2932 1120 3231 1193 secundum
3268 1122 3629 1193 Evangelium

1978 1207 2177 1277 gloriae
2207 1208 2352 1263 beati
2379 1207 2477 1262 Dei
2497 1210 2549 1275 (Ι
2580 1208 2714 1263 Tim.
2747 1210 2791 1276 1)
2826 1223 2839 1262 :
2875 1192 3011 1264 non.
3037 1212 3233 1265 autem
3280 1192 3444 1267 vobis
3491 1211 3627 1268 licet

1976 1295 2218 1353 clericos
2243 1296 2532 1367 judicare,
2547 1313 2681 1352 cum
2710 1314 2814 1353 vos
2845 1298 3034 1372 magis
3064 1300 3136 1355 ab
3157 1298 3302 1373 ipsis
3321 1300 3628 1357 conveniat

1969 1384 2245 1457 judicari.

2049 1474 2332 1530 LXXXIV.
2368 1473 2806 1547 Requirendum
2837 1493 2872 1531 a
2901 1477 3070 1533 nobis
3119 1477 3336 1536 ducitis
3379 1480 3522 1552 quid
3554 1483 3626 1538 de

1978 1579 2044 1619 eo
2067 1563 2459 1635 judicandum
2491 1564 2584 1633 sit,
2621 1565 2721 1636 qui
2755 1565 3073 1638 quemlibet
3104 1568 3250 1624 falso
3281 1569 3626 1627 criminatus

1978 1651 2175 1721 fuerit,
2210 1657 2266 1709 et
2295 1654 2673 1725 postmodum
2706 1659 3012 1711 accusator
3049 1655 3223 1712 fallax
3268 1660 3624 1731 apparuerit.

1978 1742 2058 1798 De
2089 1742 2198 1798 hoc
2229 1743 2499 1814 quamvis
2528 1744 2868 1799 venerandae
2900 1742 3058 1817 leges
3088 1747 3321 1803 abunde
3349 1750 3504 1820 quod
3528 1750 3627 1820 ju-

1978 1835 2137 1888 stum
2168 1836 2256 1888 est
2278 1832 2555 1900 innuant;
2579 1850 2686 1888 nos
2707 1837 2902 1889 tamen
2936 1835 3129 1907 potius
3179 1854 3314 1892 cum
3354 1838 3628 1910 Apostolo

1980 1938 2082 1977 vos
2113 1922 2185 1977 ad
2208 1922 2618 1977 misericordiae
2639 1921 2860 1979 viscera
2882 1939 3058 1996 quam
3081 1941 3142 1980 se
3170 1929 3320 1982 Deus
3343 1943 3522 1999 super
3542 1945 3632 1983 sa-

1977 2010 2262 2067 criﬁcium
2278 2010 2423 2066 velle
2453 2015 2725 2079 testatur,
2746 2029 2979 2085 semper
2998 2015 3266 2071 convenit
3305 2016 3625 2087 exhortari;

1976 2099 2268 2173 siquidem
2299 2100 2423 2173 ipse
2455 2117 2589 2156 cum
2616 2105 2839 2172 gentes,
2873 2119 3125 2174 quarum
3157 2104 3438 2185 magister
3480 2110 3625 2174 erat,

1977 2190 2231 2257 doceret,
2261 2206 2378 2245 non
2410 2190 2481 2245 ad
2514 2190 2917 2246 austeritatem
2949 2191 3118 2265 legis,
3150 2195 3251 2248 sed
3285 2194 3480 2267 potius
3528 2212 3628 2251 eas

1976 2280 2050 2335 ad
2097 2277 2509 2334 misericordiae
2565 2279 2788 2335 viscera
2854 2282 3203 2353 provocabat
3258 2283 3457 2340 dicens
3492 2300 3505 2340 :
3536 2286 3627 2341 In-

1976 2367 2129 2422 duite
2159 2383 2250 2422 vos
2276 2384 2404 2436 ergo
2432 2369 2573 2423 sicut
2601 2368 2757 2424 electi
2783 2369 2882 2425 Dei
2907 2372 3087 2426 sancti
3112 2379 3164 2427 et
3207 2371 3392 2428 dilecti
3418 2375 3630 2429 viscera

1975 2455 2375 2512 misericordiae
2405 2458 2820 2526 benignitatem,
2850 2459 3235 2530 humilitatem,
3284 2463 3625 2534 modestiam,

1974 2546 2324 2617 patientiam,
2355 2554 2733 2617 supportantes
2771 2548 3025 2615 invicem,
3056 2557 3107 2604 et
3133 2549 3395 2608 donantes
3439 2553 3632 2609 vobis--

1977 2636 2242 2707 metipsis,
2269 2636 2319 2691 si
2347 2637 2471 2706 quis
2515 2635 2773 2692 adversus
2820 2638 3065 2709 aliquem
3121 2639 3279 2696 habet
3322 2643 3628 2713 querelam,

1977 2724 2117 2780 sicut
2167 2732 2218 2779 et
2276 2727 2550 2781 Dominus
2603 2725 2829 2797 donavit
2882 2729 3048 2797 vobis,
3100 2730 3179 2785 ita
3232 2738 3284 2787 et
3335 2747 3428 2787 vos
3482 2733 3628 2803 (Col.

1979 2818 2085 2879 Ill).

2053 2902 2309 2959 LXXXV.
2340 2904 2490 2976 Ergo
2519 2903 2791 2960 similiter
2821 2908 2877 2960 et
2907 2906 3060 2962 circa
3087 2923 3244 2978 eum,
3270 2911 3349 2965 de
3378 2926 3494 2982 quo
3524 2912 3635 2967 sci-

1981 2992 2296 3058 scitamini,
2322 2993 2423 3064 qui
2454 2993 2818 3049 mortiferum
2852 2994 2992 3066 quid
3023 2995 3249 3052 homini
3287 2999 3513 3056 dederit
3554 3002 3632 3057 ad

1980 3082 2323 3149 bibendum,
2346 3098 2448 3137 vos
2479 3083 2551 3137 ad
2584 3081 3046 3139 misericordiam
3076 3085 3637 3158 exhortamur,sicut

1982 3172 2041 3224 et
2082 3168 2367 3224 Dominus
2408 3169 2599 3239 jubet,
2630 3169 2831 3226 dicens
2866 3188 2878 3226 :
2909 3173 3172 3230 Dimittite
3220 3184 3273 3231 et
3329 3176 3638 3236 dimittetur

1982 3259 2132 3314 vobis
2161 3261 2313 3327 (Luc.
2344 3260 2444 3328 v1).

2060 3348 2341 3404 LXXXVI.
2373 3348 2430 3404 Si
2462 3349 2558 3404 fur
2584 3348 2674 3404 vel
2712 3348 2862 3406 latro
2910 3352 3309 3424 deprehensus
3359 3356 3550 3425 fuerit,
3580 3360 3637 3413 et

1988 3438 2284 3510 negaverit
2314 3438 2469 3510 quod
2500 3438 2550 3494 ei
2581 3437 2959 3513 impingitur;
2993 3442 3256 3499 asseritis
3303 3447 3459 3518 apud
3507 3463 3632 3516 vos,

1990 3526 2147 3599 quod
2170 3526 2352 3597 judex
2382 3531 2557 3599 caput
2599 3528 2727 3600 ejus
2768 3529 3106 3586 verberibus
3152 3532 3382 3602 tundat,
3416 3537 3473 3591 et
3504 3534 3636 3591 aliis

1991 3615 2250 3672 stimulis
2281 3615 2503 3682 ferreis,
2536 3617 2719 3673 donec
2748 3617 3050 3675 veritatem
3091 3621 3417 3694 depromat,
3448 3622 3637 3696 ipsius
3702 3648 3707 3651 -

1991 3705 2177 3761 latera
2204 3710 2454 3778 pungat;
2477 3718 2667 3778 'quam
2698 3723 2820 3762 rem
2854 3725 2960 3764 nec
3004 3709 3200 3767 divina
3241 3710 3350 3779 lex,
3384 3728 3489 3768 nec
3528 3713 3643 3768 hu-

1994 3809 2170 3852 mana
2199 3812 2441 3867 prorsus
2474 3794 2891 3863 admittit,cum
2923 3814 3041 3853 non
3073 3798 3378 3868 invita,sed
3404 3805 3645 3874 sponta-

1995 3900 2105 3940 nea
2124 3884 2334 3940 debeat
2355 3900 2484 3939 esse
2504 3884 2925 3956 confessio,nec
2947 3887 3320 3945 sitviolenter
3340 3889 3644 3960 elicienda,

1996 3975 2097 4031 sed
2124 3972 2448 4029 voluntarie
2469 3973 2815 4046 proferenda
2837 3991 2850 4028 :
2878 3975 3207 4047 denique,si
3229 3978 3650 4052 contigeritvos

1996 4062 2174 4119 etiam
2207 4062 2325 4117 illis
2355 4062 2542 4135 pcenis
2572 4061 2771 4130 illatis,
2801 4062 2946 4118 nihil
2979 4065 3050 4120 de
3078 4065 3190 4134 his,
3226 4083 3353 4138 quae
3384 4085 3559 4139 passo
3590 4069 3652 4124 in

1999 4149 2223 4208 crimen
2249 4150 2629 4222 objiciuntur,
2661 4152 2897 4223 penitus
2926 4154 3205 4223 invenire,
3221 4172 3415 4212 nonne
3443 4157 3653 4213 saltem

1997 4246 2138 4298 tunc
2157 4239 2585 4308 erubescitis,et
2604 4257 2782 4312 quam
2805 4241 2983 4313 impie
2996 4244 3274 4315 judicetis
3296 4245 3655 4317 agnoscitis?

2001 4328 2285 4386 Similiter
2295 4333 2491 4384 autem
2515 4328 2562 4384 si
2584 4327 2759 4384 homo
2780 4329 3126 4387 criminatus
3148 4332 3288 4388 talia
3298 4349 3511 4406 passus
3528 4351 3654 4390 sus-

2000 4419 2184 4475 tinere
2217 4435 2332 4473 non
2362 4417 2582 4487 valens,
2608 4417 2820 4473 direxit
2849 4436 2912 4474 se
2941 4424 3309 4493 perpetrasse
3327 4424 3482 4495 quod
3522 4440 3653 4480 non

2000 4507 2383 4580 perpetravit;
2413 4507 2486 4561 ad
2517 4522 2716 4578 quem,
2752 4523 2912 4580 rogo,
2943 4512 3119 4564 tantae
3168 4511 3488 4584 impietatis
3526 4528 3653 4569 ma-

2002 4596 2249 4671 gnitudo
2277 4594 2729 4664 revolvitur,nisi
2761 4596 2834 4652 ad
2862 4614 2996 4653 eum
3019 4598 3120 4671 qui
3149 4598 3307 4656 hunc
3334 4601 3477 4658 talia
3505 4603 3659 4676 cogit

238 4697 370 4763 vii);
390 4697 448 4748 et
468 4692 695 4764 Moyses
725 4691 1040 4762 cognatum
1073 4702 1250 4741 suum
1272 4686 1344 4741 ad
1364 4685 1463 4740 Dei
1489 4684 1608 4740 veri
1629 4685 1897 4743 notitiam
1930 4696 1977 4761 ι)
2007 4685 2366 4742 mendaciter
2395 4684 2701 4740 conﬁteri?
2722 4687 2990 4758 quamvis
3021 4705 3139 4744 non
3172 4691 3435 4747 conﬁteri
3457 4708 3661 4748 nosca-

238 4783 472 4840 traber‘e
502 4780 722 4848 volens,
747 4779 875 4851 ejus
906 4775 1245 4832 societatem
1275 4791 1393 4829 non
1420 4778 1896 4847 aspernatur,sed

243 4870 542 4930 comitatui
576 4885 683 4926 suo
714 4869 923 4924 ducem
954 4866 1077 4921 fore
1104 4879 1482 4935 summopere
1529 4863 1892 4935 deprecatur.

243 4956 626 5020 Inveniuntur
654 4962 851 5014 autem
878 4953 1149 5011 nonnulli
1177 4956 1516 5009 sanctorum
1547 4955 1605 5007 et
1633 4952 1897 5011 ﬁdelium

245 5068 383 5109 cum
404 5047 759 5120 alienigenis
789 5049 846 5102 et
872 5043 1212 5101 inﬁdelibus
1235 5046 1407 5115 pacta
1422 5045 1482 5096 et
1503 5040 1773 5098 amicitiae
1796 5045 1900 5099 fce-

246 5142 386 5197 dera
417 5137 780 5195 contraxisse
800 5135 1040 5191 diversa
1070 5151 1084 5189 :
1118 5133 1220 5189 sed
1243 5146 1341 5187 eos
1373 5147 1489 5186 non
1511 5134 1795 5203 tanquam
1816 5132 1901 5188 in-

247 5229 587 5286 ﬁdelitatem
615 5241 841 5293 eorum,
873 5228 932 5280 et
980 5220 1457 5296 superstitionem
1509 5220 1901 5291 approbantes

249 5317 524 5385 coluisse,
557 5315 659 5372 sed
693 5319 977 5386 tanquam
1006 5312 1068 5367 in
1096 5308 1370 5384 angarias
1398 5306 1645 5365 diversis
1693 5309 1903 5366 usibus

251 5407 594 5481 implicasse
618 5409 681 5461 et
706 5402 1001 5476 praecipue
1047 5400 1107 5456 in
1158 5397 1403 5456 terrenis
1450 5413 1550 5452 eos
1580 5398 1931 5473 quaestibus

251 5501 312 5555 et
340 5494 650 5553 servilibus
677 5507 1015 5564 occupasse.

327 5584 613 5643 LXXXIII.
650 5583 711 5640 Si
739 5582 915 5637 liceat
934 5578 1100 5635 vobis
1121 5579 1191 5635 de
1211 5575 1615 5634 criminalibus
1654 5578 1907 5650 peccatis

2006 4780 2123 4845 tur,
2157 4775 2257 4830 sed
2288 4773 2467 4846 loqui,
2493 4774 2590 4846 qui
2618 4773 2727 4830 hoc
2759 4791 2857 4831 ore
2887 4777 3284 4851 profert,quod
3325 4781 3495 4837 corde
3542 4798 3658 4837 non

2004 4867 2181 4920 tenet.
2212 4862 2543 4935 Relinquite
2572 4862 2770 4936 itaque
2798 4863 2957 4935 talia,
2991 4870 3049 4922 et
3082 4884 3207 4939 quae
3236 4868 3523 4926 hactenus
3567 4869 3656 4926 in-

2006 4953 2285 5026 sipientes
2313 4952 2672 5020 exercuistis,
2706 4952 3045 5011 medullitus
3076 4957 3658 5030 exsecramini,quem

2007 5043 2165 5099 enim
2198 5043 2455 5097 fructum
2478 5041 2772 5098 habuistis
2791 5045 2934 5100 tunc
2957 5044 3016 5099 in
3039 5044 3243 5113 illis,in
3268 5045 3483 5118 quibus
3506 5064 3665 5103 nunc

2009 5130 2354 5188 erubescitis
2367 5130 2573 5187 ?Porro
2596 5148 2663 5186 cu
2675 5148 2731 5185 m
2753 5131 2901 5187 liber
2920 5132 3093 5188 homo
3115 5133 3358 5191 crimine
3381 5136 3551 5191 fuerit
3568 5154 3666 5209 ap-

2010 5222 2249 5296 petitus,
2284 5220 2398 5276 nisi
2413 5221 2538 5293 jam
2562 5221 2788 5292 pridem
2812 5226 3078 5293 repertus
3101 5226 3191 5279 est
3211 5223 3461 5295 alicujus
3486 5224 3665 5281 scele-

2012 5311 2093 5367 ris
2114 5313 2378 5378 reus,aut
2400 5310 2589 5365 tribus
2612 5309 2863 5365 testibus
2883 5312 3180 5369 convictus
3199 5330 3383 5385 poena
3399 5330 3668 5370 succum-

2011 5401 2235 5468 bit,aut
2265 5400 2313 5455 si
2345 5397 2609 5455 convinci
2642 5416 2757 5454 non
2789 5400 3064 5472 potuerit,
3079 5402 3148 5457 ad
3181 5402 3559 5476 Evangelium
3580 5420 3670 5459 sa-

2014 5489 2363 5563 crum,quod
2389 5488 2501 5543 sibi
2516 5487 3058 5560 objicitur,minime
3076 5492 3444 5549 commisisse
3456 5493 3670 5564 jurans

2014 5579 2365 5646 absolvitur;
2390 5580 2446 5632 et
2465 5576 2741 5650 deinceps
2762 5578 2900 5635 huic
2920 5579 3150 5654 negotio
3175 5582 3308 5637 ﬁnis
3328 5580 3670 5655 imponitur,

253 5676 513 5748 aliquem
539 5671 809 5746 judicare
836 5667 1179 5737 consulitis;
1214 5667 1315 5723 sed
1344 5668 1393 5722 si
1424 5682 1596 5722 nemo
1626 5665 1912 5725 voluisset
2016 5667 2520 5742 quemadmodum
2582 5667 2785 5724 crebro
2855 5670 3049 5727 dictus
3105 5671 3420 5744 Apostolus
3478 5671 3679 5728 doctor

254 5782 518 5841 peccare,
542 5778 715 5821 nemo
738 5759 1039 5820 debuisset
1058 5758 1314 5831 aliquem
1339 5758 1638 5829 judicare;
1665 5762 1724 5814 at
1750 5763 1908 5831 post-

2022 5759 2286 5832 gentium
2314 5759 2623 5812 attestatur
2655 5772 2668 5811 :
2705 5756 2911 5831 Omnis,
2957 5760 3254 5835 inquiens,
3298 5763 3679 5822 controversiae
