4098 6452
164 405 316 469 1021

1374 411 1779 476 EPISTOLIE
1821 411 1921 475 ET
1963 413 2355 478 DECRETA.

3415 424 3572 487 1022

159 540 427 614 exemplo
457 549 910 600 memoratorum
937 543 1257 616 Oportuerit
1277 545 1605 600 antistitum
1633 547 1813 600 deter-
1842 547 1895 613 Α
1923 547 2268 620 Cyrillo,qui
2315 549 2531 605 idcirco
2563 545 2620 605 in
2649 551 2889 623 praefata
2919 555 3138 626 synodo
3184 560 3316 614 ante
3366 576 3572 618 omnes

157 632 296 700 reri,
318 633 434 687 imo
458 650 528 688 ne
553 633 636 689 vel
661 632 900 705 impulsi
925 634 995 688 ad
1021 633 1160 690 talia
1179 635 1534 702 laberentur,
1559 636 1807 704 Domini,

157 722 339 778 Nolite
390 724 581 778 timere
635 739 721 778 eos
777 725 873 796 qui
927 741 1119 795 corpus
1165 725 1417 780 occidunt
1466 726 1683 795 (Matth.
1728 730 1806 795 x),

157 811 431 878 dicentis,
477 812 783 866 debuerint
831 814 1132 885 prznceptis
1183 816 1385 882 arceri,
1419 820 1622 870 contra
1667 815 1810 870 divi-

159 918 297 956 nam
331 905 524 956 tamen
560 901 939 956 reverentiam
973 919 1004 956 a
1036 907 1110 968 te,
1140 919 1172 957 0
1204 903 1482 958 catholice
1515 905 1807 976 princeps,

157 990 444 1062 probatur
473 990 818 1057 admissum,
853 995 918 1045 ut
951 991 1099 1046 beati
1131 993 1372 1064 apostoli
1409 993 1558 1048 Petri
1592 994 1810 1049 directa

153 1079 392 1151 legatio,
423 1079 540 1134 imo
575 1079 693 1134 haec
723 1080 783 1134 in
815 1079 913 1135 illo
954 1081 1300 1152 proferentis
1332 1081 1566 1149 Christi,
1587 1083 1686 1155 qui
1719 1084 1809 1138 di-

156 1169 272 1224 cit:
300 1170 405 1236 Qui
442 1186 532 1224 vos
579 1172 806 1241 spernit,
837 1187 922 1227 me
969 1173 1177 1242 spernit
1209 1172 1355 1243 (Luc.
1389 1172 1443 1243 χ)
1479 1189 1491 1227 :
1526 1177 1807 1245 tanquam

154 1257 217 1313 in
251 1258 646 1331 captivitatem
698 1260 930 1315 redacta
980 1265 1274 1316 teneretur
1307 1263 1409 1330 (Ex
1454 1264 1608 1334 epist.
1642 1264 1676 1316 9
1704 1269 1806 1320 Fe-

155 1348 283 1402 licis
308 1349 418 1418 ιιι).

227 1437 444 1492 Verum
469 1437 606 1510 quia
637 1454 729 1494 res
758 1443 814 1494 et
845 1455 1103 1511 personae
1136 1444 1523 1513 utrarumque
1553 1443 1807 1513 partium

153 1527 333 1583 istius
360 1527 638 1598 temporis
659 1544 791 1583 cum
817 1527 914 1583 illo
935 1545 1080 1600 pene
1102 1529 1159 1583 in
1184 1529 1411 1585 cunctis
1431 1531 1806 1599 conveniunt,

153 1617 554 1672 memorabilis
575 1616 681 1672 viri
705 1617 829 1688 jam
855 1618 1141 1674 nominati
1166 1618 1370 1674 Felicis
1397 1619 1552 1676 sedis
1575 1624 1808 1692 aposto-

153 1705 280 1762 lica:
312 1705 578 1778 praesulis
610 1708 764 1778 apud
790 1725 891 1763 vos
921 1708 1098 1763 etiam
1133 1708 1587 1765 clementissime
1618 1709 1808 1764 verbis

153 1795 376 1868 alloqui
412 1796 875 1868 procuravimus,
909 1797 1008 1869 qui
1063 1799 1134 1852 ad
1193 1799 1655 1871 superscriptum
1687 1801 1808 1854 Au-

1921 637 2234 710 sedit,quia
2255 644 2310 694 et
2333 639 2457 710 ipse
2481 640 2670 696 locum
2689 643 2815 714 jam
2839 647 3145 701 memorati
3169 665 3331 720 papae
3351 648 3572 706 ibidem

1917 725 2095 794 (sicut
2115 732 2280 799 gesta
2295 729 2558 800 ejusdem
2579 731 2780 804 synodi
2804 737 3117 804 testantur)
3132 736 3418 794 obtinuit:
3444 740 3572 811 ipsa

1919 815 2164 887 epistola
2187 835 2320 872 cum
2356 821 2704 891 competenti
2738 822 2956 879 honore
2981 825 3183 881 Latine
3206 827 3573 898 primitus,et

1919 909 2120 975 postea
2141 906 2198 960 in
2217 911 2326 960 Gra
2349 923 2475 963 cam
2500 909 2813 965 dictionem
2841 912 2968 967 sine
3002 912 3120 968 ullo
3144 914 3274 970 fuco
3302 915 3572 974 falsitatis

1918 993 2036 1064 iam
2064 994 2348 1050 translata
2379 996 2455 1051 sit
2485 1013 2679 1053 coram
2713 1001 2931 1070 synodo
2953 1000 3132 1058 lecta:
3156 1004 3218 1058 1n
3243 1007 3574 1072 tantum,ut

1919 1098 1986 1136 ex
1999 1077 2136 1154 ejus
2159 1085 2581 1156 propemodum
2606 1088 3097 1160 specialisjudicii
3125 1097 3324 1148 tenore
3345 1093 3422 1150 sit
3441 1113 3574 1167 per-

1918 1172 2073 1226 fidus
2090 1173 2392 1228 Nestorius
2410 1176 2989 1250 ConstantinOpoleos
3006 1181 3251 1238 antistes
3268 1183 3568 1256 expulsus,

1918 1261 2059 1316 dum
2079 1263 2280 1317 eadem
2299 1265 2557 1335 synodus
2579 1265 2636 1320 in
2661 1268 2950 1323 sententia
2966 1273 3168 1325 contra
3185 1287 3320 1326 eum
3345 1272 3572 1344 prolata

1917 1348 2018 1405 tali
2053 1351 2225 1406 modo
2256 1355 2630 1426 prosequitur
2653 1373 2668 1408 :
2693 1356 3051 1425 Necessario,
3072 1359 3368 1431 inquiens,
3387 1362 3570 1419 coacti

1917 1442 2038 1493 tam
2063 1456 2130 1494 ex
2151 1441 2495 1507 canonibus,
2512 1460 2689 1514 quam
2712 1461 2780 1499 ex
2807 1446 3052 1518 epistola
3081 1449 3441 1506 sanctissimi
3463 1451 3567 1507 Pa-

1916 1528 2022 1583 tris
2042 1530 2226 1584 nostri
2240 1535 2292 1585 et
2308 1548 2432 1586 com
2443 1533 2697 1588 ministri
2711 1535 2999 1592 Ccelestini
3013 1538 3268 1611 episcopi
3284 1541 3570 1597 Romano-

1918 1635 2049 1672 rum
2073 1619 2768 1694 Ecclesiae,lacryn1antes
2799 1625 3012 1697 saepius
3042 1627 3114 1682 ad
3147 1627 3297 1684 hanc
3325 1646 3569 1686 mmrore

1919 1705 2150 1778 plenam
2176 1713 2376 1764 contra
2398 1727 2532 1764 eum
2555 1711 2824 1767 venimus
2847 1715 3214 1769 sententiam.
3233 1717 3296 1770 Et
3318 1717 3389 1771 ad
3412 1734 3572 1772 eum-

1918 1795 2050 1850 dem
2085 1814 2296 1868 papam
2335 1802 2538 1870 postea
2575 1801 2858 1870 scribens,
2893 1803 3199 1874 praefatum
3237 1804 3568 1861 Nestorium

151 1891 396 1960 gustum
454 1887 716 1942 scribens
777 1887 927 1941 inter
979 1886 1095 1941 alia
1127 1888 1307 1958 (ibid.)
1333 1905 1344 1943 :
1371 1888 1538 1953 Cum,
1591 1888 1805 1960 inquit,
1837 1922 1884 1986 B
1918 1901 2020 1956 per
2039 1885 2344 1956 epistolam
2362 1888 2434 1942 ab
2459 1889 2586 1960 ipso
2604 1891 2978 1947 sanctissimo
3000 1893 3248 1964 praesule
3266 1895 3568 1966 scriptam,

153 1975 311 2047 apud
342 1975 619 2030 barbaras
652 1975 825 2030 etiam
854 1975 1140 2041 nationes,
1160 1980 1335 2047 atque
1361 1976 1545 2048 ipsius
1568 1977 1808 2032 Deitatis

152 2065 414 2137 ignaros,
439 2082 542 2137 pro
566 2065 953 2135 exsequendis
986 2065 1235 2137 negotiis
1256 2065 1344 2120 vel
1365 2065 1809 2136 humanis,jure

152 2154 422 2226 gentium
438 2171 666 2225 semper
684 2153 989 2226 legationis
1003 2154 1811 2226 cujuslibethabeatursacro-

153 2247 360 2298 sancta
389 2243 649 2310 libertas,
677 2248 879 2297 notum
913 2248 1002 2298 est
1033 2244 1306 2298 omnibus
1332 2261 1343 2299 :
1371 2251 1589 2316 quanto
1623 2248 1809 2320 magis

153 2334 230 2388 ab
263 2333 609 2405 imperatore
651 2333 934 2401 Romano,
974 2336 1030 2387 et
1078 2333 1408 2388 Christiano
1458 2335 1718 2408 principe
1750 2337 1806 2391 in

152 2422 332 2478 rebus
354 2421 675 2494 praesertim
695 2421 908 2476 divinis
929 2421 1249 2494 oportuerit
1269 2422 1676 2480 intemeratam
1696 2444 1811 2482 ser-

149 2512 443 2568 vari?Sed
466 2512 605 2584 quia
635 2511 907 2584 superius
925 2512 995 2566 de
1021 2511 1240 2567 falsataa
1271 2513 1527 2585 epistolae
1560 2532 1660 2586 per
1681 2516 1808 2586 jam

153 2600 342 2656 dictos
364 2604 501 2656 tunc
525 2600 1028 2667 Rhadoaldum,et
1047 2601 1383 2657 Zachariam
1405 2603 1710 2676 episc0pos
1737 2605 1808 2659 ad

149 2693 208 2744 te
239 2688 469 2744 directae
520 2690 815 2760 scriptura
846 2689 1191 2745 memoriam
1245 2690 1510 2758 fecimus,
1534 2697 1712 2748 restat
1745 2706 1816 2758 ut

149 2778 362 2852 partim
389 2779 534 2847 loca,
557 2779 614 2834 in
640 2778 857 2852 quibus
876 2779 1084 2835 falsata
1104 2784 1506 2852 est,quantum
1531 2781 1810 2853 inspectis

145 2868 583 2941 exemplaribus
618 2869 999 2941 Grecis,quaa
1032 2870 1201 2924 nobis
1239 2887 1341 2942 per
1372 2870 1619 2925 Leonem
1653 2889 1685 2926 a
1715 2889 1808 2926 se-

145 2956 324 3012 cretis
356 2957 590 3025 misisti,
619 2975 790 3013 nosse
821 2958 1120 3028 tribuitur,
1146 2959 1500 3032 aperiamus.

219 3048 556 3102 Asserentes
575 3047 1170 3120 primitus,quomodo
1190 3066 1303 3104 non
1322 3050 1461 3104 ordo
1483 3048 1807 3122 legitimus,

148 3155 254 3193 nec
287 3155 320 3192 a
351 3137 570 3192 sanctis
619 3137 890 3192 Patribus
923 3137 1196 3204 usitatus,
1232 3139 1290 3193 in
1338 3138 1582 3194 lectione
1617 3137 1804 3211 ipsius

148 3225 403 3298 epistolae
438 3226 611 3281 fuerit
653 3226 995 3282 observatus
1030 3243 1042 3280 :
1077 3227 1552 3300 quandoquidem
1599 3229 1801 3284 eadem

1919 1974 2342 2031 rationabiliter
2370 1983 2663 2033 asseverat
2692 1979 2872 2035 fuisse
2909 1982 3276 2038 damnatum.
3313 1983 3570 2056 Epistola

1918 2080 2150 2135 quoque
2182 2066 2365 2120 sancti
2391 2067 2598 2123 Leonis
2621 2085 2781 2140 papae
2807 2070 2950 2124 adeo
2974 2072 3129 2142 apud
3153 2088 3355 2129 omnes
3378 2073 3567 2129 orien-

1921 2150 2064 2206 tales
2086 2153 2390 2225 episcopos
2413 2155 2634 2211 exstitit
2662 2157 3032 2225 venerabilis,
3066 2164 3131 2214 ut
3161 2160 3312 2216 hanc
3343 2161 3566 2217 colum-

1919 2257 2053 2294 nam
2087 2241 2438 2297 orthodoxiae
2469 2250 2767 2313 vocarent;
2801 2251 2856 2301 et
2877 2264 3079 2303 omnes
3107 2248 3168 2303 in
3200 2267 3267 2304 ea
3288 2251 3567 2322 praesules

1918 2329 2499 2402 ConstantinOpOIeos
2542 2334 2808 2389 Anatolio
2837 2337 3197 2406 praecedente
3232 2339 3566 2395 subscribe-

1919 2423 2082 2474 rent:
2109 2419 2188 2474 ila
2210 2424 2274 2474 ut
2293 2421 2780 2477 Chalcedonensis
2803 2442 3016 2497 magna
3036 2428 3296 2498 synodus
3317 2428 3396 2482 nil
3420 2429 3568 2484 diffi-

1918 2507 2096 2576 nisse,
2118 2508 2197 2563 nil
2220 2511 2532 2582 respuisse,
2555 2511 2634 2566 nil
2657 2514 3004 2585 suscepisse,
3023 2515 3133 2570 nisi
3159 2517 3313 2588 quod
3336 2517 3420 2572 vel
3443 2517 3562 2586 illa,

1917 2595 2003 2651 vel
2016 2597 2170 2653 vices
2186 2599 2515 2670 apostolicae
2535 2602 2693 2657 sedis
2709 2602 2789 2657 ibi
2809 2609 3168 2660 reservantes
3181 2606 3234 2660 di
3246 2607 3302 2660 fﬁ
3312 2606 3566 2676 nierunt,

1919 2687 2310 2756 projecerunt,
2331 2689 2413 2744 vel
2448 2691 2834 2762 admiserunt,
2864 2693 3096 2764 penitus
3128 2701 3497 2767 agnoscatur,
3513 2701 3571 2752 et

1917 2775 2095 2845 (sicut
2125 2777 2182 2832 in
2216 2778 2494 2834 relatione
2540 2797 2666 2847 sua,
2695 2798 2872 2852 quam
2905 2783 2976 2838 ad
3009 2783 3115 2854 piis
3151 2785 3568 2842 recordationis

1919 2882 2037 2920 sna:
2060 2867 2420 2923 Marcianum
2441 2870 2772 2940 Augustum
2792 2871 3018 2938 habuit,
3043 2872 3352 2944 invenitur)
3377 2875 3570 2945 prima

1917 2955 2088 3010 ruina
2119 2955 2398 3022 Dioscori,
2421 2958 2519 3029 qui
2553 2958 2859 3030 epistolam
2906 2961 3065 3016 sanci
3101 2963 3307 3017 Leonis
3338 2962 3567 3018 recitari

1915 3045 2231 3114 prohibuit,
2257 3046 2494 3115 exstitit,
2513 3049 2652 3102 dum
2678 3047 2759 3104 sic
2793 3049 2959 3104 aiunt
2984 3067 2996 3104 :
3023 3051 3138 3106 Nos
3170 3051 3349 3124 igitur
3377 3053 3568 3108 consi-

1915 3133 2184 3190 derantes
2214 3140 2269 3190 et
2315 3135 2584 3193 universa
2642 3139 2779 3194 orbe
2837 3139 3019 3194 factas
3076 3144 3478 3212 tempestates,
3510 3146 3570 3198 et

1915 3240 2151 3279 causam
2171 3224 2536 3296 inquirentes
2559 3227 2735 3298 hujus
2755 3227 2833 3282 rei
2857 3233 3152 3284 auctorem
3170 3231 3567 3302 comperimus

149 3315 395 3388 epistola
427 3333 542 3372 non
592 3315 784 3371 solum
833 3317 902 3372 de
944 3317 1127 3371 sacris
1187 3317 1566 3390 imaginibus,
1600 3335 1800 3374 verum
1831 3303 1873 3369 C
1913 3312 2251 3368 Dioscorum
2286 3317 2581 3385 quondam
2624 3317 3150 3373 Alexandrinorum
3200 3319 3563 3392 episcopum,

150 3406 326 3462 etiam
351 3406 420 3460 de
442 3404 730 3461 audiendo
765 3405 939 3460 fratre
971 3411 1026 3460 et
1047 3406 1388 3478 coepiscopo
1410 3411 1608 3462 nostro
1641 3409 1806 3480 Igna-

153 3495 237 3550 tio
260 3494 610 3550 sententiam
649 3493 805 3550 sedis
838 3493 1166 3566 apostolicae
1218 3494 1571 3551 continebat.
1606 3497 1674 3551 Et
1701 3515 1804 3553 vos

151 3601 280 3640 eam
314 3584 370 3638 in
402 3600 582 3639 causa
611 3583 846 3656 quidem
891 3583 1099 3655 Ignatii
1133 3584 1566 3640 consacerdotis
1596 3585 1801 3651 nostri,

151 3692 279 3746 quae
313 3673 475 3745 prius
507 3671 782 3728 ventilata
811 3677 921 3737 est,
949 3671 1264 3737 nescimus,
1291 3673 1461 3744 cujus
1489 3673 1578 3728 usi
1610 3674 1802 3729 conci-

148 3762 496 3829 lio,silentio
529 3762 890 3827 contexistis,
916 3761 1106 3816 solum
1141 3762 1290 3817 hanc
1323 3767 1545 3834 postea,
1567 3765 1801 3835 quando

147 3869 252 3925 pro
273 3852 640 3907 veneratione
667 3855 1005 3906 sanctarum
1036 3850 1362 3924 imaginum
1394 3853 1652 3922 synodus
1684 3852 1799 3908 col-

146 3941 299 3997 lecta
329 3947 438 4007 est,
458 3941 928 3996 demonstrantes
958 3957 968 3994 :
1007 3940 1274 4012 quamvis
1305 3941 1363 3994 in
1395 3941 1507 4003 his,
1533 3959 1659 4012 qua
1690 3942 1801 3996 ibi-

141 4029 276 4083 dem
309 4045 376 4083 ex
407 4044 474 4083 ea
511 4025 659 4082 lecta
698 4031 854 4095 sunt,
883 4027 1165 4082 nonnulla
1194 4028 1411 4094 addita,
1445 4028 1631 4084 multa
1669 4047 1798 4084 mu-

144 4121 283 4185 tata,
309 4116 479 4189 plura
504 4118 802 4174 subtracta
830 4116 1212 4188 reperiantur,
1238 4121 1294 4172 et
1323 4133 1424 4188 per
1445 4118 1642 4174 omnia
1663 4119 1798 4175 talis

144 4224 178 4262 a
206 4206 370 4262 vobis
399 4206 602 4262 eﬂ'ecta
632 4205 726 4273 sit,
754 4210 819 4260 ut
862 4210 962 4260 aut
1007 4205 1153 4260 nihil
1185 4209 1286 4262 aut
1338 4223 1542 4278 parum
1579 4208 1797 4281 aliquid

144 4313 251 4352 nos
274 4313 375 4368 per
395 4312 524 4351 eam
547 4297 618 4352 de
641 4296 842 4351 crebro
865 4294 1002 4349 dicti
1023 4294 1410 4351 comministri
1433 4297 1614 4352 nostri
1638 4299 1794 4370 Igna-

142 4385 207 4441 tii
240 4384 601 4458 disposuisse
628 4401 807 4441 causa
826 4384 1129 4439 videamur
1153 4402 1165 4440 :
1193 4385 1292 4440 sed
1318 4401 1448 4440 vere
1479 4403 1592 4441 non
1621 4385 1703 4442 sic
1736 4388 1796 4444 in

143 4474 382 4547 synodis
426 4474 618 4547 prisco
665 4478 926 4546 tempore
984 4473 1396 4542 collectis,non
1459 4475 1541 4530 sic
1600 4480 1796 4531 actum

143 4565 324 4621 fuisse
345 4563 761 4620 nonnullorum
784 4567 948 4636 gesta
964 4563 1344 4619 conciliorum
1369 4564 1794 4621 demonstrant.

143 4657 207 4710 In
231 4652 349 4710 illis
374 4653 531 4709 enim
556 4652 885 4725 apostolicae
917 4652 1074 4709 sedis
1102 4653 1318 4725 scripta
1338 4671 1453 4708 non
1477 4654 1588 4709 sub
1611 4653 1800 4710 occul-
1830 4675 1874 4740 Β

140 4742 378 4800 tationis
400 4743 594 4798 modio
616 4742 983 4815 tegebantur,
998 4742 1098 4797 sed
1122 4746 1186 4797 ut
1204 4743 1607 4815 omnibus,qui
1631 4747 1797 4799 erant

139 4832 199 4888 in
231 4833 404 4888 domo
445 4831 545 4888 Dei
587 4831 866 4897 lucerent,
887 4830 946 4885 in
982 4829 1289 4902 propatulo
1320 4833 1710 4903 ponebantur,
1743 4837 1800 4888 et

141 4925 207 4977 ut
226 4921 274 4977 si
298 4938 414 4993 qua
435 4921 736 4993 turpitudo
751 4919 840 4976 vel
865 4919 1095 4975 macula
1117 4918 1176 4974 in
1205 4919 1336 4976 fidei
1361 4921 1799 4993 pulchritudine

142 5029 176 5066 a
202 5009 463 5083 quolibet
489 5013 815 5066 tentaretur
846 5009 1066 5074 induci,
1093 5008 1259 5064 facile
1289 5013 1629 5081 patesceret,
1655 5029 1721 5067 ac
1748 5012 1796 5068 si

142 5098 381 5172 specula
409 5100 469 5155 in
501 5099 776 5156 omnibus
815 5098 1202 5166 habebantur,
1229 5103 1284 5153 et
1327 5099 1495 5171 quasi
1529 5103 1796 5171 quazdam

142 5189 512 5246 rectitudinis
551 5189 804 5245 formula
850 5205 968 5260 qua
1015 5187 1274 5260 imprimi
1323 5187 1511 5244 caeteri
1561 5196 1799 5261 possent

142 5279 354 5352 posita,
377 5279 743 5335 colebantur.
1066 5327 1070 5331 .

215 5369 376 5436 Quod
408 5372 473 5424 ut
503 5367 874 5424 manifestius
906 5370 1102 5440 pateat
1132 5384 1199 5423 ex
1227 5365 1318 5423 his
1359 5367 1497 5422 huic
1541 5368 1796 5440 epistolae

143 5475 330 5531 pauca
350 5457 625 5513 duximus
647 5457 978 5513 inserenda.
995 5455 1188 5512 Primo
1211 5456 1423 5512 etenim
1450 5457 1573 5513 loco
1597 5462 1799 5514 sancta

143 5548 402 5621 synodus
416 5547 568 5620 apud
583 5547 878 5619 Ephesum
893 5550 1483 5617 congregata,sanctaa
1505 5547 1795 5604 memoria:

143 5636 434 5693 leestini
465 5653 626 5708 papa:
659 5635 822 5708 prius
855 5633 1163 5706 epistolam
1193 5633 1354 5703 legit,
1377 5641 1434 5691 et
1454 5636 1535 5691 ita
1557 5639 1794 5693 demum

145 5727 216 5783 ad
267 5726 382 5782 alia
429 5725 799 5798 exsequenda
827 5723 1065 5790 vacavit,
1091 5723 1171 5778 ita
1219 5727 1284 5778 ut
1321 5724 1566 5795 jubente
1596 5732 1797 5785 sancto

1913 3402 2173 3472 primum
2206 3404 2465 3475 quidem,
2496 3406 2636 3477 quia
2665 3406 2968 3478 epistolam
3003 3425 3037 3461 a
3068 3407 3441 3464 sanctissimo
3472 3427 3564 3464 ar-

1913 3490 2281 3564 chiepiscopo
2299 3494 2548 3549 senioris
2563 3495 2755 3549 Romae
2771 3495 2958 3550 Leone
2971 3495 3250 3552 directam
3264 3498 3335 3552 ad
3349 3503 3563 3554 sanctae

1913 3582 2207 3636 memoria:
2229 3582 2564 3638 Flavianum
2584 3585 2884 3656 quondam
2907 3585 3562 3659 Constantinopolitana

1913 3668 2076 3724 urbis
2107 3669 2444 3742 episcopum
2480 3671 2710 3726 recitari
2749 3671 3068 3743 prohibuit.
3103 3673 3213 3728 Sed
3268 3673 3408 3745 quid
3459 3692 3562 3746 per

1912 3758 2278 3830 singularum
2313 3760 2557 3816 concilia
2595 3761 2951 3832 synodorum
2986 3761 3390 3831 immoremur,
3423 3780 3558 3818 cum

1910 3846 1970 3901 in
1992 3849 2270 3905 omnibus
2293 3848 2411 3903 illis
2434 3867 2662 3922 semper
2680 3851 2752 3904 ab
2773 3849 3093 3922 apostolica
3115 3852 3250 3906 sede
3271 3853 3558 3925 scriptum

1908 3937 2224 4007 prolatum,
2245 3943 2300 3992 et
2323 3939 2524 3994 ordine
2553 3943 3014 4010 praeponatur,et
3048 3941 3390 3996 auctoritate
3421 3941 3560 3997 scri-

1907 4027 2098 4097 pturis
2128 4027 2350 4084 caeteris
2380 4027 2726 4083 antecellat?
2756 4028 2917 4094 Quod
2951 4027 3001 4084 si
3031 4028 3414 4085 sublimitatis
3445 4036 3556 4086 tuae

1908 4131 2022 4169 non
2055 4115 2227 4171 latuit
2259 4117 2626 4189 sapientiam,
2647 4117 2948 4189 oportebat
2973 4122 3038 4172 ut
3067 4117 3242 4172 etiam
3274 4118 3404 4191 ipsa
3433 4119 3556 4175 die-

1906 4204 2018 4259 bus
2051 4205 2172 4260 suis
2206 4205 2414 4260 talium
2447 4212 2786 4278 sequeretur
2814 4205 3210 4278 exemplorum
3240 4208 3503 4282 vestigia.

1979 4294 2089 4349 Sed
2117 4295 2353 4348 tandem
2404 4295 2720 4366 aliquando
2744 4296 2814 4350 ad
2865 4296 3292 4352 ostendendum
3343 4298 3554 4369 partim

1909 4387 2036 4436 sata
2065 4383 2124 4437 in
2156 4383 2400 4454 epistola
2431 4389 2633 4440 nostra
2657 4385 2802 4452 loca,
2835 4384 3154 4456 opitulante
3186 4385 3454 4453 Domino,
3483 4386 3558 4442 si-

1907 4475 2006 4525 cut
2027 4471 2442 4543 przemisimus,
2467 4474 2815 4528 accedamus
2841 4491 2853 4528 :
2881 4473 3093 4546 partim
3115 4491 3247 4530 vero
3282 4474 3554 4542 dicimus,

1907 4560 2183 4632 quoniam
2225 4560 2614 4632 prolixitatem
2655 4562 2926 4629 vitantes,
2958 4564 3160 4618 eadem
3201 4580 3556 4621 commemo-

1907 4667 2034 4704 rare
2062 4667 2165 4720 per
2195 4648 2429 4722 singula
2462 4667 2824 4720 recusamus,
2851 4652 3330 4724 quandoquidem
3364 4671 3467 4710 nec
3497 4653 3556 4709 in

1905 4739 2018 4806 his,
2048 4756 2173 4810 quae
2207 4740 2277 4794 de
2319 4738 2664 4793 venerandis
2721 4739 3078 4810 imaginibus
3135 4760 3238 4814 per
3291 4745 3556 4799 eamdem

1907 4827 2084 4884 locuti
2117 4845 2327 4883 sumus
2364 4827 2692 4899 epistolam,
2717 4832 2883 4882 tenor
2931 4829 3065 4901 styli
3098 4831 3304 4899 nostri,
3336 4831 3425 4887 vel
3476 4833 3560 4887 in-

1905 4916 2183 4973 tentionis
2217 4916 2502 4972 exstiterit
2550 4917 2910 4973 observatas.
2935 4917 3236 4989 Siquidem
3285 4938 3420 4976 cum
3451 4937 3558 4977 nos

1907 5007 2058 5062 inter
2089 5006 2204 5062 alia
2234 5023 2882 5075 commemorassemus,
2911 5007 3064 5079 quod
3098 5007 3396 5065 multoties
3428 5027 3558 5067 con-

1904 5101 2116 5154 ventus
2136 5097 2322 5152 factus
2345 5096 2521 5152 fuerit
2545 5101 2882 5152 sanctorum
2905 5097 3165 5164 Patrum,
3192 5113 3226 5151 a
3255 5099 3473 5169 quibus
3502 5103 3559 5154 et

1907 5187 2397 5254 deliberatum,ac
2428 5186 2797 5241 observatum
2825 5184 3129 5252 exstiterit,
3147 5185 3401 5257 qualiter
3421 5188 3554 5244 abs-

1910 5293 2023 5348 que
2053 5277 2325 5331 Romanze
2355 5274 2909 5346 sedis,Romanique
2942 5273 3233 5346 pontiﬁcis
3265 5292 3556 5332 consensu

1909 5364 2129 5420 nullius
2151 5363 2509 5436 insurgentis
2532 5362 2966 5419 deliberationis
2988 5363 3274 5418 terminus
3295 5364 3552 5420 daretur.

1908 5455 2025 5510 Hoc
2055 5454 2319 5510 videlicet
2349 5455 2418 5508 de
2458 5453 2779 5524 majoribus
2810 5453 3092 5508 duntaxat
3136 5453 3401 5509 Ecclesiae
3454 5470 3556 5510 ne-

1907 5544 2079 5617 gotiis
2101 5561 2208 5599 nos
2230 5543 2726 5614 innuentes,quod
2752 5546 2808 5597 et
2835 5559 3068 5598 veraces
3100 5542 3376 5613 historiae,
3391 5547 3448 5598 et
3468 5560 3556 5616 sy-

1908 5635 2139 5692 nodalia
2160 5637 2324 5707 gesta
2347 5649 2497 5704 saepe
2517 5633 2858 5700 dit'iinitum,
2885 5651 3034 5706 sepe
3055 5637 3112 5688 et
3135 5633 3350 5688 factum
3374 5633 3556 5690 fuisse

1907 5729 2244 5782 testantur:
2286 5723 2402 5779 Vos
2451 5721 2710 5779 erasistis
2764 5725 2986 5796 absque,
3019 5727 3075 5780 et
3117 5722 3554 5796 interposuistis
