4098 6488
557 428 722 501 1023

1944 434 2263 505 NIGOLAI
2304 407 2539 506 PAPJE
2578 439 2632 506 ι.

3828 434 3982 506 itm

562 593 707 644 cum,
747 575 1080 650 signiﬁcare
1119 573 1342 631 scilicet
1379 576 1733 630 attentantes
1766 590 1780 629 :
1810 573 2210 631 Deliberatum
2246 577 2298 643 Α
2327 575 2469 631 talia
2494 575 2582 632 vel
2628 575 2869 650 impulsi
2914 575 3128 651 dilapsi
3157 581 3323 648 sunt;
3359 580 3578 652 quanto
3632 575 3836 651 potius
3891 577 3982 633 isti

562 667 753 725 fuerat
784 684 818 724 a
838 666 1069 723 sanctis
1098 665 1390 732 Patribus,
1416 670 1481 719 ut
1511 682 1643 719 cum
1676 664 1833 720 sedis
1866 664 2218 737 apostolicae,

556 762 621 816 et
648 757 906 815 ecclesia
928 760 1140 813 vestra
1169 771 1459 811 consensu
1490 754 1685 810 omnis
1724 754 1805 810 rei
1847 754 1983 810 ﬁnis
2013 755 2223 810 debeat

560 849 802 904 omnino
824 847 1068 921 proferri
1093 862 1106 901 :
1131 863 1266 902 cum
1284 845 1394 901 hoc
1416 845 1541 901 ﬁeri
1560 860 1794 918 semper
1812 843 1977 900 nulla
1999 844 2222 900 ratione

555 938 771 1006 valeat,
817 935 979 992 nullo
1028 952 1271 1009 prorsus
1328 934 1592 1007 exemplo
1647 938 1878 1008 gestum
1936 937 2216 1007 patescat,

558 1027 884 1101 praesertim
908 1043 1040 1083 cum
1063 1026 1186 1081 hac
1209 1023 1533 1098 apostolica
1552 1036 1787 1098 semper
1802 1023 1972 1080 sedes
1991 1023 2054 1079 in
2076 1040 2220 1080 sana

558 1116 824 1172 doctrina
852 1116 1189 1190 perstiterit.

625 1205 836 1262 Vestra
871 1220 1006 1262 vero
1055 1205 1299 1262 ecclesia
1331 1204 1642 1278 (quantum
1702 1204 1772 1260 ad
1835 1202 2217 1275 praesulatum

554 1295 827 1368 pertinet)
857 1295 1197 1351 inﬁrmante
1229 1294 1420 1367 capite
1456 1311 1615 1366 sape
1646 1293 1935 1365 languerit
1968 1310 1981 1349 :
2016 1310 2083 1348 ac
2114 1310 2220 1365 per

552 1386 663 1443 hoc
706 1386 823 1443 ista
870 1385 1197 1459 nequiverit
1254 1384 1440 1440 ascire
1472 1384 1677 1456 quovis
1736 1384 1909 1439 modo
1969 1399 2217 1438 consen-

552 1488 708 1543 Sum,
733 1478 904 1549 cujus
935 1474 1260 1548 pessimum
1293 1474 1707 1529 exsecrabatnr
1753 1489 1870 1528 non
1919 1472 2216 1528 immerito

552 1579 816 1623 sensum.
846 1564 1059 1621 Deinde
1099 1580 1232 1618 cum
1267 1580 1374 1619 nos
1417 1561 1824 1636 exprobrantis
1874 1562 2084 1617 affectu
2114 1577 2220 1634 per

2332 666 2456 739 pari
2483 667 2697 722 debent
2728 666 2933 723 ultioni
2968 668 3490 741 succumbere,qui
3521 684 3721 741 parem
3747 668 3981 741 quidem

2329 756 2886 828 pravaricationem,
2912 759 3013 814 sed
3042 774 3161 814 non
3193 774 3386 831 pares,
3411 758 3528 814 imo
3559 757 3760 814 nullas
3790 774 3986 830 poenas

2329 844 2483 901 sicut
2513 846 2596 901 illi
2637 849 2936 919 quondam
2976 847 3240 921 perpessi
3270 851 3429 904 sunt.
3460 847 3599 904 Post
3634 847 3765 903 hac
3797 852 3985 903 autem

2329 936 2619 1008 quidquid
2650 937 2721 992 de
2742 938 2866 1009 jam
2903 938 3007 993 fati
3051 937 3247 994 fratris
3286 941 3345 993 et
3382 934 3777 994 comministri
3806 937 3989 992 nostri

2328 1025 2539 1098 lgnatii
2571 1027 2879 1098 tyrannica
2917 1026 3270 1100 repulsione,
3288 1027 3578 1100 quidquid
3620 1028 3693 1084 de
3733 1026 3990 1083 incensi.

2327 1114 2529 1172 derata
2558 1120 2614 1172 et
2641 1115 2873 1172 invidia
2918 1116 3093 1190 plena
3122 1117 3181 1172 in
3213 1133 3346 1173 eum
3398 1117 3627 1190 prolata
3670 1117 3987 1183 sententia,

2326 1205 2613 1278 quidquid
2641 1206 2714 1262 de
2744 1205 2977 1263 violatis
3007 1206 3268 1280 paternis
3316 1206 3991 1279 diffinitionibns,quid&

2327 1293 2468 1366 quid
2499 1295 2572 1350 de
2598 1294 2787 1351 Photii
2810 1295 3237 1368 scripseramne
3266 1296 3572 1369 irregulari
3594 1296 3989 1368 promotione,

2326 1382 2481 1439 saltu
2515 1384 2768 1456 quodam
2792 1385 3023 1441 astutia
3043 1385 3544 1454 transcendentes,
3559 1384 3739 1441 etiam
3764 1388 3993 1440 sancto-

2324 1484 2456 1528 rum
2491 1474 2727 1529 Patrum
2776 1474 3065 1542 institula,
3089 1490 3218 1547 qua
3250 1474 3435 1530 sancti
3482 1474 3740 1548 Spiritus
3780 1475 3991 1530 afﬂatu

2324 1566 2465 1619 sunt
2486 1563 2672 1632 edita,
2695 1581 2769 1620 ne
2792 1564 2864 1620 ad
2896 1564 3123 1621 concilii
3156 1564 3526 1637 pervenirent
3552 1564 3827 1620 notitiam
3852 1581 3993 1621 con-

550 1672 679 1712 eam
706 1655 936 1712 causari
952 1655 1386 1726 videamur,pro
1404 1669 1471 1709 eo
1490 1652 1646 1725 quod
1664 1655 1847 1706 catus
1865 1651 2215 1719 conveniens
2321 1653 2573 1718 texistis,
2588 1657 2646 1709 et
2659 1654 2835 1709 veluti
2857 1653 2917 1709 in
2935 1655 3193 1726 quodam
3210 1642 3431 1710 silentii
3448 1653 3686 1710 sudario
3702 1652 3922 1727 ligata,
3940 1654 3992 1709 in

551 1744 1124 1817 Constantinopolim
1158 1744 1286 1799 sine
1332 1742 1580 1798 Romani
1612 1740 1882 1797 consultu
1921 1739 2215 1813 pontificis
2320 1745 2480 1798 terra
2499 1744 2642 1798 dum
2661 1742 2941 1799 divinitus
2959 1743 3242 1800 attributa
3259 1742 3477 1800 talenta
3492 1742 3995 1811 fuerint,abs‘coa-

554 1833 848 1908 Ignatinm
876 1832 1116 1906 proprio
1148 1831 1436 1904 privasset
1464 1830 1704 1898 honore,
1729 1829 1884 1903 quod
1918 1846 2214 1902 nusquam
2322 1831 2515 1901 distis,
2540 1831 2677 1888 licet
2727 1833 3117 1889 continuatim
3147 1832 3507 1890 deveniendo
3554 1833 3611 1888 in
3666 1837 3995 1906 conspecta

553 1923 840 1980 nimirum
855 1924 925 1979 de
937 1920 1584 1994 Constantinopolitano
1603 1918 1851 1993 prasule
1869 1919 1984 1974 nisi
2002 1919 2213 1975 fortas-
2242 1959 2289 1996 ι)
2323 1920 2639 1977 missorum
2665 1926 3001 1978 nostrorum
3025 1927 3081 1979 et
3100 1922 3493 1996 perquirendo
3512 1922 3761 1995 Iguatim
3777 1925 3996 1989 Quam-

551 2013 636 2070 sis
656 2014 729 2070 ab
752 2012 1040 2069 hareticis
1069 2012 1294 2084 absque
1316 2010 1578 2066 Romano
1605 2026 1757 2082 papa
1784 2009 2003 2064 factum
2026 2008 2213 2064 fuisse
2243 2008 2290 2026 "
2322 2012 2523 2067 obrem
2554 2011 2832 2068 traditam
2864 2012 2976 2069 sibi
3007 2011 3333 2086 plebem,et
3361 2013 3682 2069 constituta
3713 2012 3996 2069 decesso-

550 2104 832 2161 recolitur
845 2121 857 2159 :
871 2103 989 2159 Vos
1002 2103 1115 2158 hoc
1132 2100 1542 2157 commutastis
1558 2098 2080 2171 dicentes,quodin
2104 2114 2212 2154 nos
2318 2110 2452 2156 rum
2480 2117 2746 2157 meorum
2773 2101 3076 2174 spreverit,
3090 2107 3218 2175 qua
3251 2118 3359 2158 nos
3376 2106 3512 2175 post
3531 2102 3725 2158 multa
3743 2103 3994 2176 scripsi-

548 2194 715 2268 prius
739 2193 954 2249 avobis
986 2191 1110 2249 fieri
1142 2208 1259 2247 non
1281 2190 1558 2246 debuisse
1588 2205 1706 2244 non
1738 2187 2207 2260 scripsissemus,

548 2288 837 2356 tauquam
867 2282 956 2338 vel
986 2298 1093 2338 nos
1124 2284 1327 2354 postea
1354 2278 1415 2335 id
1446 2279 1571 2335 ﬁeri
1599 2279 2074 2335 censuissemus:
2109 2280 2213 2333 aut

546 2378 831 2446 tanquam
856 2388 961 2428 nos
988 2370 1213 2444 legatos
1243 2372 1478 2426 nostros
1505 2384 1621 2424 non
1647 2368 1718 2424 ad
1742 2365 2097 2424 audiendam
2121 2382 2211 2422 so-

546 2462 851 2520 ltJmmodo
884 2466 941 2527 et
969 2462 1141 2517 nobis
1169 2460 1536 2516 referendam
1571 2457 1781 2531 Ignatii
1814 2472 2076 2522 causam,
2106 2456 2209 2512 sed

548 2552 618 2608 ad
653 2551 1059 2607 diffiniendam
1087 2546 1655 2620 Constantinopolim
1688 2545 2047 2611 miserimus,
2073 2561 2207 2600 cum

547 2641 851 2700 nonnullis
888 2640 954 2695 in
1002 2639 1206 2695 eadem
1255 2636 1511 2711 epistola,
1548 2634 1914 2708 interpositis
1958 2633 2207 2690 inveniri

547 2729 905 2805 queat,quod
924 2726 1307 2800 depositionis
1329 2726 1594 2797 ejusdem
1617 2723 2054 2780 consacerdotis
2068 2739 2208 2778 nos-

545 2822 621 2878 t'ri
646 2836 957 2877 censuram
981 2834 1098 2873 non
1121 2814 1564 2881 terminari,sed
1594 2817 1827 2870 tantum
1855 2811 2209 2885 perquiri,et

543 2911 715 2969 nobis
747 2908 1069 2983 significari
1098 2907 1169 2963 ad
1194 2904 1613 2961 defﬁniendam
1638 2903 2040 2959 auctoritatem
2075 2918 2209 2973 apo-

543 2999 810 3058 stolicam
826 3000 1004 3072 [forte,
1019 2995 1370 3052 auctoritate
1381 2993 1720 3067 apostolica,
1735 2992 1942 3059 Hann]
1954 2991 2081 3047 luce
2094 2989 2210 3046 cla-

542 3089 668 3146 rius
690 3085 1143 3144 decreverimus.
1162 3084 1307 3141 Nam
1335 3083 1384 3141 si
1414 3100 1523 3141 nos
1553 3098 1658 3156 pro
1689 3082 2045 3138 deffinienda
2063 3096 2205 3137 con-

540 3177 826 3235 troversia
864 3175 1062 3232 fratris
1094 3174 1288 3251 nostri.
1312 3172 1520 3246 Ignatii
1542 3177 1683 3228 tunc
1726 3171 1934 3245 legatis
1984 3170 2204 3226 nostris

2314 2190 2664 2261 mus,dictis
2705 2191 3112 2264 superioribus
3140 2190 3707 2264 'conglutinaveritis.
3733 2190 3874 2248 Non
3907 2198 3993 2249 tn-

2316 2288 2454 2336 men
2478 2296 2608 2353 qua
2628 2294 2738 2336 nos
2758 2279 3066 2337 confestim
3086 2279 3536 2348 subintulimus,
3562 2279 3722 2353 passi
3745 2280 3905 2337 estis
3926 2282 3994 2337 ad

2318 2369 2711 2443 ‘cognitionem
2751 2369 3019 2426 Ecclesia
3054 2369 3737 2444 Constantinopolitana,
3773 2370 3882 2427 Vel
3922 2372 3991 2427 ad

2314 2459 2526 2533 synodi
2559 2460 2925 2517 auditionem
2958 2460 3222 2532 perferri.

2388 2548 2827 2606 Subintulimns
2846 2549 3075 2623 quippe
3106 2564 3213 2606 nos
3240 2554 3377 2623 post
3403 2549 3503 2606 illa
3524 2550 3705 2606 verba
3726 2549 3827 2607 ita
3854 2567 3987 2607 con-

2314 2638 2480 2695 tinuo
2538 2643 2960 2712 prosequentes
2994 2657 3007 2695 :
3042 2634 3111 2695 Et
3146 2638 3208 2695 in
3250 2639 3361 2696 hoc
3416 2639 3712 2714 agendum
3775 2640 3989 2697 subtili

2308 2728 2581 2784 examine
2603 2746 2637 2785 a
2656 2732 2869 2785 nostrae
2887 2728 3180 2801 jussionis
3200 2727 3408 2802 legatis
3428 2727 3825 2801 depositionis
3864 2731 3993 2802 ejus

2313 2830 2565 2874 censura
2586 2817 2991 2891 perquiratur:
3012 2822 3311 2890 quatenus
3327 2811 3698 2891 inquirente:
3718 2817 3993 2876 inveniris

2315 2912 2551 2980 queant,
2567 2912 2769 2964 utrum
2792 2907 3111 2964 canonicus
3126 2907 3378 2964 tenor'in
3396 2906 3601 2964 eadem
3626 2907 3991 2966 observatas

2314 2996 2511 3066 fuerit,
2531 2996 2620 3054 vel
2650 3014 2768 3053 non
2800 2996 3180 3053 manifestum
3228 2990 3468 3067 existat;
3494 3008 3569 3054 iac
3595 2998 3819 3054 deinde
3856 3016 3987 3056 cum

2311 3092 2512 3143 nostro
2542 3085 2882 3159 prasulatni
2933 3086 3335 3161 significatum
3360 3085 3563 3154 fuerit,
3582 3086 3734 3160 quid
3787 3089 3877 3146 de
3926 3108 3986 3146 eo

2310 3177 2605 3250 agendum
2638 3176 2742 3244 sit,
2768 3176 3091 3250 apostolica
3133 3176 3438 3233 sanctione
3483 3176 3892 3245 diffiniamus,
3926 3186 3985 3235 ut

541 3269 866 3342 quidquam
892 3262 1402 3339 pracepimus,vel
1424 3279 1561 3318 eum
1594 3260 1959 3317 damnationi
1988 3259 2203 3331 subjici
2236 3332 2267 3342 ἡ
2307 3269 2502 3322 Vestra
2531 3265 2794 3335 ecclesia,
2819 3282 2947 3339 qua
2972 3266 3158 3322 tantis
3186 3264 3744 3339 quotidie‘quatitur
3773 3269 3982 3326 anxie-

538 3332 926 3425 decrevimus,
944 3358 1003 3410 ut
1026 3332 1166 3428 quid
1188 3370 1263 3408 ne
1293 3352 1648 3409 sententiam
1672 3350 2044 3407 difﬁnitivam
2067 3366 2196 3405 sus-
2225 3332 2268 3403 C
2306 3356 2549 3426 tatibus,
2578 3332 2939 3412 inviolabilis
2978 3332 3253 3428 deinceps
3303 3361 3361 3411 et
3420 3332 3777 3413 inccncnssa
3844 3375 3984 3432 per-

538 3448 728 3522 cipere
748 3444 1284 3516 [forte,susciperet,
1315 3443 1549 3514 Hann],
1566 3440 1709 3497 licet
1738 3455 1854 3496 non
1882 3439 2060 3514 digne
2088 3455 2195 3495 nec

534 3536 796 3611 legitime
828 3531 1267 3600 decertaverint,
1286 3536 1553 3588 attamen
1588 3534 2113 3603 quantumcunque
2136 3532 2196 3585 et

535 3624 1068 3700 quomodocunque
1092 3621 1540 3689 contradixisse,
1563 3637 1631 3677 ac
1669 3637 1741 3676 ne
1780 3620 2189 3693 dcpoueretur,

533 3716 825 3772 restitisse
851 3713 1193 3787 probantur.
1208 3710 1513 3784 Siquidem
1531 3710 1548 3783 (
1555 3715 1617 3766 ut
1636 3714 1842 3766 catera
1860 3724 2018 3765 nunc
2038 3724 2194 3764 com-

534 3816 861 3861 memorare
881 3800 1244 3872 differamus)
1267 3800 1328 3855 in
1360 3800 1608 3873 epistala
1624 3804 1819 3855 vestra
1838 3816 1907 3855 ex
1936 3814 2033 3854 ore
2062 3814 2190 3854 ves-

533 3897 623 3950 tro
655 3889 1302 3964 didicimus,quomodo
1330 3889 1417 3944 illi
1450 3904 1566 3945 non
1600 3888 1794 3945 solum
1833 3903 2188 3945 consensum

534 3983 852 4039 noluerunt
872 3980 1063 4053 ipsius
1095 3979 1352 4053 prabere
1374 3977 1980 4045 damnationi,verum
2012 3977 2188 4033 etiam

533 4072 806 4146 qualiter,
830 4088 903 4126 ne
927 4073 1162 4126 tantum
1193 4067 1495 4140 piaculum
1526 4084 1560 4123 a
1582 4067 1746 4123 vobis
1768 4067 1836 4122 in
1868 4084 2004 4123 eum
2036 4082 2192 4123 com-

530 4162 884 4227 mitteretur,
925 4157 1366 4215 interdixerint:
1394 4175 1522 4230 qna
1558 4157 1817 4230 profecto
1847 4162 1905 4213 et
1933 4157 2047 4229 ipsi
2080 4156 2189 4212 mi-

528 4252 689 4309 nime
719 4249 1205 4309 contradicerent.
1234 4246 1284 4303 si
1316 4248 1381 4303 ut
1409 4246 1760 4319 depositioni
1790 4247 1920 4318 ejus
1950 4246 2191 4302 interes-

529 4345 679 4409 sent,
694 4357 811 4396 nos
838 4338 950 4395 sibi
979 4338 1327 4394 mandatum
1344 4336 1625 4393 tribuisse
1647 4336 1985 4405 recolerent,
2011 4340 2068 4392 et
2085 4352 2189 4392 vos

527 4435 732 4505 postea
760 4429 875 4486 nisi
904 4426 1039 4484 illos
1078 4430 1287 4500 prater
1314 4427 1647 4499 jussionem
1687 4429 1950 4481 nostram
1982 4425 2189 4482 fecisse

527 4520 681 4576 clare
714 4517 965 4587 sciretis,
991 4533 1090 4573 eos
1138 4520 1197 4573 et
1242 4516 1407 4573 vobis
1456 4515 1890 4586 commendare,
1911 4519 1971 4571 et
2006 4531 2190 4588 super

526 4608 874 4682 hujnsmodi
932 4625 1084 4664 noxa
1137 4605 1633 4678 transgressionis
1691 4621 1968 4662 excusare
2022 4604 2187 4662 nullo

527 4699 702 4755 modo
742 4697 1077 4754 studeretis.

596 4789 729 4845 J‘am
759 4800 893 4844 vero
934 4787 983 4843 si
1031 4785 1224 4853 dictis,
1249 4798 1429 4857 quam
1461 4784 1534 4839 ob
1564 4799 1689 4839 rem
1739 4784 1871 4841 illos
1902 4785 2188 4858 deposue-

524 4877 735 4944 rimus,
766 4893 901 4932 cum
948 4892 1048 4931 eos
1078 4875 1136 4929 in
1170 4873 1548 4929 damnatione
1578 4889 1730 4946 sape
1779 4873 1883 4930 fati
1928 4875 2184 4947 patriari

524 4961 646 5023 ch‘a
676 4965 1005 5023 consentire
1051 4962 1316 5020 noluisse
1362 4966 1488 5019 tam
1538 4963 1848 5019 manifeste
1897 4964 2183 5033 sciamus,

522 5055 971 5129 respondemus,
992 5053 1138 5125 quia
1184 5050 1333 5107 nihil
1384 5051 1501 5107 illis
1549 5052 1772 5109 bonum
1824 5053 2045 5126 profuit
2086 5053 2182 5109 in-

524 5144 789 5216 choaSSe,
803 5149 862 5201 et
879 5144 941 5199 in
964 5142 1228 5199 bonitate
1248 5141 1493 5199 minime
1520 5143 1890 5215 perdurasse,
1908 5144 2184 5211 Quoniam

522 5237 621 5308 qui
636 5234 1062 5307 perseveraverit
1080 5246 1250 5303 usque
1270 5233 1328 5287 in
1345 5234 1531 5304 ﬁnem,
1545 5234 1636 5290 hic
1655 5234 1842 5288 salvus
1862 5233 2177 5301 eritallatth.

519 5328 602 5392 κ).
626 5324 777 5390 Quid
810 5323 967 5379 enim
1002 5320 1258 5393 proderit
1286 5320 1457 5377 alicui
1505 5338 1609 5395 pro
1637 5322 1880 5378 veritate
1918 5322 2179 5394 primum

522 5412 762 5488 quidem
795 5412 1081 5483 impetum
1115 5410 1271 5477 dare,
1296 5417 1353 5467 et
1391 5417 1525 5485 post
1554 5410 1863 5485 paululum
1903 5416 2006 5467 aut
2043 5429 2179 5468 sua-

522 5502 809 5570 sionibus,
835 5504 937 5555 aut
957 5500 1299 5569 terroribus,
1323 5505 1425 5558 aut
1450 5501 1563 5557 alio
1590 5500 1852 5572 quolibet
1876 5500 2014 5557 vitio
2035 5518 2070 5557 a
2087 5518 2180 5558 ve-

520 5593 712 5648 ritatis
743 5589 981 5646 tramite
1011 5589 1338 5647 declinare?
1370 5592 1544 5647 Porro
1576 5589 1626 5646 si
1649 5589 1856 5645 Vitalis
1895 5596 1952 5646 et
1997 5591 2175 5649 Mise-

520 5682 740 5749 nus,de
767 5679 985 5752 quibus
1015 5697 1193 5755 supra
1226 5680 1503 5746 diximus,
1531 5696 1565 5734 a
1595 5679 1761 5734 beato
1812 5678 1997 5736 Felice
2026 5698 2179 5756 papa

519 5771 741 5828 honore
771 5768 991 5844 pariter
1018 5774 1075 5829 et
1102 5768 1517 5830 communione
1545 5768 1753 5843 privati
1784 5773 1943 5839 sunt,
1969 5772 2070 5843 qui
2102 5773 2174 5829 ad

2303 3449 2540 3501 maneat
2566 3463 2579 3501 :
2614 3446 2715 3502 sed
2736 3458 2851 3502 vos
2880 3445 3022 3514 hac,
3048 3449 3125 3501 'ut
3155 3444 3541 3517 pratulimus,
3570 3446 3980 3516 occultantes,

2301 3553 2337 3592 a
2364 3536 2617 3608 piorum,
2671 3534 2774 3607 qui
2825 3533 3094 3591 fortassis
3144 3534 3267 3591 illi‘c
3314 3534 3706 3606 habebantur,
3759 3539 3985 3595 notitia

2301 3622 2688 3682 subduxistis.

2370 3714 2457 3769 Ad
2490 3713 2639 3768 nihil
2671 3712 2844 3787 plane
2874 3712 3035 3770 aliud
3067 3713 3463 3781 intendente‘s,
3494 3713 3610 3771 nisi
3640 3719 3709 3771 ut
3739 3730 3873 3774 non
3899 3723 3985 3774 te-

2300 3803 2619 3859 nebrarum
2645 3814 2822 3876 opera
2845 3802 3318 3860 manifestatione
3357 3802 3510 3860 lucis
3546 3812 3976 3877 arguerentur,

2299 3897 2359 3950 et
2389 3896 2456 3948 ut
2482 3904 2591 3949 nos
2621 3892 2717 3948 his
2738 3902 2866 3965 qua
2898 3891 3017 3948 illic
3045 3892 3526 3950 irrationabiliter
3554 3892 3685 3950 acta
3708 3896 3979 3963 fuerant,

2299 3982 2441 4038 dum
2457 3987 2668 4038 nostra
2689 3982 2919 4054 scripta
2938 3985 3237 4055 tacentur,
3260 3992 3617 4040 consensum
3639 3986 3980 4056 prmbuiss’s

2298 4075 2730 4144 reputaremur.
2748 4071 2966 4127 Probat
2976 4070 3091 4126 'ho'c
3109 4073 3399 4146 pracipue
3412 4076 3549 4146 post
3567 4072 3762 4130 multa
3779 4076 3979 4147 utilia,

2300 4172 2427 4233 qua
2459 4160 2540 4215 ibi
2574 4172 2693 4215 non
2731 4158 2954 4216 utiliter
2990 4165 3285 4234 corrupta,
3308 4161 3395 4218 vel
3426 4162 3780 4219 defraudata
3806 4171 3981 4231 sunt,

2299 4249 2657 4306 novissimus
2687 4246 2956 4321 ejusdem
2987 4249 3247 4322 epistola
3277 4249 3466 4321 locus,
3488 4252 3549 4307 in
3572 4264 3689 4325 quo
3704 4264 3831 4311 nos
3854 4255 3985 4331 qni—

2299 4340 2433 4395 dem
2458 4339 2690 4413 legatos
2720 4344 2954 4395 nostros
2968 4340 3481 4411 commendantes,
3498 4342 3980 4414 aniplitudinem

2296 4432 2423 4485 tum
2447 4428 2739 4501 deprecati
2764 4428 3069 4485 fueramus
3086 4429 3163 4485 de
3176 4428 3328 4501 ipsis
3348 4429 3502 4486 inter
3518 4429 3637 4486 alia
3652 4432 3976 4491 dicentes:

2297 4519 2368 4574 Et
2384 4532 2523 4574 cum
2553 4518 2614 4573 in
2636 4521 2926 4574 conventu
2954 4517 3226 4574 Ecclesia
3253 4519 3518 4575 sederint
3537 4530 3650 4592 pro
3674 4521 3980 4580 ecclesia

2296 4607 2460 4665 sticis
2489 4606 2968 4673 dilﬁnitionibhs,
3003 4607 3150 4662 nihil
3172 4622 3216 4663 ιθ.
3248 4608 3436 4676 vobis,
3466 4607 3663 4664 vellab
3695 4609 3841 4668 aliis
3876 4610 3978 4669 ali~

2216 4716 2264 4782 Β
2296 4699 2466 4770 cujus
2516 4695 2949 4753 contrarie’tatis
3000 4696 3295 4770 impetum
3338 4697 3643 4754 sentiant:
3676 4712 3789 4757 vos
3837 4710 3977 4760 vero

2297 4788 2569 4861 protinus
2598 4785 3025 4853 subintulistis,
3052 4786 3220 4858 quasi
3264 4800 3373 4844 nos
3419 4788 3512 4844 his
3558 4788 3975 4849 continuati!!!

2294 4875 2812 4948 subjUnxissemus
2859 4874 3236 4948 perhibenties
3268 4892 3283 4930 :
3314 4877 3365 4932 Α
3400 4871 3574 4933 nobis
3622 4878 3788 4937 enim
3842 4896 3975 4955 qua

2291 4962 2639 5037 hujusmodi
2669 4967 2812 5021 sunt
2830 4963 3239 5039 dispositionis
3267 4968 3745 5024 et~'statuta?sunt
3768 4975 3840 5028 ‘et
3870 4970 3978 5028 diiL

2291 5056 2477 5112 ﬁnita.

2358 5145 2480 5202 Hoc
2500 5150 2789 5220 pracepto
2804 5150 3002 5203 vestra
3023 5146 3248 5203 utinam
3262 5146 3651 5220 ipla'ce‘n'sto
3660 5152 3967 5223 sagacitas

2289 5235 2534 5292 innuero
2561 5234 2763 5292 volens
2784 5250 3152 5309 quacunque
3182 5252 3218 5292 a
3246 5235 3458 5310 legatie
3484 5238 3711 5295 nostris
3723 5244 3968 5297 statuta

2288 5325 2526 5382 fuerunt
2556 5330 2614 5381 et
2642 5325 2915 5395 difﬁnita,
2940 5341 3049 5382 nos
3088 5326 3386 5392 statuisse,
3398 5325 3493 5383 vel
3528 5320 3833 5387 di'ﬂlnisae
3860 5344 3967 5405 per

2287 5413 2487 5471 omnia
2507 5413 2951 5487 dignoscamar;
2968 5413 3296 5487 qui'ta‘men
3314 5414 3570 5489 scriptus
3594 5412 3959 5488 Versiculus,

2288 5519 2394 5560 nec
2426 5521 2462 5560 a
2490 5503 2664 5559 nobis
2693 5503 2932 5576 prodiit,
2953 5516 3058 5560 nec
3087 5503 3175 5560 eis
3206 5504 3619 5577 (praterun
3646 5506 3726 5562 ad
3754 5522 3959 5565 seem

2286 5593 2556 5666 magines
2585 5592 2943 5665 p’ertinet,et
2971 5594 3030 5649 id
3072 5604 3312 5666 quoque
3338 5592 3957 5667 irreprehcnsibiliter)

2287 5682 2701 5739 diffiniendum
2752 5681 2882 5738 sive
2940 5683 3180 5755 scripto,
3224 5683 3342 5739 sive
3394 5684 3574 5740 verbo
3630 5687 3957 5743 terminare

2287 5772 2634 5845 quidquam,
2656 5770 2745 5828 vel
2774 5771 3104 5830 delibatam
3122 5773 3537 5846 I'pracepimus.
3558 5777 3806 5834 messe
3822 5794 3953 5850 qua
