4098 6458
124 424 284 492 ﬂ)”

1340 421 1760 493 EPISTQLJE.
1788 423 1890 488 ET
1934 418 2318 492 DEGRETA.

3379 423 3533 490 1⁵926

123 557 692 630 diximus;superius-
717 556 954 618 anobis
979 558 1288 617 annotatis.
1324 557 1656 625 sententiis»,
1688 563 1773 618 te-
1803 561 1859 630 Α
1887 555 2544 629 immane-sacrilegium
2590 558 2832 628 gestum
2855 559 2964 624 est,
2997 553 3377 617 nihilominus
3429 560 3536 614 im-

118 646 978 720 stiﬁoantibnsexemplaribus
1008 647 1272 719 ejusdem
1295 646 1549 719 epistola:
1565 653 1778 704 nostrae

122 737 231 796 ubi
259 737 966 808 nosdepravatarejacent
987 737 1780 794 affatimedocentibus.Nam

120 827 174 882 si
218 844 326 886 nos
357 827 486 886 ideo
519 825 744 882 missos
775 831 1008 884 nostros
1039 825 1526 891 destinassemus,
1562 830 1626 880 ut
1657 826 1780 882 vice

119 921 325 974 nostra
345 915 556 989 Ignatii
570 919 768 972 essent
784 914 998 986 negotii
1012 914 1778 987 judices,quemadmodum

114 1023 224 1062 vos
252 1004 635 1078 praetenditis,
669 1006 770 1077 qui
800 1003 1142 1065 latrocinale
1171 1003 1316 1060 illud
1348 1004 1688 1072 concilium,
1717 1004 1777 1062 in

118 1112 240 1167 quo
276 1094 537 1167 Ignatins
569 1093 1051 1167 deponiputatus
1073 1093 1474 1164 estjudicium
1508 1099 1779 1153 nostrum

119 1183 760 1244 scribentesasseritis.
779 1185 926 1243 Ante
955 1183 1137 1240 totius
1170 1182 1294 1239 litis
1325 1183 1664 1250 motionem,
1692 1188 1778 1237 at-

119 1289 237 1345 que
269 1271 625 1333 anteomnis
655 1271 892 1328 initium
924 1272 1332 1330 controversia:
1364 1273 1560 1328 sedem
1578 1272 1628 1328 ei
1653 1289 1780 1344 pro-

120 1361 312 1433 priam
346 1361 574 1430 restitui
603 1361 807 1434 procul
838 1362 1018 1418 dubio
1051 1362 1514 1429 censuissemus,
1543 1366 1609 1416 ut
1636 1361 1780 1434 legi-

122 1450 267 1506 time
297 1450 577 1510 nimirum
612 1451 895 1523 reciperet
934 1451 1090 1523 quod
1141 1449 1306 1508 nulla
1348 1449 1474 1522 lege
1523 1451 1781 1506 dictante

123 1537 688 1610 perdiderat,.atque
720 1557 822 1610 per
847 1538 1308 1598 ecclesiasticum
1356 1555 1639 1598 canonem
1692 1555 1784 1594 re-

124 1631 388 1690 sumeret
437 1627 592 1699 quod
635 1627 717 1682 illi
766 1629 1026 1700 potentia
1079 1627 1377 1684 saecularis
1435 1629 1731 1688 ademerat
1764 1646 1788 1683 :-

124 1722 422 1788 quatenus
473 1715 556 1772 sic
599 1716 811 1778 deinde
847 1717 1086 1789 propria
1115 1719 1272 1784 sede,
1307 1735 1532 1774 necnon
1563 1723 1623 1772 et
1651 1735 1783 1773 om-

125 1805 306 1860 nibus
363 1805 488 1862 suis
548 1809 682 1866 ante
741 1806 1008 1878 receptis,
1066 1807 1407 1879 viribusque
1466 1805 1784 1878 resumptis

124 1893 580 1965 restitutusjam
612 1899 670 1950 et
699 1900 983 1963 armatus,
1018 1913 1152 1952 cum
1185 1894 1628 1952 accusatoribus
1659 1893 1780 1948 suis

122 1982 468 2042 certaminis
521 2000 819 2055 campum,
866 1989 930 2040 et
971 1984 1143 2056 litigii
1197 1985 1536 2040 conflictum
1591 1987 1782 2056 potest

123 2071 402 2142 arripere.
437 2072 599 2137 Quod
633 2072 857 2132 cumin
891 2073 1208 2132 mundanis
1254 2073 1504 2145 negotiis
1552 2072 1782 2144 legibus

126 2159 247 2214 tuis
296 2157 420 2216 ﬁeri
468 2175 733 2228 censeas,
765 2159 1083 2232 imperator
1131 2160 1316 2216 multo
1367 2161 1556 2233 magis
1608 2166 1673 2216 ut
1723 2161 1781 2216 in

127 2246 543 2304 ecclesiasticis
572 2252 747 2320 atque
779 2249 992 2306 divinis
1024 2249 1428 2306 observaretur
1465 2251 1650 2321 pietas
1683 2255 1794 2306 tua;

128 2337 337 2392 debuit
368 2337 701 2408 praevidere.

206 2426 317 2481 Sed
348 2425 469 2482 hinc
500 2443 610 2482 nos
637 2443 706 2482 ex
740 2427 1066 2484 innumeris
1099 2427 1294 2483 studio
1321 2428 1578 2483 veritatis
1603 2428 1782 2484 defal-

132 2518 273 2571 sata:
304 2519 639 2571 memoratae
672 2516 935 2571 crebrius
965 2516 1224 2588 epistolae
1274 2522 1485 2574 nostrae
1529 2518 1786 2573 dilectio-

130 2604 308 2660 nibus
356 2604 709 2662 summatim.
751 2603 1014 2676 tetigisse
1064 2604 1336 2662 sufﬁciat.
1389 2605 1603 2661 Caetera
1652 2623 1798 2662 vero

134 2694 282 2766 (quae
316 2697 654 2765 supersunt)
689 2709 790 2764 per
822 2691 1043 2765 legatos
1084 2699 1340 2761 nostros,
1373 2711 1522 2766 quos
1569 2695 1642 2750 ad
1691 2695 1786 2750 di-

128 2781 354 2836 vinitus
377 2785 705 2853 protectum
738 2781 1053 2854 imperium
1085 2786 1254 2838 tuum
1277 2799 1409 2839 ecce
1441 2783 1803 2852 direximus,,

131 2870 412 2943 inspectis
445 2870 818 2927 immutilatis
847 2871 1301 2944 exemplaribus,
1329 2890 1456 2945 qua:
1489 2871 1605 2928 illis
1635 2878 1804 2930 tran--

129 2959 406 3032 quillitati
435 2963 551 3015 ture
579 2960 1601 3027 demonstranda.tradidimus,facile
1625 2969 1800 3034 potes

129 3066 466 3122 agnoscere.
501 3049 891 3114 Quamobrem
922 3054 978 3105 et
1012 3068 1120 3106 nos
1151 3069 1386 3124 quoque
1416 3052 1802 3114 dilectionem.

132 3146 296 3202 tuam
328 3143 569 3212 paterno
602 3139 927 3198 salutantes
959 3141 1167 3196 affectu
1200 3141 1667 3213 deprecamur,et
1687 3160 1790 3214 per

137 3230 344 3296 Deum,
378 3228 438 3283 in
471 3229 640 3300 cujus
671 3245 850 3286 manu
892 3231 1068 3286 corda
1115 3234 1254 3288 sunt
1301 3248 1527 3303 regum,
1561 3231 1790 3287 enixius

1888 663 2094 706 mensa
2123 646 2511 704 admiratione
2540 646 2831 713 ducimur,
2858 651 2914 700 et
2945 647 3086 716 quia
3105 651 3334 704 tantum
3356 650 3537 720 impe-

1888 735 2040 790 rium
2071 735 2217 791 illud
2254 736 2462 807 potuit,
2486 740 2541 791 et
2570 739 2798 792 tantam
2831 736 3096 794 fraudem
3129 739 3379 808 perferre
3399 742 3539 810 jure

1887 824 2173 880 dolemus.
2207 824 2468 896 Denique
2498 823 2873 896 sacrilegium
2907 843 3020 881 non
3053 825 3346 882 immerito
3376 844 3537 886 com-

1889 913 2121 972 misisse
2151 914 2436 969 dicendus
2467 918 2574 980 est,
2609 913 2708 984 qui
2731 913 2949 986 scripta
2983 914 3218 986 pietatis
3251 916 3536 985 ﬁdelium,

1888 1007 2062 1074 atque
2093 1001 2172 1073 pii
2200 1001 2480 1074 principis
2512 1001 2730 1058 notioni
2766 1001 2852 1058 vel
2903 1004 3198 1072 subducit,
3225 1004 3312 1060 vel
3360 1023 3394 1060 a
3443 1006 3537 1062 sui

1886 1084 2125 1147 veritate
2137 1091 2492 1147 submovens
2504 1091 2828 1148 velamento
2848 1092 3278 1164 praestigiorum
3292 1112 3538 1151 suorum

1888 1180 2212 1237 obnubilat.
2232 1181 2646 1236 Verumtamen
2679 1197 2784 1236 nos
2817 1177 3352 1254 quomodocunque
3385 1183 3542 1242 falsi-

1888 1269 2016 1335 tati,
2049 1269 2135 1324 vel
2169 1269 2569 1341 depravationi
2601 1270 2802 1326 eadem
2837 1270 2917 1325 sit
2946 1269 3196 1341 epistola
3217 1272 3540 1338 submissa,

1889 1364 2084 1432 grates
2111 1359 2454 1414 innumeras
2481 1359 2712 1430 agimus
2742 1358 3056 1430 Deo,cujus
3081 1359 3462 1432 inspiratione
3482 1364 3543 1417 et

1890 1447 2087 1503 fidelia
2114 1448 2242 1518 ejus
2291 1446 2645 1519 exemplaria
2690 1464 2868 1519 penes
2915 1466 3022 1503 nos
3072 1450 3439 1517 retinuimus,
3484 1453 3542 1504 et

1889 1537 2062 1608 cujus
2110 1537 2401 1608 permissu
2445 1537 2545 1608 qui
2596 1536 2715 1590 haec
2764 1536 2853 1591 vel
2897 1537 3294 1595 authenticam
3349 1538 3540 1610 ipsam

1891 1626 2176 1696 scripsere
2207 1643 2514 1698 superesse
2543 1631 2888 1682 noscuntur.

1962 1716 2078 1770 Nos
2123 1719 2319 1771 autem
2370 1715 2580 1787 I'gnatii
2634 1716 2830 1770 fratris
2880 1720 2936 1771 et
2983 1716 3310 1789 cocpiscopi
3357 1718 3542 1773 nostri

1892 1803 2199 1875 privationi
2233 1821 2584 1876 quocunque
2615 1804 2976 1874 discrimine,
3004 1806 3348 1878 priusquam
3381 1824 3415 1861 a
3444 1823 3548 1862 no-

1893 1893 1984 1948 bis
2015 1892 2344 1965 specialiter
2373 1895 2445 1948 ad
2484 1893 2849 1950 iterationem
2896 1895 3026 1966 ejus
3056 1896 3412 1966 perducatur
3443 1913 3543 1952 ne-

1892 1981 2138 2053 gotium,
2173 1981 2313 2054 quia
2344 1999 2449 2038 nec
2493 1981 2776 2038 hactenus
2823 1983 3231 2040 consensimus
3275 1983 3551 2057 aliquan-

1891 2071 1984 2138 do,
2021 2071 2137 2126 Deo
2189 2088 2294 2127 nos
2341 2070 2942 2139 conﬁrmante,.nullo
2996 2073 3170 2129 modo
3217 2075 3551 2130 consentie-

1892 2177 2047 2216 mus.

1963 2250 2176 2305 Verum
2210 2267 2325 2305 non
2358 2249 2858 2321 itajustiﬁcamus
2888 2266 3044 2316 eum,
3081 2255 3146 2306 ut
3194 2251 3341 2308 nihil
3388 2253 3554 2309 hunc

1894 2339 2341 2411 reprehensione
2372 2339 2616 2411 dignum
2651 2339 2964 2395 admisisse
2995 2340 3404 2414 dicamus,pr0
3427 2360 3556 2415 quoa

1893 2430 2140 2484 fortasse
2171 2429 2378 2483 merito
2409 2432 2656 2500 poterat,
2679 2428 2939 2500 legitima
2970 2428 3335 2486 discussione
3367 2432 3540 2498 facta,

1895 2518 2195 2590 quodlibet
2226 2517 2518 2573 canonicm
2542 2517 2812 2588 jaculum
2863 2518 2982 2589 pati
3034 2520 3371 2575 sententiae:
3407 2537 3556 2576 cum:

1895 2608 2180 2678 scriptum
2201 2607 2258 2660 in
2273 2606 2605 2677 apostolicis
2620 2605 2832 2664 litteris
2852 2608 3556 2674 conﬁteamur,diceutes:~

1895 2700 1958 2752 In
1985 2698 2175 2752 multis
2203 2696 2531 2767 offendimus
2561 2713 2741 2751 omnes
2770 2700 2910 2763 (Jac.
2947 2701 3070 2765 ill);
3106 2703 3162 2752 et
3200 2715 3404 2752 rursus
3439 2716 3451 2754 :
3485 2699 3548 2754 Si

1895 2786 2200 2842 dixerimus
2246 2787 2378 2856 quia
2424 2793 2706 2856 peccatum
2757 2802 2870 2840 non
2916 2787 3196 2854 habemus,
3252 2804 3349 2843 nos
3408 2791 3562 2860 ipsos:

1896 2876 2224 2941 seducimus,
2258 2883 2309 2930 ct
2336 2876 2534 2930 veritas
2567 2876 2625 2929 in
2655 2875 2808 2929 nobis
2837 2891 2949 2930 non
2975 2883 3054 2930 est
3081 2879 3132 2943 (I
3159 2877 3316 2931 Joan.
3345 2877 3409 2947 I);
3443 2879 3562 2936 sedi

1898 2965 1978 3019 ita
2001 2964 2352 3031 volumus,et
2374 2965 2454 3018 ita
2465 2963 3018 3019 decernimusistius
3032 2965 3190 3019 modi
3209 2966 3558 3037 pontiﬁcem.

1897 3055 2075 3126 digna
2106 3070 2210 3126 pro
2243 3052 2411 3108 factis
2440 3053 2715 3124 recipere,
2751 3056 2817 3107 ut
2849 3053 3208 3108 sacerdotale
3235 3055 3414 3110 decus
3447 3071 3559 3127 pe--

1897 3143 2056 3197 nitus
2087 3159 2202 3196 non
2235 3140 2492 3207 vilescat,
2526 3157 2630 3196 nec
2660 3145 2781 3196 tam
2812 3141 2980 3197 facile
3012 3142 3366 3213 pontiﬁcalis
3401 3160 3560 3216 apex;

1896 3237 2050 3288 terra
2079 3237 2249 3286 tenus
2280 3230 2634 3285 incurvetur.
2671 3231 2773 3297 Ita,
2796 3229 3436 3302 inquam,volumus.et
3464 3233 3547 3288 ita

140 3319 538 3384 obsecramus,
577 3322 642 3373 ut
684 3318 951 3374 eamdem
1003 3319 1193 3391 ipsam
1246 3319 1574 3392 epistolam,
1609 3338 1787 3392 quam
1820 3307 1862 3374 C
1896 3320 3546 3393 decernimushunc,imoquemcunquepontiﬁcemjustas

142 3405 340 3482 glorise
371 3410 486 3462 ture
515 3423 618 3478 per
644 3405 815 3480 longe
835 3408 1107 3479 superius
1124 3413 1479 3465 memoratos
1502 3409 1791 3468 Rhadoal-

145 3498 288 3554 dum
320 3501 376 3554 et
405 3495 742 3556 Zachariam
766 3497 1158 3566 misimus,bis
1188 3499 1574 3570 praesentibus
1596 3499 1793 3557 missis

147 3585 363 3643 nostris
397 3590 905 3658 monstare,atque
936 3588 1008 3643 ad
1037 3586 1404 3646 collationem
1436 3605 1569 3644 cum
1600 3605 1810 3645 exem-.

147 3675 432 3748 plaribus,
465 3693 594 3747 quae
623 3675 708 3731 eis
739 3676 1030 3745 dedimus,
1064 3676 1390 3734 faciendam
1423 3695 1585 3734 mora
1628 3679 1793 3735 sufﬁ-

145 3765 330 3823 ciente
361 3765 806 3822 accommodare
854 3765 1158 3838 digneris:
1194 3771 1485 3839 quatenus
1534 3785 1636 3840 per
1685 3769 1793 3824 hoc

145 3855 294 3916 scire
321 3853 780 3922 valeant,utrum
815 3853 898 3911 sic
926 3856 1129 3912 eadem
1161 3856 1483 3928 epistolain
1497 3876 1605 3914 sua
1617 3875 1812 3930 penes.

143 3960 247 3999 vos
294 3943 625 4016 integritate
675 3945 1452 4015 maneat,,quemadmodum
1493 3947 1810 4007 exstiterat.

147 4051 180 4088 a
211 4032 382 4089 nobis
411 4038 523 4088 tuae
572 4031 923 4088 sublimitati
972 4033 1236 4088 directa:
1285 4051 1359 4092 an
1411 4052 1445 4089 a
1493 4051 1793 4107 quoquam

143 4121 321 4178 fuerit
351 4123 728 4195 postmodum
759 4122 829 4180 ad
865 4122 1136 4195 superius
1165 4127 1473 4179 annotatas
1515 4125 1792 4197 deprava-

145 4213 335 4269 tiones
367 4203 666 4284 perducta.

214 4301 284 4356 Et
313 4300 604 4374 siquidem
634 4317 737 4374 per
767 4305 1088 4358 vestratum
1113 4301 1370 4374 aliquem
1382 4306 1612 4359 tantum
1631 4304 1794 4362 nefas

143 4394 439 4463 patratum
471 4395 578 4447 est:
597 4389 874 4463 quoniam
906 4393 1060 4464 apud
1079 4391 1495 4462 Graecos(sicut
1511 4393 1795 4451 nonnulla

145 4480 360 4537 diversi
388 4481 669 4552 temporis
719 4480 940 4553 scripta
989 4484 1302 4550 testantur)
1350 4481 1656 4538 familiaris
1704 4487 1796 4540 est

143 4568 260 4627 ista
286 4570 586 4626 temeritas
613 4589 625 4627 :
650 4571 956 4639 miramur,
982 4576 1040 4626 et
1071 4571 1261 4627 modis
1295 4572 1569 4628 omnibus
1589 4573 1794 4629 obstu-

1903 3411 2074 3468 subdi
2106 3409 2498 3476 sententim,ut
2528 3408 3566 3482 nonassecularibusquibuscunque

1895 3501 2214 3572 judicetur,
2248 3516 2362 3554 non
2393 3499 2695 3571 tyrannice
2725 3497 3106 3570 propellatur,
3129 3516 3246 3553 non
3276 3504 3411 3554 ante
3443 3518 3566 3555 au--

1901 3590 2180 3646 dientiam
2211 3588 2455 3644 ecclesia
2485 3605 2592 3643 sua
2621 3587 2895 3660 privetur,
2911 3604 3028 3643 non
3058 3588 3130 3642 ab
3151 3588 3545 3659 inferioribus,

1904 3680 2002 3736 sed
2035 3697 2069 3735 a
2100 3678 2338 3750 majoris
2369 3677 2733 3733 auctoritatis
2763 3676 3032 3749 personis
3054 3678 3191 3732 recti
3205 3677 3551 3734 calculisen-

1902 3769 2146 3825 tentiam
2191 3771 2603 3838 consequatur.
2641 3768 2727 3822 lta
2756 3766 3006 3839 denique
3035 3766 3325 3834 volumus,
3364 3773 3422 3823 et
3470 3769 3566 3824 ita.

1904 3857 2275 3915 decernimus
2328 3857 2521 3924 istius,
2557 3856 2674 3912 imo
2705 3873 2838 3911 vero
2885 3861 3231 3912 cunctorum
3281 3858 3552 3913 sacerdo-

1902 3955 2028 4005 tum
2078 3965 2287 4004 causas
2333 3945 2687 4010 examinare,
2729 3945 2963 4018 culpam
3013 3963 3184 4001 suam
3231 3946 3438 4017 punire
3485 3951 3552 4002 ut

1902 4044 2173 4112 paternos
2203 4036 2486 4093 terminos
2518 4052 2634 4091 non
2661 4034 3182 4106 transgrediamur,
3215 4051 3412 4090 sacros
3453 4053 3550 4090 ca-

1903 4145 2086 4184 nones
2118 4143 2233 4182 non
2268 4123 2702 4190 conculcemus,
2733 4140 2837 4179 nec
2869 4122 3182 4178 decretalia
3210 4123 3366 4178 sedis
3415 4141 3550 4196 apo.

1903 4217 2118 4272 stolica’.
2167 4215 2507 4282 constituta,
2543 4213 2756 4285 quibus
2806 4211 3067 4268 Ecclesia
3117 4216 3240 4268 tota
3289 4211 3546 4281 fulcitur,

1902 4310 2077 4379 atque
2098 4304 2381 4371 munitur,
2407 4301 2817 4376 quoquomodo
2846 4301 3154 4358 violemus.

1971 4397 2055 4451 Ad
2105 4400 2429 4451 extremum
2479 4393 2561 4448 ita
2605 4392 2898 4459 volumus,
2931 4397 2990 4448 et
3035 4393 3116 4448 ita
3155 4391 3546 4461 decernimus,

1902 4485 2235 4559 pontiﬁcem
2269 4482 2692 4556 qualiscunque
2723 4482 2820 4549 sit,
2844 4481 3102 4553 judicari
3129 4499 3142 4537 :
3177 4487 3246 4537 ut
3271 4481 3548 4548 ecclesiae,

1902 4575 1994 4630 cui
2025 4577 2251 4646 praeest,
2277 4573 2417 4643 jura
2463 4571 2626 4626 nulla
2669 4570 3018 4639 temeritate,
3054 4571 3216 4627 nulla
3262 4588 3552 4644 praesum-

143 4659 461 4732 pescimus,
497 4659 545 4716 si
576 4660 773 4731 regius
803 4660 1154 4718 excellentiae
1186 4665 1296 4716 tuae
1330 4661 1535 4728 honor,
1569 4662 1668 4733 qui
1691 4664 1791 4734 ju-
1822 4684 1868 4748 D
1903 4663 2099 4737 ptione
2129 4663 2492 4734 frangantur.
2517 4659 2755 4714 Nullum
2788 4660 3003 4732 quippe
3036 4660 3248 4733 poterit
3283 4659 3551 4716 Ecclesiae

145 4750 365 4806 dicium
384 4749 675 4822 diligit,ad
691 4755 919 4806 tantum
934 4751 1189 4822 potuerit
1209 4751 1462 4807 dedecus
1478 4750 1788 4817 incurvari,

144 4856 280 4894 cum
311 4839 382 4894 ad
416 4839 523 4895 hoc
555 4839 744 4912 magis
776 4839 1056 4896 divinitus
1087 4839 1394 4896 ordinatus
1415 4841 1795 4914 sit,utdepra-

139 4933 274 4986 vata
304 4929 574 5001 corrigat,
602 4929 901 4988 etfalsata
931 4928 1190 5001 pristinae
1221 4929 1481 4986 veritatis
1504 4930 1794 4988 honestati

146 5018 574 5086 restituat;aut
603 5018 759 5076 enim
799 5020 969 5090 justa
1009 5021 1246 5076 fuerunt
1289 5036 1418 5091 quae
1466 5019 1791 5091 missimus,

147 5107 346 5180 sicque
375 5113 803 5180 consequenter
831 5109 1087 5182 oportuit
1107 5127 1174 5165 ea
1203 5109 1548 5178 servari,aut
1569 5109 1799 5181 sijusta

147 5201 353 5270 putata
381 5214 496 5253 non
527 5197 756 5267 sunt,in
791 5216 906 5271 quo
922 5200 1089 5271 justa
1117 5216 1234 5254 non
1266 5198 1501 5268 fuerint,
1519 5215 1620 5270 per
1639 5198 1798 5254 aliud

148 5285 358 5344 saltem
383 5287 670 5359 scriptum
689 5289 899 5360 exponi
930 5288 1018 5344 vel
1051 5289 1221 5346 nobis
1248 5289 1468 5354 referri,
1493 5292 1549 5344 et
1567 5305 1802 5344 summa

150 5375 375 5432 ratione
404 5377 733 5436 debuerunt
762 5383 1028 5450 patenter
1058 5379 1308 5436 ostendi.
1327 5379 1390 5434 In
1422 5377 1582 5434 nullo
1603 5383 1800 5436 tamen

150 5465 363 5521 horum
393 5468 652 5539 Oportuit
683 5484 752 5524 ea
779 5467 866 5524 vel
893 5467 1146 5524 ecclesiae
1177 5486 1304 5540 qua:
1335 5469 1490 5542 apud
1537 5485 1640 5525 vos
1690 5472 1798 5537 est,

151 5556 484 5627 cognitione
513 5558 845 5629 privari,vel
869 5557 1068 5630 aliqua
1098 5557 1370 5617 falsitatis
1391 5559 1802 5632 depravatione

150 5646 435 5705 fraudari.

224 5736 398 5796 Porro
430 5737 481 5797 si
512 5743 624 5798 tuae
646 5739 1118 5800 mansuetudinis
1130 5740 1457 5818 postposita
1476 5740 1800 5801 notitiahoc

1895 4756 1996 4827 jus
2027 4753 2272 4824 dignum
2305 4748 2541 4815 servari,
2577 4748 2623 4804 si
2655 4749 2866 4820 praesul
2908 4750 3034 4821 ejus
3085 4767 3120 4805 a
3166 4749 3549 4822 quibuslibet,

1900 4842 1988 4898 vel
2022 4839 2529 4914 quandolibet,aut
2557 4838 2994 4910 quomodolibet
3008 4840 3551 4911 impetratur,etpro

1902 4932 2068 4988 libito
2116 4931 2521 5001 cujuscunque
2551 4932 2714 4983 tanta
2757 4927 3034 4984 facilitate
3083 4927 3353 5000 pellatur.
3389 4928 3551 4993 Quod

1905 5039 2039 5077 cum
2072 5021 2153 5075 ita
2183 5020 2401 5086 sit,non
2433 5016 2752 5090 possumus
2775 5017 3008 5072 interim
3030 5018 3263 5072 fratrem
3285 5020 3550 5072 nostrum

1906 5109 2218 5183 Ignatium,
2253 5106 2679 5180 qualiscunque
2710 5107 2805 5172 sit,
2822 5123 2936 5161 non
2969 5105 3122 5160 inter
3149 5104 3552 5162 sanctissimos

1907 5203 1963 5254 et
1992 5197 2366 5254 beatissimos
2396 5193 2757 5267 patriarchas
2798 5209 3240 5248 connumerare.
3277 5191 3384 5258 Qui
3417 5191 3555 5248 licet

1909 5288 2064 5360 apud
2095 5303 2197 5342 vos
2229 5286 2306 5340 sit
2335 5289 2422 5340 tot
2447 5282 2795 5356 opprobriis,
2825 5286 2910 5337 tot
2941 5281 3444 5354 persecutionibus
3476 5282 3556 5336 fa-

1908 5378 2189 5450 tigatus,a
2217 5374 2386 5431 nobis
2408 5379 2602 5429 tamen
2635 5370 2866 5427 nonnisi
2892 5370 3552 5443 qualisadecessoribus

1910 5467 2056 5523 meis
2087 5466 2354 5531 habetur,
2391 5463 2648 5518 creditur
2676 5465 2732 5518 et
2758 5465 3070 5517 veneratur
3095 5478 3108 5528 ;
3143 5459 3306 5516 nullo
3337 5460 3556 5532 quippe

1911 5561 2110 5615 nostro
2142 5553 2405 5612 examine
2435 5552 2686 5623 alicujus
2725 5550 2987 5606 criminis
3040 5568 3196 5618 reus,
3229 5549 3390 5605 nullo
3443 5553 3552 5619 est,

1911 5652 2111 5706 nostro
2142 5642 2374 5719 speciali
2401 5640 2624 5714 judicio
2671 5647 2935 5715 repertus
2983 5640 3269 5698 obnoxius
3301 5655 3313 5694 :
3347 5655 3414 5694 ac
3452 5655 3557 5711 per

1910 5738 2019 5798 hoc
2045 5738 2201 5818 (cum
2232 5733 2396 5795 nulla
2424 5735 2533 5808 est)
2566 5730 2736 5791 nulla
2757 5733 3046 5794 sententia
3075 5729 3556 5793 condemnandus
