4098 6460
552 424 575 484 1
589 421 704 482 021

1926 407 2238 474 NICOLAI
2289 407 2513 470 PAPE
2554 407 2602 470 Ι.

3832 399 3988 462 1028

552 559 652 610 aut
675 547 1313 621 anostriEcelesiaaque
1327 551 1534 604 nostrae
1550 545 1963 602 communione
1977 543 2206 616 collegii
2235 542 2290 610 Α
2315 543 2622 599 videamus
2654 555 2906 614 quorum
2929 535 3156 610 judicio
3191 535 3274 592 vel
3324 551 3574 608 quorum
3624 533 3987 590 auctoritate

552 643 1128 715 mquestrandus,aut
1157 637 1474 710 aliquibus,
1506 637 1619 692 nisi
1642 634 2086 692 honorabilibus
2106 651 2205 688 vo-

552 730 1217 803 cabulis'appellandus.
1251 728 1361 784 Sed
1393 745 1498 782 nec
1529 726 1588 781 in
1627 727 1812 782 Photii
1865 722 2207 781 sacerdotali

550 820 1194 895 provectu,pra:stando
1224 818 1416 872 favore
1445 816 1505 870 in
1535 821 1668 871 vota
1697 813 2209 871 condescensionis

552 917 768 968 nostrae
782 911 952 966 modo
965 905 1744 980 quolibetinclinabimus.(a)
1764 901 2208 977 Ergotranquil-

554 1000 690 1057 litas
721 1006 821 1056 tua
851 999 1177 1054 litterarum
1210 995 1416 1052 saltem
1449 1013 1606 1050 nunc
1655 999 1850 1050 tenere
1895 994 2210 1066 cognoscat

555 1091 756 1146 sedem
789 1088 941 1143 beati
976 1086 1124 1142 Petri
1159 1084 1406 1158 apostoli
1432 1084 1492 1139 in
1525 1083 1814 1156 neophyto
1855 1086 1911 1138 et
1958 1080 2204 1147 mcecho,

551 1183 608 1236 et
639 1176 1426 1250 Constontinopolitanorum
1456 1173 1725 1230 Ecclesiae
1755 1173 2021 1228 invasere
2067 1170 2210 1226 Pho-

550 1267 798 1336 tio,olim
824 1269 1104 1340 justeque
1137 1266 1509 1332 damnato,ac
1542 1263 1930 1318 nihilominus
1962 1276 2210 1332 praesen—

552 1359 629 1415 lia
677 1357 942 1431 synodali
994 1372 1180 1427 nuper
1222 1353 1385 1420 eliso,
1415 1351 1849 1408 communionis
1879 1365 2204 1422 nunquam,

550 1447 666 1504 nisi
695 1465 728 1504 a
754 1444 1227 1520 praevaricatione
1277 1441 1610 1510 cessaverit,
1645 1441 2024 1515 praebituram
2079 1455 2208 1494 esse

550 1553 928 1593 consensum.

621 1625 750 1694 Qui,
780 1629 845 1680 ut
877 1628 1082 1679 caetera
1114 1640 1268 1677 nunc
1301 1621 1663 1687 omittamus,
1699 1637 1733 1675 a
1778 1618 2053 1692 Gregorio
2103 1617 2206 1689 Sy-

553 1731 840 1771 racusano
890 1712 978 1768 vel
1030 1712 1253 1768 caeteris
1313 1711 1654 1768 schismatis
1706 1710 2032 1774 institutus,
2089 1707 2206 1762 imo

551 1805 908 1868 destructus,
933 1807 1134 1858 contra
1162 1818 1335 1856 omne
1369 1802 1453 1856 las
1485 1799 1724 1855 alterius
1755 1798 2065 1872 praesidere
2090 1814 2205 1852 non

549 1898 742 1987 potest
773 1892 1061 1987 Ecclesiae.
1094 1891 1239 1946 Nam
1273 1889 1478 1987 mer-into
1520 1891 1854 1987 destructus
1904 1904 2034 1986 esse
2082 1904 2206 1986 ore:
2237 1922 2282 1987 B

549 1984 729 2051 ditur,
767 1982 867 2055 qui
898 2000 932 2036 a
972 1982 1273 2036 destructo
1323 1979 1596 2035 aediﬁcari
1647 1995 1910 2051 sperans,
1946 1977 2121 2032 etiam
2154 1977 2204 2032 si

549 2089 668 2145 qua
713 2071 828 2127 alia
878 2071 1033 2126 bona
1082 2068 1352 2125 fortassis
1400 2067 1628 2135 habuit,
1676 2067 1871 2122 nimiae
1920 2082 2202 2137 praesum-

547 2161 764 2234 ptionis
794 2162 921 2232 ejus
953 2158 1268 2215 temeritati
1301 2154 2201 2228 communicans,perdidit.Nam

544 2250 861 2324 Gregorius
894 2249 1187 2321 quomodo
1221 2264 1579 2319 quemquam
1621 2247 1907 2301 mdiﬁcare
1955 2249 2198 2316 poterat,

544 2339 645 2412 qui
681 2338 1088 2411 multipliciter
1108 2338 1237 2408 jam
1271 2337 1626 2392 noscebatur
1655 2335 1877 2392 elisus?
1900 2335 2200 2400 Quomodo

545 2445 906 2502 quemquam
948 2428 1006 2482 in
1059 2427 1253 2499 aliquo
1285 2424 1677 2482 ecclesiastico
1727 2428 1955 2496 poterat
2001 2423 2201 2478 ordine

544 2518 825 2583 stabilire,
861 2517 959 2589 qui
992 2515 1260 2571 Ecclesia:
1295 2515 1582 2569 unitatem
1615 2514 1909 2580 scindens,
1936 2512 2199 2583 ipsejam

544 2608 852 2662 videbatur
882 2605 1123 2660 omnino
1155 2603 1452 2674 dejectus?
1483 2604 1648 2659 Sicut
1687 2603 1842 2658 enim
1891 2601 2104 2674 ligatus
2135 2601 2200 2656 li-

545 2713 704 2770 gare,
739 2700 796 2750 et
842 2695 1103 2766 dejectus
1153 2693 1402 2763 dejicere
1451 2710 1567 2748 non
1618 2692 1828 2764 potuit,
1863 2691 1946 2746 sic
1977 2692 2200 2746 destru-

545 2790 676 2841 ctus
703 2787 1061 2848 construere,
1095 2787 1151 2838 et
1181 2781 1362 2837 elisus
1391 2797 1747 2854 quemquam
1789 2779 2058 2836 ordinare
2098 2797 2196 2835 ne-

545 2873 747 2948 quivit.
785 2878 847 2928 ln
881 2889 1117 2928 summo
1162 2872 1376 2943 quippe
1422 2875 1612 2927 status
1660 2870 1753 2926 sui
1785 2875 2014 2942 oportet
2060 2887 2195 2925 eum

541 2964 736 3037 vigore
767 2961 1104 3029 consistere,
1141 2967 1197 3017 et
1227 2962 1414 3016 ﬁrmis
1459 2960 1610 3016 imiti
1641 2978 1744 3032 per
1789 2961 1986 3016 omnia
2033 2959 2196 3015 basi-

542 3053 675 3122 bus,
711 3052 812 3126 qui
861 3052 1111 3108 alterum
1162 3050 1250 3106 vel
1301 3055 1602 3124 prosterne
1646 3050 1732 3106 vel
1783 3053 2026 3106 conatur
2075 3054 2195 3106 sta-

542 3148 726 3199 tuere.

614 3231 930 3304 Gregorius
961 3249 1117 3305 ergo,
1151 3231 1251 3304 qui
1284 3231 1562 3287 canonice
1593 3248 1658 3286 ac
1701 3231 1972 3303 synodice
2023 3230 2196 3302 depo—

2319 633 2630 704 Gregorius
2662 635 2794 704 post
2814 627 3239 701 depositionem
3265 630 3321 681 et
3348 624 3986 691 anathema,honorem

2319 722 2690 794 episcopatus
2720 715 3468 792 prasit[praesumpsit],vel
3494 713 3764 770 ofﬁcium
3787 713 3988 786 pristi-

2319 829 2462 867 num
2495 810 2728 884 recepit.
2763 809 2979 865 Omnes
3008 806 3163 862 enim
3203 806 3371 861 illum
3421 809 3476 860 et
3507 802 3858 876 depositum
3894 819 3989 857 no-

2319 906 2458 957 runt
2485 907 2541 957 et
2571 898 2961 956 anathematis
2989 896 3238 952 vinculis
3269 895 3594 968 obligatum
3626 910 3697 949 ac
3744 910 3856 965 per
3883 891 3990 947 hoc

2318 993 2500 1048 totius
2527 988 2795 1046 Ecclesia
2844 986 3257 1043 communione
3301 983 3614 1058 privatum.
3655 983 3798 1038 Jam
3858 998 3990 1036 vero

2319 1082 2363 1138 si
2399 1079 2660 1136 dixeritis
2693 1079 2832 1152 quia
2859 1078 2985 1149 ipse
3015 1075 3126 1131 sibi
3156 1074 3466 1147 Gregorius
3495 1078 3551 1129 et
3571 1073 3874 1128 honorem
3913 1087 3994 1126 re-

2318 1171 2594 1244 sumpsit,
2627 1173 2682 1225 et
2713 1167 3028 1241 pristinum
3054 1163 3313 1221 ofﬁcium
3344 1162 3577 1236 recepit,
3605 1161 3821 1217 audite
3846 1162 3990 1234 quid

2315 1259 2632 1334 Apostolus
2662 1257 2817 1314 dicat
2849 1274 2861 1311 :
2897 1260 3006 1312 Nec
3033 1256 3326 1328 quisquam
3352 1260 3533 1309 sumat
3551 1253 3663 1308 sibi
3694 1253 3991 1316 honorem,

2315 1351 2407 1407 sed
2439 1353 2536 1424 qui
2563 1356 2788 1405 vocatur
2811 1365 2843 1402 a
2877 1351 2986 1402 Deo
3018 1353 3283 1417 tanquam
3318 1345 3498 1399 Aaron
3529 1361 3546 1396 :
3576 1341 3668 1398 sed
3722 1349 3777 1398 et
3829 1340 3991 1397 Chri-

2315 1451 2432 1497 stus
2471 1456 2583 1495 non
2625 1439 2974 1510 semetipsum
3018 1435 3365 1506 clariﬁcavit,
3416 1441 3477 1488 ut
3514 1432 3781 1504 pontifex
3839 1432 3994 1501 fieret

2318 1531 2496 1602 (Hebr.
2524 1531 2602 1598 v).
2647 1528 2758 1584 Sed
2811 1531 2868 1582 et
2914 1523 3275 1581 venerabiles
3321 1521 3666 1578 Antiocheni
3724 1537 3996 1577 canones

2316 1619 2666 1693 praecipiunt
2695 1636 2706 1673 :
2742 1617 2803 1673 Si
2835 1616 2970 1688 quis
2999 1613 3309 1687 episcopus
3332 1613 3648 1668 damnatus
3669 1628 3708 1666 a
3732 1612 3994 1684 synodo,

2315 1709 2403 1766 vel
2435 1709 2755 1782 presbyter,
2791 1711 2892 1762 aut
2939 1704 3222 1760 diaconus
3271 1721 3304 1758 a
3345 1719 3450 1758 suo
3502 1701 3812 1773 episcopo,
3863 1701 3994 1756 ausi

2317 1800 2534 1855 fuerint
2565 1797 2800 1870 aliquod
2841 1796 2912 1850 de
2960 1810 3124 1850 sacro
3176 1791 3500 1848 ministerio
3543 1791 3722 1862 juxta
3768 1807 3996 1863 prace-

2315 1891 2548 1944 dentem
2589 1884 3073 1942 consuetudinem
3115 1883 3471 1955 contingere,
3504 1881 3624 1936 sive
3657 1881 3996 1953 episcopus

2315 1980 2410 2044 sit,
2446 1977 2565 2033 sive
2597 1975 2899 2048 presbyter
2930 1977 3032 2028 aut
3061 1973 3364 2036 diaconus,
3400 1969 3560 2024 nullo
3593 1971 3777 2026 modo
3813 1969 3996 2025 liceat

2313 2068 2364 2124 ei
2399 2083 2503 2122 nec
2535 2067 2591 2120 in
2627 2064 2743 2120 alia
2772 2063 2994 2136 synodo
3027 2059 3417 2117 restitutionis
3450 2076 3613 2132 spem
3640 2063 3749 2114 aut
3781 2057 3994 2115 locum

2313 2157 2526 2212 habere
2540 2153 2738 2211 satists
2748 2151 3089 2208 ctioniszsed
3104 2155 3160 2206 et
3175 2149 3756 2205 excommunicantes
3771 2165 3877 2204 om
3890 2166 3994 2203 nes

2313 2245 2488 2319 abjici
2519 2246 2590 2300 de
2622 2242 2896 2310 Ecclesia,
2929 2246 2986 2297 et
3018 2240 3270 2296 maxime
3300 2239 3347 2294 si
3395 2243 3787 2311 posteaquam
3832 2239 3994 2294 didi-

2311 2335 2498 2390 cerint
2525 2335 2803 2390 adversus
2854 2334 3211 2386 memoratos
3258 2327 3545 2401 prolatam
3595 2328 3786 2383 fuisse
3847 2345 3995 2384 sen-

2309 2423 2575 2490 tentiam,
2604 2422 2823 2478 eisdem
2855 2419 3291 2476 communicare
3323 2418 3994 2491 praesumpserinLCar-

2308 2513 2685 2586 thaginenses
2717 2527 2950 2584 quoque
2981 2508 3194 2581 regula
3246 2507 3832 2564 excommunicatum
3887 2507 3992 2580 qui

2309 2607 2442 2658 ante
2469 2601 2827 2658 audientiam
2859 2599 3295 2655 communicare
3320 2597 3647 2664 tentaverit,
3676 2597 3894 2669 ipsum
3928 2598 3990 2652 in

2307 2709 2370 2748 se
2401 2691 2840 2746 damnationem
2873 2687 3189 2762 protulisse
3233 2686 3539 2742 manifeste
3588 2687 3986 2742 denuntiant.

2308 2781 2366 2837 Si
2398 2797 2534 2854 ergo
2561 2781 2886 2836 secundum
2917 2776 3261 2850 Apostolum
3292 2792 3461 2830 nemo
3517 2775 3628 2829 sibi
3680 2775 3987 2831 honorem

2306 2870 2537 2943 accipit,
2565 2873 2622 2926 et
2652 2869 2919 2924 Christus
2950 2884 3065 2922 non
3097 2882 3158 2921 se
3197 2864 3536 2920 clariﬁcavit
3589 2869 3653 2918 ut
3705 2865 3988 2937 pontifex

2307 2961 2488 3027 ﬁeret,
2524 2959 2624 3032 qui
2655 2975 2859 3014 omnes
2888 2974 3022 3013 cum
3053 2958 3220 3011 Patre
3253 2959 3308 3010 ct
3350 2954 3571 3027 Spiritu
3605 2960 3818 3010 sancto
3854 2955 3985 3028 glo-

2306 3050 2600 3106 riﬁcantes
2632 3067 2692 3104 se
2723 3047 3030 3122 gloriﬁcat,
3065 3055 3120 3102 et
3150 3047 3274 3118 ipse
3306 3048 3394 3100 est
3428 3045 3709 3117 pontifex,
3747 3045 3825 3099 de
3862 3063 3982 3118 quo

2305 3158 2512 3196 rursus
2545 3140 2698 3195 idem
2732 3138 2874 3194 dicit
2901 3135 3216 3209 Apostolus
3251 3153 3263 3191 :
3304 3136 3445 3192 Talis
3474 3134 3690 3191 decebat
3723 3143 3786 3190 ut
3816 3138 3985 3191 nobis

2304 3238 2439 3286 esset
2467 3231 2716 3301 ponti/ex
2758 3235 3002 3296 sanctus,
3059 3229 3340 3296 innocens,
3392 3225 3730 3296 impollutus,
3788 3241 3982 3296 segre-

542 3323 690 3378 situs
713 3300 770 3378 et
787 3300 1978 3393 anathematiaatuserat,quemadmodum
1999 3300 2198 3392 posset
2229 3300 2269 3366 C
2304 3300 2527 3390 gatusia
2553 3300 2946 3391 peccatoribus,
2978 3320 3087 3372 etc.
3122 3316 3299 3385 (Hebr.
3339 3317 3458 3384 vn).

541 3428 902 3484 quemquam
953 3410 1268 3482 provehere
1318 3409 1405 3466 vel
1445 3411 1804 3476 benedicere,
1840 3409 1986 3464 ratio
2034 3409 2196 3464 nulla

541 3503 726 3557 docet.
763 3500 948 3573 Igitur
978 3499 1122 3554 nihil
1157 3500 1398 3554 Photius
1430 3517 1462 3554 a
1491 3497 1765 3571 Gregorio
1799 3497 2193 3570 percepit,nisi

541 3594 828 3662 quantum
871 3589 1187 3660 Gregorius
1235 3588 1478 3656 habuit;
1533 3587 1679 3643 nihil
1730 3593 1925 3643 autem
1966 3587 2191 3654 habuit,

542 3677 689 3734 nihil
719 3678 899 3733 dedit.
936 3677 1042 3733 Per
1079 3694 1281 3732 eorum
1333 3679 1566 3750 quippe,
1603 3684 1668 3732 ut
1715 3677 1944 3749 legitur,
1981 3695 2194 3732 manus

541 3767 979 3840 impositionem
1027 3770 1084 3821 et
1135 3766 1558 3822 invocationem
1620 3768 1869 3822 dabatur
1941 3765 2194 3838 Spiritus

541 3855 916 3928 sanctus,qui
950 3861 1229 3911 noverant
1260 3857 1512 3912 mundas
1543 3857 1612 3911 ad
1646 3856 1960 3910 Dominum
1984 3872 2194 3910 manus

538 3945 1056 4000 lzevare.Caeterum
1090 3946 1426 4017 Gregorius,
1448 3945 1548 4017 qui
1581 3949 1985 4016 transgressor
2006 3944 2195 4000 factus

538 4039 630 4091 est
659 4035 825 4108 legis,
861 4035 930 4090 ad
964 4034 1331 4089 iracundiam
1361 4033 1451 4088 sui
1483 4033 1672 4106 magis
1697 4049 1872 4105 quam
1897 4033 1968 4088 ad
1992 4049 2192 4090 conse-

537 4124 854 4180 crationem
888 4123 1142 4195 alicujus
1183 4123 1466 4195 Spiritum
1505 4128 1774 4178 sanctum
1819 4139 1921 4194 per
1959 4122 2195 4194 imposi-

536 4214 756 4271 tionem
781 4232 898 4269 suae
931 4231 1144 4268 manus
1175 4213 1302 4268 sine
1324 4213 1503 4268 dubio
1530 4213 2121 4285 provocavit,etiamsi
2143 4213 2194 4269 is

537 4304 637 4375 qui
675 4303 1040 4358 ordinandus
1068 4306 1210 4367 erat,
1248 4301 1441 4358 nullas
1472 4302 1616 4358 alias
1660 4303 1901 4358 haberet
1944 4301 2055 4357 sibi
2104 4319 2190 4357 re-

534 4393 706 4466 gulas
737 4391 1058 4448 obviantes.
1095 4391 1238 4447 Hinc
1269 4393 1425 4447 enim
1459 4393 1742 4464 scriptum
1776 4396 1864 4447 est
1896 4409 1908 4446 ε
1946 4394 2058 4462 Qui
2104 4394 2193 4448 ob-

535 4490 684 4537 turat
731 4498 892 4536 aures
941 4499 1069 4536 suas
1115 4499 1183 4537 ne
1229 4482 1420 4537 audiat
1469 4483 1658 4550 legem,
1701 4483 1875 4536 oratio
1922 4484 2040 4552 ejus
2087 4483 2192 4537 erit

532 4571 886 4626 exsecrabilis
918 4573 1099 4640 (Prov.
1133 4572 1352 4640 xxvm).
1389 4572 1448 4626 Si
1483 4569 1875 4638 exsecrabilis,
1903 4570 2104 4642 utique
2136 4576 2193 4626 et

2377 3411 2446 3464 Et
2493 3409 2543 3464 si
2592 3407 2922 3480 episcopus,
2967 3406 3067 3478 qui
3119 3406 3438 3460 damnatus
3490 3422 3524 3459 a
3573 3405 3801 3477 synodo
3862 3411 3980 3474 est,

2295 3501 2469 3572 juxta
2500 3515 2695 3554 sacros
2719 3513 2993 3563 canones,
3018 3495 3066 3551 si
3101 3513 3281 3550 ausus
3313 3494 3486 3550 fuerit
3515 3493 3739 3566 aliquid
3775 3495 3853 3550 de
3889 3514 3984 3552 sa-

2305 3606 2401 3644 cro
2431 3587 2756 3643 ministerio
2801 3586 2974 3657 juxta
3003 3585 3422 3657 praecedentem
3470 3583 3980 3640 consuetudinem

2305 3677 2659 3750 contingere,
2695 3681 2750 3731 et
2775 3679 2908 3730 ante
2939 3674 3302 3729 audientiam
3345 3673 3805 3740 communicare,
3845 3675 3980 3748 ipse

2303 3767 2363 3822 in
2395 3784 2458 3822 se
2488 3766 2924 3822 damnationem
2958 3763 3238 3836 protulit;
3272 3763 3354 3819 ita
3384 3767 3448 3818 ut
3475 3762 3634 3818 nullo
3678 3765 3866 3820 modo
3900 3765 3978 3820 li-

2303 3861 2429 3913 ceat
2459 3855 2509 3912 ei
2543 3873 2647 3911 nec
2679 3856 2738 3910 in
2772 3855 2885 3910 alia
2930 3853 3150 3927 synodo
3201 3853 3586 3909 restitutionis
3635 3869 3833 3925 spem,
3872 3862 3978 3911 aut

2303 3947 2498 4002 locum
2531 3946 2744 4001 habere
2775 3943 3331 4011 satisfactionis,sed
3361 3948 3416 3998 et
3447 3943 3975 4001 communicantes

2304 4053 2508 4093 omnes
2539 4035 2713 4107 abjici
2744 4035 2814 4090 de
2844 4033 3132 4102 Ecclesia;
3168 4038 3388 4105 quanta
3418 4038 3589 4105 putas
3641 4033 3974 4106 Gregorius

2303 4143 2474 4198 pcena
2506 4124 2882 4180 mulctandus
2914 4128 3023 4190 est,
3051 4123 3150 4195 qui
3174 4126 3305 4195 post
3327 4121 3765 4178 damnationem
3788 4124 3893 4179 sui
3916 4130 3976 4180 et

2303 4215 2636 4282 anathema,
2672 4213 2728 4268 in
2765 4214 2884 4268 hac
2917 4212 3117 4269 omnia
3147 4211 3515 4267 commisisse
3564 4212 3879 4285 probatur,
3915 4215 3976 4270 id

2302 4309 2409 4371 est,
2443 4309 2499 4360 et
2528 4321 2707 4376 super
2738 4303 3037 4358 Christum
3072 4319 3132 4358 se
3164 4301 3392 4368 extulit,
3414 4306 3469 4357 et
3499 4303 3652 4374 quod
3685 4302 3818 4374 ipse
3853 4321 3976 4360 non

2301 4393 2456 4461 fecit,
2488 4393 2596 4448 iste
2627 4397 2682 4447 et
2714 4392 2996 4448 honorem
3029 4390 3141 4445 sibi
3176 4389 3588 4462 resumpsit,et
3615 4393 3679 4444 ut
3701 4393 3978 4462 pontifex

2301 4486 2473 4549 esset,
2490 4498 2552 4537 se
2578 4480 3063 4553 arrogantissime
3089 4478 3450 4545 clariﬁcavit,
3474 4482 3530 4533 et
3558 4483 3690 4534 ante
3723 4481 3978 4536 audien-

2300 4573 2442 4628 tiam
2479 4569 3023 4627 excommunicatus
3053 4569 3490 4624 communicare
3521 4572 3576 4624 et
3602 4567 3777 4624 velita
3801 4588 3979 4626 usur-

535 4677 650 4715 non
684 4659 1000 4727 audibilis;
1035 4661 1082 4716 si
1116 4677 1231 4714 non
1282 4658 1580 4726 audibilis,
1615 4659 1752 4714 erdo
1803 4659 2108 4728 inefﬁcax;
2144 4659 2193 4716 si
2226 4679 2272 4743 D
2303 4679 2441 4734 pare
2472 4661 2874 4733 praesumpsit,
2903 4663 2958 4714 et
2991 4659 3305 4714 damnatus
3337 4658 3405 4713 de
3436 4675 3602 4714 sacro
3634 4657 3978 4717 ministerio

532 4748 823 4815 inefﬁcax,
851 4751 1106 4821 profecto
1139 4747 1340 4802 Pliotio
1387 4747 1534 4801 nihil
1569 4752 1884 4818 praestans:
1911 4748 2190 4804 nimirum

531 4837 632 4910 qui
657 4837 1032 4893 vulneratum
1047 4841 1220 4908 caput
1235 4853 1336 4907 per
1349 4835 1509 4892 illam
1530 4853 1740 4892 manus
1753 4835 2190 4908 impositionem

529 4927 723 5000 potius
748 4928 963 4984 habere
987 4925 1556 4998 dignoscitur.Porro
1581 4926 1628 4981 si
1651 4927 2190 5000 praetenditinjuste

527 5018 599 5072 ab
632 5017 858 5089 lgnatio
893 5035 955 5072 se
979 5015 1163 5070 fuisse
1179 5014 1679 5086 depositum,quid
1701 5015 1770 5070 de
1793 5015 2068 5072 omnibus
2089 5017 2188 5088 qui

528 5106 586 5160 in
624 5107 846 5176 synodo
868 5105 967 5160 illo
989 5109 1248 5174 tempore
1279 5108 1694 5171 convenerunt,
1720 5106 2189 5177 sententiamque

527 5195 584 5249 in
601 5212 736 5249 eum
757 5193 1674 5266 protulerunt,perhibebitPQuod
1693 5196 1741 5250 si
1758 5195 2187 5267 etillosinjuste

528 5284 736 5339 fecisse
771 5284 960 5338 dicere
1003 5282 1326 5355 praasumit,
1360 5300 1539 5356 quare
1566 5301 1697 5339 cum
1732 5285 1814 5341 eis
1844 5302 1997 5339 nunc
2028 5301 2186 5339 com-

527 5374 811 5438 munioat,
847 5376 902 5427 et
935 5372 1221 5444 quosdam
1253 5389 1453 5428 eorum
1486 5375 1808 5430 sacerdotio
1839 5374 2048 5446 dignos
2068 5373 2184 5428 exi-

527 5459 768 5517 stimat?
801 5460 955 5523 Quos
986 5465 1182 5516 tamen
1215 5466 1366 5518 recte
1399 5461 1564 5534 prius
1598 5479 1710 5517 non
1751 5461 2052 5532 judicasse
2103 5477 2186 5517 re-

525 5549 855 5622 prehendit,
889 5555 945 5605 et
977 5551 1277 5606 sententiae
1318 5568 1494 5623 quam
1549 5549 1936 5624 protulerunt,
1970 5567 2068 5606 eos
2101 5568 2185 5606 se-

526 5638 788 5697 cundum
839 5655 900 5694 se
949 5640 1158 5698 debere
1208 5642 1592 5698 succumbam
1636 5657 1752 5696 non
1803 5639 2035 5697 nescit?
2069 5642 2179 5698 Sed

2303 4768 2418 4806 non
2451 4750 2645 4806 solum
2674 4749 2917 4822 aliquid,
2951 4766 3153 4804 verum
3187 4747 3360 4804 etiam
3395 4747 3582 4803 multa
3603 4747 3775 4818 juxta
3820 4750 3980 4820 prio-

2302 4858 2423 4896 rem
2451 4839 2938 4896 consuetudinem
2969 4838 3210 4910 tetigit?
3241 4837 3403 4900 Quod
3446 4844 3602 4892 certe
3649 4837 3977 4909 Gregorius

2303 4947 2471 5002 agere
2502 4931 2744 4986 omnino
2776 4947 2892 4985 non
2927 4928 3148 4996 debuit,
3183 4926 3415 4983 etiamsi
3449 4925 3613 4982 nulla
3643 4928 3975 4984 commissa

2301 5019 2639 5088 existerent,
2661 5037 2763 5092 pro
2797 5019 3012 5092 quibus
3042 5017 3310 5073 damnari
3342 5017 3652 5088 potuisset,
3679 5018 3971 5088 quoniam

2299 5108 2523 5180 przelati
2567 5109 2862 5180 judicium
2913 5123 3147 5179 semper
3207 5105 3584 5162 inferioribus
3633 5105 3966 5163 formidan-

2299 5198 2439 5252 dum
2473 5203 2582 5264 est,
2618 5215 2687 5252 ne
2720 5198 2767 5254 si
2801 5197 2852 5252 ei
2883 5215 2998 5253 non
3042 5195 3387 5262 obedierint,
3421 5193 3558 5251 licet
3605 5195 3676 5250 ab
3723 5213 3790 5250 eo
3845 5198 3965 5254 for-

2297 5287 2473 5342 tassis
2506 5287 2726 5358 injuste
2759 5286 3033 5360 ligentur,
3059 5285 3250 5357 ipsam
3281 5283 3652 5357 obligationis
3685 5302 3807 5340 suae
3834 5304 3966 5342 sen-

2297 5375 2540 5431 tentiam
2589 5394 2657 5432 ex
2712 5376 2826 5432 alia
2876 5375 3067 5448 culpa,
3116 5374 3173 5430 id
3227 5379 3315 5431 est
3362 5373 3779 5440 inobedientia,
3836 5393 3958 5432 me-

2295 5470 2553 5521 reantur.

2367 5555 2552 5629 Igitur
2601 5555 2872 5630 prazlatos
2922 5556 3202 5613 damnare
3260 5555 3676 5621 indifferenter,
3726 5562 3960 5628 oportet

2291 5645 2650 5704 horrescere.
2703 5646 3049 5723 Quicunque
3103 5665 3236 5706 vero
3289 5645 3536 5706 minoris
3584 5646 3957 5706 auctoritatis

593 5728 663 5806 (ι)
697 5727 798 5790 Hic
826 5728 1034 5810 ingens
1065 5729 1280 5791 lacinia
1309 5734 1399 5791 est
1437 5749 1506 5792 ex
1535 5747 1625 5809 ep.
1663 5731 1728 5787 10
1758 5730 2021 5805 ejusdem
2061 5731 2303 5799 Nicolai.
