4098 6514
166 427 324 490 1029

167 669 299 706 rum
332 650 682 706 sententiam
715 649 1258 722 transgredientur:
1290 649 1550 723 alioquin
1571 650 1703 705 licet
1733 650 1817 705 in-

159 741 323 813 juste
354 755 777 810 nonnunquam
811 737 1072 794 damnati
1105 743 1338 808 sunt,ex
1360 739 1488 811 ipsa
1508 739 1819 794 temeraria

164 828 658 903 praevaricatione,
693 827 884 900 culpa,
928 845 1054 900 quae
1107 828 1370 883 nondum
1418 827 1562 884 forte
1609 844 1818 900 perpe-

167 923 320 974 trata
368 919 574 984 fuerat,
606 922 662 972 et
693 916 856 983 ultio,
891 934 1067 989 quam
1115 916 1288 988 culpa
1330 918 1580 973 necdum
1630 933 1820 973 mere-

166 1011 360 1076 batur,
394 1005 594 1081 procul
626 1005 803 1061 dubio
835 1007 1296 1078 subsequuntur.
1331 1005 1487 1061 Nihil
1519 1007 1735 1078 quippe
1757 1004 1821 1060 li-

170 1115 355 1171 gnum
386 1095 627 1152 vetitum
660 1096 720 1150 in
771 1111 832 1151 se
881 1095 1246 1151 mortiferum
1294 1095 1532 1164 habuit;
1569 1097 1669 1151 sed
1720 1094 1821 1166 qui

170 1186 575 1243 inobedienter
603 1202 670 1240 ex
701 1201 766 1240 eo
797 1185 1321 1250 comedit,mortem
1353 1185 1466 1241 sibi
1498 1191 1554 1240 et
1573 1184 1821 1256 posteris

174 1275 539 1351 propinavit:
567 1291 681 1329 non
715 1273 854 1345 quia
875 1273 1101 1346 lignum
1125 1273 1449 1347 malignum
1473 1291 1486 1341 ;
1507 1291 1641 1329 cum
1667 1273 1822 1345 quod

175 1367 330 1421 Deus
362 1364 712 1433 fecit,totum
747 1363 949 1418 fecerit
980 1363 1200 1418 bonum
1228 1380 1240 1417 :
1267 1363 1368 1418 sed
1392 1363 1547 1435 quod
1571 1362 1727 1417 mala
1747 1361 1826 1416 sit

175 1452 588 1527 transgressio,
617 1456 674 1508 et
703 1451 920 1508 nolenti
953 1452 1185 1523 subjici,
1221 1471 1322 1524 per
1352 1470 1478 1507 eam
1513 1451 1718 1506 merito
1752 1449 1827 1505 sit

177 1550 305 1601 orta
334 1541 653 1598 damnatio.
689 1543 863 1597 Porro
894 1541 943 1597 si
975 1541 1189 1608 dicitis,
1226 1542 1566 1614 Gregorium
1612 1541 1683 1595 ab
1715 1541 1823 1594 im-

175 1633 336 1706 perio
366 1635 575 1701 vestro,
611 1635 666 1686 et
697 1632 768 1686 ab
800 1631 1118 1687 antistibus
1150 1630 1332 1686 fuisse
1361 1634 1825 1702 receptum,per-

178 1722 400 1778 contari
430 1721 590 1789 libet,
616 1739 647 1776 ο
682 1721 1116 1793 sapientissime
1140 1718 1695 1792 imperator,quibus
1717 1718 1826 1772 hoc

176 1811 565 1878 documentis,
600 1809 816 1881 quibus
848 1810 1172 1866 canonibus
1207 1809 1552 1881 jubentibus
1598 1807 1688 1881 agi
1719 1807 1828 1862 rite

1380 419 1788 490 EPISTOLB
1829 421 1929 490 ET
1973 421 2357 491 DECRETA.

166 565 328 632 sunt,
363 562 641 617 damnare
667 555 913 617 sollicite
944 563 1202 628 caveant,
1239 577 1310 617 ne
1341 562 1633 633 majorum
1679 578 1812 617 suo-
1845 561 1898 629 Α

3418 439 3574 501 1030

1999 561 2417 618 Verumtamen
2449 561 2583 620 licet
2612 567 2814 622 contra
2845 565 3211 626 Nicaenenses
3251 589 3448 630 sacros
3479 591 3574 630 ca-

1929 668 2109 706 nones
2154 652 2462 723 praefatum
2506 654 2872 727 Gregorium,
2909 657 3009 729 qui
3056 659 3316 730 abjectus
3365 663 3572 732 fuerat,

1927 739 2268 812 receperint,
2304 759 2608 814 nunquam
2640 747 2833 799 tamen
2869 762 3002 801 eum
3030 764 3063 802 a
3092 748 3322 806 vinculo
3340 753 3578 808 dan'n;a-

1925 828 2105 884 tionis
2137 833 2192 884 et
2219 830 2612 888 anathematis
2654 840 2958 901 exuerunt,
2991 853 3164 908 quem
3215 840 3578 898 absolutione

1928 918 2390 989 przevaricatoria
2419 921 2614 992 potius
2648 928 3057 991 nexuerunt,et
3089 926 3424 994 hunc,dum
3459 932 3577 987 sol-

1928 1023 2060 1061 vere
2091 1007 2210 1061 nixi
2243 1013 2400 1075 sunt,
2435 1010 2604 1065 nodis
2650 1012 2974 1083 majoribus
3024 1015 3395 1074 dediderunt.
3431 1021 3579 1088 Quin

1930 1095 2048 1150 imo
2080 1097 2220 1151 dum
2255 1099 2603 1154 sententiam
2637 1100 2876 1171 majoris
2908 1107 3347 1164 contemnentes
3390 1113 3583 1168 trans—

1931 1183 2116 1256 gressi
2149 1190 2308 1250 sunt,
2339 1185 2428 1242 vel
2458 1188 2632 1243 etiam
2661 1206 2830 1244 suam
2851 1192 3316 1263 tergiversatorio
3338 1199 3582 1256 consilio

1935 1269 2168 1345 lenique
2200 1291 2378 1330 sensu
2401 1275 2635 1331 sibimet
2657 1278 2790 1333 facti
2813 1281 3087 1335 contrarii
3116 1283 3415 1342 destruere
3441 1293 3584 1344 sunt

1934 1360 2140 1428 moliti,
2172 1363 2296 1434 pari
2328 1365 2797 1436 pravaricatione
2845 1369 3135 1426 habentur
3172 1373 3387 1442 innexi,
3418 1382 3475 1432 et
3504 1377 3584 1433 si-

1935 1449 2056 1504 mili
2087 1467 2258 1522 pmna
2284 1454 2610 1509 secundum
2641 1456 2992 1528 apostolicos
3024 1464 3079 1515 et
3100 1463 3418 1521 nonnullus
3440 1466 3584 1523 alios

1934 1555 2188 1596 canones
2217 1544 2490 1597 tenentur
2519 1545 2782 1600 obstricti
2814 1562 2826 1600 :
2863 1547 2943 1603 ita
2972 1553 3036 1603 ut
3083 1553 3585 1613 communicantes

1935 1628 2142 1699 expelli
2175 1629 2245 1684 de
2270 1631 2527 1687 Ecclesia
2547 1634 2963 1704 jubeantur,ac
2995 1654 3098 1709 per
3126 1639 3391 1709 hoc,reos
3420 1661 3585 1701 reum

1928 1716 2256 1787 justiﬁcare
2288 1726 2519 1776 constat
2550 1722 2792 1779 minime
2823 1727 3106 1797 potuisse,
3140 1746 3246 1784 nec
3277 1731 3487 1804 ligatos
3516 1733 3586 1789 li-

1938 1809 2140 1877 gatum
2170 1805 2392 1863 solvere
2421 1810 2593 1866 modo
2625 1812 2885 1882 quolibet
2914 1814 3188 1872 valuisse.
3221 1820 3365 1876 Ecce
3395 1840 3428 1877 a
3457 1823 3585 1894 qui-

177 1906 386 1998 potest,
423 1905 487 1956 ut
516 1899 574 1954 hi
610 1900 706 1972 qui
739 1899 1116 1998 abjiciuntur,
1150 1899 1222 1953 ab
1237 1899 1385 1998 ‘aliis
1436 1896 1828 1998 recipiantur?
1859 1934 1905 1998 B
1939 1895 2068 1998 bus,
2104 1913 2136 1950 o
2159 1896 2657 1998 Ehristianissime
2681 1902 2997 1998 “princeps,
3033 1905 3274 1964 Photius
3304 1914 3392 1966 est
3420 1911 3589 1967 insti-

176 1991 233 2048 id
269 1990 446 2047 etiam
479 1990 812 2045 veneranda
861 1993 917 2044 et
962 1987 1276 2044 universali
1330 1988 1550 2058 synodo
1597 1986 1830 2042 Nicaena

180 2083 252 2137 de
283 2085 533 2152 utraque
563 2077 924 2151 professione
956 2077 1082 2133 luce
1115 2076 1330 2133 clarius
1357 2075 1831 2130 inhibente.Nam

181 2188 214 2226 a
246 2167 509 2225 saeculari
536 2170 825 2239 potestate
858 2183 963 2221 nec
993 2166 1184 2237 ligari,
1219 2182 1323 2221 nec
1371 2165 1515 2220 solvi
1565 2163 1832 2219 sacerdo-

181 2263 300 2315 tem
332 2274 528 2332 posse,
559 2256 937 2312 manifestum
970 2260 1059 2310 est
1090 2271 1102 2309 :
1139 2259 1192 2311 et
1219 2255 1433 2310 idcirco
1475 2253 1693 2309 affatim
1729 2269 1834 2324 ap-

182 2349 466 2423 probatur
488 2350 919 2419 Syracusanum
950 2344 1292 2417 Gregorium
1326 2360 1429 2416 per
1469 2341 1835 2415 imperialem

184 2437 593 2506 tantummodo
648 2434 996 2491 sententiam
1048 2434 1209 2491 nullo
1257 2434 1430 2489 modo
1461 2431 1712 2488 valuisse
1743 2447 1837 2486 re-

191 2527 488 2584 conciliari
518 2525 616 2597 (α).

261 2617 372 2674 Ubi
403 2616 453 2672 si
484 2615 826 2688 pontiﬁcum
853 2631 1082 2687 quoque
1106 2614 1362 2669 sociatur
1385 2628 1840 2684 assensus,qua-

193 2707 382 2763 rimus
414 2710 611 2761 utrum
647 2704 1011 2777 praecesserit
1040 2720 1112 2758 an
1143 2703 1321 2759 fuerit
1359 2701 1752 2758 subsecutus?
1779 2700 1839 2756 Si

193 2797 542 2853 subsecutus
572 2797 681 2858 est,
714 2791 1102 2848 nihilominus
1147 2793 1218 2848 ad
1268 2792 1321 2847 id
1367 2792 1612 2857 reditur,
1645 2794 1710 2846 ut
1739 2791 1840 2845 ab-

192 2885 404 2942 solutio
423 2902 456 2940 a
472 2881 738 2939 saeculari
766 2885 1052 2953 potestate
1084 2897 1187 2953 per
1207 2884 1494 2953 praecepta
1512 2878 1702 2934 valere
1726 2895 1841 2934 non

191 2972 867 3048 possit,pontiﬁcumque
899 2973 1134 3026 secutus
1165 2986 1464 3037 assensus,
1491 2967 1844 3023 adulationis

189 3064 278 3121 vel
309 3061 547 3120 terroris
578 3060 752 3116 fuerit
776 3059 972 3132 potius
993 3076 1170 3131 quam
1196 3058 1467 3131 legitime
1491 3056 1840 3126 sanctionis;

193 3154 240 3210 si
273 3152 589 3225 praecessit,
623 3150 900 3205 doceatur
930 3166 964 3204 a
995 3148 1232 3220 quibus,
1258 3152 1314 3202 et
1344 3145 1442 3201 ubi
1473 3145 1568 3201 ille
1612 3145 1687 3200 sit
1715 3163 1842 3219 ges-

191 3247 322 3309 tus;
357 3241 404 3297 si
437 3239 761 3296 secundum
792 3235 1059 3292 Ecclesiae
1088 3235 1351 3308 regulam
1383 3233 1784 3302 celebratus,si
1810 3251 1843 3290 a

1940 1987 2123 2038 tutus.
2159 1985 2299 2039 Ecce
2330 1986 2523 2058 qualis
2555 1993 2644 2044 est
2674 1990 3009 2062 Gregorius,
3032 1995 3132 2066 qui
3164 1996 3592 2057 Dormitantius

1942 2073 2378 2130 convenientius
2409 2081 2634 2148 poterat
2664 2079 2798 2134 dici.
2833 2081 3223 2145 Quamobrem
3269 2089 3478 2160 cogita,
3507 2089 3590 2145 ﬁli

1943 2161 2500 2228 charissime,tracta
2523 2169 2579 2221 et
2610 2171 2802 2223 tecum
2832 2170 3036 2226 sedula
3067 2174 3441 2232 meditatione
3467 2195 3592 2250 per-

1945 2251 2110 2321 quire
2142 2251 2190 2307 si
2225 2256 2378 2307 stare
2410 2253 2651 2310 Photius
2682 2257 2888 2328 possit,
2923 2259 3155 2316 etiamsi
3197 2264 3362 2320 miris
3409 2266 3591 2322 virtu-

1945 2339 2103 2395 tibus
2133 2339 2605 2412 polleat,etiamsi
2637 2346 2796 2402 omni
2829 2347 3075 2404 scientia
3104 2351 3341 2425 fulgeat,
3359 2357 3592 2427 quando

1947 2428 2046 2499 qui
2077 2429 2236 2484 hunc
2269 2432 2548 2488 statuisse
2578 2435 2838 2502 tentavit,
2872 2437 3093 2493 dudum
3121 2441 3245 2511 jam
3273 2444 3515 2514 cecidit;
3540 2451 3598 2502 et

1944 2516 2146 2573 volens
2178 2518 2320 2592 erigi
2350 2537 2484 2576 cum
2517 2523 2866 2581 conantibus
2911 2543 2973 2582 se
3017 2528 3254 2600 erigere,
3288 2549 3594 2606 nunquam

1947 2613 2398 2679 recuperaturus
2425 2611 2614 2668 denuo
2645 2613 2782 2668 ruit.

2019 2697 2351 2753 Consideret
2382 2715 2517 2772 ergo
2549 2701 2828 2758 divinitus
2857 2709 3046 2761 vestes
3084 2707 3409 2780 inspiratus
3454 2729 3600 2786 apex

1951 2786 2243 2856 quomodo
2275 2787 2540 2856 Photius,
2573 2790 2802 2847 etiamsi
2833 2793 2979 2848 nihil
3011 2795 3170 2852 aliud
3197 2799 3310 2854 sibi
3332 2801 3467 2871 jure
3497 2819 3600 2858 va-

1949 2873 2064 2929 leat
2086 2874 2572 2948 impedire,queat
2591 2879 2648 2933 in
2671 2883 3015 2938 sacerdotali
3036 2887 3221 2957 gradu
3245 2889 3558 2959 persistere
3582 2909 3596 2947 :

1951 2964 2427 3036 quandoquidem
2453 2967 2754 3024 institutor
2773 2987 3079 3040 suus,cum
3097 2974 3191 3030 hic
3207 2977 3596 3048 ordinaretur,

1954 3070 2066 3108 non
2100 3053 2290 3109 solum
2337 3057 2679 3128 sacerdotio,
2713 3076 2915 3116 verum
2964 3063 3142 3119 etiam
3192 3065 3320 3137 ipso
3369 3069 3604 3125 carebat

1953 3142 2280 3198 Christiano
2311 3146 2625 3215 vocabulo;
2658 3152 2714 3203 et
2744 3149 2894 3205 sicut
2918 3152 3041 3222 jam
3073 3155 3472 3226 exposuimus,
3497 3175 3603 3215 nec

1955 3231 2268 3288 damnatus
2313 3234 2658 3304 justiﬁcare,
2701 3255 2807 3293 nec
2863 3240 3163 3312 depositus
3222 3244 3464 3316 erigere,
3497 3265 3604 3304 nec

192 3307 434 3406 paterna
462 3328 772 3384 traditione
803 3307 1177 3398 profectus,si
1208 3325 1498 3396 majorum
1532 3340 1691 3378 more
1713 3341 1840 3395 pro-
1872 3307 1913 3372 (ἶ
1952 3319 2169 3393 ligatus
2203 3326 2394 3392 potest
2423 3340 2779 3398 quemquam
2813 3344 2916 3399 per
2935 3307 3368 3402 impositionem
3392 3307 3603 3392 manus

191 3423 368 3488 latus,
405 3419 454 3475 si
485 3415 835 3490 competenti
881 3415 1309 3471 examinatione
1357 3414 1758 3485 depromptus,
1794 3412 1843 3468 si

196 3512 265 3568 a”d
298 3509 541 3582 majoris
573 3505 939 3562 auctoritatis
973 3505 1170 3560 sedem
1202 3519 1379 3575 quam
1412 3501 1512 3557 illa
1543 3505 1632 3556 est
1663 3517 1696 3555 a
1727 3516 1844 3571 qua

194 3599 506 3673 Gregorius
532 3595 904 3653 damnatione
935 3595 1242 3650 tenebatur
1271 3591 1606 3657 obstrictus,
1641 3605 1845 3644 secun-

195 3693 334 3748 dum
369 3685 633 3744 Ecclesiae
676 3683 910 3757 regulas
959 3687 1047 3739 est
1091 3681 1361 3749 relatum,
1397 3681 1444 3736 si
1479 3679 1602 3753 ipse
1634 3677 1844 3751 praesul

196 3779 295 3854 qui
327 3777 546 3852 ligavit,
581 3771 847 3830 absolvit.
883 3772 942 3828 Si
985 3771 1106 3826 haec
1156 3775 1321 3842 gesta
1370 3786 1484 3824 non
1535 3771 1692 3835 sunt,
1727 3784 1843 3839 quo

192 3885 374 3934 more,
395 3884 510 3939 quo
543 3863 658 3920 ritu
690 3862 1095 3936 Syracusanus
1125 3857 1437 3931 Gregorius
1469 3874 1529 3912 se
1559 3856 1844 3930 gloriatur

194 3957 552 4023 absolutum,
589 3970 722 4009 cum
754 3968 860 4007 nec
886 3968 919 4005 a
950 3949 1326 4022 pontificibus
1379 3946 1580 4002 ordine
1626 3945 1843 4012 debito,

193 4066 299 4105 nec
355 4041 768 4102 ecclesiasticis
819 4040 1049 4112 legibus
1109 4037 1284 4092 fuerit
1341 4034 1648 4106 expetitus,
1677 4052 1780 4090 nec
1812 4053 1846 4091 a

193 4137 496 4195 mundana
526 4135 812 4206 potestate
840 4128 1094 4200 potuerit
1120 4130 1329 4199 prater
1349 4124 1614 4181 Ecclesiae
1637 4124 1856 4179 trami—~

192 4233 308 4284 tem
343 4239 583 4298 prorsus
615 4217 876 4276 absolvi?
904 4217 1033 4272 Jam
1064 4232 1199 4272 vero
1231 4214 1279 4269 si
1311 4213 1553 4269 dicatis:
1580 4213 1705 4267 Non
1738 4229 1844 4285 ego

195 4313 436 4384 absolvi,
471 4313 568 4367 sed
599 4328 631 4366 a
662 4307 1037 4382 pontificibus
1069 4309 1134 4360 ut
1164 4303 1483 4360 solveretur
1507 4301 1794 4374 postulavi
1827 4319 1840 4357 :

193 4423 223 4462 e
256 4407 458 4460 contra
485 4400 570 4456 illi
603 4399 789 4454 multo
821 4395 1009 4469 magis
1041 4413 1074 4450 a
1102 4393 1265 4449 vobis
1296 4391 1594 4465 postulare
1625 4392 1844 4447 debue—

194 4479 353 4562 runt,
385 4496 450 4548 ut
479 4490 526 4546 si
559 4506 692 4545 eum
719 4486 941 4543 velletis
987 4483 1226 4551 absolvi,
1259 4481 1520 4554 legitima
1572 4480 1844 4536 ecclesia-

195 4583 328 4641 stici
377 4579 598 4638 tenoris
645 4575 936 4633 absolutio
986 4572 1358 4647 praeveniret;
1393 4574 1445 4626 et
1477 4570 1598 4625 haec
1647 4570 1846 4626 omnia

195 4691 321 4747 quae
355 4669 625 4744 superius
659 4667 815 4722 dicta
846 4662 1336 4732 sunt,secundum
1358 4659 1625 4715 Ecclesia:
1648 4660 1846 4714 trami-
1878 4679 1921 4744 υ

192 4767 310 4819 tem
345 4753 1034 4828 servarentur,praecipue
1066 4768 1200 4806 cum
1227 4767 1343 4805 non
1371 4749 1442 4804 ab
1469 4747 1726 4803 inferiori
1758 4747 1844 4803 vel

196 4851 344 4924 pari,
381 4849 481 4905 sed
512 4866 546 4903 a
577 4843 787 4918 majori
818 4858 1087 4916 persona,
1122 4844 1198 4906 et,
1235 4838 1388 4894 sicut
1419 4855 1484 4893 ex
1513 4836 1846 4910 apostolicis

196 4939 520 4996 canonibus
550 4930 1089 5000 edocemur,solum
1120 4929 1192 4984 ab
1223 4944 1288 4982 eo
1314 4926 1414 4998 qui
1446 4944 1579 4982 eum
1608 4943 1845 4997 seques-

195 5028 497 5092 travit,aut
527 5029 680 5082 certe
713 5041 745 5079 a
775 5022 966 5096 prima
998 5019 1133 5075 sede
1150 5019 1283 5089 jure
1305 5016 1489 5088 possit
1510 5014 1847 5071 absolvi.In-

196 5119 373 5175 ferior
399 5117 614 5190 quippe
642 5111 731 5169 vel
765 5127 1004 5183 compar
1029 5105 1349 5164 antelatum
1380 5103 1467 5158 vel
1489 5119 1845 5176 comparem,

196 5226 314 5264 non
366 5208 661 5262 annuente
710 5201 942 5274 majori,
975 5196 1270 5254 absolvere
1317 5211 1434 5248 non
1465 5195 1676 5264 potest.
1715 5193 1849 5248 Sola

196 5298 379 5372 igitur
407 5295 596 5368 potior
624 5291 959 5348 inferiorem
993 5285 1399 5344 convenienter
1429 5279 1695 5336 absolvit.
1712 5281 1846 5337 Pro-

196 5370 334 5442 inde
360 5383 656 5440 inferioris
688 5380 799 5436 loci
831 5372 1135 5451 pontiﬁces
1165 5392 1263 5431 eos
1293 5389 1440 5445 quos
1473 5370 1662 5442 potior
1703 5388 1846 5426 suus

197 5475 578 5550 obligaverat,
612 5471 737 5529 sine
771 5469 962 5542 prima
991 5467 1126 5524 sede
1151 5463 1447 5522 absolvere
1479 5478 1594 5516 non
1644 5464 1847 5534 potue-

198 5569 360 5624 runt.

271 5676 348 5748 (α)
379 5672 509 5748 Hac
531 5668 773 5748 totidem
805 5665 966 5742 legas
998 5663 1060 5722 in
1089 5665 1246 5720 tomo
1277 5659 1492 5721 Gelasii
1523 5659 1594 5718 de
1614 5658 1849 5720 anathe-

199 5742 378 5813 matis
406 5742 660 5804 vinculo.

1952 3409 2310 3480 provehere:
2345 3410 2708 3484 impossibile
2767 3421 2856 3471 est
2915 3418 3070 3474 enim
3120 3419 3330 3478 horum
3380 3423 3602 3496 aliquid

1954 3497 2179 3570 ﬁeri.(b)
2211 3499 2477 3555 Judicate
2507 3506 3145 3574 ergo,mansuetissime
3166 3509 3606 3582 imperator,cui

1953 3587 2148 3659 potius
2180 3588 2570 3644 obediendum
2603 3595 2712 3658 est,
2747 3593 2884 3661 Deo,
2918 3613 2991 3650 an
3038 3596 3414 3668 hominibus;
3441 3602 3601 3673 judi-

1953 3681 2078 3731 cate
2109 3677 2199 3732 cui
2228 3678 2423 3748 potius
2455 3679 2847 3737 resistendum
2882 3684 2978 3750 sit,
3012 3688 3287 3757 potestati
3333 3706 3511 3760 quam
3543 3691 3600 3746 in

1952 3765 2119 3820 Petro
2157 3767 2304 3821 Deus
2337 3768 2706 3840 omnipotens
2739 3772 3046 3840 ordinavit,
3081 3792 3379 3849 quamque
3430 3796 3607 3852 super

1954 3859 2226 3910 cunctam
2254 3855 2573 3912 Ecclesiam
2605 3859 2829 3928 extulit,
2863 3878 2937 3916 an
2969 3863 3322 3921 ordinationi
3345 3867 3605 3941 Gregorii

1954 3943 2324 4016 Syracusani,
2360 3946 2453 4000 cui
2485 3946 2797 4003 dicendum
2830 3954 2920 4006 est
2950 3968 2962 4006 :
2998 3953 3092 4006 Vae
3125 3953 3350 4010 homini
3383 3955 3608 4030 illi,per

1955 4049 2130 4104 quem
2163 4032 2224 4087 in
2249 4032 2568 4090 Ecclesiam
2603 4035 2813 4092 Christi
2868 4043 2953 4094 tot
3000 4041 3277 4097 scandala
3322 4050 3607 4101 venerunt

1953 4121 2161 4189 (Matth.
2195 4124 2324 4194 xxv)
2361 4141 2373 4177 :
2411 4123 2628 4195 quique
2655 4125 2816 4193 olim,
2841 4127 2993 4183 sicut
3021 4128 3131 4201 ipsi
3163 4131 3347 4200 scitis,
3374 4150 3406 4187 a
3428 4133 3605 4190 fratre

1953 4214 2010 4266 et
2043 4209 2445 4266 comministro
2467 4217 2666 4268 nostro
2701 4214 2924 4287 Ignatio
2957 4221 3014 4272 et
3038 4236 3072 4273 a
3102 4219 3320 4291 synodo
3344 4239 3470 4292 quae
3493 4223 3603 4279 sub

1953 4316 2019 4354 eo
2052 4302 2197 4365 erat,
2229 4299 2533 4370 depositus
2561 4306 2733 4371 est,ct
2766 4309 2830 4358 ut
2860 4305 3178 4376 apostolica
3208 4309 3372 4365 sedes
3395 4310 3453 4364 in
3474 4311 3603 4382 ejus

1955 4387 2330 4443 damnatione
2351 4388 2804 4460 consentiret,ab
2824 4393 2950 4466 ipso
2973 4398 3382 4454 consacerdote
3404 4404 3602 4472 nostro

1953 4477 2252 4551 postulata
2298 4481 2405 4533 est.
2442 4479 2554 4532 Sed
2587 4480 2920 4538 decessores
2953 4485 3068 4540 mei
3101 4487 3278 4542 beata:
3311 4489 3603 4543 memoriae

1955 4568 2067 4623 Leo
2103 4584 2168 4623 ac
2212 4567 2580 4633 Benedictus,
2616 4569 2770 4624 sedis
2823 4573 3152 4643 apostolicae
3204 4577 3607 4634 moderamina

1954 4659 2268 4720 servantes,
2305 4653 2617 4710 noluerunt
2657 4657 2739 4712 sic
2789 4675 2968 4714 unam
3014 4668 3239 4733 partem
3286 4665 3508 4733 audire,
3542 4670 3608 4721 ut

1955 4744 2078 4800 aliae
2110 4743 2259 4816 parti.
2293 4742 2438 4797 nihil
2471 4743 2706 4815 penitus
2738 4754 3139 4806 reservarent:
3172 4752 3358 4808 Unius
3391 4755 3606 4826 quippe

1957 4833 2246 4887 mediator
2288 4849 2404 4886 non
2455 4836 2562 4887 est.
2597 4835 2985 4898 Quamobrem
3036 4838 3270 4895 interim
3319 4842 3604 4914 depositio

1954 4921 2144 4994 ipsius
2177 4939 2210 4977 a
2239 4921 2373 4976 sede
2397 4921 2719 4993 apostolica
2749 4942 2864 4979 non
2898 4931 3480 4999 suscepta,remansit
3511 4931 3606 4987 in-

1959 5012 2145 5066 ﬁrma.
2181 5010 2441 5081 Cumque
2472 5011 2625 5066 idem
2669 5013 2981 5086 Gregorius
3030 5032 3131 5086 per
3177 5015 3437 5088 legatum
3487 5037 3605 5076 suae

1957 5101 2161 5172 partis,
2183 5099 2521 5178 Zachariam
2555 5102 2809 5171 nomine,
2844 5105 3040 5159 sedem
3073 5106 3406 5176 agnovisset
3436 5125 3604 5181 apos-

1957 5188 2192 5244 tolicam
2225 5188 2280 5242 in
2315 5206 2423 5244 sua
2454 5190 2814 5261 depositione
2847 5191 3182 5248 nullatenus
3213 5197 3602 5267 consensisse,

1955 5297 2072 5334 non
2105 5279 2325 5352 gratias
2355 5277 2492 5350 egit,
2526 5297 2638 5335 non
2672 5298 2705 5335 a
2735 5282 2939 5353 coeptis
2970 5281 3030 5336 in
3053 5283 3178 5353 jam
3216 5283 3439 5340 dictum
3490 5287 3604 5342 fra-

1955 5373 2101 5424 trem
2137 5373 2404 5424 nostrum
2439 5370 2806 5426 saevientibus
2837 5371 3208 5428 contumeliis
3237 5375 3602 5446 conquievit;

1957 5459 2057 5514 sed
2086 5457 2443 5530 benignitate
2471 5458 2568 5514 Dei
2601 5463 2656 5514 et
2685 5460 2965 5532 patientia
2995 5460 3151 5517 sedis
3184 5461 3512 5533 apostolica:
3543 5463 3604 5520 in

1957 5546 2232 5620 superbia
2257 5546 2524 5626 abutens,
2556 5546 2617 5603 in
2651 5548 2847 5621 ipsum
2878 5549 3146 5606 videlicet
3178 5550 3465 5624 Ignatium
3502 5569 3602 5623 pa-

1956 5653 2238 5787 Nigglgic
2268 5653 2475 5730 ingens
2525 5673 2732 5716 rursus
2781 5657 2994 5718 lacinia
3025 5675 3093 5717 ex
3120 5675 3209 5735 ep.
3247 5660 3314 5717 10
3341 5659 3606 5734 ejusdem
