4098 6474
542 371 699 437 1034

1920 360 2247 439 meam
2273 364 2519 436 PkPIE.
2544 363 2605 429 la.

3809 361 3991 431 1038

541 505 864 569 triarcham
896 519 1085 560 suum.
1104 499 1359 559 rediviva
1378 500 1580 572 jacula
1619 499 1951 573 impietatis.
1983 500 2198 558 irreve-
2226 501 2282 570 Α
2311 498 2666 559 sententiam
2695 497 2754 555 in
2782 514 2880 555 eos
2930 495 3215 570 prolatam
3266 512 3399 554 nonv
3431 494 3668 556 interim
3718 498 3989 555 uictori-

541 601 735 653 renter
763 592 1025 661 exacuit;
1050 595 1107 648 et
1137 608 1203 647 eo
1235 589 1567 662 superstite,
1586 590 1945 663 neophytum
1968 589 2027 644 in
2050 590 2195 646 Con-

538 682 1124 758 stantinopolitanam
1156 678 1471 737 Eeclesiam
1504 679 1898 748 consecravit;
1932 679 2073 752 quin
2097 695 2195 752 po-

536 776 657 834 tius
690 779 746 830 et
771 774 1051 830 adversus
1082 769 1237 827 sedis
1268 768 1440 826 istius
1467 769 1700 825 decreta
1730 772 2046 825 contumax
2065 785 2194 825 esse

539 883 656 923 non
688 862 931 929 destitit,
955 858 1054 934 qui
1085 876 1186 932 pro
1219 875 1301 925 se,
1326 876 1443 915 non
1475 863 1679 915 contra
1709 876 1770 915 se
1803 857 1990 931 ipsius
2021 858 2092 914 ab
2125 874 2201 914 ea.

538 956 773 1011 decreta
798 950 985 1024 paulo-
1015 953 1187 1006 antea
1235 948 1391 1015 data,
1419 951 1705 1021 tanquam
1755 947 2037 1021 ingratus.
2073 964 2201 1003 non.

537 1042 759 1111 recolit,
795 1045 851 1096 et
877 1038 1057 1095 veluti
1086 1037 1500 1111 tergiversator
1539 1054 1707 1094 arma
1752 1040 2040 1110 praeparat
2087 1036 2188 1092 ad-

532 1149 736 1190 versus
766 1146 930 1186 arma
958 1127 1072 1184 sibi
1100 1126 1353 1183 tutelam
1380 1125 1586 1183 salutis
1620 1144 1736 1182 non
1786 1125 2014 1183 modice
2053 1142 2189 1182 con-

533 1220 797 1287 ferentia,
830 1223 887 1275 et
915 1234 1152 1274 murum
1202 1217 1503 1274 destruere
1553 1216 1780 1285 nititur,
1815 1216 1918 1288 qui
1962 1232 2034 1272 ne
2063 1215 2195 1289 ipse

530 1313 934 1369 destrueretur
985 1306 1307 1363 fortissime
1356 1304 1690 1362 custodivit.
1724 1306 1795 1361 Et
1841 1305 1962 1378 agit
2008 1320 2195 1375 nunc,

530 1405 819 1475 quantum
849 1398 909 1454 in
942 1414 1003 1454 se
1024 1399 1205 1463 est,ut
1226 1413 1297 1451 ea
1327 1399 1553 1451 statuta
1582 1411 1825 1468 prorsus
1855 1393 2189 1450 habeantur

528 1489 805 1555 invalida,
840 1504 969 1559 qua:
1001 1502 1133 1541 cum
1169 1484 1294 1557 ipse
1324 1483 1418 1539 his
1444 1482 1913 1557 egeret,supplex
1930 1482 2199 1556 petebat,

528 1583 679 1641 etut
710 1577 952 1634 fortiora
981 1577 1179 1631 essent
1206 1574 1541 1639 adamante,
1566 1573 1902 1630 submissus
1923 1572 2197 1645 optabat,,

528 1675 705 1742 atque
737 1670 803 1722 ut
834 1665 945 1723 sibi
978 1663 1417 1731 aiixiliarentur,
1451 1661 1755 1718 humiliter
1796 1660 2149 1733 implorabat
2168 1679 2191 1729 ;-

528 1774 756 1815 necnon
789 1760 846 1811 et
871 1758 1078 1810 contra
1102 1770 1171 1809 ea
1195 1755 1601 1825 repugnantur
1629 1751 1873 1807 forsitan
1905 1755 2193 1824 tyrannos.

530 1851 588 1902 et
621 1844 936 1917 sacrilegos
959 1841 1287 1913 judicabat.
1320 1840 1443 1896 Nisi
1476 1841 1634 1896 enim
1664 1841 1832 1897 sedes
1863 1839 2191 1913 apostolica

526 1936 577 1995 ei
609 1937 889 2010 parceret,
923 1930 1020 1989 ille
1061 1932 1355 2004 quomodo
1403 1929 2060 1987 oorreverendissimum
2093 1930 2183 2003 Ig-

526 2025 754 2083 natium
800 2027 997 2095 posset
1043 2021 1363 2087 destruere,
1398 2019 1707 2076 brachium
1751 2036 1868 2075 non
1916 2019 2176 2076 haberet.

521 2116 595 2171 At
624 2113 721 2170 ille
754 2130 897 2168 usus
929 2114 1017 2167 est
1044 2109 1213 2165 sedis
1242 2108 1574 2182 apostolicae
1622 2107 1882 2165 bonitate
1915 2108 1973 2163 in
2007 2108 2176 2164 mali-

522 2205 763 2279 gnitate,
798 2206 855 2258 et
883 2199 1235 2258 beneﬁcium
1284 2198 1345 2254 in
1396 2197 1578 2271 patris
1622 2198 1712 2254 sui
1745 2196 2033 2253 convertit
2056 2197 2177 2254 exi-

517 2293 691 2351 tium.

590 2383 776 2441 Dicite
823 2380 1025 2454 igitur,
1080 2379 1415 2451 imperator,
1463 2378 1723 2446 obsecro,
1757 2394 1893 2433 cum
1942 2376 2025 2433 ita
2074 2376 2185 2446 sit,,

515 2473 812 2548 quomodo
844 2488 959 2527 non
992 2469 1314 2525 debeamus
1346 2484 1452 2522 nos
1494 2467 1787 2541 Ignatium
1837 2485 1951 2523 non
2003 2468 2171 2538 adju-

512 2562 690 2621 vare?
722 2565 824 2618 aut
851 2575 1039 2631 usque
1071 2558 1143 2613 ad
1174 2556 1558 2624 audientiam,
1591 2560 1879 2628 quantum
1910 2556 1969 2611 in
2002 2557 2172 2613 nobis

513 2657 623 2722 est,
658 2652 995 2707 indemnem
1016 2664 1133 2702 non
1161 2646 1395 2719 penitus
1417 2662 1758 2702 conservare
1775 2646 1802 2701 ?
1818 2645 1903 2701 vel
1930 2662 2171 2718 quomo-

513 2743 586 2799 do
634 2758 753 2797 non
801 2737 1099 2812 possimus
1143 2735 1509 2808 Gregorium,
1543 2738 1599 2789 et
1629 2734 1736 2790 hos
1768 2734 1868 2807 qui
1899 2753 1965 2791 ex
2004 2742 2169 2808 parte

509 2831 702 2905 ipsius
734 2834 892 2900 sunt,
928 2826 1132 2884 merito
1165 2824 1597 2882 condemnare?
1618 2826 1860 2891 Quando
1880 2825 2163 2899 Ignatius,

510 2920 623 2981 nisi
657 2938 692 2976 a
723 2918 893 2976 nobis
923 2920 1080 2974 esset
1112 2914 1453 2988 impeditus,
1486 2914 1571 2969 sic
1603 2913 1735 2970 illos
1757 2915 2036 2971 canonice
2058 2915 2169 2972 for-

507 3010 662 3067 sitan
693 3011 998 3074 sterneret,
1032 3008 1178 3061 utet
1207 3021 1342 3061 eum
1374 3002 1534 3059 nullo
1579 3003 1887 3061 conamine
1930 3005 2157 3077 potuis-

506 3103 638 3159 sent
660 3097 958 3171 impellere
990 3112 1003 3150 :
1035 3093 1136 3150 isti
1166 3092 1268 3167 qui
1300 3110 1415 3149 non
1448 3092 1631 3150 nobis.
1660 3092 1978 3163 haeserunt,
2014 3113 2161 3169 quos

502 3188 564 3249 in
596 3186 956 3261 adjutorium
987 3201 1165 3243 suum
1194 3183 1918 3256 haberepromptissimos
1942 3201 2164 3243 merue-

2304 593 2424 644 tate
2476 588 2634 644 serlis
2684 586 3017 661 apostolicae
3068 585 3487 653 roboraverint,
3516 586 3617 643 sed
3666 604 3859 660 usque
3915 588 3989 646 in

2304 679 2678 753 praesentiam
2707 677 2975 750 ejusdem
2996 675 3329 751 apostolicze
3351 676 3510 733 sedis
3530 676 3748 734 differri
3774 678 3987 735 decre-

2299 767 2512 825 verint.

2373 857 2784 926 Quamobrem,
2806 855 3151 913 charissima
3168 855 3249 912 fili
3266 858 3323 911 et
3337 853 3653 913 laudabilis
3672 857 3979 931 Auguste,

2301 946 2443 1019 quia
2472 946 2641 1020 quasi
2672 963 2775 1021 per
2807 964 2912 1003 nos
2944 946 3181 1001 inventa
3218 949 3308 1002 est
3354 944 3563 1019 Ignatii
3614 946 3987 1018 dejectionis

2301 1035 2567 1105 materia,
2612 1035 2829 1092 idcirco
2887 1039 3099 1109 praeter
3136 1034 3195 1091 id
3245 1034 3401 1107 quod
3455 1033 3635 1091 frater
3690 1036 3977 1108 adjuvari

2299 1125 2472 1181 debet
2500 1143 2536 1181 a
2562 1125 2759 1194 fratre,
2793 1128 3001 1198 praeter
3031 1124 3090 1180 id
3139 1123 3319 1180 etiam
3366 1125 3520 1197 quod
3565 1124 3745 1182 Petro»
3783 1128 3985 1200 cujus-

2296 1213 2357 1269 in
2391 1215 2578 1284 terris,
2612 1214 2747 1272 licet
2770 1214 3019 1288 indigni,
3050 1213 3237 1270 vicem
3264 1213 3544 1287 gerimus,
3579 1214 3971 1274 Christi-ora-

2297 1303 2429 1360 culo
2459 1303 2832 1377 peculiariter
2871 1303 3086 1360 dicitur
3115 1320 3129 1359 :
3162 1307 3231 1360 Et
3273 1304 3547 1376 conﬁrma
3582 1306 3786 1376 fratres
3835 1315 3975 1364 Luae

2298 1393 2448 1466 (Luc.
2482 1396 2644 1462 xxu),
2678 1393 2858 1450 etiam
2886 1391 2999 1450 hoc
3029 1391 3361 1467 specialiter
3402 1393 3621 1451 dicitur
3665 1411 3800 1453 eum
3836 1415 3972 1455 non

2296 1482 2486 1539 solum
2521 1485 2799 1557 adjuvare
2829 1487 2886 1538 et
2916 1484 3285 1552 conﬁrmare,
3316 1500 3520 1540 verum
3551 1485 3727 1542 etiam
3777 1487 3973 1545 sicuti

2293 1570 2407 1645 ipsi
2440 1573 2686 1646 potestis
2733 1573 3051 1641 advertere,
3084 1571 3229 1628 totis
3271 1589 3380 1629 nos
3427 1590 3532 1645 pro
3582 1573 3682 1631 illo
3722 1575 3977 1636 viribus

2295 1665 2519 1733 oportet
2549 1679 2651 1735 per
2676 1662 2877 1719 omnia
2906 1662 3270 1735 disceptare;
3296 1665 3360 1717 ut
3386 1661 3874 1722 videlicettotum
3902 1669 3967 1725 in

2293 1749 2393 1809 illo
2424 1752 2690 1807 funditus
2723 1750 3045 1819 aboleatur,
3079 1751 3236 1824 quod
3266 1768 3369 1823 per
3418 1769 3525 1809 nos
3570 1752 3818 1811 laedendi
3872 1758 3965 1814 fo-

2260 1906 2267 1913 l
2291 1840 2497 1896 mitem
2524 1840 2872 1897 adversariis
2901 1841 3030 1913 ejus
3062 1840 3506 1913 reperientibus,
3527 1841 3576 1897 ei
3606 1842 3975 1905 violentiam.

2290 1929 2503 1986 inferri
2524 1934 2924 1999 monstratur;
2956 1933 3264 2003 totumque
3290 1930 3807 2004 reeipiat,Christo<
3821 1953 3977 2009 pro--

2286 2018 2452 2095 pitio,
2488 2019 2663 2092 quod,
2698 2020 2841 2076 dum
2889 2036 2997 2075 nos
3038 2019 3337 2076 moderate
3366 2021 3816 2095 acregulariter
3846 2042 3959 2100 ge-

2287 2108 2496 2176 rimus,
2538 2109 2663 2183 ipse
2711 2107 3185 2182 praejudicialiter
3231 2108 3503 2166 amisisse
3550 2109 3955 2185 dignoscitur.

2286 2198 2573 2264 Quoniam
2606 2202 2663 2254 et
2689 2198 2913 2272 praefati
2946 2198 3280 2255 decessores
3328 2199 3535 2267 nostri,
3568 2199 3681 2258 Leo
3711 2204 3971 2265 scilicet;

2284 2291 2343 2343 et
2366 2287 2736 2357 Benedictus,
2761 2289 2959 2344 beatae
2976 2288 3395 2345 recordationis
3416 2289 3805 2363 pontiﬁces,si
3825 2297 3953 2354 tale

2284 2376 2427 2450 quid
2459 2377 2669 2435 diebus
2713 2395 2918 2435 eorum
2970 2377 3284 2451 Gregorius
3331 2377 3420 2434 vel
3464 2380 3779 2454 complices
3810 2387 3963 2459 ejus-

2281 2466 2905 2539 patrassent,videlicet
2929 2471 2995 2523 ut
3025 2466 3194 2523 abusi
3226 2471 3388 2523 tanto
3422 2471 3858 2543 eompassionis
3890 2482 3957 2533 et

2280 2556 2571 2628 patientiae
2631 2557 2787 2613 sedis
2842 2555 3171 2629 apostolica:
3226 2556 3381 2613 circa
3430 2574 3495 2613 se
3543 2559 3849 2620 beneﬁcio-
3885 2567 3946 2623 in

2277 2646 2571 2719 lgnatium
2604 2664 2819 2702 manus
2849 2663 2989 2702 suas
3016 2646 3450 2718 injeoissent,ut
3471 2648 3751 2707 adversus
3772 2669 3940 2721 eum,

2277 2735 2424 2808 ipsis
2457 2736 2676 2792 sanctis
2707 2734 3057 2807 praesulibus
3106 2735 3476 2803 inconsultis,
3511 2735 3743 2812 linguas
3793 2760 3943 2801 suas

2274 2824 2472 2881 taliter
2501 2825 2871 2881 exacuissent
2889 2842 2903 2894 ;
2922 2826 3179 2898 profecto
3199 2842 3297 2881 eos
3320 2829 3604 2899 tanquam
3626 2829 3953 2892 ministros.

2272 2914 2722 2988 inquietudinis,
2757 2919 2813 2971 et
2842 2914 3001 2988 ipsos
3033 2931 3094 2971 se
3126 2914 3246 2971 sole
3278 2913 3495 2973 clarius
3525 2918 3807 2977 obnoxios
3844 2941 3939 2981 os-

2271 3005 2596 3072 tendentes,
2630 3004 2757 3061 sine
2787 3003 2992 3077 quavis
3035 3004 3425 3061 retardatione
3473 3006 3742 3079 protinus
3786 3028 3931 3070 con-

2272 3095 2669 3165 demnassent,
2693 3098 2751 3151 et
2781 3098 3011 3150 tantum
3043 3093 3337 3167 piaculum
3367 3094 3686 3168 impietatis
3717 3116 3928 3160 eorum

2270 3185 2570 3241 destruere
2607 3183 3020 3240 ardentissime
3065 3183 3453 3240 studuissent.
3488 3187 3598 3243 Sed
3648 3189 3787 3261 quia
3842 3192 3949 3249 illi.

500 3260 801 3347 runt,inec
831 3294 869 3333 a
895 3276 1067 3333 nobis
1097 3272 1407 3330 consilium
1441 3277 1810 3345 acceperunt,
1837 3278 1903 3328 ut
1932 3273 1991 3329 hi
2024 3260 2234 3332 eumiC
2272 3274 2469 3331 divina
2491 3274 2789 3330 vocatione
2821 3274 2892 3330 ah
2920 3273 3029 3330 hac
3056 3273 3316 3331 convalle
3343 3273 3736 3348 lacrymarum
3782 3283 3931 3339 suh-

499 3367 837 3443 patriarcha
867 3382 973 3422 suo
1003 3363 1091 3421 vel
1124 3362 1402 3420 canonice
1422 3362 1676 3434 judicari
1699 3362 2158 3434 potuissent,sed

496 3456 650 3514 vires
680 3474 821 3513 suas
851 3474 886 3512 a
921 3454 1090 3511 nobis
1122 3470 1192 3509 ne
1226 3452 1594 3525 frangeretur
1615 3457 2038 3518 servantes,eas
2061 3456 2159 3511 ad-

496 3562 703 3611 versus
731 3563 867 3602 eum
900 3544 1175 3617 protinus
1197 3540 1896 3615 prmpararuntﬂndique
1917 3560 2159 3616 perpen-

495 3635 615 3692 dite
647 3640 937 3708 quantum
968 3650 1077 3688 nos
1108 3647 1266 3687 nunc
1310 3630 1532 3704 lgnatio
1583 3630 1876 3688 debitores
1922 3649 2154 3703 sumus,

497 3724 599 3797 qui
632 3723 745 3779 sibi
768 3721 1141 3779 obstaculum
1165 3726 1221 3775 et
1241 3719 1497 3775 inimicis
1523 3720 1650 3791 ejus
1674 3719 1809 3776 facti
1831 3739 2040 3778 sumus
2061 3724 2156 3779 de-

493 3812 779 3869 fensionis
807 3810 1222 3868 umbraculum
1245 3827 1259 3878 ;
1285 3809 1553 3882 quamvis
1583 3828 1690 3866 nos
1713 3827 1827 3866 non
1852 3811 1979 3867 ideo
1994 3812 2153 3883 judi-

493 3902 652 3961 cium
701 3901 951 3958 istorum
999 3899 1425 3964 distulerimus,
1460 3902 1525 3955 ut
1562 3899 1616 3955 ei
1666 3899 1910 3955 nocendi
1950 3902 2152 3973 jacula

490 3995 903 4066 prmpararent,
938 3991 1039 4047 sed
1072 3994 1136 4046 ut
1182 3989 1266 4045 sic
1315 3989 1611 4045 sententia
1660 3989 1720 4044 in
1770 3989 1878 4046 hos
1924 3991 2153 4063 prolata

487 4080 887 4139 valetudinem
919 4080 1252 4147 haberet,ut
1282 4095 1316 4134 a
1347 4078 1517 4134 nobis
1549 4077 1901 4136 examinatio
1932 4098 2149 4154 praece-

487 4170 682 4242 deret;
717 4175 775 4228 et
803 4188 1012 4227 rursus
1046 4168 1130 4225 sic
1158 4169 1231 4224 ab
1263 4166 1393 4225 istis
1413 4167 1474 4223 in
1501 4184 1637 4224 eum
1664 4168 1893 4241 objecta
1913 4169 2147 4242 penitus

485 4277 683 4318 coram
714 4260 885 4318 nobis
918 4258 1387 4327 admitterentur,
1422 4261 1486 4313 ut
1524 4257 1709 4330 partis
1757 4259 1967 4331 Ignatii
2015 4276 2146 4333 per-

484 4365 632 4407 sona
674 4353 881 4406 vocata
926 4346 1013 4403 vel
1074 4346 1335 4404 convicta
1393 4351 1605 4404 nostrae
1662 4348 1983 4421 praesentiae
2028 4367 2145 4407 non

483 4439 945 4595 desisfriiohrem
977 4527 1157 4585 dilato
1179 4544 1498 4601 parumper
1510 4526 1823 4598 judicio,et
1845 4528 2143 4586 inﬁrmata

2269 3365 2431 3421 ducti
2479 3367 2640 3433 sunt,
2672 3363 2823 3419 hanc
2871 3364 3241 3437 tyrannidem
3290 3365 3555 3421 nondum
3602 3366 3927 3443 intuentes,

2267 3472 2376 3510 nos
2406 3455 2689 3510 debemus
2717 3453 2780 3508 in
2810 3469 3013 3509 eorum
3044 3452 3242 3509 labore
3282 3454 3613 3526 succedere,
3648 3457 3750 3533 qui
3788 3478 3937 3518 sue-

2266 3544 2556 3601 cessimus
2586 3543 2649 3598 in
2673 3542 2913 3611 honore,
2946 3541 3007 3598 in
3039 3543 3326 3615 cujusque
3357 3546 3616 3617 tempore
3665 3551 3929 3607 crudeli-

2220 3648 2223 3653 ‘
2263 3638 2375 3702 tas,
2409 3651 2535 3707 quae
2581 3632 2790 3688 diebus
2840 3632 3105 3704 ipsorum
3161 3632 3334 3704 coepit
3385 3633 3609 3692 radices
3665 3638 3924 3710 mittere,

2263 3725 2675 3779 consummata
2729 3722 3044 3794 perpatuit.
3077 3721 3327 3778 Proinde
3372 3740 3498 3793 nos,
3533 3726 3723 3798 primo
3779 3731 3931 3802 quia

2262 3813 2417 3870 sedis
2449 3811 2777 3885 apostolicis
2810 3812 2881 3866 de
2912 3815 3032 3867 tota
3062 3811 3317 3868 Ecclesia
3349 3813 3434 3869 fas
3465 3814 3734 3874 habentis
3755 3819 3926 3891 judi-

2259 3900 2825 3972 care,moderamina
2854 3900 3145 3956 retinemu
3167 3919 3179 3969 ;
3204 3904 3463 3959 secundo
3487 3906 3766 3976 quoniam
3804 3911 3924 3969 fra-

2255 3992 2451 4049 tribus
2476 3990 2754 4064 injuriam
2787 3990 2979 4062 passis
3009 3990 3317 4048 subvenire
3345 3992 3659 4064 debemus;
3686 4004 3920 4070 postre-

2258 4099 2354 4139 mo
2385 4082 2542 4155 quia,
2576 4080 2729 4137 sicut
2751 4080 2877 4152 jam
2907 4080 3184 4147 diximus,
3216 4085 3443 4153 oportet
3472 4101 3578 4141 nos
3611 4085 3668 4141 in
3701 4104 3917 4148 eorum

2256 4170 2455 4228 labore
2484 4168 2879 4237 succedere,in
2903 4186 3153 4242 quorum
3188 4171 3582 4230 successimus
3612 4177 3929 4248 pontiﬁca-

2256 4265 2354 4316 tus
2379 4260 2597 4318 honore
2630 4277 2643 4316 :
2678 4258 3181 4331 quemadmodum
3212 4258 3325 4331 ipsi
3357 4260 3732 4320 decessorum
3770 4283 3925 4325 suo-

2260 4367 2386 4407 rum
2422 4348 2689 4422 exempla
2716 4348 2900 4404 secuti
2933 4351 3091 4417 sunt,
3122 4353 3179 4404 et
3207 4348 3401 4423 operis
3435 4368 3639 4409 eorum
3683 4358 3921 4417 strenui

2255 4438 2508 4496 cultores
2537 4438 2756 4495 inventi
2787 4440 2960 4505 sunt;
2997 4438 3151 4511 quod
3201 4436 3316 4511 ipsi
3365 4441 3621 4513 profecto
3668 4452 3921 4518 agerent

2253 4530 2566 4601 adjuvante
2613 4528 2882 4595 Domino,
2915 4527 3219 4598 habentes,
3254 4532 3756 4601 quemadmodum
3801 4536 3914 4605 illi,

481 4616 792 4686 sententia,
825 4617 1076 4674 missum
1119 4623 1209 4673 est
1240 4616 1473 4688 utrique
1506 4616 1679 4688 parti,
1713 4617 1870 4673 sedis
1902 4623 2141 4691 aposto-
2170 4637 2218 4703 D
2251 4619 2518 4693 ejusdem
2534 4616 2725 4673 zelum
2735 4616 3159 4690 justititiae,seu
3182 4617 3552 4693 privilegium
3573 4622 3929 4696 dignitatis,.

480 4703 605 4763 lica:
635 4705 904 4778 praesulis
938 4705 1411 4778 praescntandum
1438 4704 1838 4773 obtutibus,ac
1867 4708 2139 4777 etiam,ut

480 4811 587 4868 par
615 4795 1169 4867 est,suhjiciendum
1198 4793 1688 4850 difﬁnitionibus:
1716 4795 1816 4851 sed
1839 4796 1980 4851 dum
2002 4814 2141 4870 pars

479 4884 691 4956 Ignatii
736 4884 1104 4957 properando
1154 4882 1414 4955 disponit
1445 4882 1575 4950 iter,
1607 4883 1679 4939 ah
1711 4883 1980 4942 hostibus
2010 4887 2139 4959 ejus

475 4973 700 5029 viribus
728 4974 1071 5046 resumptis,
1102 4990 1219 5029 non
1241 4972 1367 5042 jam
1401 4971 1576 5027 {idem
1604 4972 1984 5044 apostolicam
2035 4994 2137 5049 pe-

474 5063 757 5131 tentibus,
790 5080 907 5119 non
941 5062 1090 5118 Petri
1125 5060 1471 5117 memoriam
1506 5062 1692 5118 facere
1728 5064 2134 5138 dignantibus,

475 5150 739 5225 Ignatius
771 5150 1377 5223 trahitur,impellitur
1407 5154 1463 5207 et
1492 5150 1820 5209 innumeris
1852 5153 2026 5211 malis
2047 5156 2132 5211 af-

472 5239 660 5298 fectus
691 5242 764 5297 ab
810 5240 1079 5297 Ecclesiae
1135 5239 1418 5313 regimine
1472 5248 1894 5314 sequestratur.
1929 5245 1998 5300 Et
2023 5244 2133 5301 hoc

2249 4728 2356 4766 nos
2388 4708 2647 4765 studiose
2668 4707 2946 4780 perficere
2965 4708 3720 4779 procuravimus,nimirum
3747 4717 3913 4786 quod

2251 4799 2518 4855 omittere
2546 4796 2749 4871 procul
2782 4795 3144 4866 dubio,sicut
3175 4814 3348 4855 nosse
3373 4800 3603 4857 cunctis
3631 4801 3788 4859 clare
3817 4804 3918 4861 tri-

2249 4889 2414 4945 buitu
2425 4907 2471 4959 r,
2503 4904 2621 4945 non
2652 4885 2937 4943 valemus.

2320 4978 2432 5034 Sed
2465 4977 2632 5045 dicis,
2668 4993 2700 5032 o
2730 4975 3251 5049 imperator,etiam
3284 4978 3411 5035 sine
3439 4995 3735 5038 consensu
3766 5001 3911 5043 nos-

2246 5070 2334 5122 tro
2367 5066 2638 5122 Photium
2661 5070 2718 5123 et
2737 5065 3045 5122 ecclesiam
3068 5065 3515 5136 relenturum,et
3535 5075 3906 5132 communio-

2246 5174 2379 5212 nem
2412 5155 2680 5213 Ecclesia:
2709 5156 3075 5225 habiturum,
3111 5156 3403 5230 lgnatium
3451 5175 3585 5216 vero
3618 5160 3769 5217 nihil
3802 5180 3907 5236 per

2243 5263 2351 5303 nos
2382 5245 2807 5302 meliorationis
2837 5244 3072 5317 penitus
3110 5246 3482 5320 adepturum.
3514 5250 3587 5304 At
3615 5266 3725 5307 nos
3756 5268 3789 5308 e
3824 5254 3906 5311 di-

470 5332 662 5387 totum
695 5331 912 5386 factum
947 5334 1036 5386 est
1063 5347 1129 5386 eo
1160 5330 1311 5402 quod
1348 5331 1604 5403 praedicti
1636 5332 1941 5404 pontiﬁces
1981 5332 2132 5388 utri-
2239 5352 2406 5393 verso
2433 5336 2729 5392 credimus
2777 5335 2933 5407 quod
2983 5335 3242 5394 Ecclesia
3289 5337 3505 5395 Christi
3554 5356 3756 5398 sacros
3804 5360 3904 5401 ca-

471 5435 587 5492 que
619 5418 769 5491 parti
801 5419 1133 5491 aaquitatem
1165 5425 1483 5492 servantes,
1516 5425 1574 5478 et
1602 5421 1911 5493 utriusque
1931 5420 2129 5481 lateris

472 5507 833 5565 audientiam
866 5508 1249 5581 postulantes,
1284 5510 1496 5584 Ignatii
1532 5527 1647 5565 non
1680 5509 1968 5567 firmando
2001 5530 2130 5569 sen-

471 5595 861 5664 tentiam,imo
892 5615 1023 5656 vero
1056 5600 1291 5657 interim
1324 5599 1965 5668 inﬁrmando,inimicis
1997 5604 2125 5676 ejus

2240 5443 2423 5483 nones
2455 5429 2511 5482 et
2540 5425 2830 5499 praecipue
2876 5423 3140 5483 Nicanos
3190 5443 3305 5483 non
3354 5427 3551 5484 tradat
3593 5427 3898 5504 oblivioni,

2237 5515 2639 5589 praecipientes
2667 5513 2936 5571 videlicet
2966 5519 3031 5571 ut
3061 5515 3122 5571 hi
3154 5516 3254 5589 qui
3287 5516 3735 5590 abjicuntur,ab
3768 5522 3900 5581 aliis

2237 5623 2352 5662 non
2386 5605 2760 5679 recipiantur.
2795 5604 3102 5663 Credimus
3134 5606 3511 5682 etiamquod
3559 5608 3660 5665 diu
3708 5627 3894 5670 mem-

470 5686 905 5767 quodammodo
936 5706 1179 5751 manum
1228 5689 1614 5768 porrexerint,
1646 5689 1789 5747 dum
1841 5691 2124 5754 nimirum
2234 5697 2407 5755 brum
2436 5694 2728 5754 incolume
2758 5713 2875 5754 non
2906 5696 3193 5757 subsistat
3221 5698 3447 5758 haerens
3477 5698 3766 5761 membris
3798 5720 3896 5763 ca-
