4098 6454
177 429 336 494 1-033

1389 397 1796 492 EPISTOL/E
1839 394 1942 490 Εἶτ’
1984 425 2374 492 DECRETA.

3436 433 3591 494 1034

177 563 287 638 piti
318 580 434 620 non
466 560 842 622 haerentibus.
881 564 1179 620 Postremo
1210 563 1505 619 credimus
1537 563 1690 635 quod
1725 576 1827 618 cae-
1861 563 1912 630 Α
1945 566 2197 635 geretur,
2234 567 2290 618 et
2333 564 2586 636 exceptis
2636 565 2861 636 paucis,
2893 565 3155 620 omnium
3207 566 3590 622 Orientalium

176 659 306 711 tera
363 653 649 723 membra,
702 654 751 709 si
811 658 1006 709 tamen
1066 652 1341 709 affectant
1398 653 1606 721 vivere,
1659 656 1835 724 caput

179 743 535 817 quandoque
567 746 908 815 sequantur.
942 741 1157 798 Verum
1190 743 1248 797 in
1285 741 1559 799 omnibus
1589 741 1700 808 his,
1737 757 1833 796 se-

177 833 440 888 cundum
477 831 843 904 Apostolum,
876 847 987 887 non
1036 832 1287 897 volentis,
1318 847 1490 902 neque
1539 831 1831 897 currentis,

173 921 270 978 sed
310 923 618 978 miserantis
647 928 731 978 est
755 923 861 976 Dei
888 921 1058 993 (Rom.
1094 921 1204 992 Ix)‘;
1240 925 1296 975 et
1324 919 1453 976 ideo
1486 936 1588 992 pro
1635 919 1832 974 labore

176 1010 416 1082 pietatis
456 1026 651 1066 moras
699 1008 869 1076 ullas,
904 1010 1212 1065 roborante
1261 1026 1368 1064 nos
1415 1007 1552 1072 Deo,
1587 1006 1831 1062 minime

177 1098 536 1167 fastidimus,
565 1098 706 1172 quia
751 1098 862 1153 etsi
912 1103 1181 1154 nostrum
1213 1102 1302 1153 est
1334 1113 1584 1165 curre-re,
1621 1096 1828 1151 divinae

175 1193 376 1244 tamen
406 1193 496 1244 est
524 1187 850 1260 potestatis,
886 1188 1118 1259 quando
1167 1187 1217 1243 ei
1269 1185 1556 1260 placuerit
1599 1185 1676 1241 ad
1703 1183 1827 1256 pal-

176 1294 336 1334 mam
369 1277 703 1349 perducere.

249 1366 411 1431 Quod
452 1370 647 1422 autem
697 1365 888 1422 facere
935 1363 1314 1437 apostolicam
1363 1365 1562 1421 sedem
1609 1364 1824 1431 decuit,

177 1458 333 1514 sicut
389 1454 462 1512 ad
517 1472 721 1512 omnes
779 1455 1131 1511 orthodoxos
1198 1453 1465 1510 Ecclesiae
1527 1453 1824 1510 catholicae

175 1543 544 1616 scripsimus,
579 1546 813 1598 strenue
843 1541 980 1598 fecit
1010 1562 1028 1597 :
1058 1543 1158 1599 Dei
1188 1559 1321 1599 vero
1352 1547 1439 1597 est
1469 1548 1654 1617 empta
1697 1559 1826 1614 per-

176 1631 368 1688 ﬁcere.
403 1633 550 1689 Nam
598 1649 704 1688 nos
753 1648 984 1688 vomere
1040 1633 1278 1704 quidem
1338 1633 1549 1706 linguae
1607 1636 1825 1687 terram

174 1721 612 1795 proscindimus
644 1721 930 1776 mentium
957 1725 1012 1776 et
1039 1721 1098 1775 in
1132 1738 1200 1776 ea
1241 1722 1550 1776 verborum
1600 1720 1827 1778 semina

175 1811 532 1884 spargimus,
565 1810 720 1866 Deus
760 1814 954 1866 autem
1007 1814 1212 1882 potens
1265 1815 1352 1866 est
1382 1809 1466 1864 illi
1493 1815 1550 1866 et
1575 1809 1671 1865 sui
1698 1825 1824 1866 rore

1944 654 2356 710 communione
2388 653 2694 708 frueretur.
2732 654 2906 709 Porro
2937 657 3231 726 Agapetus
3264 655 3592 727 apostolicae

1944 742 2098 796 sedis
2130 740 2340 814 praesul
2372 741 2718 797 Anthimum
2762 742 3475 815 Constantinopolitanum
3511 745 3593 799 si-

1943 828 2163 884 militer
2193 831 2515 887 antistitem
2569 831 2979 886 condemnavit
3009 832 3102 903 (c),
3135 836 3192 888 et
3225 833 3282 886 in
3316 833 3438 887 loco
3466 833 3593 903 ejus

1941 919 2227 975 ordinavit
2250 920 2654 992 Mennam,pro
2688 937 2801 992 quo
2833 920 3102 976 videlicet
3121 921 3395 976 Anthimo
3419 921 3596 976 Silve-

1940 1008 2064 1083 ri’us
2087 1013 2143 1063 et
2166 1009 2413 1081 Vigilius
2437 1010 2680 1064 Romani
2707 1010 3010 1082 pontiﬁces
3035 1010 3104 1064 ab
3129 1013 3393 1082 Augusta
3414 1010 3595 1064 Theo-

1940 1097 2082 1153 dora
2139 1099 2324 1153 multa
2382 1099 2772 1164 incommoda,
2809 1099 2908 1154 sed
2958 1103 3014 1152 et
3061 1099 3405 1153 discrimina
3454 1103 3593 1154 sunt

1938 1188 2200 1260 perpessi
2235 1204 2248 1242 :
2285 1188 2384 1244 sed
2419 1188 2487 1244 ad
2522 1187 2948 1244 restitutionem
2980 1188 3106 1259 ejus
3141 1186 3478 1243 nullatenus
3501 1187 3589 1243 in-

1936 1275 2154 1332 clinati.

2008 1367 2111 1423 His
2144 1384 2278 1439 ergo
2309 1367 2378 1422 de
2409 1365 2680 1439 pluribus
2710 1367 2865 1423 sedis
2897 1366 3225 1438 apostolica:
3270 1366 3499 1440 magnis
3531 1369 3588 1422 et

1935 1455 2227 1529 praeclaris
2259 1456 2582 1513 rectoribus
2616 1456 2862 1528 carptim
2913 1456 3404 1523 commemoratis,
3441 1456 3582 1527 quid

1937 1546 2154 1601 mirum
2188 1546 2235 1601 si
2289 1563 2394 1600 nos
2444 1563 2547 1618 pro
2599 1545 2801 1600 Photio
2849 1545 3300 1611 contemnimur,
3335 1563 3468 1600 eum
3498 1546 3583 1599 vi-

1936 1633 2181 1689 deamus
2213 1634 2608 1706 apostolorum
2642 1634 2966 1706 principem
3009 1651 3111 1707 pro
3159 1635 3395 1689 veritate
3447 1651 3582 1689 con-

1935 1727 2026 1778 tra
2057 1723 2350 1779 Simonem
2386 1723 2624 1779 defensa
2656 1723 2832 1778 etiam
2866 1728 3112 1778 mortem
3146 1723 3382 1778 subire?
3405 1741 3586 1794 quan-

1935 1812 2270 1885 doquidem,
2319 1811 2453 1867 licet
2503 1829 2650 1880 sero,
2687 1811 2819 1867 licet
2869 1817 3000 1884 post
3050 1812 3267 1867 multos
3319 1813 3582 1879 sudores,

173 1899 264 1974 ιτ[.,
296 1900 517 1971 rorem]
533 1897 786 1972 Spiritus
817 1899 1144 1968 infundere,
1179 1904 1236 1955 et
1266 1904 1582 1972 augmento
1626 1899 1824 1972 gratim
1855 1933 1902 1998 B
1936 1902 2406 1974 quandocunque
2456 1907 2652 1956 tamen
2702 1901 2961 1956 mundus
3007 1906 3165 1957 totus
3214 1919 3281 1957 ea
3329 1901 3587 1956 defendit

173 1991 506 2058 fecundare,
541 1994 716 2060 atque
740 2004 942 2045 eorum
976 1993 1196 2062 quanta
1246 1994 1302 2044 et
1351 1987 1547 2062 qualia
1594 1988 1734 2054 vult,
1769 1992 1826 2044 et

173 2079 469 2152 quomodo
499 2078 642 2146 vult,
677 2077 748 2134 ad
779 2078 1017 2134 uberem
1045 2082 1101 2134 et
1132 2077 1518 2150 multiplicem
1567 2077 1824 2136 fructum

172 2170 491 2242 perducere
522 2183 536 2223 :
572 2166 850 2240 quoniam
890 2183 1017 2234 nos,
1053 2167 1159 2224 etsi
1210 2167 1333 2240 agri
1381 2166 1669 2222 Dominici
1702 2166 1823 2223 cul-

170 2264 330 2315 tores
361 2274 589 2323 sumus,
620 2260 878 2312 attamen
907 2273 1080 2328 neque
1111 2258 1207 2328 qui
1231 2257 1450 2329 plantat
1475 2263 1552 2312 est
1588 2255 1821 2330 aliquid,

170 2363 348 2422 neque
393 2348 491 2420 qui
534 2348 702 2417 rigat,
723 2345 834 2402 sed
876 2348 974 2419 qui
1021 2348 1415 2402 incrementum
1459 2345 1573 2413 dat,
1607 2350 1748 2404 Deus
1781 2345 1829 2416 (ι

170 2441 298 2498 Cor.
333 2437 438 2509 In).

245 2523 462 2583 Verum
493 2525 594 2582 his
613 2525 695 2580 ita
719 2542 780 2581 se
798 2524 1202 2580 incunctanter
1219 2525 1827 2593 habentibus,constat

173 2634 276 2675 eos
299 2617 398 2690 qui
419 2614 823 2672 semel‘asedis
845 2614 1173 2687 apostolicae
1199 2614 1546 2688 prmsulibus
1573 2611 1825 2687 perculsi

174 2712 336 2774 sunt,
367 2705 658 2761 sententia
689 2703 854 2760 illius
880 2703 1167 2776 hodieque
1203 2703 1631 2777 constringi,ita
1652 2708 1715 2758 ut
1738 2719 1826 2759 eo-

173 2813 305 2853 rum
340 2793 653 2852 nonnullos
675 2793 909 2865 quidem
935 2793 1160 2865 prolata
1181 2799 1383 2848 contra
1403 2810 1464 2848 se
1481 2793 1686 2862 judicii
1713 2790 1827 2847 tela

171 2885 509 2960 principum
539 2882 794 2956 tegmine
827 2883 1086 2938 munitos
1120 2900 1238 2937 non
1287 2883 1485 2938 statim
1531 2881 1824 2936 saueiave-

173 2973 314 3040 rint,
350 2973 702 3044 quandoque
747 2975 943 3025 tamen
996 2969 1341 3025 medullitus
1372 2971 1820 3042 penetraverint,

174 3059 496 3118 nonnullus
514 3064 707 3116 autem
727 3059 902 3115 etiam
926 3063 1052 3132 post
1071 3049 1318 3115 mortem
1338 3064 1672 3131 susceptam
1691 3077 1758 3114 cu
1769 3077 1826 3113 n-

173 3151 286 3208 etis
316 3148 697 3206 exsecrabiles
730 3148 968 3204 omnino
999 3148 1375 3204 reddiderint.
1401 3151 1698 3221 Quotquot
1728 3166 1826 3203 au-

173 3245 297 3297 tem
327 3239 387 3294 in
415 3238 541 3311 ipsa
563 3237 971 3294 communione
990 3239 1156 3293 sedes
1175 3238 1494 3310 apostolica
1509 3238 1826 3305 tenuit,aut

175 3329 324 3386 dum
351 3328 593 3384 viverint
614 3327 686 3382 ab
708 3327 966 3383 Ecclesia
987 3332 1126 3383 sunt
1147 3327 1458 3382 universali
1483 3327 1825 3400 recepti,aut
1855 3302 1896 3370 α

174 3419 554 3493 postmodum
589 3418 660 3472 ab
693 3433 760 3472 ea
791 3433 1025 3474 summa
1047 3416 1378 3472 celebritate
1409 3417 1636 3474 retenti.
1673 3417 1826 3472 Prae-

179 3514 338 3565 terea
368 3508 499 3564 illos
526 3508 586 3563 in
641 3523 891 3580 quorum
942 3507 1315 3561 damnatione
1367 3524 1480 3561 non
1531 3506 1828 3562 consensit

177 3595 464 3672 singulari
496 3597 875 3670 praerogativa
907 3596 1332 3660 dissolvit.0uze
1363 3599 1426 3650 ut
1457 3595 1826 3652 manifestius

173 3687 488 3762 prudentia
518 3691 620 3744 tua
651 3689 982 3759 cognoscat,
1017 3703 1085 3741 ex
1116 3685 1209 3740 bis
1241 3703 1428 3756 pauca
1472 3702 1826 3741 commemo-

175 3795 305 3834 rare
335 3777 720 3833 studebimus.
757 3775 950 3834 Primo
995 3775 1232 3847 quidem
1284 3774 1535 3848 claviger
1564 3773 1690 3829 coeli
1723 3774 1828 3829 Pe-

174 3872 306 3923 trus
328 3871 385 3922 et
407 3866 632 3939 pri-mus
654 3881 848 3921 sessor
875 3863 1031 3921 sedis
1060 3864 1557 3931 istius,Simoncm
1591 3865 1826 3937 Magum

178 3971 294 4010 non
326 3953 460 4009 ferri
491 3954 593 4009 sed
633 3952 848 4024 linguae
899 3967 1176 4008 mucrone
1227 3951 1556 4024 prostravit.
1588 3952 1698 4006 Sed
1731 3950 1828 4008 ille

177 4041 512 4116 principum
543 4045 712 4096 utens
742 4040 956 4096 virtute
985 4057 1101 4094 non
1135 4038 1324 4096 solum
1357 4038 1416 4094 in
1440 4038 1704 4112 nequitia
1723 4057 1831 4096 sua

178 4131 523 4205 permansit,
559 4132 661 4186 sed
694 4133 750 4185 et
781 4129 932 4184 male
963 4128 1241 4196 moriens,
1266 4129 1364 4185 sui
1391 4129 1655 4194 causa,in
1679 4130 1728 4200 ej
1740 4147 1831 4188 us.-

179 4221 314 4277 dem
337 4219 700 4276 damnatoris
723 4219 816 4274 sui
837 4222 1083 4274 mortem
1107 4218 1399 4291 principes
1422 4218 1826 4276 inﬂammavit.

179 4309 410 4366 Deinde
430 4327 564 4366 cum
587 4309 785 4365 Asiani
808 4323 1013 4364 omnes
1037 4308 1188 4363 inter
1209 4309 1832 4381 czeteros,evangelista

179 4399 406 4456 Joanne
426 4403 680 4465 auctore,
696 4401 904 4471 quarta
921 4397 1149 4453 decima
1168 4395 1310 4452 luna
1330 4415 1463 4453 cum
1491 4397 1708 4456 Iudaeis
1729 4415 1833 4470 pu-

180 4493 372 4544 tarent
401 4487 625 4544 Pascha
654 4486 1068 4544 celebrandum
1099 4487 1195 4559 (a),
1226 4486 1332 4542 hos
1363 4487 1575 4559 praesul
1608 4487 1834 4543 meritis

182 4580 239 4632 et
268 4577 506 4632 nomine
531 4577 731 4631 Victor
758 4592 792 4631 a
820 4577 1232 4632 communione
1264 4575 1491 4648 collegii
1523 4575 1831 4648 separavit.

1935 2008 2062 2062 quae
2089 1991 2294 2046 Petrus
2345 1994 2549 2046 contra
2594 1991 2894 2046 Simonem
2927 1991 3258 2046 defendisse
3291 1989 3584 2062 dignosci-

1933 2082 2048 2147 tur,
2083 2096 2152 2134 ea
2207 2079 2450 2134 damnat
2510 2096 2636 2151 qua)
2698 2078 2866 2134 illum
2928 2080 3242 2135 damnasse
3302 2079 3582 2134 describi-

1934 2172 2049 2224 tur.

2006 2255 2151 2321 Quid
2184 2261 2378 2314 autem
2410 2258 2625 2312 mirum
2655 2257 2703 2313 si
2737 2257 2905 2312 nobis
2927 2275 3028 2329 pro
3051 2256 3444 2312 ecclesiastica
3466 2273 3584 2311 cor-

1934 2347 2186 2402 rectione
2216 2345 2619 2402 laborantibus
2650 2364 2889 2401 manum
2917 2363 3032 2400 non
3066 2346 3238 2413 datis,
3272 2346 3373 2401 sed
3405 2349 3459 2400 et
3481 2345 3585 2400 du-

1936 2435 2085 2491 ritiis
2118 2433 2508 2508 redarguitis?
2537 2451 2671 2489 cum
2710 2434 3014 2488 videamus
3045 2434 3336 2490 Victorem
3368 2451 3582 2506 papam

1936 2529 1990 2581 et
2022 2528 2358 2596 martyrem,
2393 2523 2494 2596 qui
2525 2524 2653 2578 ideo
2685 2541 2813 2578 vere
2845 2524 3024 2578 victor
3051 2527 3160 2589 est,
3194 2523 3331 2596 quia
3362 2527 3585 2595 martyr

1935 2631 2038 2687 pro
2068 2613 2464 2670 ecclesiastica
2491 2612 2823 2681 traditione,
2848 2629 3019 2684 pcena
3050 2630 3083 2667 a
3105 2613 3286 2666 totius
3317 2611 3582 2666 Ecclesiae

1935 2704 2284 2777 praesulibus
2319 2703 2649 2775 pertinaciae
2675 2703 3051 2775 redargutnm
3076 2719 3088 2756 ε
3110 2701 3582 2773 quandoquidem

1935 2793 2193 2849 Ecclesia
2231 2797 2353 2847 tota
2403 2809 2558 2846 nunc
2610 2809 2744 2847 cum
2793 2791 2893 2845 illo
2943 2792 3114 2863 sapit,
3148 2796 3204 2846 et
3247 2792 3401 2863 quod
3453 2789 3585 2844 fecit

1935 2883 2106 2938 laude
2141 2882 2416 2954 praedicat
2445 2882 2712 2954 dignum.
2742 2880 2801 2934 In
2836 2898 2952 2952 quo
3001 2879 3582 2934 animadvertendum

1935 2972 2075 3045 quia
2104 2971 2154 3028 si
2185 2976 2324 3025 tunc
2355 2970 2452 3025 ille
2485 2988 2588 3042 pro
2627 2969 2860 3040 justitia
2908 2974 3070 3024 tanta
3111 2968 3415 3024 severitate
3467 2985 3583 3021 non

1927 3066 2214 3126 uteretur,
2250 3059 2422 3114 sicuti
2451 3059 2718 3114 nonnulli
2749 3058 3138 3113 hortabantur
3168 3057 3443 3129 episcopi,
3479 3056 3585 3111 ha-

1933 3155 2139 3206 ctenus
2171 3148 2434 3204 fortassis
2465 3165 2624 3203 error
2651 3149 2774 3220 ipse
2797 3146 3427 3218 mansisset,przecipue
3450 3162 3584 3200 cum

1936 3239 2114 3294 etiam
2146 3256 2210 3294 eo
2243 3241 2402 3293 tanto
2434 3237 2552 3292 zelo
2585 3253 2884 3305 succenso,
2905 3253 3094 3307 usque
3126 3236 3195 3290 ad
3227 3234 3584 3307 Ephesinam

1936 3329 2187 3401 priorem
2213 3327 2274 3382 in
2305 3326 2599 3398 aliquibus
2638 3327 2986 3397 perdurasse
3033 3325 3322 3397 synodum
3372 3322 3582 3394 legeri-

1935 3416 2242 3482 mus.Quid
2273 3421 2552 3487 praterea
2583 3415 2800 3469 mirum
2831 3415 2877 3469 si
2913 3415 3080 3469 sedes
3113 3412 3432 3484 apostolica
3462 3412 3582 3465 die-

1935 3507 2055 3562 bus
2075 3506 2196 3562 tuis
2225 3504 2682 3577 parvipenditur,
2718 3520 2822 3558 nec
2855 3504 2922 3558 ab
2956 3502 3200 3574 imperio
3233 3505 3332 3556 tuo
3360 3501 3583 3572 tibique

1936 3595 2217 3667 subjectis
2240 3593 2518 3649 auditur?
2542 3610 2674 3648 cum
2697 3593 3002 3647 videamus
3032 3594 3300 3647 sanctum
3333 3589 3578 3645 Felicem

1937 3686 2079 3740 adeo
2111 3684 2182 3739 ab
2213 3683 2667 3755 imperatoribus
2699 3680 3225 3754 predecessoribus
3277 3680 3396 3734 tuis
3445 3695 3581 3734 con-

1936 3778 2249 3846 temptum,
2285 3776 2349 3827 ut
2376 3773 2446 3828 ab
2473 3788 2538 3826 eo
2569 3771 3126 3826 anathematizatum
3178 3769 3454 3824 Acacium
3505 3768 3587 3823 ita

1937 3881 2046 3920 sua
2073 3861 2428 3934 protectione
2460 3859 2850 3926 munirent,ut
2871 3863 2926 3914 et
2948 3861 3083 3914 sede
3105 3859 3590 3929 Constantinopo-

1937 3953 2119 4008 litana
2149 3952 2292 4006 dum
2322 3949 2464 4005 vixit
2491 3950 2913 4015 abuteretur,et
2945 3948 3004 4002 in
3038 3947 3281 4020 perﬁdia
3305 3965 3413 4001 sua
3435 3945 3591 4001 mala

1939 4045 2281 4098 moreretur.
2301 4040 2718 4094 Verumtamen
2743 4037 2991 4108 propitio
3014 4035 3426 4103 Christo,sedis
3449 4051 3589 4104 apo-

1939 4130 2155 4189 stolica:
2189 4128 2564 4201 pontiﬁcibus
2595 4127 2885 4182 indefesso
2916 4125 3296 4190 certantibus,
3333 4141 3366 4178 a
3396 4123 3590 4178 catho-

1938 4218 2219 4291 liei'srjugi
2264 4217 2602 4290 fatigatione
2650 4219 2892 4276 remota,
2925 4215 3162 4269 tandem
3211 4213 3525 4284 aliquando
3557 4227 3594 4266 a.

1941 4325 2093 4381 saepe
2124 4308 2224 4363 fati
2255 4307 2411 4362 beati
2444 4305 2654 4360 Felicis
2685 4303 3058 4368 sententia,id
3092 4307 3181 4358 est
3209 4301 3469 4357 Ecclesia
3500 4302 3590 4370 [[2,

1942 4395 2231 4454 sententia
2261 4399 2350 4451 est
2380 4393 2653 4460 Ecclesia,
2677 4393 2881 4462 than]
2907 4396 3027 4446 tota
3057 4391 3431 4447 conversa.Et
3452 4389 3590 4460 quia

1943 4485 2256 4560 praedictus
2281 4484 2524 4539 Aeacius
2557 4501 2670 4538 non
2703 4485 2792 4537 est
2819 4482 3088 4536 inventus
3117 4483 3589 4552 superstes,con-

1944 4578 2254 4648 sequenter
2285 4590 2496 4628 nomen
2531 4574 2658 4644 ejus
2690 4572 2747 4626 in
2777 4569 3034 4626 Ecclesia
3071 4569 3246 4624 taceri
3297 4569 3591 4624 sancitum

180 4671 253 4723 At
275 4667 358 4721 illi
381 4683 584 4723 omnes
604 4682 738 4722 cum
759 4665 1060 4721 nonnullis
1079 4665 1466 4722 E‘eclesiarum
1486 4664 1835 4738 praesulibus
1867 4674 1912 4739 Π
1944 4669 2032 4722 est
2064 4663 2280 4737 (d).Sed
2311 4666 2368 4718 et
2397 4661 2805 4732 tu,imperator
2836 4659 3250 4726 orthodoxe,de
3283 4659 3409 4730 ipso
3436 4672 3592 4711 nunc

184 4773 300 4813 non
329 4757 519 4813 solum
549 4757 686 4812 huic
715 4772 928 4811 manus
962 4755 1206 4810 minime
1236 4757 1842 4826 prebuerunt,verum

186 4847 360 4903 etiam
393 4846 724 4920 pertinaciae
756 4845 1200 4918 redarguerunt.
1237 4845 1392 4900 Felix
1424 4861 1657 4916 quoque
1689 4861 1842 4916 papa

187 4934 895 5008 Constantinopolitanum
916 4933 1184 4990 Acacium
1205 4950 1320 4987 non
1337 4933 1528 4988 solum
1548 4933 1842 5005 deposuit,

186 5034 392 5083 verum
423 5030 479 5082 et
510 5023 932 5080 insolubilibus
960 5022 1350 5080 anathematis
1379 5021 1628 5077 vinculis
1671 5022 1839 5078 inno-

189 5115 347 5170 d‘avit
371 5115 586 5188 (b').Sed
617 5114 760 5170 adeo
792 5117 880 5170 est
910 5115 1373 5184 contemptus,ut
1393 5110 1548 5166 idem
1571 5111 1848 5180 Aeacius,

193 5203 401 5260 mundi
434 5202 777 5259 dilectorum
825 5201 1074 5258 tuitione
1120 5203 1435 5272 protectus,
1470 5199 1645 5255 etiam
1697 5216 1840 5255 non-

194 5292 374 5349 nullis
407 5292 685 5348 Romanis
716 5291 1093 5363 poutiﬁcibus
1124 5287 1626 5356 decedentibus,et
1653 5289 1850 5345 officio.

195 5380 542 5439 sacerdotali
567 5381 739 5452 juxta
768 5381 1186 5451 praecedentem
1217 5377 1701 5436 consuetudinem
1723 5379 1849 5434 fun-

271 5510 349 5582 (a)
381 5504 800 5582 §u_seb_i_u_s_lib.
833 5521 869 5582 γ
898 5505 1070 5582 Hist,
1098 5507 1275 5582 _c._2_{i.

271 5575 347 5652 (ὁ)
380 5577 537 5634 Felix
569 5578 641 5652 lli
674 5576 731 5631 in
757 5575 934 5652 epist.
969 5575 1020 5643 3,
1056 5577 1490 5652 et_Liberatus,
1541 5577 1610 5632 de
1673 5593 1852 5633 causa

203 5648 452 5710 Nestorii
485 5655 542 5706 et
570 5648 926 5721 Eutychetis,
960 5663 1086 5720 cap.
1123 5648 1207 5702 18.

272 5725 343 5800 (ε)
371 5725 669 5799 Agape-tus
693 5720 760 5776 in
790 5736 880 5796 ep.
916 5721 948 5776 4
979 5725 1036 5776 et
1062 5720 1117 5792 5,
1150 5723 1207 5778 et
1237 5720 1487 5778 Liberet.
1522 5739 1572 5779 c.
1604 5721 1848 5780 21.Pon-

659 5863 790 5914 λοι.

1949 4771 2082 4810 cum
2117 4752 2252 4807 sede
2283 4749 2601 4822 apostolica
2631 4749 2921 4821 sapis,qui
2954 4749 3003 4804 si
3034 4747 3132 4804 illo
3163 4753 3423 4820 tempore
3457 4745 3595 4800 fuis-

1949 4860 2042 4898 ses
2074 4844 2358 4912 repertus,
2393 4855 2496 4911 pro
2549 4854 2613 4893 eo
2662 4842 2865 4893 contra
2914 4855 3041 4893 eam
3092 4843 3148 4892 et
3185 4837 3245 4891 in
3278 4837 3383 4892 hac
3416 4851 3594 4890 causa

1948 4931 2117 4988 ﬁeres
2149 4929 2416 4985 fortassis
2445 4944 2747 4983 accensus.

2019 5022 2105 5076 Ad
2152 5022 2501 5086 extremum,
2557 5016 2696 5089 quid
2753 5017 2971 5071 mirum
3022 5015 3072 5071 si
3123 5032 3226 5087 pro
3276 5015 3597 5084 dejectione

1952 5110 2140 5167 Photii
2174 5109 2341 5164 nobis
2372 5107 2889 5178 minaris,quando
2923 5108 3320 5159 antecessores
3341 5104 3427 5157 tui
3451 5103 3602 5174 prin-

1953 5201 2110 5272 cipes
2143 5216 2245 5272 pro
2276 5196 2550 5252 Anthimo
2573 5197 2700 5272 jam
2734 5195 2886 5250 dicto
2936 5196 3390 5267 praedecessores
3441 5209 3600 5246 meos

1956 5269 2246 5361 usque—ad
2280 5269 2703 5342 confessionem
2735 5282 3136 5354 persequendo
3187 5279 3603 5353 perduxerint?

1954 5379 2398 5443 Verumtamen,
2426 5374 2560 5429 licet
2589 5371 2917 5428 diutissime
2960 5371 3369 5440 laboraverint,
3400 5370 3602 5425 saevie-

1957 5503 2158 5561 tifical.
2193 5505 2250 5558 in
2281 5502 2516 5558 Situerz’o
2551 5503 2605 5554 et
2638 5500 2853 5570 Vigitt'o.

1947 5602 1952 5606 -
2031 5577 2107 5647 ((t)
2137 5575 2324 5630 Getas.
2362 5572 2418 5626 in
2451 5570 2695 5647 epistola
2729 5572 2787 5647 lt
2827 5587 2839 5624 ε
2877 5569 3279 5647 Absolutionem
3317 5585 3476 5640 quam
3502 5583 3601 5647 su.-

1954 5641 2154 5723 μεν-’δέω
2186 5663 2282 5701 nee
2301 5641 2565 5723 quaesita
2596 5644 2816 5723 omnino
2842 5659 2939 5698 nuc
2966 5644 3185 5711 meruit,
3217 5649 3462 5695 mortuus
3482 5641 3605 5714 jam

1958 5714 2067 5779 'non
2091 5725 2261 5792 potes:
2288 5714 2594 5792 iinpetrare.
2631 5714 2813 5770 Hann.

3211 5841 3288 5911 33
