4098 6464
514 378 668 442 1035

1884 373 2198 438 NICOLAI
2240 373 2472 437 PAPJE
2514 375 2564 438 Ι.

3770 372 3960 438 ’1086

510 511 648 582 rint,
683 515 741 568 et
768 516 856 569 tot
884 512 1043 569 diras
1076 513 1355 569 adversus
1385 527 1484 568 eos
1516 509 1862 567 afflictiones
1905 526 2166 567 commo-
2195 510 2251 578 Α
2279 509 2422 566 riter
2447 508 2716 578 irrctivit,
2750 509 3101 581 contemnis,
3133 513 3191 568 et
3221 509 3391 584 quasi
3421 506 3621 567 minus
3652 505 3961 564 Christia-

507 602 715 671 verint,
739 603 1089 658 sententiam
1121 607 1321 658 tamen
1351 618 1553 658 eorum
1584 604 1813 657 mutare
1840 599 1928 656 vel
1959 600 2163 656 Anthi-

508 706 673 747 mum
706 707 974 748 revocare
1017 692 1089 748 ad
1137 692 1454 765 pristinum
1505 694 1728 747 statum
1781 689 1942 746 nullo
1992 691 2164 753 modo

506 784 830 852 potueruut
862 800 874 837 :
910 781 1011 854 qui
1053 781 1189 837 licet
1237 782 1424 850 tarde,
1458 781 1815 854 quandoque
1863 782 2061 835 tamen
2110 783 2169 835 et

505 868 706 942 ipsum
734 870 1172 938 Anthimum,et
1203 888 1413 927 sensus
1444 872 1573 942 ejus
1605 888 1739 925 cum
1773 871 1911 925 sede
1942 873 2168 942 aposto-

507 956 622 1014 lica
652 960 944 1032 sapientes
976 960 1247 1017 detestati
1278 964 1499 1029 sunt,et
1522 960 1795 1015 Mennam
1816 959 2006 1014 virum
2031 976 2166 1015 san-

512 1051 696 1116 ctum,
728 1049 800 1104 ab
831 1048 959 1121 ipsa
988 1053 1344 1121 promotum,
1380 1067 1496 1105 non
1527 1048 1680 1105 sicut
1708 1052 1991 1105 vestrates
2022 1047 2167 1104 falso

514 1139 955 1206 autumant,sed
980 1156 1115 1195 cum
1137 1157 1206 1195 ea
1234 1139 1393 1194 hunc
1426 1138 1601 1212 digne
1632 1138 1978 1211 recipientes
2006 1155 2170 1194 vene-

516 1232 715 1283 ranter
744 1227 997 1301 amplexi
1028 1228 1337 1295 sunt.Quis
1366 1245 1499 1284 vero
1532 1232 1673 1284 tunc
1698 1226 1903 1284 videns
1933 1227 2169 1283 Petrum

515 1315 605 1373 vel
634 1334 1007 1374 successores
1038 1320 1187 1390 ejus,
1211 1318 1509 1374 Simonem
1534 1318 1922 1390 praefatosque
1951 1333 2171 1389 praeva-

516 1405 796 1463 ricatores
827 1410 946 1462 tam
987 1407 1214 1463 fortiter
1263 1406 1576 1477 debellare,
1610 1423 1728 1463 non
1761 1409 1987 1479 poterat
2014 1404 2171 1461 indi-

517 1496 706 1569 gnari,
740 1501 799 1552 et
837 1514 937 1553 eos
986 1500 1270 1569 tanquam
1318 1497 1651 1553 insensatos
1698 1496 1888 1552 efferri
1936 1495 2172 1569 penitus

520 1586 815 1655 arbitrari,
848 1588 1172 1659 praesertim
1206 1604 1342 1642 cum
1375 1604 1480 1660 pro
1512 1586 1730 1643 eisdem
1754 1585 1994 1659 perfidis
2014 1588 2173 1641 totus

518 1680 728 1749 printer
757 1675 1148 1749 paucissimos
1178 1677 1457 1732 adversus
1488 1676 1619 1731 illos
1653 1692 1784 1730 cum
1808 1674 2173 1747 principibus

519 1765 647 1822 suis
680 1765 1027 1839 pugnaverit
1056 1766 1215 1822 orbis
1233 1770 1260 1820 ς)
1281 1767 1392 1821 Sed
1425 1765 1565 1838 quia
1592 1765 1806 1821 veritas
1835 1764 1951 1837 tegi
1981 1762 2173 1820 fundi-

2274 617 2388 656 nus
2417 603 2633 657 temere
2664 600 3061 674 parvipendis.

2345 690 2509 756 Quod
2540 694 2829 763 quantum
2860 691 2938 747 sit
2969 708 3003 746 a
3026 689 3122 764 pio
3153 688 3456 747 intellectu
3488 686 3956 752 removendum,

2275 782 2333 834 et
2351 796 2386 835 a
2407 777 2670 836 fidelium
2693 780 2970 837 cordibus
2991 777 3700 849 exsecrandum,eximius
3728 775 3962 850 praesul

2276 873 2487 924 nostrae
2509 869 2665 926 sedis
2688 868 2952 926 moribus
2973 874 3032 926 et
3048 869 3287 926 nomine
3302 867 3635 942 Graagorius
3656 866 3957 934 ostendit,

2277 975 2412 1014 cum
2465 958 2537 1015 de
2586 958 2694 1015 hoc
2739 958 3037 1029 scriberet,
3086 959 3288 1015 dicens
3337 958 3570 1031 (tib.1x,
3601 958 3765 1030 epist.
3800 956 3907 1028 49)
3945 972 3960 1011 :

2278 1048 2338 1104 Si
2371 1052 2511 1104 sunt
2559 1048 2659 1121 qui
2706 1048 3033 1105 certissime
3077 1047 3221 1105 talia
3270 1048 3534 1104 sentiunt
3581 1046 3671 1103 vel
3718 1049 3959 1112 tenent,

2279 1137 2420 1210 quia
2444 1136 2758 1193 Christiani
2783 1156 2899 1194 non
2927 1142 3085 1208 sunt,
3117 1137 3366 1194 dubium
3395 1153 3511 1193 non
3538 1141 3627 1193 est
3656 1153 3782 1201 eos,
3818 1152 3960 1208 qua

2279 1231 2336 1282 et
2365 1242 2471 1299 ego
2503 1230 2561 1282 et
2589 1244 2794 1284 omnes
2825 1227 3094 1284 catholici
3124 1226 3405 1300 episcopi,
3439 1230 3614 1300 atque
3659 1226 3961 1282 universa

2279 1314 2538 1373 Ecclesia
2556 1316 3291 1390 anathematizamus,quia
3320 1315 3549 1372 veritati
3574 1318 3784 1371 contra
3812 1331 3959 1371 sen-

2279 1404 2456 1471 tiunt,
2485 1410 2688 1463 contra
2733 1405 3078 1479 loquuntur.
3124 1406 3191 1461 Et
3239 1421 3493 1462 rursus:
3529 1405 3668 1479 Ipsi,
3722 1404 3958 1477 inquit,

2283 1493 2393 1550 sibi
2425 1497 2604 1551 testes
2630 1495 2936 1568 sunt,quia
2965 1494 3283 1551 Christiani
3316 1512 3430 1551 non
3463 1499 3625 1562 sunt,
3640 1493 3786 1567 quia
3807 1492 3963 1567 liga-

2283 1587 2481 1639 menta
2510 1587 2724 1640 sancta:
2756 1583 3024 1640 Ecclesiae
3054 1583 3374 1642 vanissime
3423 1582 3721 1640 aestimant
3769 1599 3965 1640 cona-

2280 1672 2441 1728 tibus
2473 1672 2714 1742 solvere,
2747 1690 2813 1729 ac
2841 1690 2944 1747 per
2971 1674 3081 1731 hoc
3111 1691 3218 1731 nec
3247 1672 3678 1731 absolutionem
3729 1678 3964 1730 sancta

2281 1761 2572 1831 Ecclesiae,
2606 1779 2785 1835 quam
2818 1766 3058 1836 prestat
3088 1762 3384 1832 fidelibus,
3416 1779 3613 1820 veram
3645 1764 3964 1836 putant,si

516 1857 616 1909 tus
643 1854 929 1955 humanis
962 1872 1077 1909 non
1108 1858 1299 1927 potest
1330 1855 1728 1922 conatibus,et
1757 1853 1999 1954 praefati,
2032 1852 2173 1926 quin
2206 1890 2252 1955 Β
2280 1849 2734 1955 ligaturas‘ejus
2778 1852 2969 1909 valere
3016 1871 3136 1909 non
3182 1853 3495 1910 aestimant.
3530 1852 3751 1952 Contra
3778 1868 3962 1955 ‘quos

520 1947 578 2000 et
608 1942 707 1998 alii
739 1944 926 1999 sancti
972 1944 1309 2016 summique
1356 1944 1662 2016 pontifices
1713 1960 1815 2016 spe
1864 1942 2015 2010 freti,
2048 1960 2176 2015 quas

523 2049 639 2088 non
693 2033 1001 2088 confundit
1052 2034 1223 2105 (Rom.
1256 2033 1332 2106 v),
1366 2037 1454 2089 tot
1500 2032 1730 2089 labores
1780 2031 2174 2104 arripuerunt,

520 2123 737 2180 idcirco
768 2122 854 2178 sol
877 2123 1123 2194 justitias
1156 2122 1352 2179 radios
1384 2139 1523 2178 suos
1553 2123 1801 2178 fortasse
1851 2121 2091 2178 mittens
2121 2124 2179 2176 et

520 2211 798 2269 nebulam
829 2210 1139 2284 dissipavit
1167 2212 1467 2279 erroris,et
1493 2210 1754 2268 veritatis
1785 2209 2071 2286 paulatim
2093 2208 2177 2264 lu-

520 2319 657 2358 men
690 2300 944 2358 ostendit
976 2318 988 2355 :
1023 2301 1223 2374 sicque
1257 2301 1497 2357 demum
1530 2305 1819 2372 quantum
1850 2298 1932 2355 illi
1978 2299 2176 2355 defen-

521 2408 684 2448 sores
715 2390 982 2447 Ecclesia
1014 2394 1168 2447 recte
1198 2390 1584 2463 sapuerint,ct
1605 2390 1702 2446 isti
1728 2389 1995 2462 nequiter
2015 2389 2177 2444 ober—

521 2479 796 2549 raverint,
827 2481 1065 2536 tandem
1095 2479 1392 2535 evidenter
1421 2478 1695 2535 innotuit.
1728 2479 1814 2535 Ita
1857 2494 2090 2551 quoque
2120 2480 2177 2533 et

524 2587 651 2639 nos,
685 2574 753 2625 ut
778 2569 973 2625 verbis
1004 2568 1220 2642 egregii
1252 2568 1568 2641 loquamur
1585 2568 1845 2642 Apostoli
1871 2586 1884 2624 :
1908 2568 2174 2624 Habentes

517 2659 770 2715 eumdem
794 2660 1055 2730 spiritum
1100 2657 1229 2728 ﬁdei
1275 2674 1433 2731 quem
1478 2666 1529 2715 et
1573 2666 1754 2729 patres
1806 2659 2001 2726 nostri,
2033 2659 2175 2712 sicut

519 2750 787 2821 scriptum
820 2756 899 2804 est
930 2767 949 2803 :
983 2747 1201 2803 Credidi
1246 2756 1465 2820 propter
1509 2746 1652 2821 quod
1695 2748 1903 2803 locutus
1948 2764 2072 2803 sum
2101 2746 2179 2820 (II

522 2837 644 2894 Cor.
677 2854 766 2907 Iv;
799 2837 948 2892 Psat.
983 2839 1170 2907 cxxv),
1203 2840 1259 2890 et
1299 2852 1406 2891 nos
1456 2836 1835 2905 credidimus,
1869 2840 2175 2909 propterea

519 2927 675 3000 quod
693 2929 750 2982 et
766 2926 1093 2998 loquimur;
1114 2930 1171 2980 et
1192 2925 1855 2998 contidimus,quoniam
1879 2926 1980 2998 qui
1996 2927 2174 2982 Abra-

517 3015 658 3072 ham
690 3020 894 3072 contra
923 3032 1088 3087 spem
1124 3014 1283 3070 dedit
1313 3014 1748 3087 ﬁlium,potens
1766 3020 1853 3072 est
1873 3015 2043 3071 nobis
2068 3033 2172 3089 pro

518 3106 777 3162 Ecclesia
803 3122 911 3161 sua
930 3104 1337 3161 laborantibus
1359 3109 1415 3160 et
1438 3104 1801 3160 incrementa
1816 3104 2171 3178 spiritalium

517 3196 757 3269 frugum
788 3196 1023 3263 donare,
1058 3198 1115 3249 et
1144 3194 1488 3250 earumdem
1518 3195 1755 3268 frugum
1788 3195 2026 3251 uberem
2049 3194 2170 3251 fru-

518 3289 679 3343 ctum
712 3284 1127 3357 multiplicare.

589 3420 755 3478 Unde
805 3418 1001 3487 dicito,
1054 3435 1416 3492 quaesumus,
1452 3436 1483 3475 o
1514 3419 1832 3491 imperator
1888 3419 2172 3492 piissime,

520 3511 691 3583 cujus
714 3508 1064 3582 prolixitatis
1097 3507 1606 3576 inobedientia,vel
1636 3508 1806 3578 cujus
1839 3509 2173 3565 multitudi-

521 3601 615 3658 nis
644 3598 978 3665 insolentia,
1004 3601 1105 3653 aut
1135 3598 1304 3669 cujus
1332 3599 1644 3670 potestatis
1674 3597 2032 3667 excellentia,
2067 3617 2174 3656 nos

520 3690 596 3745 ab
622 3689 731 3744 hac
758 3688 871 3743 ﬁde
898 3685 986 3741 vel
1017 3702 1121 3758 spe
1150 3686 1361 3742 debeat
1382 3691 1485 3742 aut
1502 3687 1691 3742 valeat
1711 3686 1918 3743 saltem
1944 3705 2176 3761 parum-

518 3794 624 3850 per
653 3775 949 3832 avertere?
980 3775 1305 3830 Praesertim
1338 3792 1473 3831 cum
1505 3775 1882 3832 beatissimus
1915 3778 2042 3848 jam
2073 3778 2173 3834 de-

517 3866 787 3940 signatus
837 3863 1121 3921 exclamet
1162 3865 1478 3937 Apostolus
1512 3883 1525 3920 :
1557 3866 1667 3933 Est,
1710 3865 2008 3937 inquiens,
2039 3867 2171 3939 ﬁdes

512 3955 913 4030 sperandamm
939 3956 1246 4010 substantia
1275 3971 1480 4019 rerum,
1513 3964 1903 4024 argumentum
1931 3973 2038 4014 non
2071 3975 2168 4030 ap-

508 4048 825 4120 parentium
859 4044 1040 4117 (Hebr.
1072 4044 1184 4116 x1);
1220 4047 1277 4100 et
1316 4061 1523 4099 rursus
1559 4061 1569 4100 :
1604 4045 1752 4116 Spes,
1787 4045 1887 4114 ait,
1922 4062 2047 4118 qua?
2091 4050 2170 4103 vi-

510 4136 670 4192 detur
695 4152 807 4190 non
837 4142 915 4190 est
943 4150 1098 4204 spes;
1118 4149 1249 4188 nam
1278 4133 1418 4205 quod
1445 4133 1589 4189 videt
1617 4136 1761 4207 quis,
1793 4134 1927 4208 quid
1956 4140 2169 4207 sperat?

507 4228 560 4282 si
587 4233 770 4282 autem
800 4224 940 4297 quod
964 4239 1075 4278 non
1102 4223 1345 4279 videmus
1371 4240 1671 4295 speramus,
1701 4241 1803 4297 per
1836 4227 2167 4297 patientiam

508 4323 881 4388 exspectamus
910 4315 1084 4383 (Rom.
1120 4312 1262 4385 vm).

579 4450 698 4507 Hac
728 4448 909 4521 igitur
938 4446 1073 4503 fidei
1104 4465 1221 4503 suae
1254 4464 1356 4521 spe
1390 4449 1711 4518 certitieati,
1750 4448 1830 4503 fili
1881 4449 2163 4507 charissi-

508 4557 624 4607 me,
657 4556 764 4595 nos
796 4537 1033 4610 quidem
1065 4537 1135 4592 de
1162 4536 1535 4609 percipienda
1578 4539 1845 4594 mercede
1894 4536 2162 4599 laborum

2287 1940 2508 1997 diutius
2539 1940 2965 2015 disputandum
2994 1960 3110 2000 non
3143 1947 3251 2012 est,
3287 1943 3426 2016 quia
3455 1941 3825 2014 despiciendi
3852 1958 3963 2014 per

2286 2029 2486 2086 omnia
2514 2034 2571 2087 et
2599 2031 3135 2089 anathematizandi
3165 2036 3326 2101 sunt,
3350 2036 3416 2088 ut
3445 2032 3603 2088 unde
3631 2031 3956 2089 veritatem

2285 2118 2484 2176 fallere
2515 2137 2577 2176 se
2608 2121 2875 2191 credunt,
2908 2121 3046 2179 inde
3074 2121 3135 2179 in
3184 2122 3439 2196 peccatis
3488 2120 3613 2178 suis
3656 2122 3960 2179 veraciter

2283 2206 2559 2281 ligantur.

2357 2298 2469 2355 Sed
2500 2298 2549 2355 si
2580 2299 2726 2356 forte
2754 2299 2901 2357 dicis
2932 2317 3052 2373 npn
3081 2300 3356 2358 debuisse
3392 2317 3501 2358 nos
3546 2305 3668 2357 tam
3718 2301 3960 2359 concita

2284 2386 2488 2444 audita
2515 2388 2671 2445 dicta
2700 2390 3076 2462 eredere,nec
3105 2394 3228 2446 tam
3256 2391 3329 2447 ad
3362 2390 3775 2464 proferendam
3812 2409 3956 2449 sen-

2282 2476 2527 2534 tentiam
2577 2495 2706 2537 esse
2752 2479 3056 2552 proclives,
3109 2480 3359 2556 ngveris,
3392 2498 3424 2537 ο
3454 2479 3797 2554 imperator,
3842 2481 3959 2539 hoc

2283 2567 2710 2625 rationabiliter
2763 2587 2937 2642 posse
2992 2569 3128 2638 dici,
3162 2570 3214 2627 si
3262 2569 3435 2644 culpa
3478 2587 3615 2626 cum
3662 2569 3952 2642 clamore,

2283 2657 2783 2727 quemadmodum
2801 2659 3186 2716 Sodomorum
3203 2664 3262 2716 et
3279 2659 3950 2726 Gomorrheorummon

2282 2749 2437 2801 esset
2469 2763 2481 2801 :
2517 2746 2565 2802 si
2599 2763 2727 2819 quae
2759 2748 2831 2803 de
2862 2748 3138 2821 Gregorio
3168 2752 3336 2821 gesta
3374 2748 3647 2822 superius
3694 2749 3950 2808 intima-

2277 2833 2628 2902 vimus,tam
2659 2836 2719 2892 in
2751 2836 3059 2909 propatulo
3080 2855 3197 2894 non
3218 2837 3615 2895 exstitissent:
3642 2838 3692 2895 si
3718 2840 3951 2914 scripta

2278 2928 2492 2991 vestra,
2526 2942 2653 2998 quae
2685 2927 2839 2999 apud
2871 2927 3443 3001 Constanttnopolim
3491 2932 3697 2985 contra
3726 2946 3950 2988 consa-

2280 3014 2572 3070 eerdotem
2603 3020 2873 3072 nostrum
2906 3016 3319 3090 Ignatium,vel
3340 3017 3493 3074 circa
3513 3017 3949 3089 Photium,imo

2278 3120 2411 3159 vero
2444 3119 2547 3175 per
2576 3104 2870 3175 Photium,
2889 3110 3054 3178 gesta
3080 3109 3221 3162 sunt
3248 3106 3563 3175 evidenter,
3596 3107 3953 3167 nullatenus

2279 3192 2643 3250 iudicassent
2661 3211 2674 3250 :
2695 3193 2783 3250 vel
2801 3194 2851 3251 si
2868 3193 3093 3268 legatos
3113 3200 3348 3253 nostros
3368 3200 3426 3254 et
3446 3196 3726 3270 epistolas
3747 3199 3952 3271 pietas

2206 3267 2249 3334 C
2285 3284 2390 3338 tua
2417 3271 2668 3356 benigne
2697 3267 3074 3356 suscepisset,
3105 3283 3196 3341 vel
3227 3283 3277 3341 si
3307 3267 3611 3358 susceptas
3659 3267 3819 3344 ausu
3862 3293 3953 3345 te-

2286 3370 2535 3428 merario
2568 3389 2737 3428 nemo
2769 3371 3001 3429 fallacia
3027 3373 3487 3446 depravasset,et
3512 3373 3614 3431 illa
3632 3375 3706 3431 ab
3730 3392 3953 3435 earum

2282 3459 2547 3517 veritatis
2587 3465 2788 3518 tenore
2835 3461 3174 3520 nullatenus
3223 3464 3555 3520 amovisset.
3585 3466 3659 3520 At
3689 3466 3793 3521 ubi
3823 3467 3955 3540 pia-

2285 3548 2485 3606 culum
2516 3568 2632 3607 non
2663 3549 2857 3608 solum
2889 3568 3025 3607 cum
3054 3568 3214 3621 voce,
3247 3553 3351 3609 sed
3395 3556 3452 3609 et
3496 3570 3632 3609 cum
3681 3554 3955 3615 clamore

2284 3638 2668 3696 commissum
2700 3645 2808 3709 est,
2843 3644 2901 3697 et
2942 3641 3186 3715 sanguis
3234 3641 3486 3699 insontis
3533 3643 3754 3713 fratris,
3785 3646 3952 3703 sicut

2282 3728 2590 3798 hactenus,
2625 3728 2918 3786 clamabat
2946 3731 3020 3787 ad
3050 3731 3235 3787 Deum
3267 3732 3341 3788 de
3369 3735 3609 3800 terra,et
3626 3738 3948 3805 vestrates,

2273 3818 2443 3890 juxta
2473 3819 2630 3891 quod
2653 3836 2755 3892 per
2777 3819 3123 3893 prophetam
3146 3821 3216 3876 de
3236 3821 3501 3894 reprobis
3529 3824 3949 3895 exprobrantis

2281 3908 2485 3963 effectu
2520 3909 2772 3980 [affectu]
2803 3909 3205 3982 perhibentur,
3233 3919 3519 3982 peccatum
3563 3929 3728 3969 suum
3777 3919 3952 3989 quasi

2278 3997 2510 4054 Sodoma
2552 3998 3015 4071 praedicaverunt,
3064 4016 3163 4056 nec
3206 4001 3605 4058 absconderant
3646 4004 3778 4073 (Isa.
3819 4010 3944 4076 III);

2277 4092 2589 4160 postquam
2622 4088 2842 4162 scripta
2870 4105 3105 4161 quoque
3131 4093 3344 4159 vestra,
3380 4090 3439 4146 id
3484 4096 3574 4148 est
3622 4099 3943 4165 peccatum

2278 4176 2366 4248 [f.,
2397 4177 2595 4250 ipsum
2616 4182 2941 4250 peccatum,
2969 4179 3174 4252 Hann]
3199 4182 3944 4256 consummatum,liquido

2276 4267 2777 4335 demonstrarunt,
2810 4272 3125 4341 postquam
3185 4269 3363 4326 etiam
3423 4270 3640 4328 missos
3697 4280 3944 4333 nostros

2275 4361 2571 4413 aversatos
2595 4374 2628 4413 a
2645 4356 2934 4430 colloquio
2957 4357 3510 4431 fidelium,etjussis
3534 4360 3755 4418 nostris
3776 4379 3945 4420 aver-

2276 4462 2391 4515 sos,
2421 4450 2477 4502 et
2508 4445 2785 4519 epistolas
2814 4451 3047 4504 nostras
3096 4448 3418 4507 occultatas
3466 4455 3642 4524 atque
3687 4451 3945 4511 falsatas

2274 4536 2648 4609 agnovimus;
2684 4536 2823 4609 quid
2858 4536 3159 4609 potuimus
3190 4538 3519 4596 consultius
3555 4539 3643 4596 vel
3693 4543 3938 4600 cautius

508 4628 705 4699 (etiam
739 4628 787 4682 si
821 4644 923 4683 vos
962 4627 1131 4681 nobis
1180 4643 1485 4697 nunquam
1536 4627 1896 4695 obedicritis,
1930 4628 2162 4685 etiamsi
2197 4647 2239 4710 D
2273 4642 2463 4698 agere,
2498 4642 2695 4698 quam,
2728 4643 2799 4682 ne
2831 4631 2897 4682 ut
2927 4626 3115 4700 magis
3146 4644 3213 4683 ac
3239 4629 3428 4701 magis
3475 4628 3668 4686 scelus
3703 4637 3769 4686 ut
3799 4649 3941 4689 can-

508 4723 794 4792 quantum
830 4718 1071 4790 potestis
1100 4714 1431 4787 apostolicae
1463 4716 1619 4770 sedis
1652 4717 1821 4771 reniti
1847 4719 2158 4774 contende-

504 4807 655 4881 ritis)
687 4806 1023 4863 nullatenus
1048 4805 1410 4859 dubitamus.
1432 4804 1511 4858 De
1539 4808 1594 4859 te
1625 4807 1842 4871 tamen,
1874 4809 2158 4879 tanquam

503 4899 573 4953 de
641 4895 1023 4952 dilectissimo
1090 4894 1231 4961 ﬁlio,
1282 4892 1655 4949 vehementer
1711 4895 2156 4967 ingemiscimus

500 4992 558 5043 et
588 4988 915 5050 tristamur,
949 4983 1227 5057 quoniam
1269 5000 1385 5037 non
1436 4982 1699 5053 priorum
1749 4985 2016 5059 vestigia,
2052 4986 2154 5042 sed

499 5093 617 5148 pra‘
645 5094 811 5131 orum
842 5073 1173 5147 principum
1208 5070 1475 5141 exempla
1520 5076 1776 5129 sectatus
1823 5074 2152 5146 apostolicae

498 5169 554 5221 et
585 5164 785 5237 primae
821 5163 877 5216 in
912 5166 1033 5216 toto
1081 5160 1217 5214 orbe
1263 5164 1547 5215 terrarum
1596 5162 1753 5219 sedis
1778 5163 1988 5229 edicta,
2022 5180 2153 5235 per-

494 5270 798 5310 versorum
832 5250 1144 5305 hominum
1177 5250 1555 5307 suasionibus
1585 5251 1834 5319 illectus,
1859 5256 2035 5325 atque
2061 5252 2155 5308 de-

498 5347 658 5398 creta
688 5337 1013 5413 postponis,
1047 5342 1103 5392 et
1133 5338 1525 5396 anathematis
1565 5341 1981 5413 obligamenta,
2016 5341 2151 5413 qui-

498 5433 607 5487 bus
640 5431 1041 5503 persecutorcs
1074 5427 1280 5500 Ignatii
1322 5429 1711 5485 comministri
1760 5430 1965 5498 nostri,
2001 5429 2150 5486 Pho-

496 5520 645 5576 tium
676 5516 964 5583 videlicet,
1000 5517 1097 5589 qui
1129 5523 1259 5589 post
1289 5519 1714 5591 depositionem
1756 5518 1933 5573 nimis
1966 5520 2151 5577 multa

497 5610 567 5666 de
590 5607 916 5663 ministerio
947 5625 1110 5664 sacro
1141 5610 1478 5681 contingere
1502 5610 1674 5680 juxta
1722 5610 2147 5681 priscedentem

495 5697 980 5763 consuetudinem
1023 5715 1206 5758 ausus
1236 5702 1344 5773 est,
1378 5702 1434 5755 et
1465 5698 1721 5756 fautores
1761 5699 1888 5773 ejus
1918 5698 2146 5775 regula-

2270 4732 2366 4771 cer
2388 4719 2666 4787 serperet,
2702 4715 2759 4770 id
2810 4715 3076 4772 funditus
3123 4717 3622 4791 exstirparemus;
3652 4724 3732 4789 et,
3764 4739 3843 4779 ne
3875 4728 3940 4780 ut

2269 4805 2354 4876 [[2,
2390 4808 2456 4859 ut
2487 4821 2579 4876 ne,
2605 4804 2704 4875 id.]
2738 4804 2968 4861 desides
2999 4810 3057 4862 et
3089 4805 3452 4880 negligentes
3493 4809 3931 4881 judicaremur,

2267 4911 2371 4966 pro
2403 4894 2575 4950 domo
2605 4894 2704 4950 Dei
2738 4894 2982 4950 celerem
3016 4895 3422 4969 fervidumque
3443 4897 3633 4955 zelum
3662 4902 3937 4959 ostende-

2264 4984 2508 5040 remus?
2541 4984 2752 5040 Prtster
2781 4984 2904 5040 haec
2934 4986 3299 5058 autem,quia
3332 4986 3479 5044 falso
3501 4987 3785 5062 divulgati
3814 4991 3931 5048 fue-

2263 5089 2468 5129 ramus
2500 5090 2606 5129 nos
2636 5073 2725 5130 vel
2748 5073 2957 5145 Ignatii
2989 5074 3338 5147 depositioni
3370 5080 3457 5133 vel
3479 5076 3669 5133 Photii
3696 5095 3933 5151 promo-

2261 5161 2408 5218 tioni
2468 5163 2857 5235 consensisse,
2890 5162 3105 5220 ideirco
3152 5164 3333 5222 veloci
3383 5167 3746 5225 studendum
3792 5187 3927 5228 esse

2261 5251 2742 5319 satisfactione,et
2769 5252 2985 5309 Christi
3015 5252 3337 5312 Ecclesiam
3370 5256 3441 5312 de
3463 5255 3574 5313 hoc
3596 5257 3925 5317 certiﬁcare

2251 5342 2386 5414 jure
2416 5342 2791 5415 praevidimus
2805 5385 2817 5397 .

2329 5432 3075 5505 Verum,quemadmodum
3108 5435 3312 5492 audita
3339 5435 3588 5493 crimina
3610 5453 3729 5494 non
3753 5438 3922 5496 facile

2259 5522 2436 5588 credi,
2467 5522 2567 5578 sed
2613 5522 2847 5596 cognita
2895 5522 3021 5580 sine
3072 5525 3345 5582 tarditate
3390 5526 3589 5598 puniri
3643 5527 3920 5600 debeant,

2260 5617 2500 5668 sanctus
2522 5611 2651 5684 jam
2684 5611 3024 5669 nominatus
3045 5630 3199 5687 papa
3219 5615 3533 5690 Gregorius
3558 5620 3616 5674 et
3636 5618 3922 5693 magister

2259 5702 2553 5779 egregius,
2615 5701 2912 5779 sapienter
2967 5703 3170 5766 edocet
3227 5706 3429 5767 dicens
3488 5708 3708 5784 (Expos.
3744 5711 3808 5771 in
3831 5728 3915 5790 ps.
