4098 6484
183 439 345 500 1037

1401 437 1807 501 EPISTOLIE
1851 437 1950 500 ET
1992 436 2377 500 DECRETA.

3439 441 3598 504 1038

179 575 405 647 partit.)
439 588 453 628 :
488 571 796 628 Peccatum
827 587 962 628 cum
992 588 1150 639 voce,
1183 570 1357 643 culpa
1386 575 1475 628 est
1497 571 1554 626 in
1579 571 1835 638 actione;
1866 571 1920 638 Α
1951 569 2073 626 dita
2103 569 2259 626 mala
2309 572 2470 627 tarde
2520 573 2900 645 credidimus,
2931 575 3012 632 ita
3040 580 3125 632 tot
3152 577 3597 650 probationibus

184 667 490 736 peccatum
521 678 657 718 vero
689 661 864 717 etiam
908 677 1041 716 cum
1075 660 1348 727 clamore,
1383 666 1471 716 est
1502 661 1674 732 culpa
1700 677 1834 714 cum

181 752 470 808 libertate.
507 751 618 807 Sed
652 751 791 823 quid
828 750 937 807 hoc
966 749 1229 822 exemplo
1277 749 1391 805 nisi
1423 767 1530 806 nos
1557 751 1834 805 admone-

183 858 320 898 mur
341 859 412 897 ne
435 842 508 898 ad
531 841 940 913 proferendam
973 839 1323 896 sententiam
1357 856 1619 911 unquam
1643 837 1838 910 praeci-

181 931 332 1004 pites
365 946 493 986 esse
525 929 864 995 debeamus,
898 946 969 984 ne
998 934 1214 984 temere
1247 927 1585 984 indiscussa
1607 927 1834 998 judice-

183 1036 426 1087 mus,ne
447 1019 722 1092 quislibet
743 1017 898 1074 mala
929 1017 1128 1072 audita
1157 1035 1264 1073 nos
1298 1021 1586 1079 moveant,
1612 1035 1683 1072 ne
1705 1033 1836 1089 pas-

182 1109 297 1166 sim
319 1109 476 1165 dicta
497 1108 624 1164 sine
650 1106 994 1179 probatione
1027 1107 1356 1169 credamus,
1390 1107 1545 1178 quod
1579 1106 1834 1178 profecto

180 1203 515 1270 perpetrare
542 1195 1036 1269 pertimescimus,
1070 1195 1118 1251 si
1152 1195 1406 1251 auctoris
1440 1194 1623 1250 nostri
1647 1192 1832 1250 subti-

181 1287 297 1344 lius
330 1288 485 1343 facta
513 1285 1000 1358 pensamus.lpse
1033 1285 1248 1356 quippe
1280 1289 1345 1340 ut
1374 1300 1480 1339 nos
1513 1301 1546 1338 a
1576 1282 1835 1355 precipi-

181 1380 304 1432 tata
333 1376 636 1432 sententia,
664 1373 989 1446 prolatione
1021 1377 1433 1444 compesceret,
1462 1389 1597 1428 cum
1636 1371 1836 1427 omnia

179 1466 342 1521 nuda
359 1469 416 1520 et
437 1468 638 1536 aperta
657 1463 776 1517 sint
798 1461 982 1518 oculis
1005 1463 1153 1533 ejus,
1175 1460 1330 1516 mala
1349 1465 1547 1517 tamen
1567 1459 1831 1516 Sodoma

178 1553 370 1610 noluit
399 1553 602 1610 audita
617 1551 908 1624 judicare,
936 1550 1037 1622 qui
1069 1550 1149 1604 ait
1177 1567 1188 1604 :
1215 1550 1546 1606 Descendam
1567 1558 1618 1606 et
1643 1548 1832 1605 videbo

176 1652 368 1698 utrum
398 1643 691 1698 clamorem
715 1643 814 1713 qui
842 1643 989 1696 venit
1017 1639 1087 1695 ad
1115 1656 1221 1705 me,
1240 1656 1396 1711 opere
1424 1639 1828 1711 compteverint,

179 1750 254 1787 an
300 1747 410 1787 non
453 1740 531 1788 est
580 1733 676 1798 ita,
726 1739 788 1786 ut
835 1732 1008 1785 sciam
1053 1729 1206 1796 (Gen.
1239 1730 1416 1801 xvm).
1451 1728 1831 1800 Omnipotens

178 1821 380 1894 itaque
402 1820 712 1884 Dominus,
737 1823 793 1875 et
813 1819 1012 1874 omnia
1035 1819 1247 1885 sciens,
1274 1835 1378 1872 cur
1400 1822 1531 1872 ante
1552 1833 1829 1889 provoca-

177 1911 399 1966 tionem
422 1910 593 1982 quasi
616 1907 880 1976 dimittit,
905 1907 1019 1962 nisi
1047 1911 1108 1962 ut
1128 1906 1429 1979 gravitatis
1453 1906 1622 1962 nobis
1647 1922 1832 1962 cxem-

179 1999 344 2073 plum
359 2003 744 2072 proponat,ne
757 1995 913 2053 mala
933 1997 1129 2052 homin
1143 2013 1239 2051 um
1255 2000 1386 2051 ante
1401 2011 1828 2068 praesumamus

178 2089 415 2145 credere
445 2105 624 2161 quam
657 2086 946 2160 probare?

250 2179 395 2234 Ecce
417 2194 521 2251 per
541 2175 779 2249 angelos
800 2177 871 2231 ad
895 2175 1298 2248 cognoscenda
1328 2174 1484 2230 mala
1506 2173 1830 2240 descendit,

179 2283 430 2339 moxque
459 2266 819 2321 facinorosos
850 2263 1124 2335 percutit,
1151 2268 1325 2336 atque
1346 2261 1442 2316 ille
1465 2260 1831 2333 patiens,ille

177 2356 366 2427 mitis,
402 2354 498 2411 ille
530 2356 600 2410 de
631 2371 747 2426 quo
774 2352 1059 2425 scriptum
1092 2357 1218 2408 est:
1259 2353 1332 2407 Tu
1363 2351 1826 2416 autem,Domine,

175 2462 303 2500 cum
331 2445 735 2516 tranquillitate
752 2441 973 2514 judicas
1005 2440 1301 2512 (Sap.xn);
1334 2439 1431 2494 ille
1463 2440 1533 2493 de
1564 2455 1678 2510 quo
1702 2455 1828 2492 rur-

177 2551 314 2588 sum
363 2533 651 2604 scriptum
701 2535 836 2586 est:
871 2532 1135 2586 Dominus
1185 2531 1400 2600 patiens
1453 2537 1531 2583 est
1588 2526 1831 2582 redditor

179 2623 368 2696 (Eucti.
401 2627 478 2693 v),
512 2621 571 2676 in
632 2626 796 2676 tanto
854 2618 1098 2674 crimine
1156 2617 1447 2672 involutos
1505 2616 1828 2683 inveniens,

178 2713 350 2784 quasi
383 2710 722 2784 patientiam
758 2709 1220 2782 praetermisit,et
1237 2707 1391 2762 diem
1416 2706 1654 2761 extremi
1674 2704 1830 2777 judi-

176 2801 252 2857 cii
274 2805 610 2873 exspectare
642 2799 713 2854 ad
741 2797 1059 2853 vindictam
1091 2795 1299 2862 noluit,
1324 2800 1420 2851 sed
1449 2812 1546 2850 eos
1577 2794 1710 2866 igne
1729 2797 1829 2865 ju-

177 2890 314 2946 dicii
346 2894 479 2946 ante
503 2888 713 2960 judicii
751 2887 904 2943 diem
931 2885 1242 2959 praevenit:
1278 2890 1334 2940 et
1364 2902 1495 2941 ecce
1527 2885 1748 2939 malum
1771 2887 1829 2938 et

175 2980 349 3052 quasi
383 2996 516 3034 cum
547 2975 898 3033 difﬁcultate
929 2974 1194 3041 credidit,
1227 2991 1360 3029 cum
1390 2973 1630 3038 audivit,
1662 2977 1719 3027 et
1747 2976 1828 3026 ta-

175 3086 312 3124 men
362 3067 488 3124 sine
537 3066 812 3122 tarditate
861 3063 1170 3137 percussit,
1205 3080 1339 3118 cum
1382 3078 1583 3118 verum
1614 3077 1828 3133 cogno-

175 3157 392 3214 scendo
427 3156 681 3229 reperit;
709 3159 775 3210 ut
806 3153 974 3209 nobis
1005 3152 1273 3208 videlicet
1302 3153 1466 3206 daret
1496 3149 1826 3222 exemplum

174 3247 332 3320 quod
365 3247 590 3318 majora
620 3243 869 3300 crimina
895 3247 953 3298 et
983 3242 1147 3298 tarde
1192 3242 1480 3297 credenda
1524 3244 1662 3296 sunt
1691 3256 1825 3294 cum

1947 661 2200 733 cognita,
2235 659 2409 716 citius
2439 661 2644 733 punire
2673 664 3000 720 necessario
3029 666 3466 738 precuravimus
3494 686 3506 734 ;
3542 671 3599 720 et

1946 749 2056 804 hoc
2082 749 2187 805 rite
2212 767 2225 804 :
2250 767 2384 806 nam
2411 751 2482 806 ad
2513 755 2978 823 cognoscendam
3004 758 3059 807 et
3089 756 3595 810 condemnandam

1947 837 2309 911 impietatem
2331 840 2575 895 Nestorii
2600 845 2802 896 sancta
2821 842 3114 914 Ephesina
3137 844 3393 916 synodus
3410 844 3593 898 solam

1947 927 2253 998 epistolam
2287 929 2434 999 ejus,
2471 946 2646 1000 quam
2671 931 2741 985 ad
2773 930 3010 986 beatum
3034 931 3315 1003 Cyrillum
3349 933 3594 1004 scripse-

1947 1022 2056 1086 rat,
2091 1017 2394 1072 recitatam
2446 1018 2716 1074 sufficere
2765 1021 3030 1075 credidit.
3066 1021 3280 1086 Quinta
3321 1027 3598 1093 praeterea

1946 1098 2206 1173 synodus
2240 1105 2413 1161 etiam
2436 1108 2560 1178 jam
2597 1113 2858 1164 mortuos
2881 1109 3188 1182 Origenem
3211 1115 3386 1182 atque
3409 1111 3594 1166 Theo-

1946 1194 2154 1249 dorum
2187 1211 2291 1266 per
2319 1212 2520 1250 eorum
2552 1197 2888 1253 damnanda
2919 1198 3136 1271 scripta
3165 1216 3278 1254 non
3317 1204 3469 1255 recte
3500 1217 3591 1254 sa-

1943 1283 2144 1354 puisse
2176 1290 2453 1355 repertos,
2488 1285 2856 1342 anathemate
2890 1288 3154 1359 percutit.
3181 1289 3430 1344 Sanctus
3449 1307 3592 1361 quo-

1945 1388 2056 1444 que
2097 1389 2248 1444 papa
2295 1373 2561 1430 Gelasius
2612 1375 2683 1430 de
2731 1376 3105 1432 damnatione
3147 1377 3339 1432 Acacii
3385 1384 3590 1433 vestrae

1944 1461 2241 1532 quondam
2290 1461 2451 1518 urbis
2500 1463 2756 1535 episcopi
2792 1465 2863 1520 ad
2897 1465 3197 1522 Dardanos
3246 1467 3470 1535 scribit,
3502 1467 3588 1522 di-

1943 1566 2082 1606 cens
2111 1552 2286 1623 (epist.
2318 1553 2403 1614 11)
2438 1569 2451 1606 :
2489 1551 2610 1620 Hic,
2641 1553 2690 1609 si
2739 1553 3088 1610 examinatio
3138 1555 3436 1627 quaeritur,
3461 1559 3588 1627 jam

1933 1638 2159 1710 judicio
2211 1656 2324 1695 non
2373 1645 2498 1695 erat
2527 1657 2694 1714 Opus,
2729 1647 3040 1714 postquam
3072 1643 3281 1700 litteris
3312 1645 3435 1700 suis
3466 1646 3591 1717 ipse

1942 1729 2248 1784 confessus
2272 1733 2379 1784 est.
2403 1729 2617 1784 Christi
2642 1735 2916 1801 praeterea
2937 1732 3235 1788 confessor
3266 1751 3416 1805 papa
3445 1735 3592 1789 Mar-

1940 1817 2102 1873 tinus
2133 1817 2344 1890 Cyrum
2383 1817 2862 1894 Alexandrinum,
2897 1821 3186 1892 Sergium,
3220 1822 3505 1894 Pyrrhum
3537 1827 3593 1879 et

1944 1905 2188 1961 Paulum
2237 1892 2930 1980 Constantinopolitanos,
2965 1909 3107 1964 solis
3151 1892 3352 1966 eorum
3394 1912 3452 1966 in
3485 1929 3593 1967 sua

1941 2010 2107 2049 sacra
2127 1995 2346 2067 synodo
2369 1994 2604 2066 scriptis
2636 1997 2956 2066 recensitis,
2981 1999 3348 2055 damnationi
3366 2005 3592 2056 contra-

1941 2082 2089 2138 didit
2117 2088 2282 2148 (conc.
2315 2087 2616 2146 Lateran.).
2661 2086 2787 2140 Hmc
2835 2104 2971 2159 ergo
2999 2093 3056 2143 et
3086 2092 3171 2143 tot
3200 2090 3588 2160 praedecesso-

1941 2189 2071 2227 rum
2104 2190 2366 2229 meorum
2417 2174 2682 2246 exempla
2733 2180 3044 2247 sequentes
3099 2177 3439 2233 solemniter
3481 2196 3588 2234 nos

1939 2261 2212 2317 Photium
2227 2268 2285 2318 et
2297 2263 2607 2336 complices
2621 2265 2747 2333 ejus
2762 2265 3073 2321 damnasse
3087 2267 3462 2322 manifestum
3477 2272 3586 2339 est,

1940 2351 2264 2421 praesertim
2314 2368 2448 2406 cum
2499 2368 2567 2408 ex
2612 2352 2775 2408 vobis
2833 2353 3195 2410 audierimus
3243 2356 3301 2410 in
3353 2356 3586 2428 scriptis

1940 2437 2254 2510 Ignatium,
2275 2438 2375 2510 qui
2399 2438 2604 2494 merito
2629 2439 2884 2495 christus
2906 2440 3137 2495 Domini
3160 2442 3442 2498 dicendus
3474 2448 3582 2511 est,

1938 2544 1971 2581 a
2002 2527 2285 2597 subjectis
2316 2532 2372 2582 et
2418 2527 2797 2583 inferioribus
2859 2529 2982 2583 suis
3041 2531 3343 2586 sententiae
3392 2533 3585 2605 gladio

1937 2617 2473 2672 transverberatum
2506 2616 2708 2684 fuisse,
2741 2635 2805 2672 ac
2833 2619 3250 2674 (lettrimentum
3283 2621 3586 2693 dignitatis

1938 2705 2183 2776 propriae
2216 2704 2547 2777 pertulisse,
2578 2707 2730 2777 quod
2778 2711 2910 2778 apte
2959 2709 3285 2762 secundum
3317 2710 3492 2764 David
3529 2711 3584 2764 in

1939 2793 2130 2862 Saule,
2149 2811 2322 2864 quem
2339 2793 2477 2848 dicit
2499 2795 2566 2849 ch
2577 2794 2786 2849 ristum
2806 2795 2926 2861 Dei,
2943 2800 3407 2868 nuncupatur(a)
3429 2799 3585 2869 abje-

1939 2887 2065 2938 ctus
2082 2887 2279 2938 tamen
2294 2901 2326 2938 a
2340 2883 2717 2954 Dominojam
2731 2883 3582 2956 dignoscebaturexhorruisse,

1937 2971 2160 3044 Regum
2192 2972 2386 3043 prodit
2416 2971 2794 3044 historia,qui
2817 2973 2958 3028 dum
2989 2990 3057 3028 ex
3087 2991 3182 3028 ore
3215 2976 3380 3046 pueri
3409 2977 3582 3031 Ama-

1935 3059 2138 3126 lecitae,
2171 3060 2348 3115 etiam
2409 3061 2769 3116 mendaciter
2823 3061 3092 3129 dicentis,
3128 3063 3390 3119 audisset
3427 3067 3582 3136 quod

1937 3149 2212 3204 occiderit
2242 3149 2498 3217 Saulem,
2537 3167 2652 3204 non
2703 3150 2816 3206 alia
2861 3151 3210 3207 certitudine
3259 3154 3580 3225 requisivit,

1937 3239 2035 3293 sed
2071 3238 2338 3310 protinus
2369 3240 2525 3294 hunc
2565 3241 2872 3311 percussit,
2907 3241 3108 3298 dicens
3141 3259 3152 3297 :
3185 3242 3425 3311 Sanguis
3457 3252 3584 3300 tuus

175 3314 518 3404 audiuntur,
550 3339 608 3389 et
636 3333 810 3388 citius
854 3331 1150 3404 punienda
1182 3347 1314 3385 cum
1341 3329 1620 3384 veraciter
1649 3345 1827 3401 agno-
1861 3314 1903 3381 C
1938 3345 2102 3400 super
2137 3336 2301 3400 caput
2347 3336 2521 3397 tuum,
2555 3346 2609 3385 os
2659 3331 2808 3385 enim
2865 3338 3020 3385 tuum
3077 3333 3313 3386 locutum
3366 3341 3444 3388 est
3487 3333 3584 3388 ad-

175 3431 576 3587 scllillbguigitur
618 3511 914 3586 quomodo
945 3511 1018 3565 ad
1049 3509 1411 3582 puniendum
1444 3509 1645 3564 audita
1674 3505 1829 3562 mala

174 3603 462 3679 proclives
482 3607 585 3659 aut
605 3600 930 3675 praecipites
954 3600 1194 3667 fuimus,
1217 3599 1470 3671 quando,
1488 3599 1638 3653 sicut
1657 3596 1828 3668 longe

174 3692 448 3767 superius
479 3691 759 3761 diximus,
793 3693 1112 3761 antequam
1143 3687 1316 3760 legati
1347 3687 1542 3755 vestri,
1574 3688 1721 3741 Arsa
1739 3685 1829 3740 vir

171 3781 439 3839 videlicet
469 3780 720 3836 illustris
765 3777 1104 3851 spatharius
1136 3794 1203 3832 ac
1233 3777 1420 3858 caeteri
1454 3777 1699 3831 Romam
1731 3792 1824 3830 ve-

171 3873 421 3936 nissent,
455 3888 582 3944 quae
633 3869 788 3942 apud
837 3866 1402 3938 Constantinopolim
1435 3870 1636 3936 postea
1664 3869 1828 3936 gesta

171 3963 425 4019 fuissent
463 3959 750 4016 veraciter
799 3958 1168 4031 agnovimus,
1203 3971 1307 4010 nos
1332 3955 1458 4024 jam
1491 3954 1691 4009 audita
1721 3971 1826 4008 nec

170 4058 370 4108 tamen
402 4050 625 4105 credita
654 4047 892 4120 penitus
923 4045 1328 4101 habebamus?
1352 4044 1671 4115 Postquam
1694 4059 1824 4098 vero

174 4142 352 4196 iidem
383 4139 551 4195 missi
580 4137 759 4194 vestri
789 4137 862 4192 ad
891 4136 1086 4192 sedem
1131 4131 1511 4206 apostolicam
1546 4148 1824 4204 pervene-

175 4234 336 4298 runt,
372 4245 498 4301 quae
531 4227 735 4283 auditu
768 4225 891 4280 solo
923 4224 1200 4296 primitus
1230 4221 1644 4287 didiceremus,
1665 4225 1825 4292 pate-

177 4319 304 4376 ﬁeri
354 4335 548 4374 coram
599 4315 789 4381 nobis,
821 4317 877 4369 et
907 4318 1027 4369 tota
1075 4311 1329 4367 Ecclesia
1375 4328 1502 4382 quae
1533 4311 1689 4382 apud
1720 4327 1826 4366 nos

179 4413 288 4476 est,
315 4407 620 4463 manifeste
651 4407 985 4477 coeperunt:
1016 4418 1120 4457 nec
1151 4406 1346 4456 tamen
1369 4417 1476 4455 nos
1497 4399 1729 4454 interim
1754 4401 1826 4454 ad

180 4498 274 4555 sui
301 4496 741 4553 damnationem
773 4510 889 4566 quo
921 4493 1092 4548 modo
1124 4492 1546 4563 pertraxerunt.

255 4587 573 4657 Postquam
607 4599 734 4638 vero
766 4581 932 4636 missi
966 4580 1170 4648 nostri,
1202 4595 1348 4650 quos
1381 4577 1574 4633 isthuc
1604 4577 1676 4632 ad
1709 4576 1829 4630 haec

1935 3434 2124 3474 vers-us
2183 3426 2256 3487 te,
2299 3418 2483 3475 dicens
2524 3437 2542 3474 :

1939 3508 2013 3579 (II
2045 3509 2173 3576 Reg.
2207 3520 2268 3579 ι).

2006 3596 2423 3653 Verumtamen
2449 3596 2589 3669 quid
2613 3613 2760 3668 opus
2794 3602 2882 3653 est
2911 3597 3048 3653 hinc
3081 3597 3266 3653 multa
3287 3601 3580 3672 prosequi,

1936 3703 2070 3742 cum
2102 3685 2388 3758 hodieque
2420 3703 2599 3758 penes
2630 3686 2944 3741 Ecclesiam
2987 3688 3584 3761 ConstantinOpolita-

1935 3793 2072 3831 nam
2095 3774 2363 3848 impietas
2381 3775 2510 3847 ipsa
2524 3777 2734 3847 vigeat,
2765 3775 3162 3847 praevaricatio
3189 3783 3408 3849 regnet,
3429 3778 3582 3833 schi-

1935 3870 2126 3921 smata
2143 3864 2642 3936 multiplicentur?
2664 3865 2839 3919 Porro
2866 3865 2914 3920 si
2944 3867 3294 3921 sententiam
3319 3871 3580 3923 nostram

1934 3953 2424 4022 exhorrescitis,et
2444 3953 2594 4008 hanc
2617 3953 2867 4026 alicujus
2889 3954 3242 4010 valetudinis
3265 3973 3394 4011 esse
3419 3961 3583 4028 puta-

1933 4044 2030 4111 tis,
2060 4061 2131 4099 ne
2160 4043 2322 4098 illam
2357 4043 2681 4098 formidetis
2709 4046 2960 4113 tantum,
2987 4044 3128 4114 quia
3155 4045 3214 4099 in
3246 4047 3582 4116 praevarica-

1932 4136 2088 4187 tores
2117 4136 2174 4187 et
2203 4132 2671 4188 contaminantes
2710 4132 2935 4204 prolata
2971 4137 3077 4198 est,
3110 4138 3398 4205 quantum
3445 4135 3584 4206 quia

1935 4225 2214 4292 perpetuo
2267 4221 2615 4294 constringit
2668 4221 3088 4288 inobedientes,
3125 4227 3182 4276 et
3211 4223 3325 4278 nisi
3375 4224 3580 4296 resipi-

1936 4314 2165 4364 scentes
2195 4327 2499 4381 nunquam
2531 4311 2769 4366 omnino
2802 4311 3067 4367 resolvit:
3094 4315 3473 4384 Quapropter,
3501 4311 3584 4368 fili

1937 4397 2282 4454 charissime
2313 4403 2369 4453 et
2397 4399 2900 4456 Christianissime
2931 4401 3218 4473 princeps,
3245 4418 3416 4472 quem
3450 4419 3585 4456 cum

1938 4487 2212 4543 omnibus
2244 4487 2490 4558 imperio
2524 4493 2624 4542 tuo
2659 4489 2938 4560 subjectis
2971 4489 3345 4561 alloquimur,
3371 4492 3590 4546 auferte

1938 4575 2160 4632 malum
2192 4575 2262 4630 de
2293 4574 2485 4629 medio
2519 4581 2800 4644 vestrum,
2835 4577 3018 4634 tollite
3051 4579 3594 4648 adulterum,tollite

2589 3421 2700 3488 Ego
2755 3421 3004 3492 interfeci
3048 3422 3313 3477 christum
3366 3424 3588 3479 Domini

179 4694 285 4749 per
315 4674 580 4731 ordinem
611 4689 676 4728 ac
723 4670 1016 4727 subtiliter
1062 4668 1469 4740 investiganda
1497 4671 1554 4722 et
1583 4664 1831 4738 pleniter
1862 4689 1910 4752 Β
1939 4669 2253 4738 tyrannum
2277 4668 2332 4718 et
2353 4681 2719 4752 pervasprem
2744 4666 3010 4721 Ecclesiae
3039 4686 3052 4734 ;
3086 4668 3310 4723 reddite
3343 4669 3508 4724 fratri
3541 4673 3596 4723 et

181 4763 550 4830 invenienda,
585 4779 688 4817 seu
721 4763 926 4816 vestrae
973 4757 1190 4814 notitiae
1223 4757 1504 4812 veraciter
1533 4755 1834 4810 referenda

179 4853 704 4918 destinaveramus,
739 4866 858 4904 una
907 4864 1041 4902 cum
1093 4847 1280 4901 Leone
1312 4861 1345 4899 a
1377 4845 1613 4900 secretis
1652 4844 1840 4915 impe-

181 4943 311 5001 riali
361 4943 552 5015 legato
600 4938 851 5013 regressi
905 4940 1063 5004 sunt,
1093 4939 1150 4991 et
1182 4939 1301 4990 tam
1333 4933 1643 5006 epistolam
1674 4937 1839 4988 tuam

182 5050 361 5106 quam
389 5037 595 5087 caetera
615 5028 831 5100 scripta
853 5028 924 5083 de
945 5026 1038 5081 his
1069 5041 1199 5097 quae
1231 5022 1732 5094 Constantinopoli
1751 5040 1844 5095 ge-

184 5129 278 5180 sta
299 5125 458 5188 sunt,
483 5121 556 5175 ab
580 5119 678 5174 illo
710 5115 1079 5188 suscepimus
1111 5118 1166 5167 et
1197 5112 1508 5184 diligenter
1537 5110 1844 5183 investiga-

183 5210 642 5276 vimus,eosdem
657 5207 872 5262 missos
887 5208 1115 5260 nostros
1131 5218 1248 5257 una
1261 5218 1393 5258 cum
1408 5203 1610 5255 sancta
1622 5200 1842 5272 synodo

187 5300 536 5374 regulariter
563 5295 1047 5362 examinavimus,
1081 5295 1290 5355 cuncta
1328 5307 1455 5362 quae
1486 5293 1649 5361 gesta
1680 5292 1837 5357 sunt,

188 5389 565 5448 euucleanter
593 5386 930 5451 didicimus,
948 5399 1121 5438 omne
1143 5395 1373 5454 quoque
1402 5377 1716 5433 dubietatis
1738 5395 1842 5432 nu-

188 5481 378 5537 bilum
410 5497 479 5536 ex
509 5478 681 5534 corde
713 5471 1152 5547 pepulimus,ae
1173 5487 1274 5543 per
1299 5469 1429 5536 hoc,
1449 5469 1691 5523 docente
1722 5483 1840 5521 ma-

190 5569 442 5644 gnisona
461 5565 680 5624 Christi
702 5565 864 5631 tuba,
879 5561 1118 5634 praefato
1141 5559 1363 5615 scilicet
1383 5574 1534 5630 papa
1564 5555 1838 5630 Gregorio

187 5662 309 5733 (lib.
334 5678 410 5727 vn,
433 5659 591 5732 epist.
619 5657 728 5724 14),
753 5652 908 5728 quod
933 5667 1113 5726 supra
1133 5647 1536 5719 meminimus,
1563 5647 1714 5705 sicut
1735 5663 1836 5705 au-

261 5749 337 5828 (a)
373 5749 560 5810 Locus
591 5745 900 5806 obscurus.

1943 4752 2284 4825 coepiscopo
2316 4756 2515 4807 nostro
2551 4751 2772 4824 Ignatio
2806 4754 3126 4810 Ecclesiam
3172 4757 3282 4812 sibi
3316 4757 3601 4813 divinitus

1950 4841 2338 4909 creditam,de
2352 4857 2468 4912 qua
2489 4857 2589 4895 vos
2619 4840 2788 4896 illum
2817 4847 2950 4896 ante
2982 4861 3216 4899 omnem
3240 4845 3598 4902 audientiam

1950 4932 2290 4988 canonicam
2353 4928 2708 5001 expulistis:
2763 4930 2986 4985 reddite
3045 4935 3200 5002 quod
3260 4935 3502 5003 tulistis,
3545 4940 3601 4990 et

1951 5022 2258 5078 emendate
2281 5037 2381 5092 pro
2406 5020 2519 5074 Deo
2543 5021 2697 5091 quod
2725 5025 2927 5074 contra
2947 5020 3128 5075 Deum
3163 5022 3398 5093 egistis;
3427 5024 3597 5079 relin-

1952 5111 2112 5182 quite
2143 5108 2388 5176 malum,
2425 5108 2828 5164 convertimini
2863 5109 2932 5163 ad
2964 5125 3069 5163 nos
3095 5112 3148 5163 et
3176 5111 3546 5183 corrigemini
3582 5129 3594 5167 :

1952 5205 2008 5256 et
2037 5199 2267 5254 liberati
2299 5215 2330 5252 a
2362 5197 2536 5263 malo,
2569 5215 2602 5252 a
2633 5198 2801 5252 nobis
2853 5195 3189 5252 nullatenus
3235 5198 3595 5269 dividemini,

1952 5288 2230 5361 quoniam
2259 5304 2363 5342 nos
2395 5304 2508 5342 non
2542 5287 2598 5340 in
2635 5286 2903 5341 Photium
2937 5286 3065 5341 ideo
3097 5287 3445 5343 sententiam
3469 5289 3602 5344 tuli-

1950 5395 2082 5432 mus
2114 5376 2252 5448 quia
2282 5376 2458 5432 homo
2491 5381 2598 5442 ost,
2635 5376 2773 5446 quia
2805 5375 3046 5430 Photius
3075 5376 3310 5444 dicitur,
3332 5378 3431 5431 sed
3465 5379 3605 5448 quia

1947 5471 2036 5522 est
2056 5483 2306 5538 persona
2327 5465 2774 5536 praevaricatrix,
2793 5469 2849 5519 et
2866 5465 3004 5536 quia
3023 5464 3266 5521 viventis
3299 5465 3600 5534 antistitis,

1948 5560 2004 5612 et
2034 5572 2100 5611 ea
2130 5554 2293 5610 nulla
2339 5571 2407 5610 ex
2456 5559 2618 5626 parte
2671 5553 2931 5628 legitime
2989 5554 3266 5624 carentis,
3301 5555 3606 5628 usurpavit

1947 5644 2291 5704 Ecclesiam.
2327 5643 2528 5719 Itaque
2561 5643 2934 5702 malefactum
2968 5645 3121 5725 quod
3154 5645 3212 5705 in
3240 5661 3308 5705 ea
3339 5648 3426 5704 est
3457 5650 3513 5703 et
3541 5644 3602 5710 in
