4098 6462
499 409 659 475 103θ
1865 405 2189 469 ΝΙΩΘΙιΑΙ
2224 402 2465 466 ΡΒΡΔΕ
2501 404 2553 466 It
3773 400 3940 463 ιω

498 542 826 600 fautoribus
854 542 985 615 ejus
1014 541 1265 615 punitur
1290 540 1642 615 irrogatione
1662 538 1996 597 sententiae:
2022 554 2151 612 quae
2180 539 2238 607 Α
2336 537 2598 611 Denique
2639 535 2865 610 opinati
2919 551 3149 603 sumus,
3181 539 3240 593 et
3287 536 3487 595 adhuc
3527 534 3931 594 nihilominus

500 631 917 706 praevaricatio,
950 632 1105 706 quod
1139 631 1497 689 maleﬁcium
1529 630 1580 687 si
1610 629 1864 697 recedat,
1880 630 2008 702 jam
2034 646 2151 686 non
2266 627 2597 701 opinamur,
2621 627 2779 699 quod
2798 626 2987 699 pietas
3012 630 3210 683 vestra
3237 628 3477 684 tandem
3500 626 3939 700 aliquando”.-

500 721 609 779 erit
630 720 731 779 illa
751 738 1020 795 persona,
1044 721 1105 776 in
1128 738 1307 794 quam
1332 720 1625 778 sententia
1643 718 1870 793 prolata
1898 723 2007 776 est.
2044 719 2157 776 Re-
2266 716 2511 791 sipiscat
2525 720 2585 773 et-
2611 716 2682 772 de
2706 714 2981 777 Ecclesiae
2997 715 3671 789 Constantinopolitanae
3703 719 3942 772 restan-

504 812 767 868 manebit
786 811 945 868 enim
967 810 1163 880 homo,
1189 814 1246 867 et
1270 810 1529 875 Photius,
1554 826 1731 882 quem
1755 826 1873 865 non
1895 809 2158 882 damnat,
2268 807 2453 863 rando
2474 810 2635 867 statu-
2662 805 2832 862 nobis
2860 805 3126 862 salubria
3148 806 3536 863 suadentibus
3563 805 3943 879 nequissent.

502 900 860 973 inquantum
907 900 1082 957 homo
1130 904 1222 957 est
1246 904 1304 957 et
1329 899 1593 956 hominis
1620 915 1833 957 nomen
1867 902 2161 965 censetur,
2271 896 2489 968 Sicque.
2504 896 2744 952 demum
2766 894 2967 951 omnia
2986 895 3225 969 scripta,
3241 912 3370 968 quas
3391 894 3555 952 male
3567 895 3693 952 sint
3708 895 3949 968 compi-

508 990 611 1048 scd
655 989 1009 1063 inquantum
1056 988 1470 1062 praevaricator
1497 992 1555 1045 et
1585 987 1928 1044 malefactor
1958 990 2067 1042 est.
2103 986 2162 1042 Si
2271 985 2412 1052 lata,
2444 1001 2561 1041 non
2617 984 2810 1041 solum
2870 985 3181 1041 adversum
3235 1001 3351 1042 nos
3375 990 3433 1041 et
3461 985 3614 1041 banc
3667 988 3951 1042 senem

510 1095 646 1152 ergo
673 1079 903 1136 desinat
929 1095 1058 1135 esse
1092 1078 1519 1153 praevaricator,
1545 1077 1840 1135 sententia
1869 1080 2072 1132 nostra
2103 1075 2165 1131 in
2273 1073 2619 1141 Ecclesium,
2638 1090 2843 1131 verum
2875 1074 3053 1130 etiam
3085 1077 3289 1130 contra
3319 1074 3558 1131 fratrem
3584 1078 3881 1130 nostrum
3899 1068 3957 1130 et

511 1186 577 1227 eo
596 1169 789 1225 locum
812 1169 1047 1241 penitus
1068 1186 1186 1225 non
1208 1168 1475 1225 habebit:
1501 1167 1649 1224 alter
1664 1166 1822 1223 enim
1847 1166 1959 1222 erit
1989 1181 2168 1238 quam
2276 1163 2752 1220 comministrum
2780 1162 3094 1237 Ignatium,
3128 1178 3332 1219 ceram
3373 1162 3649 1221 universa
3705 1163 3955 1235 imperi

511 1257 629 1326 ille,
652 1259 748 1314 cui
768 1257 935 1315 illata
959 1258 1251 1315 sententia
1281 1262 1387 1323 est,
1417 1258 1560 1314 dum
1589 1256 1833 1330 incipiet
1859 1272 1987 1312 esse
2013 1255 2169 1328 quod
2276 1254 2373 1315 sui
2404 1252 2783 1310 multitudine
2832 1252 2951 1326 igni
3001 1253 3291 1312 tradenda
3335 1252 3628 1310 decernat.
3660 1252 3958 1325 Alioquin

516 1365 632 1405 non
654 1348 787 1417 fuit,
808 1347 899 1404 vel
921 1365 1038 1405 non
1061 1364 1189 1405 esse
1210 1348 1270 1404 in
1288 1363 1466 1420 quem
1489 1346 1720 1420 prolata
1738 1344 2028 1402 sententia
2047 1347 2167 1409 est:
2272 1344 2402 1416 jam
2433 1343 2663 1399 cunctis
2685 1341 2953 1401 Ecclesia:
2975 1340 3269 1409 fidelibus,
3286 1357 3421 1415 qua)
3437 1342 3585 1398 feret
3605 1342 3961 1415 apostolica

516 1454 656 1494 nam
680 1437 943 1510 quandiu
965 1437 1026 1494 in
1048 1437 1158 1495 hoc
1189 1440 1407 1505 manet,
1433 1436 1526 1491 cui
1548 1435 1717 1491 illata
1745 1433 2035 1491 sententia
2063 1436 2170 1503 est,

513 1542 647 1584 vere
677 1525 1014 1583 insolubilis
1046 1530 1135 1583 est
1165 1525 1266 1582 illa
1297 1523 1605 1582 sententia.
1638 1524 1710 1580 Et
1739 1521 2178 1588 quantumlibet

520 1616 689 1672 ﬂoret
732 1615 851 1682 ille,
895 1615 988 1672 cui
1036 1614 1295 1689 irrogata
1341 1620 1431 1671 est
1459 1614 1761 1687 [erogata],
1796 1611 2179 1685 quantislibet

522 1705 727 1762 afﬂuat
754 1703 1445 1773 honoribus,tantislibet
1475 1704 1642 1759 miris
1672 1703 1957 1759 laudibus
1982 1703 2180 1758 eti'erar

523 1797 641 1861 tur,
674 1793 777 1851 illa
826 1793 1117 1851 sententia
1174 1797 1454 1867 perpetuo
1514 1793 1934 1867 confringatur.
1966 1792 2037 1846 Et
2064 1790 2181 1846 nisi

525 1882 856 1956 resipiscat,
890 1883 937 1941 si
970 1900 1086 1940 non
1118 1866 1312 1950 modo,
1346 1886 1499 1939 certe
1528 1866 1615 1939 v31
1644 1886 1778 1955 post
1805 1897 2045 1954 paucos,
2079 1884 2183 1937 aut

528 1972 705 2030 etiam
737 1977 872 2046 post
900 1971 1119 2030 multos
1143 1990 1350 2039 annos,
1376 1977 1481 2028 aut
1510 1977 1667 2030 certe
1696 1968 2187 2045 quandoque,etsi

476 2072 487 2075 '
530 2080 648 2119 non
671 2062 791 2119 vita
811 2080 919 2120 sua
939 2062 1162 2120 carebit
1180 2060 1442 2119 Ecclesia
1470 2077 1647 2135 quam
1669 2060 1975 2135 tyrannice
1999 2059 2188 2133 possi-

530 2152 646 2219 det,
671 2152 892 2209 carebit
912 2156 1110 2209 tamen
1133 2155 1265 2225 post
1286 2155 1537 2208 mortem
1569 2149 2031 2207 Christianitatis
2054 2165 2192 2222 pro-

532 2241 626 2298 cul
658 2241 836 2298 dubio
868 2241 1125 2311 nomine,
1146 2242 1318 2314 cujus
1346 2241 1770 2314 professionem
1800 2239 2191 2296 inverecunde

535 2331 861 2388 conculcet.

605 2421 739 2478 Jam
767 2438 902 2478 vero
938 2420 988 2477 si
1028 2421 1320 2478 sententia
1350 2425 1552 2478 nostra
1582 2435 1645 2477 se
1675 2437 1743 2477 ac
1767 2421 2026 2479 fautores
2055 2434 2195 2475 suos

527 2511 761 2583 judicat
807 2509 1115 2584 obligatos,
1148 2515 1207 2566 et
1236 2510 1392 2566 idem
1424 2526 1559 2566 cum
1591 2509 1676 2565 eis
1706 2525 1878 2582 posse
1920 2505 2143 2564 absolvi
2177 2523 2191 2562 :

535 2600 647 2656 hoc
677 2599 834 2656 enim
884 2599 1217 2673 signiﬁcare
1245 2598 1546 2666 videmini,
1579 2615 1715 2655 cum
1747 2597 1998 2671 epistola
2025 2596 2197 2653 nobis

539 2689 762 2745 directa
809 2706 916 2744 nos
947 2692 1176 2744 mutare
1204 2687 1588 2755 voluntatem,
1623 2688 1937 2745 consilium
1969 2705 2037 2742 ac
2065 2703 2197 2745 sen-

540 2777 790 2834 tentiam
812 2777 1028 2850 saepius
1058 2777 1478 2847 cxhortamini;
1508 2778 1712 2850 utique
1742 2794 1861 2833 non
1892 2774 2202 2849 prsetendit

533 2866 909 2939 injustitiam,
940 2871 998 2923 et
1024 2883 1152 2923 esse
1184 2866 1435 2940 alicujus
1473 2866 1755 2922 momenti
1786 2866 2043 2938 profecto
2076 2882 2197 2921 non

546 2956 800 3023 dubitat,
836 2973 961 3029 quae
993 2959 1121 3012 tum
1153 2955 1343 3027 potuit
1371 2954 1651 3028 obligare,
1685 2959 1743 3011 et
1772 2972 1808 3010 a
1836 2972 1954 3027 qua
1983 2970 2203 3010 secum

547 3045 883 3102 fautoribus
904 3047 1032 3102 suis
1050 3046 1238 3119 possit
1267 3044 1510 3116 absolvi,
1535 3045 1675 3117 quia
1695 3061 1814 3101 non
1838 3048 2036 3117 posset
2057 3043 2202 3100 obli-

544 3152 689 3209 gare
719 3135 833 3191 nisi
859 3137 1045 3207 justa.
1079 3135 1222 3190 Cum
1248 3139 1444 3191 autem
1470 3135 1638 3206 justa
1667 3134 1764 3203 sit,
1789 3134 2024 3190 nonnisi
2047 3134 2206 3189 dam-

544 3229 685 3283 nato
718 3242 910 3282 errore
933 3226 1096 3297 juste
1122 3224 1454 3280 resolvitur.

614 3316 760 3389 Ergo
803 3294 1057 3371 fateatur
1103 3330 1361 3370 errorem
1411 3312 1654 3369 Photius
1702 3329 1840 3370 cum
1870 3311 2202 3371 fautoribus
2236 3294 2279 3362 C

546 3404 693 3472 suis,
710 3405 1006 3476 deponant
1028 3403 1565 3476 przevaricationem
1588 3420 1793 3459 omnes
1825 3419 1972 3475 quos
1993 3400 2206 3475 ligatos

544 3498 704 3551 tenet
716 3494 882 3565 justa
909 3493 1235 3549 sententia:
1262 3494 1363 3549 sed
1394 3497 1458 3547 tu
1490 3491 1675 3548 multo
1708 3491 1920 3566 magis,
1955 3490 2038 3547 fili
2070 3490 2207 3553 cha-

577 3583 802 3651 issime,
818 3582 919 3654 qui
945 3586 1173 3639 tantum
1190 3581 1427 3653 justitia
1447 3585 1505 3638 et
1525 3580 1741 3654 pietate
1760 3584 2005 3637 cunctos
2026 3580 2206 3636 debes

545 3690 844 3746 superare,
870 3675 1161 3744 quatenus
1186 3671 1476 3727 dissoluta
1496 3670 1971 3743 praevaricatione
1992 3669 2205 3725 dissol-

541 3766 715 3818 vatur
762 3761 1014 3834 quisque
1062 3766 1488 3833 consequenter
1525 3767 1583 3816 et
1612 3760 1916 3816 sententiae
1963 3757 2204 3832 prolatae

544 3868 825 3921 censura;
841 3850 981 3923 quia
1000 3855 1055 3906 et
1073 3850 1303 3906 Nathan
1326 3850 1613 3923 propheta
1633 3850 1827 3922 palam
1852 3848 2204 3922 publiceque

547 3941 608 3997 in
642 3940 788 3997 facie
838 3939 992 4013 regis
1041 3939 1221 3996 David
1260 3944 1317 3995 et
1360 3938 1746 3995 commissum
1806 3937 2205 4010 pronuntiavit

543 4048 823 4100 errorem,
857 4035 914 4087 et
944 4030 1083 4103 quia
1112 4030 1220 4086 hoc
1252 4029 1378 4101 ipse
1409 4028 1786 4097 commiserit,
1814 4027 2053 4084 omnino
2084 4044 2202 4084 non

541 4121 744 4191 tacuit,
766 4121 867 4177 sed
900 4119 1266 4176 confessione
1296 4123 1623 4175 correctum
1650 4122 2079 4191 consequenter
2099 4117 2202 4173 ab-

544 4212 734 4269 solvit.
770 4211 1054 4267 Praatcrea
1097 4225 1215 4264 non
1261 4208 1651 4265 omittendum
1684 4224 1814 4264 esse
1842 4206 2202 4269 credidimus

543 4319 651 4358 nos
681 4315 1143 4357 commemorare
1175 4298 1464 4371 praeterito
1492 4315 1646 4355 anno
1686 4313 1790 4371 per
1818 4295 2200 4353 indictionem

541 4390 813 4448 videlicet
856 4389 1093 4445 tertiam
1139 4388 1429 4445 decimam
1480 4387 1787 4461 epistolam
1819 4387 1935 4443 sub
1963 4386 2201 4442 nomine

541 4484 734 4537 vestro
752 4480 1166 4552 conscriptam,
1182 4478 1639 4551 pchichaelem
1661 4475 2198 4549 protospatharium

545 4569 916 4642 suscepisse;
950 4587 1077 4642 qua:
1107 4569 1289 4624 tantis
1321 4572 1447 4624 erat
1494 4566 1687 4622 verbis
1732 4564 2195 4632 contumeliosis,

2283 1433 2443 1489 sedis
2473 1431 2813 1500 auctoritas,
2845 1431 2933 1487 vel
2974 1448 3103 1504 quae
3148 1430 3598 1489 fabriceteribus
3647 1432 3964 1489 mendaci

2284 1539 2388 1578 seu
2412 1521 2693 1579 inventori
2702 1522 2815 1578 bus
2830 1536 3239 1593 perversurum
3251 1521 3596 1595 dogmatum
3609 1520 3969 1579 immineret

2286 1610 2452 1681 ultio,
2485 1611 2741 1684 profecto
2772 1614 3113 1683 putesceret.

2360 1699 2731 1774 Impossibile
2753 1704 2844 1756 est
2857 1701 3037 1768 enim,
3061 1717 3403 1773 quanquam
3433 1705 3665 1758 nostras
3690 1717 3972 1776 nos'spe-

2288 1790 2468 1847 ciales
2494 1789 2743 1862 injurias
2772 1806 2979 1846 curare
3008 1790 3525 1863 ﬂoccipendamus,
3550 1794 3619 1847 ut
3642 1796 3971 1848 tantorum

2292 1897 2359 1937 ac
2387 1880 2597 1936 talium
2655 1883 2994 1939 sanctorum
3054 1880 3293 1936 Patrum
3341 1884 3401 1936 et
3440 1868 3970 1955 propugnatorum

2300 1969 2573 2026 Ecclesia:
2602 1968 2925 2044 [catholicas
2952 1969 3265 2041 Ecclesia],
3301 1986 3368 2026 ac
3398 1970 3852 2028 destructorum
3887 1973 3979 2028 di-

2296 2075 2600 2116 versarum
2648 2058 2946 2115 hmrescon
2996 2063 3185 2131 atque
3216 2059 3590 2117 defensorum
3622 2061 3982 2118 orthodoxa

2300 2147 2438 2204 ﬁdei
2489 2146 2891 2220 blasphemiae
2948 2147 3361 2220 aequanimiter
3408 2149 3856 2217 sustineamus,
3888 2151 3983 2207 vel

2301 2237 2480 2295 etiam
2511 2241 2697 2295 tanth
2720 2237 2901 2306 sedis,
2936 2236 3055 2294 sive
3114 2241 3239 2293 tam
3295 2238 3632 2295 excellentis
3690 2239 3986 2297 Ecclesia

2304 2328 2600 2394 Romanis,
2625 2327 2719 2383 cui
2751 2327 2868 2384 Deo
2902 2326 3271 2385 deservi’mus
3300 2330 3989 2396 auctore,centumeiias

2292 2416 2688 2491 perferamus.

2373 2506 2613 2574 Verum,
2629 2506 2899 2579 quamvis
2921 2509 2979 2563 et
2999 2506 3072 2563 de
3093 2506 3265 2564 nobis
3280 2506 3595 2564 humiliter
3615 2509 3990 2577 sentiamus,

2306 2613 2424 2654 non
2455 2600 2677 2663 tamen,
2709 2594 3068 2653 conscientia
3087 2596 3365 2666 dictante,
3387 2613 3524 2653 vera
3562 2614 3697 2655 esse
3721 2616 3866 2671 quae
3886 2617 3993 2657 vos

2307 2688 2381 2743 de
2408 2685 2578 2743 nobis
2609 2685 2949 2758 perhibetis,
2982 2701 3387 2743 asseveramus
3412 2703 3431 2756 ξ
3460 2687 3571 2743 sed
3595 2691 3662 2744 ut
3686 2688 3993 2759 diximus,

2309 2793 2378 2833 ea
2404 2779 2842 2848 postponentes,
2874 2774 2978 2830 illa
3001 2775 3209 2848 potius
3250 2792 3377 2848 quin
3406 2776 3549 2833 J'esu
3579 2776 3807 2835 εἶὴήήὶ
3844 2784 3995 2835 sunt

2311 2865 2754 2938 investigamus.
2778 2864 2902 2920 Etsi
2923 2863 3076 2921 male
3104 2870 3383 2939 congesta
3408 2867 3695 2924 adversus
3725 2868 3870 2939 ejus
3904 2869 3993 2924 fa-

2312 2954 2527 3021 mulos,
2550 2954 2833 3010 adversus
2845 2954 2974 3026 ejus
2991 2954 3990 3029 crdinatlones,advcrsusejusdis-

2314 3044 2635 3118 positiones
2668 3044 2788 3117 Ε]ηο
2816 3043 3220 3117 dispositione,
3257 3045 3479 3121 Hann}
3502 3045 3767 3102 stabilita
3800 3047 3989 3121 pris-it

2314 3134 2466 3207 legia
2488 3133 2880 3206 reperiuntur,
2905 3132 3068 3189 nulla
3084 3133 3368 3207 patientia
3391 3133 3717 3193 toleremus
3738 3153 3761 3191 :-
3778 3141 3846 3193 et
3868 3155 3990 3194 non

2317 3225 2510 3282 solum
2523 3225 2645 3281 haec
2666 3226 2966 3305 destruere
2986 3226 3133 3282 totis
3146 3226 3373 3284 viribus
3392 3227 3993 3299 anhelamus,verum

2315 3316 2495 3372 etiam
2524 3314 2948 3372 conﬂatoribus
2977 3318 3153 3372 tantas
3183 3317 3583 3389 perversitatis
3613 3318 3871 3392 dignam
3902 3321 3995 3376 vi-

2315 3403 2725 3462 cissitudinem
2758 3404 2999 3461 reddere
3028 3406 3360 3462 necessario
3391 3407 3769 3465 meditemur.
3795 3409 3995 3466 Nimia

2315 3511 2448 3550 rum
2480 3510 2557 3550 ne
2585 3493 2695 3550 hos
2726 3493 2860 3567 quis
2887 3493 3223 3568 impunitos
3244 3495 3503 3565 intuens,
3535 3500 3639 3552 aut
3685 3513 3861 3553 nunc
3886 3505 3997 3555 aut

2313 3583 2511 3639 futuro
2542 3587 2809 3655 tempore
2848 3582 3128 3656 deinceps
3152 3583 3294 3639 talia
3321 3588 3643 3657 praetimet
3672 3588 3994 3661 prmstigia

2313 3672 2595 3729 falsitatis
2618 3689 2986 3745 componere,
3002 3672 3091 3729 vei
3108 3677 3442 3730 commenta
3461 3672 3991 3751 blasphemiarum

2313 3761 2653 3833 hujusmodi
2688 3762 2989 3835 ﬁgmentis
3016 3762 3433 3820 contradicere.
3449 3763 3848 3837 Quapropter,
3880 3767 3991 3824 im-

2313 3854 2546 3923 perator
2573 3850 3022 3918 sublimissime,
3045 3851 3361 3926 diligenter
3383 3858 3623 3927 propter
3651 3855 3986 3914 hominum

2310 3940 2683 4013 inquirentes
2728 3944 2905 4013 atque
2961 3947 3313 4011 scrutantes,
3349 3943 3405 3999 si
3426 3946 3624 4000 vestra
3648 3943 3828 4001 illam
3864 3964 3987 4003 non

2310 4030 2494 4087 fuisse
2515 4030 2905 4103 praeceptione
2930 4035 3053 4087 tam
3085 4047 3379 4088 caenosam
3408 4030 3752 4089 inveneritis
3775 4037 3987 4094 confe-

2310 4124 2488 4189 ctam,
2513 4119 2633 4177 imo
2662 4120 2933 4176 toxicatis
2963 4119 3206 4194 syllabis
3234 4120 3511 4179 infectam
3543 4122 3897 4196 epistolam,
3921 4131 3989 4181 ut

2309 4208 2551 4265 interim
2566 4210 2638 4265 de
2656 4213 2742 4265 tot
2763 4209 3059 4283 praestigia
3087 4211 3411 4267 texentium
3441 4228 3611 4285 paena
3638 4215 3983 4282 taceamus,

2309 4315 2489 4371 quam
2514 4297 2598 4355 illi
2620 4298 2786 4355 vobis
2807 4298 2929 4355 zelo
2950 4300 3210 4356 veritatis
3241 4301 3626 4375 ﬂagrantibus
3652 4301 3981 4374 involvere,

2308 4392 2385 4459 (α)
2417 4388 2685 4444 convenit
2714 4388 2923 4445 saltem
2955 4388 3135 4462 hujus
3183 4390 3345 4447 socia
3390 4396 3647 4464 accepta,
3683 4397 3744 4449 et
3774 4394 3982 4466 palam

2308 4478 2534 4532 cunctis
2587 4476 2723 4551 igne
2772 4493 3058 4535 succensa
3092 4494 3193 4551 per
3220 4478 3560 4554 augusteles
3588 4486 3831 4539 vestros
3855 4488 3982 4541 tam

2307 4566 2477 4621 nobis
2508 4583 2689 4639 quam
2711 4567 2987 4624 omnibus
3009 4568 3081 4623 ad
3103 4584 3365 4640 quorum
3380 4569 3647 4626 notitiam
3676 4574 3975 4643 pervenit,

545 4659 665 4715 imo
698 4658 1083 4732 blasphemiis
1114 4673 1402 4729 respersa,
1427 4660 1493 4711 ut
1522 4656 1774 4727 scriptor
1803 4656 1932 4727 ejus
1962 4655 2197 4713 nonnisi
2226 4678 2274 4743 Β
2308 4655 2635 4712 destinatos
2693 4655 2887 4729 apices
2937 4659 3290 4730 competenti
3345 4659 3749 4716 satisfactione
3779 4679 3818 4718 a
3850 4668 3979 4721 tam

543 4749 601 4805 in
633 4754 871 4823 gutture
902 4748 1124 4805 colubri
1153 4747 1446 4802 calamum
1478 4745 1725 4801 tinxisse
1754 4749 2013 4817 putetur,
2036 4750 2095 4800 et
2114 4744 2197 4800 di-

540 4840 782 4895 ctatoris
802 4838 958 4894 labia
980 4855 1081 4909 pro
1103 4835 1463 4891 dictionibus
1482 4851 1703 4890 venena
1727 4834 1949 4891 fudisse
1969 4834 2197 4890 videan-

542 4934 677 4996 tur;
704 4930 867 4995 adeo,
907 4931 971 4983 ut
1002 4926 1051 4981 si
1083 4924 1417 4997 cujuspiam
1447 4923 1873 4997 simpliciorum
1897 4941 1995 4980 cor
2027 4940 2198 4997 pene-

543 5022 849 5089 trent,non
881 5017 1037 5073 enim
1071 5015 1193 5070 hanc
1223 5031 1395 5069 aures
1427 5014 1807 5087 prudentium
1841 5013 2193 5086 suscipiunt,

542 5107 699 5163 hunc
721 5108 999 5163 continuo
1018 5108 1246 5169 necent,
1271 5103 1551 5160 nimirum
1584 5109 1745 5161 tanto
1778 5102 2194 5169 miserabilius,

542 5203 761 5269 quanto
784 5213 942 5251 mors
964 5194 1175 5249 animae
1197 5194 1384 5267 magis
1416 5212 1594 5266 quam
1625 5194 1884 5266 corporis
1904 5210 2009 5265 per
2026 5191 2197 5249 illum

538 5286 895 5341 virulentum
921 5283 1199 5339 haustum
1233 5284 1581 5341 admittitur.
1616 5285 1696 5340 De
1726 5287 1898 5352 cuius
1927 5283 2198 5339 immani-

540 5379 657 5431 tate
684 5372 922 5446 piaculi,
953 5372 1086 5428 licet
1114 5374 1277 5430 vobis
1304 5374 1427 5446 jam
1463 5392 1570 5430 nos
1616 5372 1925 5446 scripsisse
1976 5372 2193 5429 recola-

541 5463 917 5533 mus,eadem
942 5467 1138 5518 tamen
1168 5464 1420 5520 scribere
1450 5468 1657 5519 vestrae
1690 5461 1991 5534 sapientiae
2012 5480 2189 5532 nunc,

538 5553 687 5609 mihi
719 5552 954 5624 quidem
989 5570 1102 5609 non
1122 5553 1556 5628 pigrum,vobis
1580 5558 1776 5608 autem
1798 5557 1856 5608 et
1878 5551 2082 5608 multis
2100 5570 2195 5610 ne-

538 5659 888 5699 cessarium.

609 5732 685 5811 (a)
718 5733 929 5795 Deessc
958 5734 1054 5795 hic
1079 5734 1363 5809 quiddam
1393 5733 1642 5792 videtur.

2306 4762 2577 4819 perverso
2592 4762 2767 4802 sensu
2785 4750 2841 4800 et
2853 4750 2972 4802 tam
2990 4747 3804 4819 profanisadinventionibns,
3815 4753 3978 4825 quod

2304 4852 2535 4892 asensu
2564 4840 2761 4892 vestro
2788 4853 2905 4892 non
2938 4836 3158 4893 fuerint
3205 4839 3555 4896 commentis
3596 4840 3844 4910 tradita,
3871 4859 3976 4900 vos

2305 4925 2577 4981 exhibere
2596 4942 2838 4998 prorsus
2862 4925 3181 4984 immunes.
3197 4927 3329 4983 J‘am
3347 4944 3480 4984 vero
3495 4929 3543 4984 si
3553 4929 3797 4986 vobisin
3815 4932 3975 4989 mul-

2305 5013 2382 5070 tis
2402 5013 2580 5086 hujus
2609 5015 2816 5071 mundi
2854 5014 3354 5073 sollicitudinibus
3390 5019 3699 5097 occupatis
3714 5021 3973 5097 subrep-

2304 5107 2432 5159 tum
2445 5109 2552 5174 est,
2567 5109 2631 5160 ut
2643 5104 2785 5161 talia
2809 5104 3063 5162 scribere
3084 5106 3463 5178 mandarctis,
3478 5124 3559 5164 ne
3573 5108 3769 5181 pigeat
3782 5113 3971 5168 clem-

2306 5193 2525 5250 entiam
2547 5198 2799 5249 vestram
2814 5193 2923 5250 hoc
2943 5194 3119 5251 etiam
3138 5195 3337 5268 ipsum
3356 5196 3662 5254 humiliter
3672 5201 3966 5272 conﬁteri,

2304 5283 2601 5357 etlegibus
2612 5284 2822 5340 vestris
2837 5288 2901 5340 ut
2913 5284 3257 5357 hujusmodi
3289 5286 3511 5360 scripta
3533 5285 3761 5345 nullius
3786 5290 3967 5350 habe-

2304 5376 2479 5429 antur
2489 5375 2793 5443 momenti,
2809 5374 3147 5432 decernere:
3166 5375 3247 5432 ita
3259 5380 3325 5433 ut
3335 5393 3517 5450 penes
3537 5394 3713 5451 quem
3736 5388 3968 5454 reperta

2304 5463 2543 5529 fuerint,
2566 5461 2861 5535 impunito
2882 5480 3001 5521 non
3022 5465 3323 5535 cvadentc,
3350 5465 3539 5540 ipsius
3559 5482 3849 5541 quoques
3860 5487 3967 5544 rpe

2302 5556 2637 5610 memorata:
2655 5571 2721 5610 ac
2739 5571 2974 5627 semper
2989 5557 3359 5613 exsecranda
3376 5556 3638 5631 epistola:
3654 5558 3747 5615 vel
3771 5576 3964 5618 exem-

2300 5643 2479 5719 plaris
2492 5644 2620 5717 ejus
2634 5643 2827 5719 apices
2847 5647 3216 5706 tntemeratis
3233 5664 3340 5722 pro
3359 5647 3689 5706 reverentia
3727 5666 3963 5709 maneo.
