4098 6468
469 380 625 444 1043

1818 342 2161 441 ’ΝιαοιΑι
2200 376 2434 441 pars:
2472 375 2523 440 I.

466 514 677 588 Ignatii
708 517 847 571 sunt
875 512 1163 586 dignitate
1212 512 1527 579 destructa,
1562 516 1619 568 et
1659 512 1729 568 de
1760 512 1853 567 his
1886 528 2014 584 qua:
2046 513 2115 567 ad
2148 514 2205 579 Α
2234 510 2413 579 cium,
2450 511 2508 566 in
2541 527 2657 584 quo
2691 513 2824 567 ante
2855 509 3185 584 pavendum
3215 507 3430 566 Christi
3452 507 3555 566 Dei
3588 510 3778 565 nostri
3802 510 3893 565 tri-

468 605 727 662 officium
758 603 1150 677 patriarchale
1179 602 1493 676 pertinent,
1521 619 1555 658 a
1583 618 1836 676 persona
1864 601 2124 675 qualibet

468 694 854 751 irreverenter
884 693 1104 751 evulsa.

542 783 677 839 Jam
708 799 843 839 vero
874 782 924 839 si
954 781 1042 838 vel
1077 779 1325 855 peccatis
1362 779 1842 854 impedientibus,
1874 780 1963 837 vel
1995 797 2125 854 per-

472 874 659 929 versis
680 872 1020 928 hominibus
1034 869 1651 938 suadentibus,missis
1676 869 2128 926 imminentibus

476 962 717 1029 nostris,
747 962 899 1035 quod
932 961 1178 1018 suadere
1206 960 1373 1016 vobis
1404 960 1583 1016 etiam
1607 959 1679 1015 ad
1703 957 2130 1033 imperiivestri

478 1052 813 1108 felicitatem
846 1050 1112 1115 nitimur,
1147 1067 1263 1106 non
1294 1049 1695 1122 ducitis,quod
1728 1048 2131 1123 gementesdi-

479 1143 690 1208 cimus,
724 1140 1188 1212 adimplendum,
1225 1143 1283 1195 et
1310 1138 1716 1206 dilationibus,
1750 1138 1896 1211 proh
1927 1137 2128 1194 dolor!

479 1230 672 1287 solum
703 1228 1018 1286 decernitis
1058 1230 1181 1285 fore
1230 1230 1629 1299 studendum;
1664 1228 1812 1285 seire
1859 1227 2132 1285 volumus

408 1314 413 1317 ’
478 1318 879 1376 excellentiam
909 1323 1165 1375 vostram
1199 1318 1479 1391 quoniam
1530 1319 1601 1374 de
1639 1334 1891 1391 persona
1919 1317 2134 1391 lgnatii

480 1412 656 1481 atque
685 1408 897 1476 Photii,
930 1409 1002 1464 de
1033 1424 1285 1481 quorum
1320 1407 1518 1480 agitur
1546 1407 1958 1476 controversia,
1988 1406 2134 1462 nihil

481 1498 795 1555 discretius
823 1501 998 1571 atque
1029 1497 1259 1564 mitius,
1293 1513 1519 1553 necnon
1568 1500 1627 1553 et
1652 1496 1950 1553 salubrius
1980 1496 2136 1553 arbi-

479 1590 710 1644 tramur
737 1605 918 1661 quam
938 1591 1003 1643 ut
1029 1591 1277 1660 uterque
1294 1587 1367 1643 ad
1381 1587 1626 1643 Romam
1641 1586 1713 1643 ad
1737 1586 2138 1643 renovandum

482 1695 747 1745 examen,
781 1678 936 1750 quod
965 1680 1162 1733 tamen
1196 1678 1522 1732 secundum
1553 1676 1982 1749 indulgentiam
2004 1693 2138 1748 pro-

484 1766 801 1833 mittimus,
834 1770 1034 1821 tenore
1065 1781 1130 1820 ac
1160 1763 1363 1820 ordine
1396 1781 1510 1836 quo
1541 1765 1670 1836 jam
1700 1765 1865 1821 vobis
1897 1782 2001 1837 per
2032 1764 2139 1820 Mi-

2234 600 2418 659 bunal
2450 618 2657 658 omnes
2687 600 3101 669 astabimus,et
3129 599 3459 657 districtam
3490 598 3785 657 reddituri
3801 618 3890 656 su-

2237 708 2372 747 mns
2402 708 2507 764 pro
2540 690 2769 748 meritis
2801 689 3109 760 rationem,
3138 706 3241 747 vos
3274 690 3648 761 adiuramus,
3672 693 3737 746 et
3764 688 3892 746 totis

2236 780 2571 859 praecordiis
2611 781 3015 847 obsecramus,
3044 784 3110 836 ut
3155 779 3376 836 eisdem
3430 778 3630 836 missis
3681 780 3894 836 nostris

2238 871 2394 944 apud
2424 887 2527 927 vos
2558 869 2766 943 positis
2795 868 3021 926 nullam
3052 868 3378 938 lmsionem,
3401 868 3491 925 vel
3520 885 3657 925 cum
3692 870 3893 926 reverti

2238 960 2373 1016 inde
2401 958 2710 1027 voluerint,
2735 958 3107 1016 obstaculum
3129 957 3418 1028 inferatis,
3451 974 3644 1031 neque
3686 958 3896 1015 inferre

2242 1048 2424 1106 alium
2455 1048 2785 1121 quemlibet
2816 1047 3169 1121 permittatis
3193 1048 3356 1120 :quin
3386 1047 3583 1121 potius
3610 1066 3646 1104 a
3671 1048 3896 1104 cunctis

2242 1138 2658 1196 insidiatorum
2692 1137 3098 1194 molitionibus
3118 1153 3218 1194 eos
3239 1138 3563 1211 intrepidos
3584 1142 3643 1194 et
3662 1154 3898 1194 securos

2242 1228 2519 1285 reddatis.
2555 1230 2854 1294 Quatenus
2884 1225 3001 1283 illis
3031 1227 3103 1283 ad
3135 1243 3264 1294 nos,
3296 1227 3405 1283 etsi
3451 1231 3712 1284 vestram
3743 1227 3899 1284 vobis

2243 1317 2493 1375 salutem
2527 1317 2775 1373 suadere
2806 1320 3074 1389 possunt,
3108 1316 3445 1372 efﬁcacibus
3493 1317 3897 1384 redeuntibus,

2246 1406 2473 1464 cunctis
2490 1406 2766 1480 gentibus
2784 1409 2979 1479 pateat
2994 1410 3282 1478 quantum
3294 1406 3480 1462 Deum
3496 1410 3902 1463 coronatorem

2243 1501 2528 1565 vestrum,
2550 1512 2653 1568 pro
2683 1496 2857 1569 cujus
2888 1495 3155 1551 Ecclesia:
3180 1512 3323 1569 pace
3342 1499 3519 1569 atque
3546 1495 3905 1552 correctione

2247 1585 2539 1659 legatione
2567 1584 2860 1657 perfuncti
2890 1588 3048 1653 sunt,
3082 1584 3379 1641 honoretis
3404 1589 3484 1641 :et
3503 1590 3801 1657 quantam
3832 1603 3907 1641 ne-

2246 1674 2564 1731 verentiam
2598 1673 2933 1747 principum
2963 1672 3383 1746 apostolorum,
3416 1691 3452 1730 a
3482 1691 3743 1748 quorum
3775 1676 3907 1732 sede

2254 1763 2495 1839 profecti
2526 1768 2688 1832 sunt,
2722 1780 2839 1837 prae
2870 1762 3056 1819 oculis
3101 1762 3388 1820 habeatis.
3438 1765 3752 1838 Siquidem
3783 1782 3906 1832 nos,

485 1854 746 1911 chaelem
779 1853 1318 1927 protospatharium
1350 1853 2029 1927 significavimus,vestro
2061 1855 2141 1910 fa—
2170 1890 2220 1957 B
2251 1871 2284 1910 ο
2314 1852 2805 1926 tranquillissime
2830 1852 3169 1925 imperator,
3193 1852 3326 1909 illos
3358 1871 3472 1911 non
3506 1854 3580 1911 ad
3610 1856 3907 1929 synodum

482 1961 619 2000 vore
648 1945 860 2014 veniat,
892 1944 973 1999 ita
1004 1948 1069 2000 ut
1103 1944 1387 2017 lgnatius,
1422 1942 1525 2016 qui
1556 1943 1717 2003 omni
1759 1948 1850 2001 est
1880 1944 2139 2001 humano

483 2035 801 2091 destitutus
834 2032 1069 2102 auxilio,
1104 2034 1604 2106 quemadmodum
1632 2034 1831 2090 venire
1847 2034 2139 2091 valeatve-

484 2127 605 2180 stro
638 2141 741 2196 pro
773 2123 985 2179 Christi
1008 2139 1205 2179 amore
1227 2122 1438 2178 collato
1461 2122 1573 2179 sibi
1595 2122 2139 2195 fulciatjuvamine.

483 2214 615 2269 Jam
648 2230 779 2269 vero
814 2212 862 2268 si
882 2212 1139 2285 epistolae
1157 2229 1260 2285 per
1280 2215 1553 2268 eumdem
1578 2211 1835 2286 legatum
1857 2219 2139 2280 vestrum,

486 2321 520 2359 a
550 2320 664 2376 quo
693 2303 858 2359 vobis
889 2303 1063 2358 modo
1090 2302 1283 2357 delata
1304 2319 1421 2357 non
1452 2305 1560 2370 est,
1581 2306 1843 2358 tenorem
1874 2302 1964 2358 vel
1985 2303 2144 2359 ordi-

484 2409 621 2447 nem
653 2408 770 2464 quo
803 2390 1059 2445 diximus
1090 2388 1546 2462 praenominatas
1576 2405 1857 2461 personas
1897 2390 2145 2445 Romam

494 2482 615 2539 fore
645 2485 921 2537 venturas
952 2479 1099 2535 scire
1150 2479 1386 2552 cupitis,
1420 2496 1455 2535 a
1507 2479 1897 2551 praesentibus
1946 2479 2146 2536 missis

493 2571 710 2627 nostris
741 2569 1037 2642 exigite,et
1067 2567 1226 2623 hunc
1257 2585 1430 2624 nosse
1456 2567 1624 2640 plene
1654 2567 2146 2642 valebitis.Siqui-

493 2662 627 2717 dem
657 2660 775 2715 illis
798 2658 1152 2731 exemplaria
1172 2657 1554 2731 epistolarum
1580 2674 1727 2729 quas
1749 2657 2147 2731 magnitudini

489 2755 716 2815 vestrae,
748 2765 974 2805 necnon
1018 2747 1221 2803 Photio
1252 2764 1356 2819 per
1405 2745 1811 2802 Rhadoaldum
1844 2751 1902 2801 et
1929 2747 2146 2803 Zacha-

490 2841 639 2897 riam
672 2844 813 2895 tunc
844 2836 1147 2911 episcopos
1198 2835 1540 2902 direximus,
1592 2835 1810 2907 scripta
1840 2854 1943 2909 pro
1968 2835 2146 2892 colla-

488 2931 647 2987 tione
678 2946 813 2984 cum
865 2925 1218 2983 authenticis
1264 2925 1532 2981 facienda
1586 2925 1975 2982 tradidimus:
2010 2942 2144 2982 cum

489 3020 707 3092 quibus
737 3018 913 3073 etiam
947 3013 1304 3089 exemplaria
1322 3012 1885 3087 epistolarum,quas
1903 3015 2067 3071 vobis
2091 3020 2148 3071 et

490 3108 694 3166 Photio
728 3124 828 3179 per
857 3107 1109 3161 Leonem
1143 3122 1178 3159 a
1221 3103 1461 3160 secretis
1506 3102 1803 3173 misimus,
1837 3108 1892 3160 et
1941 3104 2142 3177 hujus,

491 3214 670 3271 quam
702 3213 805 3268 per
834 3192 1177 3250 Michaelem
1220 3192 1759 3265 protospatharium
1821 3210 1928 3250 nos
1959 3194 2143 3251 desti-

2251 1942 2661 1998 celebrandam
2690 1941 3136 2010 destinavimus,
3163 1959 3280 1999 non
3309 1943 3383 1999 ad
3413 1942 3546 2000 lites
3573 1948 3633 2000 et
3659 1950 3908 2001 conten-

2250 2032 2440 2088 tiones
2495 2032 2835 2089 excitandas
2876 2032 3220 2089 direximus.
3277 2033 3509 2089 Scimus
3557 2034 3725 2091 enim
3756 2035 3907 2108 quod

2252 2123 2494 2178 docente
2522 2121 2819 2195 Apostolo,
2850 2139 3070 2178 servum
3097 2124 3317 2179 Domini
3361 2140 3469 2180 non
3516 2108 3770 2197 oporteat
3799 2126 3908 2181 liti-

2251 2228 2384 2282 gare
2415 2214 2489 2281 (ΙΙ
2514 2213 2648 2268 Tim.
2684 2217 2748 2281 ιι)
2775 2230 2789 2280 ;
2824 2212 2926 2268 sed
2959 2211 3069 2268 hoc
3096 2215 3289 2268 totum
3320 2217 3411 2269 est
3441 2230 3544 2286 pro
3591 2231 3716 2287 quo
3741 2214 3910 2270 misi-

2254 2318 2408 2369 mus,
2441 2299 2710 2356 videlicet
2740 2305 2824 2367 ut,
2859 2305 3090 2357 servata
3109 2301 3438 2374 apostolica:
3469 2303 3626 2359 sedis
3657 2305 3912 2361 auctori-

2254 2391 2393 2446 tatis
2424 2388 2766 2457 reverentia,
2792 2390 3278 2447 restaurationem
3310 2391 3568 2449 Ecclesia
3586 2395 3913 2451 Constanti-

2256 2479 2597 2552 nopolitano.
2637 2483 2829 2536 status
2872 2480 3135 2552 recipiat,
3169 2485 3226 2536 et
3273 2498 3385 2554 pax
3439 2487 3497 2538 et
3548 2483 3912 2541 unanimitas

2256 2568 2478 2626 sanctis
2508 2567 2783 2625 Ecelesiis
2812 2573 2870 2624 et
2899 2569 3144 2641 imperio
3164 2574 3354 2627 vestro
3397 2572 3701 2642 reddatur,
3737 2578 3913 2647 atque

2256 2658 2577 2731 perpetuis.
2609 2657 2724 2714 Deo
2763 2657 3034 2731 propitia,
3086 2660 3452 2733 temporibus
3498 2663 3910 2732 custodiatur;

2256 2763 2481 2804 necnon
2514 2750 2572 2803 et
2610 2763 2825 2802 nomen
2879 2752 3139 2803 vestrum
3195 2749 3439 2807 diutinis
3486 2768 3554 2807 ac
3611 2753 3914 2826 prosperis

2256 2840 2480 2893 crescat
2507 2835 2974 2892 successibus.Et
2994 2839 3493 2909 quemadmodum
3516 2840 3757 2915 piorum
3778 2861 3913 2917 pre-

2255 2926 2589 2982 cedentium
2620 2927 3019 2999 Augustorum
3035 2927 3202 2985 miris
3215 2928 3311 2985 hic
3341 2936 3474 3003 post
3493 2931 3674 2989 funus
3699 2950 3913 3005 praeco-

2256 3015 2372 3072 niis
2396 3015 2719 3082 attollatur,
2753 3020 2810 3071 et
2839 3015 2898 3070 in
2931 3015 3091 3072 cmlis
3122 3018 3321 3074 aeterni
3353 3021 3517 3093 regni
3543 3021 3911 3079 beatitudine

2254 3106 2607 3179 perfruatur.
2639 3104 2913 3178 Alioquin
2946 3107 3272 3163 secundum
3301 3109 3912 3181 Apostolum,verbum

2256 3196 2352 3252 Dei
2378 3210 2489 3251 non
2517 3202 2596 3251 est
2644 3195 2936 3264 alligatum
2969 3195 3040 3264 (II
3086 3197 3221 3253 Tim.
3263 3198 3366 3270 11);
3399 3199 3501 3271 qui
3547 3217 3762 3259 rursus
3794 3202 3907 3259 ait:

490 3257 663 3345 uasse
695 3283 1090 3358 praediximus,
1117 3299 1317 3339 secum
1341 3281 1727 3338 nihilominus
1758 3283 2141 3341 deferendum
2174 3257 2217 3324 Ο
2256 3286 2415 3342 Vivus
2444 3287 2590 3341 enim
2622 3293 2701 3341 est
2723 3287 2826 3341 Dei
2873 3302 3050 3342 sermo
3095 3294 3147 3343 et
3181 3257 3489 3359 efﬁcaxiet
3512 3292 3913 3361 penetrabilior

490 3376 871 3433 contulimus.

559 3467 737 3522 Juxta
766 3480 903 3535 ergo
935 3465 1196 3517 tenorem
1230 3465 1287 3517 et
1308 3461 1571 3517 ordinem
1596 3477 1712 3533 quo
1726 3463 1997 3534 praefatus
2018 3480 2144 3535 per-

489 3573 664 3612 sonas
694 3554 765 3609 ad
799 3551 1131 3608 iterandum
1149 3550 1446 3622 judicium
1496 3550 1611 3606 huc
1658 3549 1857 3607 venire
1885 3552 2141 3609 decrevi-

488 3662 642 3711 mus,
671 3643 850 3698 latius
879 3658 1057 3713 sagax
1101 3638 1393 3694 industria
1433 3644 1625 3696 vestra
1662 3641 1929 3712 reperiet,
1965 3660 2141 3715 quem

486 3752 594 3790 nos
622 3734 681 3787 in
710 3732 820 3787 hac
853 3728 1158 3785 fastidium
1190 3727 1539 3800 prolixitatis
1569 3729 1951 3797 declinantes,
1970 3731 2141 3804 repli-

485 3840 617 3879 care
649 3819 993 3892 refugimus.
1028 3817 1127 3873 His
1160 3817 1359 3890 igitur,
1393 3817 1717 3890 inspirante
1765 3820 1901 3887 Deo,
1935 3820 2017 3876 ita
2045 3838 2139 3878 ve-

485 3917 618 3968 strae
652 3906 983 3965 serenitatis
1015 3908 1260 3962 auribus
1316 3906 1625 3973 intimatis,
1656 3907 1802 3963 sciat
1832 3925 1866 3962 a
1897 3909 2141 3967 Domino

484 3999 824 4057 redimitum
858 3996 1169 4069 imperium
1202 4000 1460 4051 vestrum
1487 3995 1701 4052 missos
1726 3997 1838 4052 sibi
1870 4015 2140 4071 aprazsu-

484 4091 604 4146 latu
639 4092 858 4153 nostro,
893 4087 1009 4141 Deo
1041 4089 1278 4140 auctore
1309 4084 1954 4152 destinatos,Donatum
1976 4089 2140 4146 vide-

484 4179 617 4236 licet
648 4174 1201 4234 reverendissimum
1234 4176 1291 4228 et
1320 4172 1759 4230 sanctissimum
1806 4182 2017 4233 sanctae
2043 4178 2142 4234 Ec-

484 4268 671 4325 clesim
699 4265 985 4323 Ostiensis
1016 4264 1384 4336 episcopum,
1424 4267 1482 4319 et
1527 4263 1833 4338 religiosos
1873 4284 1938 4323 ac
1970 4284 2138 4325 vene-

486 4358 700 4414 rabiles
731 4360 943 4411 sanctae
968 4355 1242 4409 Romanae
1271 4351 1537 4409 Ecclesia?
1562 4354 1812 4412 Leonem
1834 4356 1987 4413 tituli
2012 4376 2142 4415 san-

483 4449 561 4504 cti
592 4445 806 4503 Christi
839 4443 1114 4517 martyris
1167 4442 1483 4511 Laurentii,
1517 4442 1617 4516 qui
1667 4444 1998 4517 appellatur
2026 4449 2141 4506 Da-

487 4536 657 4604 masi,
692 4535 1117 4607 presbyterum,
1152 4537 1330 4605 atque
1352 4532 1644 4589 Marinum
1677 4534 2009 4606 apostolica“:
2043 4556 2138 4595 no-

2251 3376 2404 3431 omni
2428 3374 2613 3444 gladio
2643 3376 3457 3450 ancipiti,etpertingensusque
3483 3380 3555 3435 ad
3582 3380 3913 3439 divisionem

2249 3467 2459 3522 anim
2486 3481 2551 3521 ac
2579 3466 2842 3536 spiritus;
2862 3481 3187 3537 compagum
3202 3482 3489 3540 quoqueac
3512 3470 3909 3538 medullarum,

2250 3562 2301 3611 et
2330 3554 2590 3610 discretor
2608 3555 3005 3623 cogitationum
3034 3563 3084 3611 et
3112 3557 3480 3613 intentionum
3515 3560 3695 3617 cordis
3717 3562 3906 3634 (Hebr.

2249 3646 2471 3715 1v);quo
2489 3643 2578 3698 usi
2596 3660 2702 3699 nec
2716 3643 3249 3712 inobedientes,noc
3261 3647 3909 3709 adversantesEcclesias

2249 3732 2372 3799 Dei,
2406 3748 2511 3788 nec
2544 3732 2880 3789 molestiam
2912 3732 3231 3792 inferentes
3275 3737 3512 3794 famulis
3554 3740 3683 3811 ejus
3705 3742 3907 3797 dimit-

2250 3827 2372 3879 tere
2403 3839 2639 3895 quoquo
2674 3822 2848 3878 modo
2882 3822 3206 3894 poterimus
3238 3824 3583 3898 impunitos.
3606 3832 3721 3900 Qui
3751 3831 3911 3888 habet

2249 3928 2410 3968 aures
2440 3911 2705 3968 audiendi
2732 3911 2929 3968 audiat
2962 3913 3170 3981 (Matth.
3222 3918 3323 3983 x1).
3359 3916 3494 3982 Quae
3542 3935 3648 3975 nos
3678 3922 3903 3989 omnia,

2248 4002 2385 4057 licet
2416 3999 2912 4071 strictim,idcirco
2945 4001 3201 4059 dicimus
3231 4007 3289 4060 et
3319 4006 3903 4079 satagimus,necnon

2249 4097 2307 4147 et
2335 4091 2646 4164 diligenter
2674 4091 3144 4162 exsequimur,ut
3168 4091 3421 4165 plurima
3441 4112 3905 4157 commemorare

2250 4180 2785 4254 praetermittamus.
2823 4180 3033 4249 Primo,
3055 4187 3122 4237 ut
3148 4187 3231 4238 Tne
3263 4200 3372 4241 nos
3402 4185 3473 4242 de
3501 4185 3705 4244 talenti
3739 4207 3902 4248 acce-

2250 4270 2468 4343 ptione,
2504 4286 2680 4342 quam
2713 4268 2773 4324 in
2806 4269 3240 4344 privilegiorum
3273 4274 3604 4346 quantitate
3633 4282 3900 4353 percepi-

2249 4377 2384 4416 mus
2414 4358 2761 4425 districtam,
2794 4359 2844 4415 si
2877 4359 3027 4433 pigri
3057 4362 3642 4435 reperiamur,coram
3664 4385 3900 4427 summo

2240 4449 2443 4522 judice
2473 4464 2774 4521 cogamur,
2806 4450 3047 4506 reddere
3077 4451 3385 4508 rationem.
3411 4454 3697 4525 Secundo,
3737 4477 3812 4517 ne
3842 4463 3899 4518 in

2250 4536 2559 4612 irregulari
2591 4536 2914 4609 dejectione
2963 4539 3194 4612 Ignatii,
3240 4546 3675 4604 consacerdotis
3713 4552 3899 4608 nostri

486 4631 618 4682 strae
644 4623 801 4679 sedis
831 4622 1313 4693 diaconem,quos
1346 4621 1598 4694 benigne
1619 4622 1927 4681 clementia
1948 4632 2140 4684 vestra
2167 4634 2214 4701 1)
2245 4633 2301 4685 et
2335 4628 2554 4696 fratris,
2587 4626 2676 4683 vel
2707 4627 2767 4682 in
2813 4629 3179 4699 promotione
3225 4631 3418 4689 Photii
3462 4651 3694 4709 quoquo
3724 4642 3897 4697 modo

486 4713 839 4787 suscipiens,
877 4716 1076 4783 utpote
1109 4710 1453 4766 Christianae
1487 4709 1789 4783 religionis
1812 4712 2045 4784 cultrix,
2080 4718 2138 4774 in

486 4804 763 4860 omnibue
795 4801 886 4874 pie
917 4805 1145 4866 traetet,
1178 4804 1235 4853 et
1263 4800 1515 4855 intactos
1537 4800 1798 4871 quandiu
1828 4820 1931 4859 vos
1959 4822 2138 4877 penes

485 4895 938 4958 remorantur,et
960 4889 1268 4945 indemnes
1298 4905 1543 4959 prorsus
1575 4905 1811 4946 manere
1832 4892 2133 4953 decernat:

487 4981 629 5053 quin
663 4984 720 5036 et
743 4980 966 5035 aditum
1000 4976 1298 5047 simulque
1325 4974 1520 5032 locum
1542 4994 1669 5048 quae
1701 4976 1966 5050 injuncta
1996 4990 2138 5043 sunt

486 5068 790 5135 sibi,vobis
820 5068 1062 5123 licenter
1090 5064 1411 5137 exponendi
1438 5081 1763 5138 congruum
1787 5068 1870 5127 eis
1893 5089 1959 5128 ac
1979 5075 2141 5129 suffi-

486 5158 735 5214 cientem
766 5155 1053 5228 impartiri
1088 5154 1382 5225 dignetur.
1417 5153 1626 5226 Sicque
1647 5156 1888 5216 demum
1922 5161 1979 5216 in
2013 5163 2138 5235 qui-

486 5248 596 5302 bus
629 5248 785 5301 Deus
814 5243 1106 5309 annuerit,
1132 5248 1188 5296 et
1218 5241 1377 5296 cordi
1401 5249 1590 5299 vestro
1620 5245 2135 5320 impetraverit,br-

484 5336 724 5401 dinatis,
760 5333 971 5388 illaesos
1001 5332 1073 5387 ad
1109 5347 1214 5386 nos
1240 5331 1506 5402 protinus
1532 5350 1630 5391 eos
1652 5340 1708 5391 et
1735 5337 1956 5410 absque
1988 5356 2138 5412 qua-

483 5424 627 5480 libet
660 5422 1011 5495 impediente
1046 5419 1315 5476 molestia
1344 5423 1531 5480 redire
1561 5426 1735 5481 sinat.

554 5514 663 5568 Sed
698 5510 977 5584 quoniam
1013 5509 1070 5564 in
1117 5508 1216 5565 Dei
1271 5511 1692 5584 omnipotentis
1724 5515 1957 5571 servitio
1989 5518 2127 5574 diri-

479 5608 722 5676 guntur,
758 5617 859 5671 per
891 5598 1077 5671 ipsius
1100 5599 1356 5656 terribile
1416 5620 1650 5671 nomen,
1684 5607 1837 5677 quod
1873 5606 2126 5665 Trinitas

478 5696 567 5746 est
598 5689 1003 5763 inseparabilis
1029 5715 1044 5759 ;
1075 5696 1131 5747 et
1161 5708 1264 5763 per
1292 5690 1649 5749 horrendum
1682 5694 1943 5752 divinum
1968 5697 2128 5769 judi-

2251 4716 2620 4775 consensisse
2650 4720 2946 4788 putemur.
2996 4718 3212 4787 Tertio,
3246 4737 3318 4777 ne
3346 4725 3723 4783 sacerdotalis
3756 4731 3896 4786 ordo

2248 4812 2368 4863 tam
2398 4805 2790 4880 ignominiosa
2820 4806 3080 4877 vilescat,
3115 4814 3181 4865 ut
3228 4810 3461 4868 Domini
3507 4816 3690 4872 nostri
3723 4824 3783 4875 et
3804 4837 3895 4877 sa-

2248 4913 2413 4952 crum
2427 4911 2640 4967 corpus
2650 4895 2778 4966 ejus
2790 4900 3311 4973 tractantes,atque
3332 4902 3527 4959 Sancti
3551 4912 3893 4966 sanctorum

2247 4987 2375 5057 ejus
2404 4983 2693 5040 velamina
2721 4990 3180 5057 penetrantes,et
3195 4991 3484 5064 praecipue
3514 5011 3818 5054 summum
3836 4998 3891 5055 in

2246 5073 2481 5129 dicecesi
2512 5091 2622 5129 sua
2650 5072 2845 5131 locum
2867 5075 3206 5146 retinentes,
3238 5084 3360 5137 tam
3391 5082 3560 5140 facile
3590 5086 3661 5142 de
3691 5093 3893 5145 caetero

2248 5163 2325 5217 im
2334 5162 2714 5235 pellantur,et
2743 5181 2777 5221 a
2793 5164 3134 5238 vulgaribus
3156 5169 3492 5245 quibusque
3512 5191 3580 5230 ac
3607 5175 3890 5234 inferiori-

2246 5252 2358 5308 bus
2383 5251 2760 5319 suis,necnon
2792 5258 2851 5309 et
2880 5253 3047 5312 laicis
3077 5263 3545 5331 prosternantur,
3578 5269 3636 5321 et
3672 5266 3889 5340 absque

2244 5341 2361 5397 ullo
2390 5341 2656 5398 examine
2687 5347 2789 5398 aut
2802 5346 3179 5417 comprobato
3193 5348 3437 5408 crimine
3450 5354 3635 5426 gradu
3659 5357 3888 5429 proprio

2243 5435 2300 5485 et
2329 5430 2584 5487 Ecclesia
2614 5448 2724 5487 sua
2751 5432 3614 5514 priventur.Quarto,quoniam
3646 5447 3888 5502 manife-

2240 5523 2399 5576 stum
2430 5523 2519 5576 est
2550 5520 2822 5592 qualiter,
2860 5524 2996 5580 sede
3026 5527 3347 5598 apostolica
3375 5529 3435 5585 in
3475 5533 3736 5606 Gregorii
3785 5536 3883 5609 Sy—

2239 5610 2508 5665 racusani
2543 5614 2600 5665 et
2630 5612 2924 5669 sociorum
2942 5616 3072 5687 ejus
3100 5617 3478 5677 damnatione
3500 5639 3616 5679 non
3646 5641 3885 5682 consen-

2239 5700 2435 5768 tiente,
2469 5699 2578 5771 ipsi
2613 5701 2788 5758 modo
2820 5718 2995 5775 quem
3028 5707 3403 5778 prediximus
3432 5710 3508 5768 ad
3556 5710 3679 5769 haec
3729 5713 3883 5771 exci-

3826 6394 4052 6427 ,sr—J

3738 372 3887 438 1044
3994 372 3997 453 ζ
