4098 6460
166 428 343 494 1045-

1377 432 1785 498 EPISTOLE
1825 431 1929 497 ET
1970 431 2359 499 DECRETA.

3418 390 3585 500 104-6

160 569 345 624 tanda
366 566 721 624 surrexerint
748 583 760 623 :
785 570 842 623 et
862 584 1018 625 nunc
1041 567 1153 625 nisi
1181 585 1288 625 nos
1307 568 1429 625 hzec
1453 569 1814 642 corrigamus
1845 569 1899 635 Α
1928 568 2063 624 bilis
2087 570 2265 626 frater
2284 575 2342 626 et
2364 570 2741 645 coepiscopus
2764 576 2961 629 noster
2977 570 3237 646 lgnatius
3252 571 3579 630 Constanti-

159 659 253 716 vel
286 658 907 732 puniamus,veremur
936 676 1007 714 ne
1038 659 1204 715 nobis
1252 660 1562 733 deputetur
1599 659 1659 715 in
1691 659 1812 715 cul-

156 765 318 824 pam.
343 747 633 806 Nimirum
666 748 767 821 qui
798 765 1165 805 successores
1195 766 1404 806 sumus
1435 767 1638 807 eorum
1671 766 1813 823 quo-

158 856 295 896 rum
324 837 439 912 ipsi
468 837 830 911 benignitate
860 837 1052 907 abusi,
1077 838 1215 895 licet
1244 839 1413 897 nobis
1444 838 1813 907 inconsultis,

158 930 236 985 ad
267 929 381 985 ista
411 927 668 1001 prolapsi
691 931 850 985 sunt.
876 927 1108 995 Quinto,
1134 945 1205 984 ne
1226 929 1424 1002 ipsum
1446 946 1677 1003 quoque
1709 930 1817 984 im-

158 1019 390 1092 perium
421 1016 814 1088 vestrum,vel
865 1035 1273 1075 successorum
1321 1022 1647 1075 vestrorum
1693 1022 1813 1075 tam

156 1108 367 1165 leviter
396 1108 676 1164 adversus
716 1106 1004 1163 Ecclesiae
1041 1108 1141 1163 Dei
1171 1107 1258 1164 vel
1300 1108 1577 1181 praesules
1612 1126 1815 1165 eorum

158 1214 429 1272 perverse
463 1195 859 1270 suggestionis
892 1196 1129 1252 ﬂatibus
1161 1200 1656 1253 commoveantur.

234 1287 398 1344 Unde
448 1285 724 1359 pietatem
756 1289 1009 1343 vestram
1067 1287 1465 1356 obsecramus,
1516 1290 1573 1343 et
1620 1304 1817 1343 coram

158 1376 280 1434 Deo
303 1380 360 1433 et
376 1376 598 1432 sanctis
622 1374 844 1448 angelis
867 1375 994 1447 ejus
1012 1379 1430 1448 contestamur,
1446 1380 1510 1431 ut
1530 1375 1818 1432 obediatis

159 1466 356 1535 nobis,
382 1469 439 1521 et
468 1482 575 1521 nos
605 1464 666 1520 in
699 1464 807 1521 hac
836 1464 955 1519 vita
981 1465 1181 1540 potius
1204 1465 1406 1520 audire
1438 1465 1653 1522 curetis
1683 1465 1818 1521 hor-

156 1559 356 1612 tantes
387 1558 559 1627 atque
586 1557 879 1627 rogantes,
906 1569 1084 1627 quam
1107 1555 1344 1610 beatum
1368 1555 1602 1611 Petrum
1625 1555 1821 1611 cceles-

154 1645 239 1701 tis
270 1643 432 1717 regni
454 1642 809 1716 clavigerum
829 1642 890 1698 in
913 1642 1110 1698 futuro
1133 1642 1400 1699 sentiatis
1422 1649 1821 1714 accusantem,

158 1738 336 1807 atque
367 1733 766 1789 damnantem.
800 1732 948 1787 Nam
991 1731 1040 1789 si
1074 1732 1245 1788 nobis
1294 1750 1409 1788 non
1460 1734 1818 1803 obedieritis,

155 1825 287 1897 ipse
317 1821 735 1887 contemnitur,
767 1822 938 1893 cujus
965 1821 1121 1877 vices
1153 1826 1457 1895 gestamus
1487 1827 1544 1879 et
1581 1823 1828 1882 auctori-

156 1919 281 1972 tate
312 1912 659 1969 clamamus.
685 1910 859 1966 Porro
882 1910 930 1966 si
949 1910 1119 1967 illum
1151 1911 1547 1979 contemnitis,
1567 1912 1677 1985 ipsi
1693 1914 1816 1985 jam
1850 1948 1897 2013 Β

160 2002 526 2063 considerate
556 1999 656 2072 qui
689 2000 760 2055 de
797 1999 963 2055 vobis
995 1999 1123 2069 erit,
1146 1999 1233 2056 vel
1267 2018 1445 2073 quam
1476 2000 1536 2056 in
1571 2000 1817 2057 terribili

150 2092 381 2169 judicio
410 2091 511 2148 Dei
544 2088 829 2145 rationem
863 2088 1215 2162 dabitis,qui
1255 2090 1315 2145 in
1354 2093 1518 2146 tanta
1548 2090 1818 2147 sublimi-

158 2189 283 2242 tate
309 2179 506 2255 positi,
524 2196 629 2253 per
649 2177 979 2252 exemplum
1002 2183 1261 2235 vestrum
1284 2179 1513 2236 cunctis
1536 2181 1820 2252 subjectis

158 2271 370 2330 vestris
393 2267 588 2326 ultimi
611 2267 801 2323 exitus
820 2266 1209 2340 pracipitium
1236 2267 1681 2324 demonstretis:
1704 2285 1819 2323 non

160 2362 355 2420 solum
386 2362 583 2417 autem
612 2356 672 2415 in
706 2356 980 2430 praesenti
1011 2361 1297 2428 tempore,
1325 2372 1528 2412 verum
1554 2357 1729 2412 etiam
1760 2356 1820 2411 in

157 2452 379 2518 futuro,
411 2444 871 2520 imperatoribus
914 2443 1185 2501 videlicet
1232 2448 1289 2501 et
1339 2444 1565 2501 cunctis
1612 2440 1820 2501 mundi

158 2538 547 2615 principibus,
582 2550 808 2591 necnon
841 2537 898 2589 et
938 2533 1219 2590 omnibus
1253 2534 1495 2590 omnino
1527 2533 1818 2591 fidelibus.

230 2626 631 2686 Exhorrescite
662 2623 843 2697 igitur
868 2626 954 2679 tot
988 2622 1305 2679 hominum
1339 2624 1601 2697 exemplo
1630 2629 1821 2681 vestro

160 2720 436 2794 pietatem
460 2716 787 2782 destruere;
823 2712 1134 2770 formidato
1160 2716 1458 2769 tantarum
1488 2714 1822 2769 animarum

162 2805 391 2882 operari
422 2803 782 2877 periculum;
818 2802 1215 2874 pertimescite
1246 2802 1538 2872 fidelibus,
1565 2803 1635 2858 ad
1670 2803 1823 2860 salu-

162 2902 285 2955 tem
309 2897 453 2951 forte
470 2892 1111 2959 tendentibus,tantam
1134 2892 1450 2964 perniciem
1472 2910 1818 2965 praeparare,

165 2991 225 3044 et
271 3001 373 3059 pro
434 2982 527 3039 his
586 2981 864 3039 omnibus
894 2997 1091 3037 coram
1124 2980 1386 3037 districto
1436 2981 1638 3052 judice
1696 2981 1822 3038 sine

168 3073 531 3150 quibuslibet
552 3069 945 3127 excusationis
967 3070 1315 3142 ambagibus
1337 3070 1407 3125 de
1427 3068 1702 3127 omnibus
1725 3088 1822 3127 ra-

167 3166 388 3223 tionem
421 3160 820 3219 omnimodam
869 3160 1026 3214 dare.
1050 3158 1337 3225 Quoniam
1377 3163 1519 3230 quot
1556 3159 1819 3232 exemplo

169 3259 361 3312 vestro
395 3252 466 3311 ad
496 3249 637 3307 talia
675 3249 893 3306 fuerint
938 3246 1212 3315 devoluti,
1238 3248 1308 3303 de
1355 3251 1440 3303 tot
1487 3247 1817 3305 animarum

1926 660 2325 731 nopolitanam
2352 661 2922 734 regerctEcclesiam,
2940 682 2973 719 a
2990 668 3201 719 sanctae
3220 662 3579 720 communio-

1924 748 2018 804 nis
2049 749 2491 822 participatione
2513 755 2716 807 contra
2747 752 2981 825 regulas
3008 752 3391 809 avertentium
3414 756 3578 826 parte

1926 837 2106 894 fuisse
2136 840 2518 912 dignosceris,
2552 845 2609 896 et
2642 858 2709 896 ex
2753 841 3017 897 szeculari
3070 842 3579 899 administratione

1925 931 2101 1000 atque
2124 928 2350 995 militia,
2375 934 2429 984 et
2456 946 2523 984 ex
2547 930 2668 985 foro
2701 931 2896 986 subito
2927 935 3331 998 tonsuratus,a
3361 931 3581 1003 Grego-

1925 1017 2011 1081 rio
2035 1019 2398 1090 Syracusano
2421 1019 2644 1075 dudum
2678 1021 2949 1092 episcopo
2983 1037 3015 1076 a
3048 1022 3269 1093 synodo
3303 1022 3580 1076 damnato

1927 1110 1983 1163 et
2003 1108 2076 1162 ab
2100 1108 2419 1180 apostolica
2442 1110 2576 1164 sede
2608 1110 2869 1165 convicto
2902 1110 3212 1182 episcopus
3232 1109 3491 1165 ordinari
3526 1112 3583 1164 et

1926 1197 2256 1269 nuncupari
2289 1214 2521 1268 passus,
2543 1197 2717 1253 etiam
2748 1199 2973 1254 vivente
2994 1216 3059 1254 ac
3083 1198 3393 1271 superstite
3416 1199 3582 1271 Igna-

1926 1285 2006 1341 tio
2039 1286 2371 1359 patriarcha
2400 1287 2596 1341 sedem
2626 1286 2814 1359 ipsius
2860 1287 3155 1356 invasisti;
3190 1292 3244 1342 ct
3274 1303 3575 1359 sponsam,

1927 1391 2105 1447 quam
2126 1374 2400 1431 aChristo
2418 1392 2632 1447 sponso
2650 1375 3089 1431 immaculatam
3109 1376 3574 1444 custodiendam,

1927 1463 2105 1519 veluti
2138 1464 2363 1520 amicus
2393 1465 2594 1537 sponsi
2640 1468 2994 1538 perceperat,
3031 1483 3147 1521 non
3194 1483 3296 1539 per
3333 1465 3577 1534 ostium,

1930 1555 2087 1625 quod
2118 1553 2384 1609 Christus
2414 1558 2524 1619 est,
2556 1554 2657 1609 sed
2706 1554 2944 1609 aliunde
2974 1572 3041 1610 ex
3072 1557 3312 1610 adverso
3342 1554 3402 1609 in
3432 1552 3580 1609 ovile

1930 1642 2305 1699 Dominicum
2336 1660 2497 1699 more
2540 1644 2706 1716 furis,
2726 1643 2814 1700 vel
2844 1643 3089 1700 latronis
3132 1645 3486 1716 irrumpens,
3512 1658 3579 1698 ac

1929 1731 2240 1800 violentus,
2273 1750 2452 1805 rapax
2483 1736 2539 1788 et
2569 1732 2852 1789 scelestus
2883 1732 3110 1788 adulter
3140 1732 3583 1805 subripuisti.Et

1933 1826 2159 1894 praeter,
2181 1822 2299 1877 imo
2326 1823 2608 1878 adversus
2630 1822 2980 1895 apostolicos
3004 1840 3277 1893 canones,
3296 1820 3584 1877 saeculari-

1935 1912 2045 1966 bus
2066 1911 2452 1983 potestatibus
2478 1928 2641 1979 usus,
2667 1910 2971 1966 ecclesiam
3000 1928 3103 1984 per
3126 1929 3225 1968 eos
3249 1909 3580 1967 obtinuisti.

1926 2000 2144 2056 Deinde
2161 2017 2296 2055 cum
2314 1999 2607 2075 damnatis
2627 2005 2681 2056 et
2699 2000 3235 2069 anathematizatis;
3256 2003 3429 2071 atque
3446 2016 3580 2055 cum

1926 2089 2039 2157 his,
2074 2089 2174 2161 qui
2224 2106 2296 2145 ne
2340 2087 2695 2145 sacerdotale
2725 2089 2984 2151 ofﬁcium
3031 2094 3166 2144 ante
3218 2088 3582 2145 audientiam

1928 2180 2365 2249 praesumerent,
2390 2180 2447 2231 et
2476 2194 2509 2230 a
2540 2176 2842 2232 decessore
2874 2194 3001 2232 meo
3050 2181 3266 2232 sancte
3312 2177 3580 2232 recorda-

1928 2265 2107 2322 tionis
2137 2266 2445 2322 Benedicto
2476 2283 2629 2339 papa
2668 2268 2898 2321 fuerant
2936 2265 3197 2339 obligati,
3223 2266 3484 2338 quotidie
3514 2282 3581 2322 ac

1927 2355 2326 2412 indifferenter
2355 2355 2819 2420 communicans,
2835 2360 2891 2410 et
2917 2373 3266 2411 conversans
3291 2359 3490 2411 contra
3520 2354 3583 2410 ﬁ-

1930 2446 2063 2500 dem
2096 2444 2803 2517 promissam,contraque
2827 2449 2990 2500 tuam
3014 2444 3583 2517 professionem,qua

1931 2533 2223 2607 pollicitus
2253 2551 2335 2601 es,
2367 2538 2423 2589 te
2453 2535 2735 2590 adversus
2773 2535 2899 2606 jam
2949 2535 3135 2589 fatum
3185 2534 3579 2607 patriarcham

1931 2623 2160 2679 nullum
2194 2623 2500 2679 sinistrum
2523 2623 2836 2680 consilium
2859 2641 2985 2678 esse
3008 2624 3322 2693 facturum,
3347 2640 3583 2697 congre-

1930 2712 2082 2786 gasti
2106 2711 2440 2781 concilium,
2456 2715 2660 2768 etcum
2684 2713 3068 2784 sequentibus
3088 2712 3205 2768 tuis
3223 2714 3505 2785 depositis
3525 2716 3585 2769 et

1931 2802 2225 2858 damnatis
2248 2804 2304 2856 et
2334 2802 2947 2869 excommunicatis,ct
2966 2801 3493 2871 anathematizatis,
3529 2805 3586 2859 et

1931 2890 2061 2947 aliis
2093 2890 2219 2946 sine
2250 2889 2545 2960 Ecclesiis,
2566 2894 2740 2962 atque
2780 2907 2914 2945 cum
2944 2890 3057 2959 his,
3093 2908 3126 2946 a
3155 2891 3372 2962 quibus
3399 2890 3489 2947 vel
3518 2895 3584 2947 tu

1928 2978 2328 3052 irregulariter
2357 2996 2423 3033 ac
2465 2978 2662 3034 illicite
2710 2984 3018 3051 provectus
3067 2980 3283 3047 fueras,
3313 2978 3402 3036 vel
3435 2997 3584 3052 quos

1928 3068 2055 3141 ipse
2074 3073 2294 3124 temere
2316 3085 2382 3123 ac
2403 3067 2659 3123 indebite
2688 3084 3059 3139 promoveras
3083 3073 3289 3124 contra
3310 3069 3585 3126 eumdem

1930 3159 2166 3214 fratrem
2189 3161 2246 3212 et
2268 3157 2743 3213 comministrum
2766 3162 3033 3213 nostrum
3056 3157 3481 3230 depositionem
3504 3159 3586 3214 fa-

1930 3249 2142 3314 cere,et
2167 3245 2480 3302 anathema
2496 3246 2684 3301 dicere
2708 3262 2889 3302 ausus
2910 3263 2992 3302 es.
3015 3247 3232 3302 Deinde
3254 3247 3585 3320 apostolica:

171 3341 478 3416 dispendio
504 3338 666 3396 eritis
704 3353 945 3411 prorsus
967 3336 1229 3404 obnoxii;
1264 3341 1321 3392 et
1350 3341 1437 3392 tot
1483 3338 1685 3409 procul
1718 3339 1822 3393 du-
1851 3320 1894 3386 C
1932 3336 2088 3392 sedis
2122 3335 2356 3403 missos,
2378 3352 2524 3407 quos
2559 3352 2663 3408 pro
2696 3352 2873 3390 causa
2903 3352 3204 3391 sacrarum
3233 3335 3583 3409 imaginum,

170 3434 291 3498 bio,
314 3430 468 3504 quod
502 3446 618 3484 non
662 3431 956 3500 optamus,
990 3443 1191 3498 pinnas
1239 3425 1593 3499 luetis,quot
1639 3428 1822 3484 noxia;

172 3520 419 3579 actionis
439 3522 640 3575 vestrm
663 3517 853 3573 forma
873 3516 933 3570 in
967 3514 1371 3571 inobedientiae
1393 3515 1571 3571 chaos
1598 3516 1826 3572 demer«

173 3610 333 3687 gitis.
360 3611 493 3675 Quae
543 3604 761 3673 omnia,
792 3604 1007 3677 pietate
1036 3608 1232 3660 vestra
1280 3605 1449 3661 nobis
1498 3606 1826 3674 obediente,

174 3702 395 3758 avertat
424 3695 732 3761 Dominus,
761 3711 900 3749 nam
932 3694 1048 3749 ista
1092 3710 1200 3750 nos
1248 3711 1352 3767 pro
1403 3694 1594 3751 salute
1642 3700 1835 3751 vestra

174 3785 592 3865 prosequimur
620 3788 677 3840 et
723 3782 1034 3855 exigimus.
1070 3782 1173 3855 (Ex
1200 3800 1285 3854 ep.
1327 3783 1531 3840 Gelasii
1563 3800 1728 3858 papae
1759 3786 1836 3841 ad

175 3882 367 3938 Anast.
409 3874 569 3946 imp.)
600 3872 766 3929 Unde
811 3888 884 3927 ne
932 3870 1207 3927 irascaris
1240 3871 1289 3927 si
1321 3876 1378 3927 te
1429 3877 1662 3928 tantum
1712 3873 1843 3930 dili-

178 3968 376 4045 gimus
409 3967 474 4019 ut
514 3960 835 4035 temporale
864 3977 1109 4034 regnum
1154 3961 1311 4033 quod
1343 3966 1651 4018 assecutus
1672 3979 1755 4030 es,
1780 3968 1839 4020 te

174 4057 427 4115 velimus
457 4052 674 4108 habere
704 4066 993 4124 perenne;
1030 4054 1086 4105 et
1114 4050 1213 4122 qui
1255 4050 1512 4122 imperas
1553 4068 1709 4106 nunc
1741 4052 1846 4112 ho-

180 4144 463 4210 minibus,
489 4157 697 4214 regnes
740 4156 874 4195 cum
906 4138 1167 4209 Christo;
1202 4142 1259 4194 et
1296 4139 1397 4211 qui
1441 4156 1569 4197 cras
1601 4141 1845 4196 moritu-

182 4254 285 4294 rus
315 4250 400 4300 es,
435 4231 615 4287 vitam
662 4227 952 4304 percipias
999 4232 1057 4283 et
1103 4226 1351 4298 gloriam
1402 4233 1673 4285 aeternam
1708 4231 1847 4299 [cod.

187 4325 380 4392 Vatia,
423 4317 890 4393 sempiternam].
917 4317 1063 4373 Data
1114 4315 1316 4373 Idibus
1363 4318 1730 4391 Novembris,
1764 4318 1849 4374 in-

188 4412 440 4471 dictione
468 4427 562 4466 xv.

822 4628 895 4668 AD
936 4628 1195 4668 PHOTIUM
1203 4654 1215 4666 .

836 4711 1021 4782 (Anno
1053 4710 1203 4781 866.)

194 4814 503 4881 Exprobrat
535 4813 729 4869 Photio
756 4809 935 4864 multa
970 4809 1229 4873 crimina,
1260 4824 1388 4880 quae
1436 4811 1498 4864 in
1539 4809 1851 4881 occupanda

291 4880 471 4960 gnatii
498 4882 950 4960 sedc_com1r_zi_sit;
985 4880 1374 4960 probat‘g'ltum
1421 4889 1473 4936 et
1520 4880 1771 4960 divinant
1800 4889 1851 4937 et

269 4952 575 5039 Ιξαῖηαηιιτη
604 4958 701 5039 jus
749 4954 1010 5039 violasse;
1058 4952 1281 5039 nuntiat
1330 4953 1509 5039 ipsum
1555 4952 1855 5039 depositum

268 5032 460 5104 fuisse,
488 5033 540 5085 et
569 5024 620 5083 si
646 5043 758 5082 non
774 5032 939 5104 paret
968 5024 1271 5089 sententia),
1304 5025 1553 5104 minatur
1599 5025 1691 5079 illi
1727 5041 1853 5097 per-

264 5095 487 5175 petuam
516 5115 687 5171 usque
716 5095 799 5154 ad‘
816 5097 1026 5154 obitum
1052 5095 1686 5152 excommunicationem.

272 5219 563 5275 Nmomus
605 5214 915 5287 episcopus
964 5228 1166 5270 servus
1222 5227 1521 5267 servorum
1581 5209 1702 5280 Dei,
1736 5211 1857 5268 viro

204 5309 438 5365 Pno'rio.
1052 5326 1055 5331 ’

278 5392 805 5452 Innumerabilium
829 5389 1101 5464 reperiris
1122 5389 1663 5464 praevaricationum
1686 5389 1863 5445 obno-

204 5485 431 5549 xius,et
451 5480 917 5537 venerandorum
947 5494 1259 5547 canonum,
1284 5482 1456 5551 atque
1484 5483 1862 5551 paternarum

209 5570 655 5634 difﬁnitionum,
690 5565 952 5640 quinimo
985 5569 1042 5620 et
1081 5565 1410 5622 divinorum
1453 5566 1863 5622 mandatorum

211 5658 608 5718 contumeliiis
641 5654 1047 5728 multipliciter
1067 5670 1133 5710 ac
1156 5654 1526 5727 impudenter
1545 5656 1733 5713 elatus
1758 5674 1769 5712 :
1796 5656 1869 5711 si-

212 5751 450 5826 quidem
479 5753 538 5808 et
566 5766 637 5807 ex
664 5745 1206 5814 schismaticorum;
1248 5746 1350 5802 sed
1380 5751 1437 5802 et
1467 5764 1600 5803 cum
1630 5764 1866 5803 venera-

1932 3430 1991 3482 et
2020 3443 2125 3498 pro
2174 3424 2547 3497 inquirenda,
2573 3429 2631 3479 et
2661 3424 2831 3481 nobis
2872 3425 3263 3481 renuntianda
3306 3427 3433 3497 jam
3481 3425 3586 3482 fati

1934 3512 2278 3588 patriarchae
2323 3512 2661 3584 dejectione,
2696 3516 2753 3567 et
2790 3512 2863 3568 ob
2895 3512 3310 3569 inveniendum
3342 3515 3585 3570 modum

1938 3600 2325 3678 promotionis
2363 3606 2475 3657 tua:
2516 3601 3016 3657 destinaveramus
3048 3620 3060 3657 :
3095 3603 3312 3674 quibus
3342 3602 3589 3676 potuisti

1944 3690 2306 3765 argumentis
2328 3708 2361 3746 a
2382 3690 2597 3746 nostris
2629 3691 2920 3747 mandatis
2956 3696 3231 3759 avertere,
3256 3709 3417 3748 more
3445 3693 3591 3748 Aca-

1947 3780 2019 3836 cii
2050 3780 2346 3854 quondam
2386 3779 3016 3851 Constantinopolitani
3054 3781 3308 3837 hazretici
3348 3780 3593 3855 patriar-

1948 3869 2089 3937 chae,
2141 3867 2589 3941 prtesumpsisti,
2623 3872 2681 3923 et
2718 3869 2791 3922 ad
2832 3869 3285 3940 processionem,
3317 3885 3445 3941 quae
3489 3867 3600 3925 tibi

1951 3975 2085 4013 cum
2113 3958 2487 4029 comparibus
2516 3957 2634 4012 tuis
2666 3957 3030 4013 habebatur:
3054 3957 3228 4014 sicuti
3250 3975 3452 4014 eorum
3474 3974 3603 4030 pro-

1952 4047 2206 4103 fessione
2237 4046 2592 4118 patefactum
2619 4050 2727 4114 est,
2752 4051 2808 4101 et
2836 4051 3038 4102 sancto
3062 4046 3282 4118 Spiritu
3312 4046 3605 4102 revelante

1952 4136 2293 4192 venerandae
2327 4135 2567 4208 synodo,
2593 4152 2719 4207 quae
2762 4152 2796 4189 a
2832 4135 3000 4190 nobis
3051 4135 3290 4191 collecta
3341 4138 3450 4204 est,
3484 4133 3609 4191 cla-

1956 4227 2092 4296 ruit,
2122 4228 2195 4281 ad
2234 4227 2645 4282 damnatorum
2676 4229 2732 4280 et
2760 4224 3293 4293 schismaticorum,
3326 4229 3609 4298 tuamque

1958 4315 2361 4371 confusionem
2380 4313 3171 4387 contemptalegationc,quze
3191 4314 3277 4370 vel
3297 4314 3608 4387 gentilium

1958 4421 2120 4461 more
2166 4404 2381 4460 servari
2434 4403 2653 4472 debuit,
2683 4404 3053 4476 pertransisti
3096 4405 3215 4476 [pro
3253 4403 3607 4477 pertraxisti.

1958 4493 2191 4564 HABD.],
2216 4497 2271 4548 et
2297 4493 2357 4547 in
2388 4492 2723 4548 illusionem
2746 4493 2898 4549 beati
2923 4493 3074 4549 Petri
3094 4493 3359 4566 aspstoli,
3384 4493 3555 4565 cujus
3575 4509 3611 4550 a

1960 4583 2095 4639 sede
2125 4580 2367 4654 profecti
2399 4581 2655 4649 fuerunt,
2693 4600 2809 4638 non
2842 4582 3033 4638 solum
3062 4582 3391 4639 inefﬁcaces
3421 4582 3611 4639 redire

1873 4681 1921 4747 Ι)
1955 4670 2162 4736 fecisti,
2192 4671 2291 4725 sed
2336 4669 2511 4724 etiam
2552 4668 2995 4742 impugnatores
3027 4671 3313 4740 omnium,
3338 4688 3465 4743 quae
3498 4668 3612 4727 sibi

1958 4764 2191 4817 fuerant
2220 4760 2524 4831 imperata,
2568 4760 2930 4814 monstrasti.
2955 4762 3254 4817 Postremo
3284 4760 3609 4833 episcopos,

1960 4851 2061 4924 qui
2092 4849 2197 4905 tibi
2240 4852 2519 4920 tanquam
2552 4847 2835 4912 adultero,
2858 4853 2913 4903 et
2942 4851 3238 4921 porvasori
3278 4848 3613 4906 communi-

1962 4957 2093 4998 care
2115 4938 2452 5005 noluerunt,
2469 4937 2671 4993 exsilio
2701 4938 2991 5011 relegasti,
3011 4942 3067 4993 et
3098 4939 3244 5011 ipsis
3266 4938 3616 5010 jubentibus

1965 5033 2166 5087 contra
2187 5044 2438 5084 canones
2464 5026 2548 5082 tui
2581 5027 2816 5083 sceleris
2838 5027 3149 5099 complices
3179 5026 3238 5082 in
3262 5044 3463 5083 eorum
3487 5026 3621 5084 sub-

1967 5135 2169 5193 rogare
2203 5117 2345 5173 locis
2375 5135 2492 5171 non
2524 5116 2794 5171 timuisti.
2819 5117 2888 5171 Et
2918 5133 3105 5187 usque
3136 5115 3194 5170 in
3227 5133 3483 5188 praesens
3514 5117 3619 5171 Ec-

1968 5208 2204 5265 clesiam
2223 5205 2322 5263 Dei
2342 5205 2587 5263 diversis
2609 5205 3117 5278 persecutionibus
3139 5204 3486 5278 impugnare
3507 5221 3622 5260 non

1970 5296 2212 5352 desinis.
2236 5296 2320 5351 Ita
2336 5299 2401 5350 ut
2424 5295 2661 5350 fratrem
2680 5297 2734 5348 et
2748 5294 3156 5365 coepiscopum
3173 5296 3442 5349 nostrum
3461 5294 3627 5367 Igna-

1968 5388 2119 5444 tium
2153 5384 2592 5442 sanctissimum
2627 5382 3020 5456 patriarcham
3056 5382 3335 5438 inauditis
3362 5382 3550 5454 melS
3571 5385 3629 5438 et

1973 5474 2352 5531 horribilibus
2384 5473 2691 5529 tormentis
2724 5473 2951 5528 afficere
2984 5490 3098 5527 non
3132 5472 3422 5544 quiescis:
3446 5470 3549 5527 sed
3572 5474 3630 5527 et

1975 5584 2179 5623 omnes
2211 5567 2495 5637 quotquot
2524 5581 2627 5634 pro
2655 5562 2915 5629 veritate,
2940 5567 2996 5618 et
3023 5563 3135 5617 fide
3167 5561 3470 5616 commode
3498 5577 3629 5632 per-

1977 5656 2184 5712 sistere
2216 5651 2624 5725 doprchemlis,
2644 5653 2859 5723 quibus
2885 5652 3159 5725 praevalcs
3180 5650 3370 5706 modis
3392 5651 3632 5723 perdere

1976 5741 2455 5818 imprmtcrmisse
2487 5739 2731 5797 moliris.
