4098 6488
1777 454 1783 464 .
1856 398 2167 481 uicem
2202 396 2455 461 me
2477 396 2526 475 L-

540 536 946 607 Quamobrem
976 535 1037 593 in
1066 535 1162 599 his
1185 540 1242 594 et
1269 534 1676 609 hujuscemodi
1706 538 1760 590 te
1786 548 2134 608 cognoscen-
2166 532 2223 599 Α
2249 530 2487 603 quidem
2515 547 2548 585 a
2576 546 2708 586 vero
2741 526 3104 587 discedimus
3138 545 3152 584 :
3178 544 3327 585 nam
3370 525 3498 600 ipse
3545 543 3663 585 non
3712 523 3917 583 solum

480 634 569 685 tes
613 633 816 683 contra
856 628 1241 701 evangelicas,
1273 625 1718 701 apostolicas,et
1747 623 2135 697 propheticus,

482 722 659 793 atque
699 712 1012 773 canonicas
1059 717 1458 793 institutiones
1509 715 1723 785 efferre.
1763 713 2052 781 dolemus,
2086 717 2143 767 et

484 800 687 875 n'imijs
721 806 1064 871 maeroribus
1088 805 1297 873 affecti,
1320 803 1650 861 necessario
1672 808 1727 859 te
1753 801 2148 876 praesentibus

485 892 755 971 apicibus
787 896 1191 963 admonemus,
1226 894 1532 953 hortamur
1561 897 1619 949 et
1659 894 2059 960 obsecramus,
2080 894 2146 947 ut

487 987 549 1043 in
571 991 737 1042 tanta
750 984 934 1060 gloria
955 1002 1071 1040 non
1092 984 1424 1057 decipiaris,
1439 988 1495 1040 et
1512 988 1727 1043 aeterna
1747 984 1903 1039 bona
1924 998 2027 1056 pro
2049 979 2144 1037 his

489 1068 762 1132 brevibus
793 1090 906 1130 non
939 1073 1197 1129 amittas.
1223 1073 1410 1131 Pensa
1431 1090 1609 1146 quam
1640 1089 1829 1146 pauca
1849 1074 1990 1129 sunt
2019 1087 2144 1126 om-

492 1164 609 1231 nia,
634 1180 760 1236 qua:
793 1162 887 1218 hic
927 1161 1214 1218 mulctent
1234 1161 1563 1236 [mulcent],
1589 1160 1915 1235 quamlibet
1954 1160 2148 1216 multa

490 1270 619 1309 esse
658 1251 985 1317 videantur,
1020 1252 1342 1325 Perpende,
1371 1269 1588 1324 quasso,
1615 1268 1793 1324 quam
1841 1249 2148 1324 multiplex

488 1343 584 1410 sit,
604 1347 661 1401 et
681 1360 858 1416 quam
881 1340 1105 1415 prolixa
1130 1359 1302 1414 poena
1325 1340 1625 1416 gehennae,
1640 1344 1696 1396 et
1716 1340 1867 1397 hanc
1892 1339 2148 1396 incidere

486 1432 856 1505 pertimesco,
882 1431 1034 1487 hanc
1081 1431 1187 1487 tibi
1220 1430 1523 1502 acquirere
1567 1429 1912 1485 medullitus
1942 1429 2151 1495 exhor:

488 1537 670 1578 resce.
711 1521 881 1589 Nam,
925 1520 1253 1576 secundum
1312 1518 1714 1593 Evangelium,
1750 1518 1891 1589 Quid
1931 1517 2151 1591 prodest

488 1612 705 1667 homini
730 1611 780 1666 si
809 1610 1053 1666 lucretur
1093 1617 1263 1665 totum
1303 1608 1594 1677 mundum,
1622 1610 1833 1666 anim
1859 1624 1984 1665 vero
2030 1623 2152 1666 sua:

488 1698 873 1766 detrimentum
901 1700 1187 1771 patiatnr?
1215 1703 1411 1768 (Marc.
1435 1697 1577 1771 VIII.)
1602 1698 1834 1754 Scimus
1871 1697 2151 1773 quoniam

492 1789 783 1861 sapientia
838 1789 1148 1860 praeditus,
1201 1792 1259 1843 et
1315 1786 1559 1843 scientia
1612 1788 1834 1845 ditatus
1891 1787 2150 1845 haberis.

493 1872 605 1936 sed
636 1877 775 1943 audi
808 1877 946 1950 quid
979 1877 1263 1950 propheta
1294 1877 1366 1935 de
1401 1876 1757 1950 quibusdam
1789 1876 2153 1951 sapientibus

494 1968 651 2024 dicat
683 1985 695 2022 :
730 1968 1032 2039 sapientes,
1066 1966 1276 2038 inquit,
1298 1974 1445 2035 sunt,
1479 1973 1541 2023 ut
1564 1969 1780 2040 faczant
1819 1967 1991 2035 mala,
2023 1966 2154 2023 bene

493 2066 679 2114 autem
732 2060 913 2130 facere
970 2058 1220 2113 nesciunt
1261 2058 1390 2126 (Jer.
1426 2059 1524 2126 Iv).
1550 2057 1725 2112 Porro
1783 2056 1854 2112 de
1909 2056 2155 2112 scientia

496 2146 766 2221 egregius
785 2145 1100 2219 Apostolus
1144 2145 1260 2202 ait:
1284 2147 1531 2203 'Scientia
1557 2147 1735 2219 inﬂat,
1760 2148 2001 2207 Charitas
2030 2161 2154 2202 vero

492 2238 735 2308 aediﬁcat
763 2236 810 2308 (Ι
838 2236 958 2292 Cor.
985 2236 1129 2308 vnn),
1154 2236 1303 2309 Ergo
1334 2240 1624 2309 quantum
1654 2254 1771 2293 non
1801 2236 2004 2308 prosit,
2034 2236 2154 2290 imo

496 2330 785 2399 quantum
817 2325 990 2387 obsit,
1018 2342 1132 2381 non
1164 2326 1237 2380 ad
1284 2325 1439 2380 bona
1461 2326 1568 2383 sed
1600 2325 1671 2381 ad
1704 2323 1860 2381 mala
1888 2324 2156 2381 facienda

493 2415 855 2472 habentibus
886 2414 1246 2491 sapientiam
1291 2414 1693 2470 animadverte
1726 2430 1739 2470 :
1774 2418 1835 2471 et
1878 2414 1995 2470 noli
2029 2412 2152 2486 glo-

496 2505 634 2561 riari
667 2504 718 2561 si
748 2504 929 2560 habes
974 2503 1279 2559 scientiam
1318 2504 1459 2565 sine
1507 2502 1809 2573 charitate,
1851 2503 2153 2575 quoniam,

494 2598 644 2650 teste
673 2593 968 2666 Apostolo,
1014 2591 1115 2648 illa
1157 2593 1343 2661 inﬂat,
1376 2591 1490 2649 ista
1522 2593 1790 2661 mdificat,
1824 2593 1870 2663 (Ι
1902 2595 2022 2651 Cor.
2056 2592 2153 2667 ιν).

494 2684 565 2738 Et
596 2687 750 2737 certe
782 2681 1109 2737 absurdum
1151 2698 1217 2736 ac
1272 2681 1547 2736 indecens
1595 2685 1702 2751 est,
1732 2684 1798 2736 ut
1845 2698 1996 2749 eam,
2029 2699 2156 2754 qua:

493 2771 683 2840 inﬂat,
703 2771 980 2825 virtutem
1022 2770 1262 2836 habeas,
1290 2769 1391 2825 illa
1423 2786 1555 2827 vero
1591 2787 1724 2843 quae
1761 2770 2028 2840 aediﬁcat,
2063 2788 2156 2827 ca-

496 2877 647 2916 reas.
675 2862 860 2926 Quam
895 2862 1091 2915 autem
1137 2857 1397 2914 habuisti
1432 2857 2052 2932 charitatem,quando
2073 2859 2158 2917 vi-

495 2944 674 3005 debas
709 2950 947 3007 fratrem
978 2952 1041 3019 et
1064 2946 1537 3005 comministrum
1570 2952 1837 3006 nostrum
1860 2949 2159 3022 Ignatium

499 3039 572 3095 ab
603 3038 849 3094 ecclesia
878 3055 986 3094 sua
1015 3036 1173 3110 pelli,
1202 3035 1428 3109 impeti,
1455 3037 1820 3097 etadversus
1851 3055 1988 3094 eum
2021 3053 2157 3094 con-

494 3126 825 3200 jurationes
851 3132 907 3182 et
940 3126 1400 3200 conspirationes
1431 3125 1783 3199 praeparari?
1813 3127 1884 3182 Et
1913 3145 2028 3183 non
2060 3145 2159 3184 so-

2250 638 2428 692 super
2458 620 2808 692 magistrum
2842 623 3009 674 tuum
3055 622 3257 676 contra
3303 615 3680 691 Evangelium
3722 616 3919 671 factus

2250 728 2333 781 es,
2348 727 2549 767 verum
2571 709 2749 766 etiam
2777 708 3131 769 ordinationi
3162 706 3263 765 Dei
3303 707 3583 765 resistens
3626 707 3923 763 adversus

2252 815 2388 869 eum
2419 799 2625 856 dentes
2654 799 2760 870 tui,
2795 815 2961 855 arma
2986 801 3047 854 et
3071 795 3320 872 sagitta,
3340 800 3398 853 et
3425 796 3632 871 lingua
3658 799 3776 853 tua
3806 812 3924 852 ma-

2253 887 2446 944 chaera
2475 891 2647 944 acuta
2688 888 2891 945 effecta
2933 891 3040 944 est.
3067 886 3553 958 Quandoquidem
3584 902 3729 953 non,
3768 885 3925 941 sicut

2254 982 2497 1034 sanctus
2528 978 2732 1047 David,
2758 977 2990 1033 mittere
3016 993 3258 1033 manum
3280 975 3342 1033 in
3363 974 3651 1037 christum
3671 973 3925 1033 Domini

2254 1066 2607 1145 formidasti,
2635 1067 2737 1124 sed
2783 1067 2937 1124 sicut
2984 1065 3280 1140 principes
3326 1063 3626 1123 latronum
3658 1081 3788 1123 non
3820 1064 3921 1121 ba—

2256 1157 2460 1213 bentes
2491 1157 2644 1213 bona
2702 1172 2897 1231 regem
2938 1173 3115 1213 suum
3172 1155 3554 1224 trucidantes,
3604 1154 3925 1228 insurgere

2257 1251 2461 1303 contra
2490 1251 2773 1303 rectorem
2806 1250 2977 1302 tuum
3008 1245 3258 1303 versutis
3289 1244 3523 1302 insidiis
3552 1260 3926 1318 magnopere

2258 1334 2776 1410 procurasti.Quos
2809 1334 2965 1392 idem
2997 1339 3237 1393 sanctus
3265 1333 3635 1403 David,sicut
3663 1339 3725 1391 et
3752 1333 3924 1390 illum

2258 1425 2359 1498 qui
2385 1443 2446 1483 se
2472 1424 2759 1483 christum
2772 1423 3009 1484 Domini
3030 1420 3286 1494 (Saulem
3307 1422 3577 1481 videlicet
3592 1423 3929 1498 peremisse

2259 1516 2650 1583 nuntiaverat,
2666 1519 2948 1588 tanquam
2971 1512 3241 1573 homines
3262 1513 3497 1585 impios,
3514 1517 3570 1571 et
3590 1513 3928 1587 principem

2261 1622 2436 1662 suum
2469 1604 2852 1671 trucidantes,
2877 1600 3105 1660 tradere
3135 1601 3311 1663 morti
3339 1601 3719 1661 laudabiliter
3742 1601 3931 1674 jussit

2259 1695 2333 1765 (ιι
2365 1695 2488 1769 Reg.
2512 1695 2574 1767 1).
2597 1696 2944 1767 Quanquam
2985 1692 3163 1749 etiam
3194 1692 3244 1756 si
3268 1691 3425 1751 nihil
3472 1691 3536 1750 in
3580 1692 3680 1750 his
3720 1709 3931 1766 mpm.

2261 1782 2564 1858 hensionis
2595 1783 2959 1853 admitteres,
2987 1799 3122 1839 cum
3173 1782 3364 1857 pridie
3408 1780 3598 1841 laicus
3648 1781 3846 1843 fueris
3873 1786 3930 1839 et

2184 1915 2232 1981 B
2263 1872 2475 1929 saeculo
2506 1872 2872 1941 militaveris,
2895 1888 3268 1973 nequaquam
3299 1876 3421 1931 tam
3453 1876 3691 1973 repente
3710 1872 3931 1930 debue-

2263 1980 2359 2020 ras
2383 1962 2454 2019 ad
2482 1962 2701 2020 summi
2723 1961 3033 2019 sacerdotii
3058 1962 3361 2036 pervenire
3383 1960 3719 2037 fastigium:
3742 1980 3931 2036 quan-

2263 2053 2577 2126 doquidem
2608 2069 2714 2108 nec
2753 2051 3178 2111 monachorum
3210 2056 3444 2126 poteras
3466 2051 3671 2111 subito
3712 2069 3930 2109 secun-

2263 2141 2402 2201 dum
2421 2139 2817 2216 probabilium
2836 2141 3073 2199 Patrum
3094 2140 3489 2207 traditionem,
3502 2142 3929 2217 perfectionem

2264 2231 2564 2304 consequi,
2613 2230 2861 2296 Gelasio,
2907 2229 3185 2304 Gregorio
3243 2235 3299 2288 et
3355 2230 3605 2291 Adriano
3664 2232 3927 2306 magnis,

2265 2323 2323 2375 et
2351 2336 2483 2375 vere
2514 2320 2736 2378 sanctis
2765 2320 2923 2377 sedis
2944 2320 3219 2379 Romanis
3241 2319 3596 2393 praesulibus
3616 2320 3674 2377 id
3700 2321 3925 2395 ipsum,

2265 2409 2419 2482 quod
2453 2408 2831 2465 serenissimo
2874 2410 3160 2484 Augusto,
3178 2414 3353 2483 atque
3381 2410 3489 2467 tibi
3518 2411 3650 2482 jam
3687 2410 3931 2486 scripsi-

2266 2516 2421 2566 mus,
2442 2497 2850 2572 multipliciter
2868 2497 3293 2559 inhibentibus.
3318 2499 3469 2557 Sane
3490 2499 3538 2557 si
3564 2499 3788 2558 horum
3811 2505 3931 2558 tan-

2265 2605 2445 2661 quam
2475 2587 2833 2663 ignotorum,
2861 2588 3190 2645 sanctitatis
3219 2587 3477 2661 insignia
3504 2606 3621 2647 non
3647 2606 3929 2663 agnosce-

2266 2678 2373 2733 bas
2388 2676 2547 2749 (licet
2565 2678 2736 2750 cujus
2759 2677 2915 2747 fidei,
2945 2678 3117 2750 cujus
3132 2677 3319 2735 studii
3343 2679 3579 2747 fuerint,
3592 2695 3697 2752 per
3721 2697 3925 2738 eorum

2267 2783 2442 2829 nosse
2458 2766 2678 2840 scripta
2693 2766 3008 2837 sufﬁceret)
3025 2766 3237 2825 saltem
3255 2765 3570 2838 Crelcstini,
3582 2773 3773 2842 atque
3796 2771 3927 2826 Leo-

2268 2852 2380 2925 nis,
2404 2856 2788 2930 ejusdemque
2819 2855 2976 2913 sedis
3014 2854 3359 2930 pontificum
3392 2857 3786 2915 reverentiam
3815 2875 3927 2933 prae

2268 2944 2454 3002 oculis
2480 2945 2794 3004 habuisses
2818 2963 2830 3001 :
2857 2962 3109 3019 quorum
3141 2946 3444 3005 sententias
3464 2950 3587 3005 tota
3604 2962 3715 3020 per
3756 2964 3926 3004 mun-

2268 3036 2410 3091 dum
2428 3035 2641 3092 diffusa
2663 3036 2982 3092 inclinatur
3003 3034 3264 3094 Ecclesia
3286 3052 3299 3092 :
3320 3052 3695 3109 quorumque
3718 3036 3929 3094 doctri-

2268 3142 2404 3185 nam
2428 3125 2605 3198 (sicut
2634 3125 2695 3180 in
2718 3124 3136 3182 sacratissimis
3156 3124 3331 3187 tertia
3359 3129 3418 3183 et
3446 3130 3655 3199 quarta
3681 3127 3927 3200 synodis

501 3216 625 3272 lum
660 3216 903 3273 minime
924 3215 1117 3283 illum,
1141 3233 1275 3272 cum
1299 3233 1523 3289 posses,
1550 3219 1750 3288 utpote
1776 3217 1847 3272 ad
1876 3216 2157 3274 saeculum
2198 3284 2229 3290 _
2265 3213 2462 3271 videre
2492 3217 2602 3285 est)
2634 3214 2965 3272 Christiana
3016 3218 3328 3275 veneratur
3374 3214 3638 3289 apprime
3695 3216 3923 3290 religio.

498 3305 691 3363 clarus
731 3311 783 3362 et
827 3305 1192 3362 honorabilis
1223 3284 1521 3379 adiuvisti,
1544 3284 1748 3362 verum
1797 3306 1972 3363 etiam
2021 3324 2156 3364 cum
2186 3284 2230 3350 Ε
2268 3304 2540 3368 Quinimo
2571 3284 2629 3361 et
2658 3322 2910 3378 quorum
2949 3305 3235 3365 virtutum
3274 3284 3475 3372 decus,
3498 3309 3556 3361 et
3580 3284 3923 3380 eloquentia

498 3396 760 3468 factiosis
792 3396 1234 3463 concurristi,et
1263 3413 1396 3451 cum
1439 3394 1918 3452 machinantibus
1939 3398 2156 3454 adver-

500 3504 602 3543 sus
624 3504 779 3554 eum,
804 3490 862 3541 et
880 3486 1072 3541 varias
1093 3484 1480 3557 malignitatis
1505 3486 2041 3557 argumentationes
2064 3504 2157 3543 ex-

497 3575 819 3632 citantibus
850 3574 1219 3630 concertasti.
1244 3573 1393 3637 Quin
1425 3573 1620 3646 potius
1648 3573 1859 3630 horum
1886 3575 2153 3632 omnium

497 3658 996 3737 peccatum,quod
1017 3667 1257 3734 generat
1286 3665 1554 3730 mortem,
1580 3661 1639 3717 iu
1663 3666 1719 3718 te
1751 3664 1982 3737 proprie
2014 3683 2151 3721 con-

496 3758 865 3809 summatum
893 3756 1002 3819 est,
1022 3751 1305 3806 nimirum
1328 3751 1427 3822 qui
1450 3756 1794 3808 cunctarum
1818 3754 2153 3827 praevarica-

492 3842 723 3914 tionum
755 3840 812 3895 in
844 3839 1010 3896 illum
1040 3840 1491 3897 commissarum
1523 3846 1587 3897 tu
1619 3846 1824 3899 auctor
1844 3844 2033 3899 factus
2064 3861 2148 3900 es.

491 3928 638 3986 Nam
672 3935 728 3986 et
759 3929 808 3985 si
847 3934 903 3985 te
935 3929 1290 3986 homicidam
1345 3930 1617 3999 dicimus,
1647 3948 1763 3986 non
1806 3932 2148 3989 mentimur.

488 4020 713 4076 Joanne
744 4018 1007 4092 apostolo
1048 4019 1355 4085 clamante,
1383 4019 1483 4092 qui
1517 4019 1598 4075 ait
1630 4038 1643 4076 :
1678 4021 1867 4077 Omnis
1912 4024 2010 4094 qui
2038 4022 2151 4080 odit

486 4112 718 4181 fratrem
756 4127 937 4180 suum,
970 4109 1245 4165 homicida
1275 4118 1354 4165 est
1386 4109 1434 4180 (I
1455 4110 1613 4165 Joan.
1650 4110 1714 4182 ιι)
1752 4127 1764 4165 :
1799 4108 1846 4166 si
1880 4127 2015 4185 ergo
2047 4112 2148 4185 qui

487 4199 611 4255 odit
650 4200 889 4255 fratrem
944 4198 1243 4253 homicida
1299 4202 1408 4267 est,
1434 4202 1654 4271 quanto
1711 4199 1912 4271 potius
1942 4199 2012 4271 is,
2049 4199 2148 4274 qui

486 4292 713 4360 patrem
749 4305 867 4343 non
899 4286 1090 4344 solum
1124 4286 1268 4355 odit,
1296 4287 1396 4343 sed
1429 4292 1486 4343 et
1531 4291 1819 4360 quantum
1852 4289 1911 4344 in
1944 4306 2005 4346 se
2036 4295 2146 4363 est,

488 4376 748 4432 mactat?
767 4378 1010 4449 insuper
1029 4377 1205 4443 etiam
1230 4375 1299 4445 si,
1325 4382 1390 4431 ut
1420 4377 1632 4446 Achab,
1659 4395 1787 4451 quae
1817 4377 1979 4435 illius
2009 4384 2149 4436 sunt

488 4466 658 4537 rapit,
676 4471 733 4522 et
755 4467 1035 4539 possidet,
1064 4465 1359 4533 homicida
1382 4466 1669 4522 dicendus
1691 4471 1800 4533 est,
1825 4472 1882 4524 et
1910 4486 2025 4527 non
2056 4487 2147 4526 so-

486 4554 611 4609 lum
644 4554 1074 4626 qualiscunque
1104 4554 1418 4623 homicida,
1439 4571 1645 4611 verum
1671 4555 1849 4613 etiam
1874 4561 1928 4615 ct
1964 4560 2147 4630 parri-

2268 3393 2540 3463 nitcrem,
2565 3410 2790 3451 necnon
2821 3398 2879 3450 et
2908 3411 3142 3451 morum
3174 3394 3529 3468 probitatem
3557 3411 3623 3452 ac
3652 3395 3924 3453 exhorta—

2266 3483 2493 3540 tionum
2525 3484 2875 3540 suavitatem
2908 3502 3023 3541 non
3049 3482 3247 3543 solum
3276 3483 3479 3545 ﬁdeles
3509 3500 3693 3558 reges,
3721 3501 3920 3542 verum

2266 3573 2444 3629 etiam
2485 3572 2752 3630 inﬁdeles
2796 3591 2863 3630 ac
2917 3575 3172 3648 tyranni,
3207 3572 3559 3647 barbarique
3603 3574 3921 3647 principes,

2265 3663 2706 3731 reverentia,vel
2726 3681 2937 3736 pavore
2960 3681 3075 3725 non
3097 3664 3327 3721 modico
3349 3664 3739 3723 mansuefacti
3762 3664 3921 3721 vehe-

2265 3756 2492 3808 menter
2525 3751 2837 3825 amplexati
2868 3758 3009 3810 sunt
3049 3758 3112 3810 et
3151 3753 3375 3811 sectati.
3400 3753 3564 3820 Quod
3594 3752 3645 3811 si
3673 3770 3919 3828 magnos

2263 3846 2615 3916 sanctosque
2648 3840 2831 3899 fuisse
2862 3860 2977 3898 non
3011 3860 3190 3917 negas
3218 3843 3380 3917 (quia
3409 3860 3514 3900 nec
3542 3842 3698 3900 vales
3733 3861 3748 3899 :
3783 3841 3918 3899 alio-

2262 3931 2405 4003 quin
2430 3931 2717 4007 pugnabit
2737 3949 2843 4005 pro
2867 3932 2950 3989 eis
2972 3933 3130 3993 orbis
3155 3937 3322 3991 terrae
3340 3936 3548 3991 contra
3566 3931 3917 4003 insensatos)

2261 4024 2488 4093 oportet
2515 4024 2579 4076 ut
2603 4020 2663 4076 in
2686 4019 3215 4081 cunctisEcclesize
3246 4020 3643 4095 dogmatibus,
3663 4025 3722 4078 et
3748 4018 3917 4079 disci-

2260 4109 2439 4181 plinis
2459 4126 2558 4165 eos
2581 4108 2824 4165 solerter
2844 4111 3133 4179 attendas,
3157 4114 3214 4166 et
3241 4114 3589 4169 venerantet
3619 4110 3913 4169 admittas.

2259 4198 2403 4257 Nam
2440 4197 2490 4254 si
2520 4197 2580 4253 in
2611 4197 2834 4257 caeteris
2866 4204 3075 4257 nostra:
3094 4198 3401 4273 religionis
3434 4200 3685 4274 negotiis
3714 4215 3913 4258 eorum

2261 4288 2685 4345 assertionibus
2716 4288 2982 4357 cesseris,
3007 4294 3064 4345 et
3094 4290 3152 4349 in
3184 4287 3282 4346 his
3313 4306 3435 4357 eos,
3461 4286 3522 4347 in
3557 4288 3779 4362 quibus
3810 4294 3912 4347 tua

2258 4376 2612 4451 promotioni
2652 4377 3083 4445 contradicunt,
3117 4377 3555 4452 contempleris,
3592 4383 3837 4453 apparet
3864 4382 3911 4435 te

2258 4466 2455 4524 minus
2486 4465 2664 4523 saluti
2704 4468 3027 4537 communi,
3054 4485 3227 4542 quam
3272 4468 3416 4525 sorti
3456 4469 3694 4542 privatis
3726 4469 3909 4525 inten-

2256 4557 2412 4624 dere,
2442 4573 2507 4613 ac
2529 4573 2632 4629 per
2661 4557 2790 4625 hoc,
2816 4574 2934 4614 non
2961 4574 3090 4630 qua:
3111 4557 3249 4614 Jesu
3280 4557 3521 4627 Christi,
3543 4557 3643 4614 sed
3665 4574 3797 4630 qua
3816 4562 3908 4613 tua

490 4642 653 4698 eida?
686 4643 853 4697 Pater
890 4643 1047 4698 enim
1078 4648 1219 4699 tuus
1268 4649 1393 4698 erat
1442 4644 1727 4716 Ignatius,
1752 4650 1810 4701 et
1866 4650 1928 4702 tu
1986 4648 2145 4705 filius
2178 4662 2223 4726 D
2256 4651 2415 4717 sunt,
2450 4663 2728 4720 quaerere.
2755 4648 2868 4702 Aut
2915 4645 3028 4702 illa:
3072 4646 3241 4704 bonae
3300 4648 3539 4705 arbores
3568 4648 3827 4716 fuerunt,
3858 4650 3907 4703 et

489 4732 638 4803 ejus,
666 4731 766 4803 qui
800 4737 1032 4787 tantum
1064 4750 1099 4787 a
1128 4737 1181 4787 te
1214 4749 1329 4804 prae
1374 4734 1626 4789 naturali
1675 4738 1839 4807 patre
1869 4736 2149 4793 debuerat

487 4819 1073 4895 venerari,quantum
1097 4820 1359 4893 spiritus,
1390 4838 1505 4892 quo
1528 4821 1768 4878 relativa
1798 4823 1919 4881 haec
1949 4827 2142 4883 nomi-

489 4926 565 4964 na
595 4914 800 4965 mutuo
833 4909 1167 4982 possidetis,
1190 4910 1585 4982 praeferendus
1617 4914 1705 4965 est
1735 4914 1915 4968 carni.

559 4996 732 5055 Porro
764 4999 811 5055 si
853 5004 908 5054 te
956 4998 1214 5071 viperam
1267 4996 1657 5070 appellamus,
1690 5018 1807 5057 non
1860 5003 2141 5073 fallimur,

486 5087 845 5161 siquitudcm
871 5094 955 5157 tu,
982 5087 1214 5142 nonnisi
1251 5092 1489 5159 parente
1519 5096 1842 5165 perempto,
1866 5094 2144 5165 proficere

485 5177 805 5232 credidisti.
839 5178 971 5233 Jam
1024 5194 1157 5231 vero
1208 5177 1256 5231 si
1313 5182 1370 5231 te
1427 5180 1545 5233 tam
1579 5179 1704 5252 [leg.
1739 5181 1922 5239 Cham
1957 5199 1969 5236 :
2004 5183 2145 5255 quod

482 5274 533 5321 et
573 5268 853 5338 sequentia
897 5267 1023 5338 plus
1053 5269 1228 5322 nimio
1258 5267 1594 5338 conﬁrment]
1626 5269 1880 5342 similem
1932 5272 2141 5328 asseri-

484 5371 639 5421 mus,
674 5372 777 5409 nec
810 5355 891 5409 sic
923 5372 1188 5411 erramus
1218 5373 1229 5410 :
1257 5357 1381 5429 ipse
1412 5358 1630 5431 quippe
1653 5360 1794 5414 adeo
1827 5358 1885 5415 in
1918 5360 2145 5417 irrisio-

483 5461 616 5498 nem
652 5449 708 5499 et
739 5443 1155 5500 contumeliam
1190 5446 1371 5518 patris
1404 5448 1744 5519 prorupisti,
1770 5452 1834 5503 ut
1854 5450 1925 5505 de
1952 5450 2144 5509 cathe-

482 5532 587 5587 dra
619 5533 965 5589 sacerdotali
1013 5552 1147 5590 eum
1180 5535 1514 5609 projicercs,
1547 5540 1604 5590 et
1652 5536 1725 5592 ad
1771 5537 2139 5598 illudendum

482 5620 702 5685 mimis,
734 5627 789 5677 et
820 5625 1066 5681 scenicis
1093 5626 1484 5681 inverecunde
1516 5626 1813 5697 proderes.
1846 5629 2136 5701 Extremo,

482 5711 527 5765 si
564 5714 615 5765 te
650 5713 866 5770 Jmlmis
912 5732 1346 5788 comparamus,
1382 5715 1626 5771 fortasse
1675 5733 1790 5773 non
1840 5721 2136 5776 modicum

2259 4738 2444 4793 bonos
2495 4737 2722 4793 fructus
2770 4736 3050 4806 fecerunt,
3084 4740 3188 4793 aut
3242 4736 3411 4794 malae
3443 4737 3621 4809 (qued
3651 4736 3827 4805 absit)
3855 4739 3906 4791 et

2257 4826 2484 4885 fructus
2512 4843 2717 4883 eorum
2747 4826 2887 4882 mali
2916 4844 2929 4883 :
2958 4832 3015 4883 et
3042 4827 3095 4884 si
3128 4827 3368 4900 quidem
3407 4827 3547 4884 boni
3589 4827 3830 4883 fuerunt
3852 4828 3906 4881 et

2253 4913 2482 4969 fructus
2502 4930 2705 4970 eorum
2732 4914 2890 4978 boni,
2908 4913 3168 4995 oportuit
3188 4932 3288 4972 eos
3310 4920 3594 4989 tanqtmm
3617 4914 3803 4972 bonos
3821 4928 3902 4969 se-

2254 5002 2353 5075 qui
2379 5019 2393 5056 :
2426 5004 2545 5060 Non
2573 5005 2724 5059 enim
2766 5011 2939 5076 potest
2969 5002 3302 5081 (Evangelia
3335 5004 3608 5078 testante)
3650 5002 3791 5062 bona
3818 5020 3900 5061 ar-

2255 5092 2351 5148 bor
2377 5093 2550 5165 malos
2576 5095 2791 5165 fruetus
2817 5096 2999 5165 facere
3022 5096 3235 5164 (Matth.
3266 5093 3393 5168 tu).
3412 5094 3589 5155 Porro
3618 5094 3674 5153 si
3699 5095 3774 5153 de
3796 5092 3900 5153 eis-

2254 5181 2387 5239 dem
2419 5198 2533 5240 non
2567 5199 2703 5238 cum
2748 5186 2870 5239 tota
2917 5183 3134 5241 Christi
3182 5183 3443 5245 Ecclesia
3460 5183 3897 5258 sapis,,necesse

2251 5275 2341 5327 est
2370 5270 2623 5344 qualiter
2643 5271 2729 5328 vel
2759 5270 2893 5345 ipsi,
2917 5272 3006 5329 vel
3031 5270 3258 5330 fructus
3275 5290 3479 5330 eorum
3499 5272 3639 5329 mali
3673 5271 3897 5341 fuerint,

2250 5360 2524 5434 plurimis
2543 5361 2823 5418 adhibitis
2840 5380 2910 5418 ex
2930 5363 3089 5418 omni
3109 5363 3365 5421 Ecclesia
3381 5362 3635 5425 testibus
3650 5377 3895 5439 compro-

2249 5450 2354 5507 bes
2378 5453 2435 5505 et
2460 5450 2719 5508 affirmes
2744 5469 2756 5506 :
2781 5452 3058 5525 quoniam
3085 5451 3191 5510 tibi
3214 5450 3323 5510 soli
3347 5469 3524 5526 super
3542 5450 3655 5513 hoc
3675 5446 3891 5529 negotio

2250 5539 2545 5596 contraria
2575 5540 2845 5596 suadenti
2875 5559 2992 5598 non
3018 5541 3297 5601 creditur.

2318 5629 2451 5685 Jam
2482 5646 2614 5685 vero
2670 5629 2720 5685 si
2746 5694 2751 5701 ,
2776 5631 3011 5702 dixeris,
3038 5630 3200 5695 Bona
3229 5637 3287 5690 et
3310 5635 3481 5708 grata
3538 5636 3699 5702 sunt,
3731 5635 3889 5703 atque

2248 5718 2529 5787 salubria,
2576 5736 2704 5792 quae
2744 5722 3227 5794 praedicaverunt.
3276 5718 3363 5782 vel
3414 5724 3768 5791 statuerunt.
3799 5716 3883 5781 sed
