4098 6460
108 444 283 509 1053

1491 446 1808 512 NICOLAI
1848 446 2082 510 PAPIE
2125 448 2173 510 Ῑ.

3381 453 3536 518 1054

108 598 239 638 non
299 580 556 655 repellat.
592 583 896 655 Siquidem
946 601 1101 640 nunc
1159 601 1262 658 pro
1313 585 1604 652 omnibus,
1641 602 1767 657 qum
1798 584 1854 651 Α
1885 586 1939 638 et
1971 584 2121 656 apud
2157 583 2388 640 aurium
2424 589 2760 642 nostrarum
2792 585 3028 642 auditur
3071 585 3359 646 odorifero.
3410 605 3538 645 cre-

106 671 375 744 sparsim
408 688 510 745 per
540 671 720 745 hujus
743 673 1003 746 epistola
1024 678 1249 731 textum
1271 680 1328 731 te
1355 681 1556 731 contra
1577 673 1775 731 omnia

96 762 290 833 jussa
309 762 507 818 divina
528 767 895 836 perpetrasse
917 765 1634 831 commemoravimus,Dei
1658 782 1778 820 om-

105 851 438 923 nipotentis
459 855 514 906 et
535 852 838 908 beatorum
863 853 1255 925 apostolorum
1279 854 1610 926 principum
1626 854 1774 910 Petri

109 957 188 996 ac
220 939 402 1009 Pauli,
437 957 504 996 ac
535 941 801 996 omnium
836 941 1012 997 simul
1045 949 1592 1016 sanctorum,atque
1613 961 1777 1000 vene-

110 1030 440 1085 randorum
463 1047 562 1085 sex
575 1030 994 1087 universalium
1018 1033 1396 1088 conciliorum
1413 1033 1772 1101 auctoritate,

113 1135 348 1173 necnon
380 1123 438 1174 et
459 1118 712 1191 Spiritus
734 1121 920 1175 sancti
943 1138 1044 1193 per
1065 1139 1169 1177 nos
1201 1123 1425 1193 judicio
1450 1126 1657 1178 cuncto
1682 1140 1776 1178 sa-

113 1207 399 1262 cerdotali
425 1207 736 1275 honore,ac
751 1210 985 1265 nomine
997 1212 1174 1282 (quod
1191 1217 1488 1283 gementes
1502 1211 1776 1280 dicimus)

113 1296 434 1361 alienus,et
454 1297 614 1353 omni
638 1296 946 1355 clericatus
968 1316 1036 1354 ex
1057 1300 1246 1356 ofﬁcio
1270 1318 1510 1372 prorsus
1533 1305 1741 1356 exutus
1763 1319 1774 1358 :

114 1386 203 1442 ita
224 1390 289 1441 ut
315 1387 362 1442 si
387 1390 519 1458 post
539 1387 809 1442 notitiam
835 1387 1014 1459 hujus
1036 1389 1559 1462 sanationisquam
1585 1390 1780 1446 divina

113 1474 508 1546 inspiratione
530 1475 933 1548 depromptam
968 1494 1096 1533 esse
1127 1479 1597 1546 credimus,dum
1629 1497 1778 1534 una-

116 1563 397 1620 nimitate
415 1568 471 1619 et
488 1565 798 1620 concordia
814 1571 1028 1621 sanctae
1051 1567 1258 1639 synodi
1280 1567 1358 1623 sit
1379 1567 1578 1639 procul
1600 1569 1778 1624 dubio

115 1653 515 1726 promulgata,
550 1655 787 1709 tentasti
823 1655 880 1709 in
915 1655 1553 1729 Constantinopolitano
1571 1658 1780 1713 throno

116 1742 456 1815 praesidere,
481 1759 546 1798 ac
573 1760 724 1815 szepe
749 1745 865 1800 fato
882 1744 1195 1801 venerabili
1216 1746 1556 1818 coepiscopo
1583 1751 1779 1803 nostro

117 1831 375 1905 Ignatio,
413 1832 731 1904 quominus
761 1833 1066 1889 ecclesiam
1098 1834 1209 1890 sibi
1241 1835 1619 1891 commissam
1655 1837 1782 1892 sine

1885 673 2185 730 brescente
2208 675 2364 729 fama
2388 672 2760 731 laudabiliter
2781 675 3459 749 frequentare,caepimus
3481 682 3537 734 et

1885 780 1990 819 nos
2021 764 2226 820 exinde
2259 765 2578 821 immensas
2609 765 2796 820 eidem
2821 766 3088 821 omnium
3118 767 3402 822 donarum
3424 767 3534 823 lar-

1885 852 2057 925 gitori
2084 853 2330 908 Domino
2363 855 2583 926 gratias
2615 871 2783 926 agere
2817 871 2828 909 :
2855 859 2911 910 et
2942 859 3007 910 ut
3057 855 3176 910 haec
3223 856 3281 910 in
3329 861 3384 911 te
3414 873 3534 912 cre-

1886 959 2042 997 scere
2093 943 2324 1008 faceret,
2354 943 2580 997 enixius
2642 942 2976 1014 implorare,
3011 944 3111 1014 qui
3162 961 3264 1016 pro
3312 961 3536 1017 magnae

1887 1029 2118 1102 pietatis
2149 1046 2361 1097 suae,ac
2385 1029 2700 1085 ineffabilis
2723 1029 3134 1084 misericordiae
3161 1030 3540 1086 multitudine

1886 1123 2048 1175 tanto
2065 1119 2288 1191 apicem
2312 1117 2659 1174 excellentia:
2687 1123 2797 1174 tua:
2821 1123 2954 1190 post
2977 1118 3291 1174 sublimius
3314 1120 3537 1188 extulit,

1888 1214 2106 1282 quanto
2139 1225 2241 1281 per
2271 1214 2326 1263 te
2359 1225 2669 1281 oppressos
2697 1208 2862 1280 erigi,
2883 1214 2939 1262 et
2970 1208 3366 1280 opprimentes
3389 1226 3542 1265 com-

1888 1299 2082 1371 primi,
2118 1304 2174 1353 et
2219 1298 2534 1354 exaltantes
2594 1296 2914 1353 Ecclesiam
2972 1314 3139 1352 suam
3190 1297 3451 1366 exaltari,
3486 1303 3542 1354 et

1889 1389 2269 1444 humiliantes
2301 1389 2450 1444 hanc
2480 1388 2664 1442 voluit
2694 1387 3230 1442 humiliari.Posuit
3250 1388 3464 1460 quippe
3487 1393 3542 1444 te

1890 1479 1948 1533 in
1982 1477 2238 1533 Ecclesia
2267 1495 2375 1536 sua
2405 1477 2558 1533 sicut
2588 1478 2923 1542 cedrum,ut
2955 1476 3065 1532 sub
3089 1477 3297 1532 umbra
3328 1482 3431 1532 tua
3460 1495 3544 1534 re-

1891 1568 2192 1640 frigerium
2227 1567 2490 1632 cruciati,
2521 1571 2578 1621 et
2610 1566 3026 1639 protectionem
3059 1565 3356 1621 inveniant
3382 1567 3545 1622 deso-

1891 1657 2013 1723 lati,
2049 1674 2115 1712 ac
2165 1655 2408 1712 diversis
2457 1655 2899 1728 fatigationibus
2949 1655 3210 1710 lacerati.
3244 1656 3380 1711 Post
3422 1655 3544 1712 hare

1892 1751 2087 1802 autem
2121 1745 2452 1801 audivimus
2486 1745 2543 1799 in
2577 1742 3224 1816 Constantinopolitana
3252 1744 3396 1799 urbe
3418 1745 3544 1801 dis-

1893 1835 2216 1900 sensiones,
2268 1835 2693 1900 contentiones,
2745 1833 3053 1899 clamores,
3087 1834 3544 1904 conjurationes,

118 1921 331 1994 quavis
362 1921 768 1993 inquietudine
803 1939 1002 1995 regere
1033 1928 1228 1996 posset
1252 1925 1547 1997 impedisti
1575 1944 1586 1980 :
1612 1925 1699 1980 vel
1731 1925 1778 1982 si
1811 1959 1862 2025 B
1894 1923 2376 1996 conspirationes,
2406 1923 2707 1989 factiones,
2743 1923 3166 1990 animositates,
3194 1923 3544 1992 simultates,

117 2012 197 2066 de
220 2009 723 2066 ministeriosacro
747 2010 990 2066 ulterius
1004 2011 1360 2068 aususfuisti
1383 2013 1603 2085 aliquid
1625 2032 1783 2070 more

117 2097 445 2156 sacerdotis
467 2099 1008 2171 contingere,juxta
1030 2103 1453 2172 praecedentem
1479 2109 1784 2158 consuetu-

117 2188 320 2244 dinem
354 2189 527 2260 (quod
560 2193 764 2243 contra
794 2205 1046 2244 canones
1077 2191 1183 2262 est)
1219 2191 1378 2246 nullo
1412 2193 1584 2247 modo
1613 2191 1785 2248 liceat

115 2277 228 2333 tibi
259 2277 692 2332 communionis
722 2294 906 2349 spem,
943 2283 1043 2332 aut
1082 2278 1274 2335 locum
1308 2280 1521 2336 habere
1553 2281 1782 2337 satisfa-

116 2365 462 2433 ctionis,sed
486 2365 881 2421 anathematis
901 2365 1149 2423 vinculis
1170 2368 1488 2424 innodatus
1511 2388 1625 2425 una
1650 2388 1782 2426 cum

119 2455 731 2511 comrnunicatoribus
765 2456 908 2527 tuis,
943 2462 1118 2528 atque
1142 2457 1469 2514 fautoribus
1500 2465 1783 2531 perpetuo

120 2544 228 2602 Dei
244 2543 489 2616 judicio,
506 2561 572 2600 ac
591 2545 884 2601 sententia
905 2563 1008 2618 per
1037 2546 1495 2602 mediocritatem
1521 2554 1783 2604 nostram

121 2638 403 2700 existens,
422 2650 653 2689 sacrum
687 2651 898 2706 corpus
929 2640 986 2690 et
1015 2636 1362 2709 sanguinem
1396 2638 1622 2692 Domini
1644 2638 1783 2693 Jesu

123 2723 340 2780 Christi
375 2723 608 2779 nonnisi
638 2722 825 2779 vicino
859 2724 1066 2780 mortis
1089 2725 1346 2797 periculo
1378 2731 1780 2798 percepturus.

125 2815 426 2879 Quatenus
459 2812 577 2866 haec
607 2813 1016 2886 unusquisque
1049 2814 1248 2870 dicens
1275 2831 1286 2870 :
1314 2833 1687 2888 nequaquam
1715 2818 1786 2872 de

125 2906 336 2956 caetero
367 2901 679 2957 temeraria
709 2903 1164 2975 praesumptione
1195 2922 1262 2959 ex
1301 2905 1465 2961 laicis
1504 2905 1697 2963 subito
1726 2908 1784 2963 in

125 2990 441 3047 dominicis
501 2992 710 3046 castris
757 2991 1053 3064 insperato
1100 2995 1533 3065 quodammodo
1565 2995 1784 3068 impetu

125 3081 383 3151 irrepere
415 3081 645 3147 audeat,
662 3085 720 3135 et
752 3081 1115 3153 principatus
1147 3099 1342 3137 amore
1366 3087 1498 3138 ante
1519 3085 1637 3139 dux
1658 3103 1785 3141 esse

124 3168 288 3236 velit,
325 3185 503 3240 quam
553 3168 761 3224 tironis
810 3176 1178 3225 consummet
1224 3171 1504 3240 officium,
1540 3177 1596 3228 et
1652 3180 1785 3230 ante

127 3262 314 3314 tentet
345 3259 570 3321 docere,
605 3275 783 3331 quam
815 3259 1057 3327 discere,
1093 3260 1245 3316 sicut
1289 3260 1348 3316 in
1395 3263 1598 3318 eadem
1638 3267 1783 3319 Con-

130 3347 654 3420 stantinopalitana
683 3348 939 3404 Ecclesia
989 3367 1138 3421 saepe
1189 3355 1615 3424 praesumptum
1658 3370 1784 3410 esse

130 3435 548 3508 comperimus.
572 3437 638 3490 Et
659 3455 866 3492 rursus
898 3455 970 3493 ne
999 3439 1353 3511 contemptis
1374 3440 1600 3497 clericis
1624 3446 1784 3514 (quo-

131 3543 266 3581 rum
299 3529 499 3597 utpote
525 3525 584 3579 in
616 3530 736 3580 tam
769 3543 983 3598 magna
1012 3528 1156 3583 urbe
1185 3528 1421 3600 copiosa
1471 3530 1785 3588 multitudo

130 3618 244 3682 est)
274 3613 526 3687 quisque
558 3615 628 3669 ab
659 3614 805 3687 ipsis
839 3619 926 3685 (ut
955 3615 1037 3671 ita
1080 3617 1421 3685 dixerimus)
1453 3621 1783 3687 cunabulis,

129 3703 608 3775 imprzetermisso
640 3703 836 3760 labore
869 3705 929 3759 in
953 3705 1209 3761 Ecclesia
1225 3707 1440 3762 Christi
1464 3709 1780 3780 dcsudant;

129 3798 188 3850 et
206 3792 596 3849 indesinentia
616 3794 860 3850 Domino
881 3796 1154 3852 exhibent
1172 3797 1468 3854 servitutis
1482 3800 1781 3872 obsequia,

130 3884 182 3940 is
242 3883 340 3955 qui
395 3882 612 3939 deforis
667 3889 777 3950 est,
811 3884 1052 3940 alterius
1100 3886 1266 3942 ovilis
1305 3887 1517 3942 Christi
1551 3895 1786 3961 repente

129 3971 528 4045 principatum
556 3973 818 4045 arripiat,
835 3978 891 4028 et
923 3974 1142 4030 nitatur
1173 3993 1319 4046 quos
1348 3993 1476 4030 esse
1509 3993 1647 4032 suos
1669 3995 1784 4033 non

128 4061 516 4134 recognoscit,
547 4061 893 4134 discerpere,
928 4069 985 4118 et
1015 4079 1154 4136 grex
1185 4063 1523 4120 Dominicus
1545 4065 1787 4137 incipiat

129 4166 266 4206 eum
299 4153 500 4221 utpote
530 4155 961 4217 extraneum,et
985 4152 1369 4224 improvisum
1393 4153 1630 4208 omnino
1654 4171 1784 4210 con-

129 4240 742 4310 temnere,praasertim
765 4256 899 4295 cum
925 4241 1241 4313 perspiciat
1263 4240 1408 4296 nihil
1433 4241 1540 4297 sibi
1566 4243 1786 4320 stipen-

133 4327 232 4383 dia
251 4327 564 4400 profecisse
590 4329 1017 4397 meritorum,et
1039 4330 1299 4386 alienum
1323 4348 1566 4387 suorum
1589 4337 1789 4388 cernat

133 4431 478 4473 consumere
500 4417 725 4473 fructus
741 4416 1030 4474 laborum.
1047 4419 1192 4474 Data
1208 4418 1408 4474 Idibus
1422 4420 1784 4489 Novembris,

134 4505 454 4563 indictione
481 4523 576 4562 xv.

625 4729 697 4767 AD
738 4729 973 4768 BARDAM
1013 4729 1288 4769 CAESARE}!
1298 4757 1308 4768 .

778 4802 962 4876 (Anno
999 4803 1152 4870 866.)

135 4899 287 4958 Dolet
313 4915 370 4983 se
397 4899 681 4984 depulsum
706 4902 878 4984 fuisse
999 4917 1110 4972 spe,
1133 4917 1308 4984 quam
1355 4902 1419 4984 ob
1454 4903 1629 4984 multa
1672 4921 1791 4984 quae

207 4990 242 5028 a
267 4971 544 5044 principio
574 4973 637 5028 de
664 4971 782 5045 ejus
809 4974 1009 5045 pietate
1024 4971 1308 5037 audierat,
1345 4974 1405 5027 in
1455 4975 1570 5044 ipso
1619 4971 1790 5032 cotto-

207 5053 454 5111 caverat;
475 5046 725 5100 hortatur
744 5062 868 5102 eum
888 5053 949 5100 ut
967 5045 1329 5114 resipiscat,et
1345 5060 1568 5099 causam
1585 5047 1794 5115 Ignatii

209 5115 354 5187 apud
384 5118 766 5188 imperatorem
795 5125 940 5186 agat,
976 5117 1212 5189 ipsisque
1243 5116 1434 5186 legatis
1462 5117 1602 5172 sedis
1632 5135 1789 5190 apos-

209 5187 392 5245 tolica
419 5189 621 5258 faveat.

209 5189 392 5245 ιοιίοέε
420 5189 621 5245 faveat.

657 5285 842 5357 [Apud
876 5285 1084 5354 Mansi,
1117 5284 1278 5356 ibid.]

211 5399 500 5454 NICOLAUS
558 5401 888 5473 episcopus,
945 5419 1146 5458 servus
1198 5417 1495 5456 servorum
1561 5399 1677 5467 Dei,
1730 5401 1790 5456 in

141 5487 370 5544 Christo
405 5486 700 5561 diligendo
728 5489 847 5544 ﬁlio
880 5491 1089 5545 Binum;
1118 5490 1335 5564 inclyte
1366 5489 1597 5545 Caesari.

213 5578 530 5649 Postquam
553 5577 654 5633 Dei
687 5579 1104 5651 omnipotentis
1133 5579 1190 5633 in
1223 5585 1278 5634 te
1309 5583 1608 5651 cmperunt
1638 5580 1790 5636 dona

139 5666 304 5722 miris
334 5667 706 5725 successibus
735 5669 1379 5739 abundare,eorumque
1399 5669 1789 5726 donorumin-

139 5756 331 5830 signia
350 5756 521 5830 longe
545 5757 776 5830 lateque
796 5757 1218 5832 gtoriosissime
1230 5774 1787 5829 coruscare,necnon

1893 2019 1949 2070 et
1979 2018 2183 2068 caetera
2232 2013 2622 2078 incommoda,
2657 2027 2760 2066 seu
2816 2010 3180 2077 discrimina,
3213 2010 3294 2066 ita
3332 2017 3397 2066 ut
3418 2013 3546 2082 jam

1893 2103 2199 2158 imminere
2227 2103 2536 2157 credamus
2566 2099 2666 2155 illa
2713 2105 2997 2171 tempora,
3022 2117 3148 2171 quae
3181 2099 3252 2154 ab
3285 2100 3546 2171 apostolo

1894 2190 2229 2248 novissimis
2258 2190 2465 2245 diebus
2496 2190 2787 2245 instatura
2817 2189 2936 2243 fore
2979 2187 3255 2260 praedicta
3303 2193 3459 2258 sunt,
3491 2193 3548 2244 et

1895 2298 2101 2354 urgere
2150 2285 2500 2353 putarentur
2543 2279 2742 2334 omnia
2788 2278 2978 2350 signa,
3012 2295 3139 2349 quae
3193 2278 3548 2350 Redemptor

1895 2377 2092 2427 noster
2125 2373 2297 2425 ﬁnem
2323 2369 2527 2423 mundi
2563 2372 2925 2440 przeventura
2955 2381 3082 2422 esse
3125 2367 3543 2438 pronuntiavit.

1895 2461 2042 2527 Quid
2075 2465 2266 2515 autem
2303 2459 2575 2530 nequius,
2602 2459 2718 2512 imo
2752 2455 3161 2528 periculosius,
3196 2473 3374 2528 quam
3415 2460 3547 2512 ante

1886 2546 2600 2621 justam,canonicamque
2623 2543 2981 2600 audientiam
3004 2543 3129 2599 sola
3151 2543 3414 2599 saeculari
3444 2561 3545 2616 po-

1893 2638 2078 2694 tentia
2108 2635 2416 2710 praesulem
2449 2652 2480 2690 a
2511 2652 2618 2689 sua
2649 2634 2784 2689 sede
2816 2632 3274 2705 pmpelli,atque
3305 2632 3550 2688 ecclesia

1895 2728 2007 2784 sibi
2041 2726 2319 2782 divinitus
2342 2722 3094 2793 commissa,consensuque
3115 2739 3180 2777 ac
3204 2722 3548 2794 subcriptio-

1896 2835 1966 2873 ne
2001 2814 2443 2890 provincialium
2468 2813 2856 2878 sacerdotum,
2874 2815 2929 2865 et
2945 2811 3546 2882 compatriarcharum

1895 2905 2308 2962 communione
2359 2904 2628 2958 roborata
2674 2899 2926 2973 privari?
2957 2905 3014 2954 et
3063 2916 3196 2955 eum
3246 2899 3346 2972 qui
3397 2901 3547 2955 inter

1894 2996 2080 3051 Deum
2111 3001 2167 3049 et
2196 2991 2491 3047 hominem
2515 2989 2901 3061 interpres,ab
2930 2988 3343 3043 intercessione
3371 3005 3548 3060 popu-

1893 3082 2284 3150 lorum,nulla
2314 3084 2637 3136 monstrata
2667 3096 2834 3145 noxa,
2868 3077 2991 3132 solo
3023 3095 3124 3148 pro
3145 3076 3312 3131 libitu
3341 3076 3546 3132 unius-

1895 3175 2180 3246 cujusque
2211 3170 2532 3226 removeri?
2563 3168 2729 3233 Quid,
2767 3165 3427 3238 inquam,nequius,aut
3446 3183 3547 3238 pc-

1895 3262 2229 3326 riculosius,
2263 3276 2438 3332 quam
2472 3262 2536 3312 ut
2566 3255 2839 3328 discipuli
2875 3273 3055 3310 manu
3104 3254 3163 3309 in
3197 3253 3546 3327 magistrum

1897 3352 2202 3424 injiciant?
2225 3349 2327 3404 ﬁlii
2349 3348 2579 3420 viperas
2602 3347 2902 3401 imitantes
2925 3349 3226 3416 parentem
3250 3344 3545 3415 propriam

1896 3444 2207 3513 (quantum
2230 3439 2289 3493 in
2305 3438 2449 3509 ipsis
2466 3437 2574 3506 est)
2590 3433 2980 3490 interficiant?
2993 3433 3161 3505 eique
3181 3431 3544 3497 maledicere,

1897 3549 1930 3587 a
1960 3548 2074 3604 quo
2095 3526 2384 3584 benedicti
2409 3526 2584 3581 sunt?
2606 3541 2738 3579 eum
2774 3522 3074 3595 projicere,
3109 3539 3143 3577 a
3175 3538 3290 3593 quo
3323 3523 3392 3576 ad
3426 3520 3544 3576 sin-

1895 3621 2165 3694 gulorum
2181 3617 2470 3690 graduum
2493 3613 2773 3668 honorem
2799 3611 3036 3684 profecti
3063 3610 3396 3676 sunt‘IQuid
3411 3627 3543 3666 vero

1897 3705 2442 3783 praesumptuosius,
2479 3720 2655 3775 quam
2688 3703 2736 3757 si
2770 3701 2977 3774 pulsus
3027 3700 3281 3772 aliquem
3313 3699 3544 3772 pellere,

1895 3803 1997 3854 aut
2019 3801 2276 3852 remotus
2290 3795 2711 3858 removere,aut
2733 3790 2949 3863 ligatus
2972 3789 3151 3862 ligare
3175 3788 3389 3844 tentet?
3401 3787 3546 3851 Quid

1895 3892 2174 3960 praeterea
2229 3880 2756 3947 inconvenientius,
2791 3880 2876 3935 vel
2927 3879 3341 3946 inordinatius,
3373 3882 3549 3949 atque

1895 3975 2197 4032 confusius
2219 3973 2309 4045 agi
2337 3974 2543 4044 potest,
2561 3986 2738 4041 quam
2769 3972 2932 4023 tanta
2964 3968 3383 4023 numerositate
3401 3969 3547 4022 Con-

1895 4061 2552 4135 stantiuopolitanorum
2581 4058 2946 4125 clericorum,
2981 4062 3262 4128 tanquam
3295 4059 3414 4110 tota
3459 4054 3546 4110 vel

1895 4155 2029 4210 ﬁdei
2059 4151 2368 4208 violatione
2401 4146 2736 4219 polluta,vel
2767 4145 3008 4201 inscitiae
3032 4144 3370 4217 insipientia
3391 4160 3550 4198 ener-

1894 4249 2046 4310 vata,
2069 4242 2159 4296 vel
2191 4237 2436 4294 diversis
2466 4234 2814 4291 criminibus
2845 4235 3040 4299 irreta,
3065 4238 3260 4305 spreta
3290 4232 3544 4304 penitus,

1896 4350 1962 4388 ac
1994 4331 2321 4402 reprobata,
2354 4326 2568 4381 laicum
2599 4340 2776 4395 super
2805 4323 2955 4378 hanc
2988 4322 3230 4395 erigere,
3264 4326 3320 4376 et
3358 4325 3546 4376 extra-

1898 4439 2074 4478 neum
2106 4435 2282 4491 super
2312 4433 2441 4471 eam
2474 4414 2770 4478 inducere,
2801 4417 2857 4467 et
2885 4411 2945 4466 in
2985 4427 3053 4466 ea
3101 4414 3302 4466 contra
3349 4426 3547 4466 sacros

1897 4526 2170 4571 canones,
2204 4508 2322 4562 imo
2351 4521 2483 4560 vero
2515 4503 2794 4558 adversus
2826 4499 3157 4573 apostolum
3188 4499 3548 4573 neophytum

1898 4598 2205 4658 ordinare?
2235 4596 2366 4652 Jam
2413 4610 2546 4648 vero
2599 4591 2646 4648 si
2701 4591 3062 4664 neophytum
3116 4589 3349 4646 nonnisi
3381 4589 3550 4645 novi-

1822 4701 1869 4765 D
1898 4697 1987 4746 ter
2027 4689 2087 4743 in
2141 4687 2255 4741 {ide
2304 4683 2636 4755 plantatum
2681 4679 2875 4735 dicitis
2908 4697 2922 4734 ε
2953 4679 3396 4752 respondemus,
3432 4697 3549 4735 non

1900 4781 2010 4836 hoc
2075 4776 2220 4832 illud
2288 4772 2457 4828 nobis
2524 4787 2738 4825 nomen
2805 4769 3138 4842 signiﬁcare
3190 4786 3203 4824 :
3256 4767 3548 4840 siquidem

1899 4870 1960 4924 in
2006 4866 2105 4922 illo
2155 4861 2410 4928 nomine,
2437 4859 2592 4931 quod
2642 4861 2730 4914 est
2777 4858 3124 4930 neophytus,
3158 4856 3302 4911 nihil
3336 4857 3406 4912 de
3435 4857 3548 4912 fide

1900 4961 2089 5016 sonat.

1972 5047 2084 5104 Sed
2117 5042 2310 5100 dicitis
2345 5057 2357 5094 :
2392 5044 2477 5094 Ita
2508 5038 2616 5093 hoc
2648 5037 2832 5094 sancti
2887 5037 3088 5091 Patres
3134 5032 3318 5089 nostri
3367 5031 3547 5087 inter-

1900 5139 2226 5210 pretantur,
2257 5128 2524 5186 videlicet
2572 5132 2638 5182 ut
2689 5125 3017 5197 neophytus
3061 5123 3287 5178 noviter
3329 5121 3388 5176 in
3433 5121 3559 5176 ﬁde"

1900 5225 2197 5298 plantatus
2226 5215 2623 5290 intelligatur?
2651 5217 2722 5270 At
2765 5230 2871 5270 nos
2919 5211 3364 5285 respondemus,
3389 5212 3543 5282 quod

1902 5319 2212 5387 postquam
2234 5309 2294 5363 in
2318 5305 2735 5378 compositione
2757 5302 3014 5359 nominis
3036 5301 3216 5372 hujus
3238 5299 3319 5354 nil
3343 5300 3413 5354 de
3435 5301 3548 5354 fide

1901 5419 2108 5460 sonare
2140 5400 2399 5460 scit,non
2430 5395 2617 5451 solum
2645 5393 2704 5448 in
2735 5393 3086 5460 fide,verum
3128 5389 3302 5444 etiam
3336 5388 3395 5442 in
3428 5387 3546 5443 cle-

1900 5492 2062 5549 ricali
2087 5488 2298 5545 militia
2329 5485 2550 5541 noviter
2581 5485 2833 5539 insertus
2857 5481 3184 5554 neophytus
3219 5477 3410 5534 valeat
3439 5495 3544 5549 ap-

1898 5574 2627 5656 pellari,quemadmodum
2654 5578 2710 5628 et
2732 5578 2970 5628 sanctus
2993 5567 3549 5643 papaGregorius,et

1897 5671 2216 5744 Anglorum
2242 5663 2431 5738 gentis
2463 5661 2764 5735 apostolus
2796 5663 3143 5718 intercessor
3171 5661 3361 5714 vester
3389 5657 3544 5728 apud

1901 5743 2104 5834 Deum,
2119 5759 2219 5831 qui
2240 5760 2298 5812 et
2318 5753 2436 5809 vim
2467 5750 2723 5808 nominis
2742 5751 2912 5808 istius
2941 5747 3351 5823 perspicaciter
3369 5743 3546 5803 intel-
