4098 6470
513 413 674 479 1065

1884 399 2202 466 NIGOLAI
2235 400 2341 464 ΡΑ
2351 401 2483 464 PE
2517 400 2569 465 Ia

3787 396 3965 462 ωσο

512 549 674 617 lexit,
707 553 761 604 et
793 551 988 621 patres
1019 545 1152 603 illos
1187 546 1402 611 forsan,
1437 559 1584 616 quos
1625 539 1838 607 dicitis,
1874 538 2172 594 subtiliter
2202 539 2255 602 Α
2284 542 2400 591 tem
2423 537 2677 593 extensis
2701 535 3084 609 benignitatis
3103 533 3361 592 brachiis
3387 533 3707 592 clementer
3725 533 3940 606 ample

515 639 904 712 investigavit,
940 638 1094 692 inter
1148 640 1354 690 caetera
1408 631 1636 695 scribit,
1694 631 1896 684 (licens
1951 645 1963 682 :
2013 628 2172 682 Sicut

515 733 714 786 autem
735 733 876 784 tunc
906 725 1233 798 neopbytus
1255 723 1579 787 dicebatur,
1605 719 1706 792 qui
1737 718 1908 773 initio
1941 718 2001 772 in
2035 733 2170 772 san-

516 823 619 875 cta:
653 818 789 874 fidei
835 818 960 872 erat
1003 813 1440 870 conversatione
1488 811 1828 883 plantatus:
1864 807 1947 863 sic
1999 806 2173 861 modo

519 907 849 980 neophytus
875 904 1181 962 habendus
1211 905 1320 968 est,
1357 900 1456 974 qui
1493 903 1728 971 repente
1781 898 1839 952 in
1874 894 2174 968 religionis

517 996 723 1053 habitu
757 994 1051 1068 plantatus
1075 993 1145 1048 ad
1179 990 1524 1047 ambiendos
1552 988 1804 1044 honores
1849 1001 2049 1042 sacros
2096 984 2172 1038 ir-

517 1085 783 1157 repserit.
825 1082 972 1147 Quid
1005 1098 1215 1136 rursus
1263 1077 1650 1151 perniciosius
1696 1081 1804 1141 est,
1840 1092 2016 1148 quam
2051 1072 2174 1129 cui-

519 1191 696 1248 quam
727 1189 794 1228 ex
824 1169 1220 1228 schismaticis
1241 1169 1398 1224 intra
1422 1171 1588 1240 septa
1613 1165 1919 1222 Dominica
1957 1162 2174 1236 princi-

516 1268 720 1336 patum
751 1261 1029 1326 tribuere,
1049 1266 1106 1314 et
1129 1277 1229 1332 per
1258 1259 1570 1313 damnatos
1601 1255 2052 1318 sanctiﬁcare,et
2074 1269 2176 1324 per

515 1351 812 1425 depositos
861 1351 933 1406 ad
983 1347 1376 1405 sacerdotium
1426 1346 1769 1412 sublimare,
1818 1348 1875 1400 et
1931 1342 2176 1398 viventis

514 1441 710 1496 locum
742 1437 1064 1510 subripere,
1098 1440 1157 1492 et
1204 1435 1370 1491 alteri
1423 1433 1640 1490 Christi
1694 1448 1974 1506 sponsam
2020 1447 2176 1485 com-

515 1530 762 1586 missam
794 1532 1099 1589 temerarc,
1135 1529 1190 1580 et
1222 1525 1283 1580 in
1317 1523 1674 1597 apostasiam
1708 1521 1926 1577 multos
1953 1521 2176 1575 demer-

516 1636 672 1692 gere,
704 1622 760 1672 et
791 1616 848 1672 in
886 1616 1288 1670 infidelitatem
1310 1609 1696 1685 impellere,et
1726 1628 1760 1666 a
1789 1609 2171 1682 professione,

513 1708 604 1764 vel
639 1706 1069 1778 subscriptione
1101 1721 1209 1760 sua
1241 1721 1356 1758 non
1392 1719 1608 1775 paucos
1641 1703 1982 1766 avertere,et
2002 1697 2178 1754 eccle-

517 1798 667 1854 siam
705 1813 808 1869 per
839 1799 1064 1850 exteras
1094 1796 1408 1865 potestates
1441 1791 1722 1862 accipere,
1747 1806 1813 1844 ac
1846 1806 1948 1861 per
1977 1788 2086 1843 hoc
2117 1787 2177 1842 in

2283 632 2490 681 ctetur.
2525 628 2593 681 Et
2620 645 2739 683 non
2772 632 3001 682 tantum
3033 626 3377 699 indignatus
3423 631 3513 681 est
3544 643 3649 697 pro
3682 625 3959 690 laesione,

2281 734 2460 789 quam
2488 717 2754 774 Ecclesiae
2787 717 2947 773 illius
2979 721 3255 789 operatus
3284 733 3370 788 es,
3404 719 3696 788 quantum
3729 712 3966 770 lembi-

2281 811 2398 873 tur,
2431 807 2482 863 si
2513 823 2687 880 quem
2718 806 2921 862 laesisti
2950 806 3234 862 adversus
3289 804 3632 868 Ecelesiam,
3665 804 3966 875 adjuvare

2283 897 2674 953 contenderis.
2698 896 2963 968 Porrigat
2991 895 3171 968 igitur
3199 893 3387 967 pietas
3410 897 3518 949 tua
3537 893 3969 949 Constantino-

2282 986 2553 1058 politanm
2583 985 2853 1042 Ecclesiae
2881 1001 3149 1052 manum,
3185 1000 3291 1040 nec
3324 982 3584 1056 patiatur
3615 982 3774 1038 hanc
3825 999 3969 1038 am-

2284 1073 2441 1148 plius
2475 1091 2581 1131 suo
2595 1075 2722 1145 jam
2746 1073 3088 1129 destitutam
3112 1077 3331 1128 rectore
3349 1072 3677 1128 subsistere
3697 1088 3716 1126 :
3742 1076 3971 1127 etme-

2284 1170 2509 1220 rentem
2528 1181 2594 1220 ac
2616 1163 2913 1236 lugentem
2937 1162 3224 1218 incedere.
3239 1161 3538 1217 Virtutum
3561 1161 3968 1228 charismata,

2284 1270 2412 1326 quae
2428 1253 2533 1308 tibi
2550 1252 2836 1308 Dominus
2850 1256 3048 1308 noster
3067 1250 3240 1306 Jesus
3253 1250 3525 1306 Christus
3541 1249 3820 1317 contulit,
3841 1267 3967 1306 non

2284 1347 2487 1400 contra
2517 1359 2598 1408 se,
2631 1342 2730 1398 sed
2759 1358 2864 1414 pro
2897 1357 2979 1407 se,
3012 1357 3235 1413 proque
3287 1347 3488 1396 sancta
3534 1339 3802 1395 Ecclesia
3855 1355 3972 1395 sua

2285 1435 2610 1505 praeparata
2629 1446 2863 1503 semper
2883 1429 3144 1485 inveniat
3166 1446 3180 1485 :
3210 1434 3384 1502 teque
3403 1430 3476 1485 de
3497 1429 3808 1485 beneﬁciis
3836 1430 3973 1484 suis

2283 1538 2415 1578 esse
2444 1520 2820 1576 melioratum
2849 1519 3189 1593 gaudeat,et
3213 1518 3438 1592 gratias
3459 1534 3631 1592 agere
3645 1519 3972 1575 continuis

2284 1610 2466 1680 horis,
2495 1613 2676 1682 atque
2705 1609 3022 1665 momentis
3053 1609 3322 1680 reperiat.

2359 1701 2608 1773 Legatos
2639 1704 2916 1770 praeterea
2936 1699 3258 1770 (Donatum
3288 1697 3556 1754 videlicet
3580 1698 3972 1754 reverendis-

2286 1790 2530 1857 simum,
2554 1792 2611 1845 et
2640 1787 3087 1844 sanctissimum
3121 1791 3337 1843 sanctis
3360 1786 3630 1843 Ecclesia;
3657 1787 3974 1844 Ostiensis

517 1885 665 1943 ovile
691 1884 1086 1948 Domi-nicum,
1120 1899 1234 1938 non
1264 1899 1366 1954 per
1397 1881 1634 1947 ostium,
1669 1879 1770 1934 sed
1803 1896 1871 1934 ex
1911 1878 2176 1948 adverso,
2211 1914 2256 1979 Β
2289 1880 2652 1952 episcopum,
2677 1883 2734 1933 et
2763 1876 3090 1951 religiosos,
3113 1894 3180 1934 ac
3208 1876 3570 1934 venerabiles
3602 1882 3834 1932 sanctae
3859 1878 3974 1933 Ro-

517 1992 585 2032 ac
615 1973 852 2030 aliunde
874 1972 1291 2038 conscendere,
1321 1976 1378 2025 et
1405 1969 1465 2025 in
1497 1969 1555 2024 id
1600 1984 1759 2024 more
1808 1967 1956 2022 furis
2005 1970 2180 2038 atque

517 2063 785 2128 latronis,
820 2079 922 2118 seu
955 2059 1079 2134 lupi
1112 2059 1339 2133 rapacis
1369 2060 1644 2131 irrepere,
1677 2063 1731 2113 et
1765 2057 2023 2130 primum
2050 2055 2182 2128 qui-

517 2155 651 2209 dem
684 2155 977 2224 pastorem
1011 2149 1467 2217 necare,deinde
1497 2166 1630 2205 vero
1661 2147 1856 2203 ovium
1890 2145 2036 2203 alias
2058 2144 2182 2218 qui-

517 2243 651 2298 dem
682 2239 996 2307 trucidare,
1021 2238 1167 2296 alias
1209 2243 1404 2294 autem
1455 2237 1812 2310 dispergere,
1859 2240 2177 2302 conterere,

518 2331 762 2398 nudare,
798 2328 1074 2396 lacerare,
1109 2345 1173 2384 ac
1205 2327 1451 2383 diversis
1481 2327 1672 2382 modis
1703 2332 1761 2382 et
1795 2323 2180 2382 machinatio-

518 2421 697 2476 nibus
729 2418 1106 2492 disperdere?
1137 2417 1286 2483 Quid
1319 2421 1635 2488 postremo,
1667 2431 2030 2488 quaesumus,
2054 2414 2184 2470 bor-

518 2509 814 2577 ribilibus,
836 2512 894 2564 et
917 2505 1356 2573 exsecrabilius,
1387 2523 1565 2578 quam
1599 2505 2031 2570 Dominica,seu
2051 2520 2182 2560 san-

519 2603 750 2655 ctorum
783 2599 1045 2666 Patrum,
1067 2612 1292 2651 necnon
1325 2599 1382 2650 et
1411 2593 1744 2666 apostolicae
1775 2593 1931 2649 sedis
1962 2592 2182 2664 scripta

519 2705 626 2760 pro
658 2686 958 2759 religione,
995 2702 1098 2757 pro
1131 2683 1461 2757 disciplina,
1483 2700 1586 2756 pro
1621 2683 1976 2738 correctione
1998 2682 2182 2737 missa

518 2776 761 2842 violare,
785 2779 842 2830 et
880 2775 1151 2847 quaedam
1185 2773 1425 2846 quidem
1459 2789 1659 2828 eorum
1686 2771 1958 2830 fidelibus
1987 2770 2179 2828 occul-

519 2869 664 2934 tare,
695 2865 970 2936 quaedam
1003 2880 1135 2919 vero
1167 2862 1535 2929 defraudare,
1568 2867 1624 2918 et
1663 2862 2080 2928 subtractione,
2116 2878 2180 2916 ac

519 2953 1232 3019 commutatione,necnon
1266 2957 1324 3007 et
1353 2952 1651 3008 additione
1682 2953 1949 3024 quaedam
1974 2951 2182 3008 callide

518 3043 876 3116 depravare?
901 3042 1115 3098 Missos
1147 3059 1381 3115 quoque
1412 3041 1563 3097 beati
1597 3041 1750 3096 Petri
1782 3040 2179 3114 apostolorum

521 3132 804 3206 principis
834 3131 1010 3188 variis
1045 3131 1408 3204 argumentis
1440 3147 1473 3186 a
1502 3129 1612 3186 sibi
1643 3129 1980 3186 commissis
2019 3145 2181 3184 aver-

2283 1986 2477 2025 manze
2508 1968 2778 2024 Ecclesiae
2797 1968 3049 2023 Leonem
3081 1965 3237 2023 tituli
3273 1967 3458 2022 sancti
3491 1968 3774 2040 martyris
3796 1967 3973 2024 Chri-

2290 2058 2365 2115 sti
2398 2057 2717 2126 Laurentii,
2739 2057 2840 2130 qui
2873 2055 3206 2129 appellatur
3237 2056 3494 2124 Damasi,
3517 2057 3969 2130 presbyterum,

2290 2153 2466 2220 atque
2497 2147 2786 2202 Marinum
2820 2145 3149 2218 apostolica:
3181 2151 3394 2202 nostra
3423 2146 3584 2202 sedis
3625 2146 3972 2217 diaconem)

2291 2254 2440 2311 quos
2461 2234 3026 2308 Constantinopolim
3043 2234 3104 2290 in
3127 2235 3364 2292 nomine
3385 2236 3615 2292 Domini
3639 2236 3974 2293 destinavi-

2290 2327 2534 2395 mus,ita
2554 2325 2910 2392 libenter,ita
2939 2325 3192 2398 benigne
3223 2325 3719 2399 suscipite,atque
3741 2331 3970 2382 tracta-

2291 2422 2366 2484 te,
2402 2415 2903 2489 quemadmodum
2935 2414 3241 2471 orthodoxi
3274 2415 3571 2488 principes
3603 2415 3762 2472 beati
3806 2417 3971 2473 Petri

2291 2505 2541 2578 apostoli
2601 2505 2817 2561 missos
2875 2504 3194 2578 suscipere,
3228 2520 3453 2560 necnon
3500 2508 3757 2561 tractans
3799 2505 3968 2561 soliti

2290 2596 2472 2652 fuisse
2503 2594 2706 2650 multis
2737 2594 3008 2667 apicibus
3039 2594 3391 2650 referuntur.
3425 2594 3573 2651 Nam
3600 2598 3658 2650 et
3687 2594 3971 2667 impieta-

2289 2691 2407 2742 tem
2439 2701 2804 2757 paganorum
2850 2684 3266 2740 transcendere
3303 2684 3787 2756 comprobantur,
3830 2686 3970 2758 qui-

2291 2793 2523 2848 cunque
2552 2775 2778 2848 legatos
2808 2773 3191 2830 ecclesiarum
3221 2773 3590 2846 quibuslibet
3619 2777 3972 2846 putaverint

2291 2863 2664 2922 contumeliis
2698 2864 3092 2936 impetendos.
3127 2864 3291 2935 Apud
3324 2862 3485 2936 ipsos
3504 2864 3661 2921 enim
3693 2869 3753 2920 et
3772 2865 3828 2920 si
3847 2881 3970 2922 non

2291 2955 2541 3011 habetur
2587 2953 2801 3026 legatio
2851 2953 3120 3009 fortassis
3168 2959 3430 3026 accepta,
3462 2969 3716 3025 persona
3756 2959 3968 3012 tamen

2289 3044 2467 3117 legati
2497 3060 2730 3116 semper
2750 3043 3054 3114 judicatur
3104 3042 3411 3114 immunis,
3443 3044 3767 3115 praesertim
3827 3062 3968 3100 cum

2290 3134 2506 3206 legatio
2527 3134 2901 3207 praefatorum
2922 3131 3070 3188 nihil
3089 3132 3202 3188 nisi
3225 3149 3351 3205 quas
3377 3132 3539 3204 pacis
3560 3138 3970 3208 sunt,satagat

519 3227 662 3292 tere,
677 3226 735 3278 et
759 3221 832 3277 ad
867 3220 1315 3294 praecessionem
1347 3217 1966 3293 [al.,processionem],
1998 3227 2125 3292 quae
2148 3235 2183 3274 a
2221 3290 2252 3295 _
2293 3229 2349 3280 et
2379 3229 2610 3279 tantum
2646 3240 2774 3295 quis
2790 3221 3029 3294 justitia
3059 3221 3271 3294 diligit,
3300 3221 3430 3295 ipsa
3457 3223 3792 3279 verecunde
3823 3241 3967 3280 sua-

519 3290 1466 3376 schismaticis,exccmmunicatis
1484 3290 1851 3365 etdamnatis
1877 3290 2177 3381 agebatur,
2209 3290 2254 3357 (ἶ
2285 3317 2430 3372 ιάθΓθ
2462 3290 3062 3370 οοηιθηᾉειίεαίιίοθι
3087 3290 3374 3368 utablato
3403 3311 3633 3368 Inacho
3683 3313 3968 3370 Ecclesia

519 3401 878 3475 pertrahere,
912 3399 1163 3472 illosque
1195 3403 1532 3470 contempta
1579 3397 1891 3471 legatione,
1924 3415 2051 3472 qua
2088 3397 2179 3454 vel

517 3489 828 3564 gentilium
861 3506 1024 3545 more
1050 3488 1286 3544 tractari
1310 3487 1840 3556 debuit,nonnullis
1861 3487 2182 3544 incommo-

516 3581 610 3636 dis
642 3580 976 3648 subdere,et
997 3579 1070 3634 ad
1096 3583 1423 3634 extremum
1454 3577 1514 3632 in
1548 3577 1881 3634 illusionem
1913 3577 2180 3634 beatissi-

519 3669 600 3724 mi
634 3669 810 3734 Petri,
845 3686 880 3724 θ.
908 3669 1080 3739 cujus
1112 3669 1249 3723 sede
1284 3667 1527 3740 profecti
1561 3667 1811 3735 fuerant,
1837 3684 1953 3722 non
1988 3667 2178 3723 solum

515 3758 848 3814 inefﬁcaces
879 3757 1068 3812 redire
1099 3757 1518 3825 facere,verum
1541 3755 1716 3812 etiam
1739 3756 2180 3828 impugnatores

517 3846 810 3913 omnium,
846 3864 971 3919 quae
1005 3846 1284 3901 mandata
1315 3845 1566 3912 fuerant,
1587 3845 2030 3901 demonstrare?
2046 3846 2179 3910 Quae

517 3941 576 3994 et
606 3936 698 3992 his
731 3935 969 4001 similia,
997 3952 1224 3992 necnon
1258 3940 1313 3992 et
1345 3935 1440 3991 his
1472 3934 1734 4007 pluriora
1764 3935 1824 3991 in
1855 3935 2183 3990 Constanti-

517 4025 857 4099 nepolitana
886 4025 1143 4094 urbe,vel
1176 4025 1234 4080 in
1269 4024 1676 4095 adjacentibus
1707 4023 1819 4081 sibi
1843 4025 2181 4080 civitatibus

515 4116 733 4189 patrari
765 4115 1094 4181 audientes,
1116 4114 1406 4170 immenso
1439 4131 1650 4170 sumus
1682 4132 1928 4171 moerere
1950 4113 2177 4186 repleti,

515 4211 573 4262 et
603 4205 893 4261 anxietate
924 4203 1112 4259 nimia
1143 4203 1490 4275 perturbati.
1527 4204 1636 4260 Sed
1671 4205 1811 4276 quia
1831 4203 2181 4259 horumom-

518 4295 684 4351 nium
719 4299 922 4351 auctor
951 4299 1014 4348 tu
1067 4293 1314 4350 existere
1359 4294 1516 4350 fama
1565 4293 1901 4367 divulgante
1941 4293 2176 4360 diceris,

515 4383 869 4441 intolerabili
901 4383 1164 4439 cruciatu
1197 4383 1411 4439 mentis
1443 4381 1754 4451 afﬁcimnr,
1786 4388 1844 4438 et
1877 4382 2179 4438 doloribus

516 4471 778 4543 undique
797 4475 1276 4544 coaugustamur.
1296 4471 1458 4527 Unde
1477 4470 1744 4526 videlicet
1769 4487 1904 4526 cum
1925 4471 2178 4528 Jeremia

516 4561 576 4616 in
609 4576 808 4616 vocem
841 4577 1327 4634 prorumpere,ac
1358 4560 1498 4615 libet
1529 4559 1986 4616 lamentabiliter
2043 4578 2179 4616 moe-

2291 3402 2969 3475 Constantinopolitanaa,
2985 3401 3220 3474 proprio
3252 3401 3534 3458 reddatur
3559 3400 3848 3475 episeopo
3872 3421 3886 3460 ε
3912 3411 3973 3461 et

2291 3495 2341 3552 si
2372 3494 2516 3567 quid
2540 3493 2676 3548 huic
2699 3491 2968 3548 restituto
2983 3492 3108 3563 jam
3132 3491 3401 3547 fortassis
3423 3490 3970 3562 objicitur,servato

2291 3583 2494 3640 ordine
2525 3582 2884 3648 audiatur,et
2903 3579 3233 3652 judicetur;
3267 3579 3536 3638 videlicet
3563 3585 3630 3635 ut
3657 3580 3916 3639 inferior
3937 3601 3972 3638 a

2291 3671 2498 3746 potiori
2551 3669 2862 3742 iudicetur,
2895 3675 2951 3724 et
3008 3685 3122 3725 non
3180 3667 3477 3724 minorum
3511 3661 3690 3741 (quod
3749 3678 3970 3729 contra

2290 3778 2464 3818 omne
2495 3761 2584 3816 fas
2613 3760 2720 3831 est)
2740 3758 3043 3814 sententiis
3073 3757 3442 3829 subjiciatur.
3463 3759 3651 3822 Quam
3675 3766 3970 3831 preterea

2291 3850 2692 3908 fortitudinem
2726 3848 3064 3917 ostendetis,
3098 3847 3148 3904 si
3182 3852 3341 3904 totus
3373 3848 3810 3922 indignationis
3836 3869 3966 3907 ves-

2288 3946 2391 3997 trae
2421 3941 2655 4013 pondus
2678 3955 2855 4010 super
2875 3936 3136 4007 duas,vel
3165 3942 3284 3994 tres
3310 3954 3590 4010 personas
3615 3938 3963 4010 inﬂectitis;

2289 4035 2347 4087 et
2375 4031 2551 4102 pedes
2597 4027 3123 4100 evangelizantium
3167 4044 3393 4100 pacem,
3423 4027 3963 4102 evangelisantium

2289 4121 2444 4176 bona
2473 4118 2664 4174 solum
2695 4117 3006 4173 calcandos
3036 4117 3122 4173 vel
3156 4119 3543 4174 conterendos
3561 4118 3964 4178 existimatis?

2287 4210 2396 4265 Sed
2430 4208 2616 4264 videte
2651 4207 2814 4279 (quia
2843 4207 2973 4278 ejus
3003 4206 3212 4279 capitis
3242 4208 3420 4279 pedes
3447 4208 3775 4277 calcantur,
3800 4213 3961 4284 quod

2289 4299 2450 4365 olim,
2484 4297 2549 4353 ut
2579 4297 2722 4370 quid
2753 4296 2862 4352 sibi
2897 4295 3224 4369 persecutio
3251 4296 3778 4371 ingerebatur,pro
3812 4300 3961 4374 ipsis

2289 4406 2318 4444 e
2351 4388 2492 4444 coelo
2524 4387 2815 4454 clamavit)
2829 4402 2902 4442 ne
2926 4387 3169 4444 verbum
3203 4386 3677 4461 alligetis,neque
3706 4392 3964 4448 occulte-

2287 4478 2362 4534 tis
2379 4477 2730 4550 legationem
2751 4480 3014 4532 nostram
3037 4493 3051 4532 :
3078 4476 3615 4548 quoniam,dicente
3634 4480 3923 4552 Apostole
3944 4501 3957 4536 :

2287 4569 2391 4624 Nec
2420 4569 2646 4623 verbum
2673 4567 2772 4622 Dei
2801 4573 2880 4621 est
2909 4566 3225 4637 alligatum,
3256 4583 3354 4622 nec
3383 4569 3586 4623 veritas
3633 4569 3750 4625 ulla
3797 4582 3960 4643 pacto

518 4649 690 4706 stitia;
722 4667 957 4723 operam
1009 4651 1170 4718 dare,
1203 4649 1590 4723 flebiliterque
1641 4649 1964 4706 exclamare
1998 4668 2009 4706 :
2048 4651 2178 4719 Quis
2206 4672 2252 4736 Ι)
2281 4659 2481 4731 poterit
2525 4657 2791 4713 occultari
2817 4657 2867 4726 (Ι
2899 4657 3033 4712 Tim.
3061 4656 3152 4728 ll);
3184 4672 3312 4728 quas
3357 4657 3535 4712 etiam
3585 4657 3730 4714 dicit
3759 4675 3774 4712 :
3803 4661 3961 4718 Nihil

517 4741 669 4797 dabit
697 4742 868 4812 capiti
891 4757 1008 4797 meo
1037 4757 1261 4812 aquam,
1281 4747 1377 4794 aut
1407 4739 1581 4794 oculis
1610 4740 1746 4794 meis
1774 4741 1979 4810 fontem
2001 4741 2178 4813 (cery-

517 4847 736 4885 marum
769 4831 897 4901 (Jer.
925 4834 1024 4899 ix),
1059 4834 1124 4884 ut
1155 4828 1453 4901 plangam,
1483 4832 1540 4882 et
1569 4827 1802 4900 lugeam
1842 4834 2066 4885 tantam
2121 4835 2178 4886 et

517 4919 694 4975 talem
717 4921 1055 4991 perniciem,
1090 4922 1322 4973 tantum
1355 4922 1411 4971 et
1441 4915 1554 4971 tale
1586 4917 2002 4990 dispendium?
2033 4921 2176 4975 Fru-

517 5014 672 5065 trata
701 5014 788 5065 est
819 5010 977 5065 enim
1009 5024 1146 5080 spes
1176 5012 1377 5062 nostra
1409 5023 1420 5061 :
1457 5007 1809 5063 confidentia
1846 5014 2045 5066 nostra
2075 5010 2176 5064 de-

519 5099 674 5171 cepit
704 5099 888 5154 nos.O
920 5098 1206 5152 damnum
1233 5096 1745 5169 incomparabile,o
1775 5095 2013 5153 exitium
2039 5116 2180 5155 non-

520 5188 632 5243 nisi
667 5204 768 5258 per
795 5191 869 5249 te.
896 5185 1138 5242 Domine
1170 5186 1331 5255 Jesu,
1365 5201 1598 5259 quoquo
1649 5189 1823 5243 modo
1872 5187 2176 5244 destruen-

519 5275 692 5333 dum!
730 5274 910 5330 Versa
933 5279 1073 5331 sunt
1102 5275 1254 5332 dona
1284 5276 1406 5344 Dei,
1445 5293 1570 5350 quae
1605 5276 1746 5332 olim
1794 5277 2024 5333 fuerant
2070 5278 2176 5334 tibi

519 5365 754 5430 collata,
791 5365 848 5418 in
881 5369 1240 5421 armaturam
1274 5368 1552 5423 adversus
1579 5365 1901 5422 Ecclesium
1941 5368 2088 5437 ejus,
2123 5371 2180 5423 et

523 5473 651 5528 quis
676 5453 768 5508 ille
789 5471 891 5525 pro
911 5453 1097 5510 salute
1119 5455 1510 5529 plurimorum
1543 5454 1837 5521 tribuit,in
1860 5457 2176 5528 perniciem

521 5543 846 5600 evidentem
875 5549 1015 5600 sunt
1044 5552 1405 5603 commutata
1447 5545 1792 5600 multorum.
1828 5547 1937 5601 Sed
1988 5564 2175 5604 rever-

524 5639 665 5698 tere,
700 5632 779 5686 lili
815 5633 914 5705 mi,
948 5642 1251 5701 revertere,
1286 5635 1549 5710 piissime
1604 5635 1815 5701 Caesar,
1849 5643 2130 5694 revertere
2161 5657 2173 5695 :

523 5719 662 5795 quia
685 5725 966 5786 Dominus
995 5733 1194 5786 noster
1213 5725 1546 5785 misericors
1578 5729 1762 5793 est,et
1790 5729 1846 5782 te
1889 5733 2177 5787 reverten-

2285 4756 2532 4820 opertum
2557 4746 2698 4818 quod
2741 4761 2853 4802 non
2903 4745 3189 4815 reveletur,
3223 4753 3276 4802 et
3325 4746 3616 4812 occultum,
3647 4749 3796 4821 quod
3848 4767 3958 4809 non

2285 4840 2496 4894 sciatur
2521 4840 2674 4906 (Luc.
2705 4837 2830 4905 xu).
2865 4835 2923 4892 Si
2954 4837 3150 4891 autem
3198 4833 3486 4892 talentum
3539 4843 3854 4910 acceptum
3898 4841 3955 4896 in

2287 4932 2442 4983 terra
2471 4925 2829 4982 abscondere
2859 4927 3128 4982 extremis
3160 4925 3556 4983 damnationis
3586 4931 3694 4996 est,
3731 4935 3958 5001 quanta

2288 5034 2459 5088 poma
2479 5013 2856 5072 mulctandus
2888 5017 3104 5089 est,qu.i
3125 5016 3369 5072 alterius
3391 5017 3678 5073 talentum
3701 5018 3953 5077 volentis

2287 5105 2395 5160 hoc
2426 5101 2499 5160 ad
2531 5105 2763 5164 lucrum
2803 5105 3037 5160 Domini
3089 5105 3183 5161 sai
3233 5105 3651 5179 multiplicare,
3683 5105 3868 5178 tollit,
3895 5116 3955 5167 et

2288 5195 2612 5262 abscondit,
2644 5193 2734 5250 vel
2767 5195 2946 5250 etiam
2979 5195 3251 5252 fraudare
3299 5213 3416 5251 non
3447 5194 3746 5268 ρεπεοῆίῖ
3777 5194 3951 5256 Porro

2288 5285 2358 5341 de
2389 5284 2592 5341 talenti
2625 5284 2960 5357 acceptione
2990 5281 3213 5340 nullam
3245 5281 3465 5358 poteris
3494 5285 3738 5343 omnino
3781 5305 3950 5345 excu-

2286 5375 2573 5431 sationem
2588 5374 3254 5448 przstendereAccepisti
3271 5375 3490 5448 quippe
3501 5393 3614 5433 non
3632 5377 3946 5435 minimum

2286 5465 2490 5520 talenti
2523 5465 2768 5536 donum,
2793 5463 2970 5519 etiam
2999 5467 3057 5519 et
3088 5469 3406 5536 antequam
3437 5466 3510 5521 ad
3538 5465 3843 5526 Caesareas
3875 5471 3951 5524 in-

2287 5554 2440 5609 fulas
2473 5554 2827 5625 pervenires,
2855 5549 3273 5611 familiaritatis
3303 5554 3526 5611 scilicet
3554 5554 3752 5612 locum
3799 5560 3946 5632 apud

2286 5647 2644 5716 Augustum,
2677 5648 2733 5700 et
2761 5643 3112 5716 impetrandi
3145 5645 3300 5717 quod
3332 5643 3592 5714 volebas,
3609 5645 3945 5705 facillimam

2289 5734 2558 5807 gratiam.
2575 5733 2636 5791 Si
2657 5751 2793 5807 ergo
2814 5733 2961 5790 nihil
2984 5733 3038 5791 ei
3058 5751 3164 5808 pro
3184 5733 3442 5792 ecclesiae
3459 5734 3702 5809 proprio
3731 5744 3948 5796 rectore
