4098 6458
168 417 326 480 rem

168 654 276 709 pro
305 638 481 693 fratre
509 640 568 692 et
595 654 702 709 pro
731 638 1074 709 coepiscopo
1094 641 1292 692 nostro
1328 635 1551 716 lgnatic
1575 633 1820 707 patriar-

169 726 282 784 cha
309 726 540 797 objecti,
575 725 658 783 vel
685 725 956 792 exsiliati,
990 729 1092 781 aut
1121 724 1384 796 oppressi
1417 723 1675 795 sunt,pie
1696 739 1826 778 sua-

172 816 309 872 dere
340 815 578 884 curasti,
612 832 718 888 pro
744 815 947 870 talenti
978 815 1302 870 retentione
1332 813 1585 886 profecto
1609 811 1827 884 positu»

174 921 280 961 rus
309 919 376 960 es
401 904 712 960 rationem.
748 904 978 960 Habens
1017 903 1201 976 igitur
1243 900 1681 975 magniﬁcentia
1723 906 1826 957 tua

173 994 476 1050 obtinendi
509 1010 690 1066 penes
714 995 1043 1066 Augustum
1069 984 1356 1048 talentum
1386 1008 1608 1068 ea,que
1629 995 1828 1062 postu-

177 1083 302 1139 lant
331 1083 789 1149 damnationem,
822 1099 924 1154 pro
976 1086 1200 1137 retento
1249 1080 1468 1136 talento
1512 1079 1734 1146 timeat,
1777 1077 1826 1135 si

178 1171 358 1244 Vorte,
378 1171 513 1238 nisi,
539 1172 749 1243 Hann]
769 1188 903 1226 cum
926 1171 1075 1226 valet
1087 1171 1240 1242 apud
1259 1187 1393 1225 eum
1416 1185 1519 1242 pro
1534 1169 1826 1223 reddendo

178 1260 359 1333 priori
374 1260 644 1317 Ecclesiae
666 1259 1321 1332 Constantinopolitanae
1340 1257 1606 1330 praesule,
1620 1256 1707 1313 vel
1723 1273 1826 1328 pro

180 1349 496 1423 perdondis
522 1350 704 1405 nimis
730 1349 1028 1422 oppressis
1055 1346 1832 1404 instantcrintervenit.Prze-

180 1439 359 1511 cipue
380 1455 516 1496 cum
547 1439 801 1494 donante
832 1438 1030 1493 divina
1059 1436 1246 1510 gratia
1294 1435 1585 1493 sublimas
1639 1441 1833 1514 vestra

179 1546 299 1584 non
331 1528 525 1584 solum
556 1527 912 1600 impetrandi
941 1528 1098 1599 quod
1144 1526 1270 1582 vult
1311 1526 1470 1599 apud
1499 1527 1830 1597 Augustum

184 1633 402 1675 munus
435 1621 702 1674 assecuta
731 1619 1038 1685 sit,verum
1071 1617 1246 1672 etiam
1271 1632 1376 1688 per
1402 1614 1720 1670 Caesaream
1744 1630 1832 1668 ex-

184 1707 534 1775 cellentiam,
570 1724 746 1779 quam
781 1707 990 1778 adepta
1021 1711 1132 1776 est,
1159 1705 1285 1778 ipse
1314 1702 1501 1760 valeat
1521 1704 1834 1759 concedere

185 1797 342 1869 quod
376 1801 563 1870 rogat,
582 1800 640 1852 et
669 1795 868 1870 largiri
899 1796 1056 1868 quod
1082 1794 1195 1850 sibi
1217 1795 1287 1850 ad
1320 1793 1548 1849 lucrum
1573 1791 1837 1865 proficiat

187 1886 632 1957 sempiternum.
666 1886 920 1941 Tantum
953 1884 1169 1956 quippe
1199 1885 1270 1940 ab
1311 1898 1662 1991 unoquoque
1701 1898 1834 1936 ncs-
1867 1927 1914 1991 Β

186 1981 346 2031 trum
367 1979 652 2031 venturus
663 1975 846 2046 judex
866 1973 1076 2046 exiget,
1099 1976 1386 2045 quantum
1417 1971 1597 2027 dedit.
1620 1970 1836 2034 Quam-

185 2062 558 2120 cbremvalde
572 2062 1132 2131 nobi‘spbarissime,
1141 2060 1522 2119 metuendum
1537 2063 1707 2127 est,et
1718 2072 1838 2113 om-

187 2151 570 2208 nibusmodis
583 2150 1042 2217 formidandum,
1068 2150 1226 2222 quod
1243 2149 1541 2221 Sapientia
1562 2147 1834 2202 terribili-

180 2248 272 2300 ter
284 2242 486 2298 mundi
503 2241 793 2314 principes
807 2241 1390 2306 admonenszbiscite,
1407 2239 1614 2310 inquit,
1623 2239 1836 2310 judices

180 2332 386 2402 ﬁnium
413 2339 597 2397 torre,
617 2332 858 2403 praebete
876 2346 1044 2386 aures
1067 2346 1174 2396 vos,
1201 2332 1298 2401 qui
1325 2330 1612 2384 continetis
1642 2328 1838 2382 multi-

181 2419 422 2490 tudines,
452 2427 504 2476 et
527 2419 762 2492 placetis
789 2420 948 2475 vobis.
968 2421 1030 2473 in
1058 2419 1232 2474 turbis
1261 2418 1838 2495 nationumqueniam

180 2509 310 2565 data
339 2517 428 2565 est
437 2517 676 2580 potestas
704 2526 738 2564 ιι
766 2509 997 2564 Domino
1024 2509 1194 2573 vobis,
1227 2515 1280 2563 et
1304 2509 1478 2563 virtus
1508 2507 1575 2560 ab
1619 2507 1835 2561 Altissi-

179 2615 294 2665 mo,
344 2601 442 2670 qui
489 2600 856 2667 interrogabit
911 2614 1074 2669 opera
1127 2604 1321 2662 vestra,
1373 2603 1424 2652 et
1484 2597 1836 2666 cogitationes

179 2688 807 2759 scrutabitur:quoniam
835 2703 959 2742 cum
987 2687 1174 2743 essetis
1197 2687 1447 2740 ministri
1475 2686 1628 2755 regni
1661 2685 1834 2751 illius,

183 2793 294 2832 non
322 2785 466 2832 recte
473 2775 800 2848 judicastis,
832 2792 1010 2847 neque
1036 2774 1346 2830 custodistis
1377 2774 1548 2842 legem
1578 2774 1835 2844 justitim,

184 2881 364 2937 neque
384 2864 682 2920 secundum
711 2865 1042 2920 voluntatem
1071 2865 1170 2919 Dei
1198 2862 1834 2930 ambulastis:horrende,

185 2963 246 3010 ct-
267 2955 373 3011 cito
403 2955 694 3027 apparebit
716 2955 1173 3030 vobis,quoniam,
1177 2952 1455 3024 judicium
1481 2951 1842 3007 durissimum

188 3044 297 3109 his,
331 3045 428 3115 qui
447 3051 710 3115 praesunt,
741 3041 855 3115 ﬁet;
884 3044 1098 3112 Emiguo
1126 3043 1275 3096 enim
1293 3039 1606 3097 omweditur
1621 3041 1841 3095 miseri-

187 3133 378 3189 cordia
407 3151 428 3188 :
454 3141 691 3205 potentes
742 3138 926 3186 autem
963 3137 1211 3201 potenter
1251 3137 1519 3186 tormenta
1560 3131 1843 3201 patientur

191 3223 341 3295 (Scip.
374 3222 474 3294 vr).
507 3223 660 3287 Quas
689 3238 858 3277 voces
890 3219 1096 3276 sedulo
1140 3224 1401 3276 tractans
1432 3223 1488 3275 et
1528 3223 1722 3274 mente
1754 3236 1840 3274 re—

1387 411 1800 477 EPIS'I‘OLAI
1815 445 1822 451 ο
1837 411 1939 472 ET
1981 409 2370 473 DEGRETA.

167 547 448 605 desolatas
473 547 840 604 detrimentis
871 547 1214 617 locutiones,
1245 546 1394 603 nihil
1425 563 1528 620 pro
1565 545 1679 612 his,
1714 545 1814 618 qui
1849 549 1903 615 Α
2167 546 2172 550 ’

2708 545 2806 602 ΟἸ.

1931 667 2002 710 ΑΒ
2055 667 2331 708 IGNATIUM
2385 667 2790 712 PATRIARCHAM
2841 670 3578 718 CONSTANTINOPOUTAVUM.

2577 769 2761 843 (Anno
2792 771 2937 843 866.).

1935 881 2231 938 Certiorem
2270 885 2550 964 lgna-tium
2593 887 2732 957 facit
2776 885 2840 941 de
2860 890 3141 964 _om_m'bus
3190 905 3316 961 eum
3342 893 3435 964 in,
3468 893 3584 964 ejus

2004 971 2173 1012 causa
2211 972 2248 1012 a.
2291 956 2472 1011 reditu
2520 956 2823 1024 legatorum
2852 959 3138 1017 lac/carix
3183 956 3234 1016 et
3286 956 3586 1020 Rhadan

2007 1033 2123 1102 acta
2147 1028 2393 1102 fuerunt,
2428 1035 2478 1084 et
2518 1029 2755 1102 qualiter
2781 1030 3007 1086 Pltotius
3038 1033 3212 1102 fuerit
3257 1035 3315 1088 in.
3352 1036 3584 1092 concilio

2007 1045 2123 1081 acta
2147 1045 2393 1096 luerunt,
2428 1045 2478 1084 et
2518 1045 2755 1153 quattter
2781 1045 3007 1086 I’Itottus
3038 1045 3212 1102 fuerit
3257 1050 3315 1088 in.
3352 1045 3584 1092 concilio

2005 1096 2274 1179 depositus
2305 1107 2355 1153 et
2385 1108 2516 1154 anat
2553 1102 2879 1179 ematizatus
2909 1117 3033 1158 cum
3051 1099 3176 1158 suis
3198 1108 3584 1163 sectatoribus:

2009 1173 2123 1240 ipse
2147 1186 2272 1224 vero
2299 1187 2413 1224 una
2442 1188 2565 1226 cum
2590 1173 2704 1226 suis
2733 1174 3038 1228 restitutus.

2452 1287 2639 1359 [Apud
2675 1285 2885 1358 Mansi,
2918 1288 3082 1358 ibid..]_

2009 1435 2298 1492 NICOLAUS
2327 1437 2656 1510 episcopus,
2691 1456 2892 1496 servus
2925 1458 3222 1500 servorum
3273 1443 3394 1512 Dei,
3428 1461 3586 1500 reve-

1940 1525 2291 1580 rendissimo
2331 1543 2398 1582 ac
2449 1527 2820 1584 sanctissimo
2870 1530 3032 1586 fratri
3080 1536 3138 1587 et
3183 1533 3588 1592 comministro

1942 1619 2141 1669 nostro
2173 1615 2404 1670 IGNA'rIo
2435 1617 2768 1688 patriarcha
2799 1618 3465 1695 Constantinopolitano.

2013 1703 2138 1758 Dici
2172 1721 2286 1759 non
2319 1709 2530 1777 potest,
2565 1707 2740 1761 frater
2767 1706 3136 1782 charissima,
3168 1712 3408 1784 quantis
3452 1729 3592 1770 mm-

1944 1792 2196 1858 roribus,
2227 1794 2314 1848 vel
2347 1795 2594 1866 quantis
2617 1796 3006 1854 anxietatibus
3027 1799 3100 1854 ob
3130 1799 3591 1859 immensitatem

1943 1883 2414 1950 tribulationum,
2448 1887 2505 1938 et
2534 1886 3010 1956 persecutionum
3059 1888 3116 1943 in
3149 1906 3250 1945 vos
3293 1889 3591 1948 illatarum

1946 1971 2293 2040 efﬁciamur,
2331 1973 2686 2044 quantisque
2717 1991 2822 2030 nos
2852 1974 3236 2044 laboribus,et
3267 1981 3595 2043 certamini-

1946 2063 2066 2117 bus
2089 2063 2343 2117 fraterna
2363 2061 2673 2117 dilectione
2700 2064 3012 2134 provocati,
3037 2066 3260 2137 jugiter
3288 2084 3354 2123 ac
3382 2068 3597 2125 indesi-

1946 2155 2152 2206 nenter
2180 2151 2639 2220 immisceamur.
2673 2150 2964 2207 Nimirum
2996 2153 3096 2225 qui
3145 2159 3201 2210 et
3227 2172 3468 2213 causam
3499 2176 3593 2215 ve-

1946 2245 2129 2295 stram
2159 2245 2521 2312 reputamus,
2554 2245 2612 2296 et
2640 2257 2818 2296 onera
2849 2243 3028 2298 totius
3059 2243 3322 2299 Ecclesiae
3363 2246 3595 2317 bajula-

1946 2346 2100 2384 mus.
2134 2329 2363 2384 Etenim
2397 2330 2762 2384 considerato
2809 2331 3136 2388 ministerio
3184 2338 3403 2402 nostro,
3439 2336 3594 2407 quod

1946 2417 2229 2474 divinitus
2241 2435 2344 2490 per
2355 2419 2590 2474 beatum
2605 2419 2836 2474 Petrum
2852 2419 3179 2491 apostolum
3194 2423 3265 2477 ad
3285 2441 3392 2480 nos
3410 2441 3596 2496 usque

1946 2508 2270 2564 derivatum
2301 2507 2817 2582 suscepimus,ncn
2849 2514 2939 2565 est
2955 2527 3058 2582 pro
3082 2510 3362 2568 fratribus
3381 2514 3596 2574 nostris

1947 2596 2158 2652 silendi
2189 2596 2678 2668 facultas,quibus
2711 2599 2899 2669 major
2919 2603 2975 2653 et
3003 2599 3190 2656 honor
3214 2606 3270 2661 et
3290 2618 3438 2660 onus
3460 2621 3598 2658 cun-

1946 2686 2058 2741 ctis
2089 2685 2428 2740 Christianae
2459 2686 2784 2758 pietatis,ot
2813 2687 3193 2745 ecclesiarum
3225 2691 3596 2749 correctionis

1948 2775 2140 2830 inesse
2172 2776 2381 2830 debere
2422 2775 2754 2831 sollicitudo
2806 2777 3190 2849 dignoscitur.
3226 2781 3600 2838 Sustinemus

1950 2863 2168 2935 quippe
2191 2866 2538 2917 cunctorum
2571 2863 2670 2936 qui
2699 2869 3048 2934 premuntur
3075 2866 3436 2937 gravamina,
3458 2869 3599 2939 quin

1950 2951 2145 3025 potius
2177 2951 2432 3006 sustinet
2461 2951 2520 3006 in
2554 2951 2720 3006 nobis
2750 2951 2872 3007 haec
2912 2959 3152 3009 sanctus
3200 2955 3409 3014 Petrus
3456 2973 3602 3029 apo-

1952 3039 2158 3106 stolus,
2179 3040 2279 3114 qui
2311 3040 2371 3094 in
2402 3040 2680 3096 omnibus
2709 3041 2797 3111 (ut
2826 3041 3199 3114 confidimus)
3231 3043 3602 3101 administra-

1949 3130 2126 3185 tionis
2159 3146 2276 3184 suae
2309 3128 2557 3202 protegit
2607 3147 2673 3184 ac
2721 3133 2919 3185 tuetur
2966 3131 3245 3187 hmredes.
3284 3133 3416 3197 Qua
3465 3151 3601 3194 vero

1955 3220 2025 3275 de
2046 3219 2209 3274 vobis
2241 3217 2396 3274 sedis
2423 3218 2751 3291 apostolicae
2783 3219 3189 3276 auctoritatem
3217 3221 3521 3294 habentes,
3536 3240 3602 3279 ac

190 3313 432 3369 volvens
458 3312 647 3384 pictas
672 3315 774 3367 tua
803 3314 1067 3391 paveat,o
1093 3309 1309 3366 Caesar:
1331 3307 1610 3380 quoniam
1639 3325 1844 3364 secun-
1877 3297 1920 3362 C
1955 3308 2259 3382 privilegia
2287 3307 2474 3379 ipsius
2504 3308 2865 3364 vindicantes
2896 3309 3278 3379 decrevimus,
3303 3311 3603 3369 dilectioni

191 3403 342 3458 dum
365 3401 731 3473 Apes-tolum,
763 3399 1110 3455 Horrendum
1133 3407 1220 3455 est-
1248 3397 1488 3454 incidere
1536 3399 1597 3452 in
1644 3414 1844 3452 manus

188 3494 291 3550 Dei
316 3493 548 3548 viventis
579 3491 758 3564 (Hebr.
772 3494 864 3558 v);
898 3495 954 3545 et
984 3488 1198 3544 idcirco
1231 3486 1545 3543 consilium
1578 3491 1844 3543 nostrum

190 3580 354 3646 audi,
385 3584 443 3636 et
471 3596 598 3651 quas
631 3585 835 3635 contra
866 3578 1109 3633 fratrem
1141 3582 1198 3634 et
1227 3575 1703 3632 comministrum
1737 3592 1846 3631 no.-

191 3675 381 3725 atrum
416 3657 726 3740 lgnatium,
771 3665 860 3723 vel
910 3667 1194 3722 adversus
1221 3665 1534 3738 complices
1575 3665 1724 3736 ejus,
1755 3663 1849 3720 vel

195 3757 724 3815 communicatcres
755 3755 946 3829 egisse
977 3760 1031 3810 te
1064 3754 1466 3822 recolis,celeri
1487 3755 1660 3810 stude
1681 3753 1848 3811 satis-

199 3847 452 3903 factione
477 3846 789 3918 corrigere,
821 3849 877 3899 et
908 3862 1035 3916 quas
1085 3861 1190 3916 per
1233 3849 1290 3899 te
1339 3844 1639 3898 destructa
1685 3845 1843 3910 sunt,

197 3935 553 3991 indifferenti
586 3952 727 3990 cura
755 3933 1004 4006 pristino
1034 3933 1220 3988 statui
1246 3933 1518 3988 reddere:
1552 3949 1678 4005 quae
1705 3948 1848 3986 cun-

197 4030 312 4091 cta,
345 4023 594 4080 Domino
622 4022 961 4089 auxiliante,
994 4021 1159 4078 facile
1189 4021 1364 4094 (sicut
1393 4021 1712 4087 credimus)
1740 4021 1845 4075 ad-

199 4112 494 4186 im-plebis,
526 4113 576 4169 si
609 4111 1006 4184 tranquillitas
1037 4116 1138 4167 tua
1168 4111 1228 4166 in
1259 4111 1629 4182 susceptione
1658 4115 1715 4165 et
1743 4127 1854 4164 ειυς

199 4204 419 4260 ditione
449 4203 765 4260 missorum
798 4201 988 4257 sancti
1015 4200 1166 4256 Petri
1198 4200 1460 4256 debitum
1492 4199 1730 4255 honoris
1762 4199 1856 4255 cf—

199 4292 400 4348 ﬂoium
431 4290 778 4348 exhibuerit.
812 4291 976 4346 Testis
1023 4297 1206 4345 autem
1245 4291 1395 4345 mihi“
1414 4297 1493 4345 est
1528 4291 1688 4358 Deus,
1716 4304 1849 4361 quo-

198 4382 357 4438 modo
385 4397 482 4437 vos
506 4382 735 4452 cupiant-
756 4382 815 4435 in
843 4380 1145 4435 visceribus
1165 4379 1369 4434 Christi
1398 4379 1666 4450 (Philipp.
1700 4381 1762 4447 ι),
1795 4381 1854 4433 et

199 4471 310 4528 hoc
340 4470 541 4543 ipsum
567 4469 783 4525 idcirco
814 4484 1170 4542 magnopere
1197 4467 1507 4540 postulem,
1542 4472 1607 4522 ut
1651 4471 1708 4522 et
1738 4466 1847 4521 mi-

200 4559 510 4616 nisterium
543 4575 744 4614 meum
772 4557 1151 4629 adimpleam,
1185 4561 1244 4612 et
1272 4555 1539 4612 Ecclesia:
1571 4559 1852 4624 status,et

200 4650 341 4706 ordo
381 4649 746 4716 reformetur,
799 4651 856 4702 et
900 4645 1084 4719 gloria
1133 4644 1578 4717 magnificentiae
1627 4649 1849 4712 vestras,
1881 4668 1930 4732 Β

200 4742 514 4812 praestante
545 4737 812 4803 Domino,
849 4737 919 4791 de
950 4733 1314 4806 corruptibili
1346 4734 1618 4790 felicitate
1657 4735 1728 4790 ad
1762 4734 1850 4788 in-

203 4833 563 4900 corruptam,
593 4845 628 4882 a
656 4825 888 4882 mortali
917 4825 1037 4880 vita
1066 4824 1137 4880 ad
1171 4823 1655 4888 immortalem,et
1675 4840 1708 4879 a
1729 4822 1849 4878 cul-

204 4917 365 4973 mine
409 4922 638 4973 terreno
670 4917 741 4972 ad
773 4915 1004 4971 calcate
1036 4912 1360 4986 fastigium,
1393 4918 1449 4968 et
1487 4930 1520 4968 a
1547 4912 1855 4986 temporali

206 5012 381 5079 atque
412 5007 526 5062 cito
557 5005 835 5062 defluenti
864 5005 1126 5062 claritate
1151 5004 1221 5059 ad
1253 5019 1568 5074 perennem
1608 5007 1666 5058 et
1695 5019 1852 5058 sem-

206 5113 313 5170 per
339 5099 674 5152 manentem
704 5093 1124 5152 beatitudinem
1156 5092 1528 5165 perducatur,
1561 5096 1622 5147 et
1660 5091 1857 5146 divina

204 5185 432 5242 visione
453 5201 587 5243 cum
621 5184 839 5240 sanctis
870 5183 1146 5240 omnibus
1175 5187 1231 5238 et
1259 5181 1457 5238 electis
1480 5180 1704 5254 angelis
1733 5196 1858 5252 p‘er-

207 5277 462 5332 fruatur.
485 5275 633 5337 Data
663 5273 864 5330 Idibus
895 5271 1255 5340 Novembris,
1283 5270 1600 5328 indictione
1631 5270 1858 5326 decima

207 5364 434 5440 quinta.

1952 3402 2157 3453 vestrae
2191 3397 2283 3452 his
2311 3396 2657 3452 intimamus
2688 3397 2988 3453 affatibus:
3017 3400 3296 3470 quoniam
3321 3402 3474 3472 apud
3497 3418 3604 3458 nos

1956 3487 2062 3543 hoc
2095 3503 2326 3558 semper
2358 3485 2574 3554 fuistis,
2604 3486 2760 3558 quod
2791 3503 2859 3542 ex
2890 3488 3308 3560 omnipotentis
3340 3490 3440 3545 Dei
3473 3507 3603 3550 mu.-

1956 3593 2092 3631 nere
2124 3575 2428 3648 accepistis
2459 3585 2587 3631 csse
2620 3591 2632 3629 :
2664 3593 2780 3631 non
2807 3577 2964 3648 quod
2994 3594 3063 3634 ex
3090 3577 3386 3634 voluntate
3416 3579 3604 3635 homi-

1956 3683 2099 3720 num
2145 3665 2435 3736 putamini
2487 3681 2601 3720 non
2649 3681 2798 3720 esse.
2834 3665 3034 3738 Igitur,
3069 3671 3382 3740 postquam
3430 3668 3604 3742 legati

1957 3755 2140 3810 nostri
2171 3753 2571 3823 (Rhadonldus
2604 3754 2826 3809 scilicet
2849 3760 2905 3810 et
2922 3755 3228 3812 Zacharias
3246 3758 3470 3814 dudum
3493 3758 3608 3830 epi-

1957 3843 2140 3915 scopi)
2167 3860 2314 3915 quos
2327 3843 2893 3914 Constantinopolim
2908 3861 3010 3916 pro
3023 3845 3375 3916 inquirenda
3392 3847 3609 3904 solum-

1957 3934 2130 3989 modo
2143 3949 2320 3987 causa
2339 3932 2680 3989 remotionis
2699 3936 2900 3988 vestrm
2925 3935 3104 3989 asede
3127 3935 3608 4009 Constantinopo-

1956 4022 2156 4088 litana,
2176 4021 2328 4077 inter
2355 4021 2611 4093 illa,quaa
2633 4023 2806 4093 jussu
2840 4027 3039 4082 nostro
3070 4041 3172 4096 pro
3203 4025 3610 4098 sacrisimagi-

1957 4112 2133 4168 nibus
2182 4115 2348 4167 erant
2378 4111 2623 4184 agenda,
2659 4111 3032 4178 miseramus,
3069 4113 3280 4168 reversi
3333 4119 3473 4170 sunt
3505 4133 3517 4170 :
3551 4119 3609 4172 et

1955 4205 2078 4257 tam
2109 4218 2311 4256 eorum
2361 4200 2662 4270 relatione,
2696 4217 2873 4273 quam
2920 4200 3155 4273 scriptis
3203 4218 3305 4274 per
3356 4203 3611 4260 Leonem

1958 4290 2320 4361 imperialem
2355 4307 2388 4345 a
2418 4290 2657 4345 secretis
2689 4289 2857 4344 nobis
2888 4289 3609 4364 delatis,ccmperto,quod

1957 4379 2070 4450 ipsi
2103 4379 2280 4435 etiam
2332 4378 2680 4440 sententiam
2722 4382 2924 4433 contra
2971 4395 3072 4437 vos
3121 4379 3409 4448 dederint,
3441 4385 3613 4441 tanta

1960 4485 2168 4524 sumus
2199 4467 2500 4535 maestitia,
2530 4471 2812 4539 tantoque
2860 4467 3122 4524 cruciatu
3155 4469 3370 4525 mentis
3401 4470 3614 4546 attriti,

1961 4562 2180 4630 quanto
2213 4557 2505 4618 contraria
2533 4560 2839 4629 gesserunt
2871 4556 3167 4625 omnibus,
3193 4575 3319 4632 quae
3343 4559 3454 4615 sibi
3485 4561 3606 4616 fue-

1961 4650 2094 4701 rant
2119 4645 2404 4716 imperata
2437 4661 2450 4698 :
2486 4648 2821 4716 quantoque
2849 4661 2950 4717 per
2978 4661 3076 4700 eos
3111 4645 3236 4702 visa
3265 4651 3404 4702 sunt
3429 4648 3609 4704 stabi-

1963 4735 2074 4804 l‘iri,
2110 4751 2236 4808 qua
2269 4733 2652 4789 credebamus
2684 4733 2916 4804 penitus
2957 4734 3240 4792 exinaniri
3275 4753 3288 4791 :
3322 4741 3606 4810 quantum

1961 4825 2138 4880 etiam
2171 4823 2514 4894 subreptum
2532 4826 2821 4891 est,atque
2834 4839 3180 4894 persuasum
3201 4825 3617 4892 cmnibus,ncs.

1963 4915 2021 4969 in
2055 4913 2273 4970 talibus
2306 4911 2647 4984 praestitisse
2676 4928 3052 4968 consensum.
3076 4915 3439 4987 QuaprOpter
3467 4916 3608 4971 dum

1963 5005 2118 5076 apud
2150 5019 2256 5058 nos
2290 5000 2661 5073 imperatoris
2691 4999 2908 5056 missus
2941 5002 3017 5073 (id
3051 5005 3139 5056 est
3189 5003 3324 5071 Leo)
3353 5006 3616 5078 adesset,

1965 5095 2279 5148 convocata
2311 5094 2448 5156 tota,
2483 5105 2609 5162 quae
2641 5089 2796 5162 apud
2828 5106 2934 5145 nos
2966 5089 3220 5146 Ecclesia
3246 5095 3608 5163 est,professi

1967 5198 2176 5238 sumus
2206 5197 2400 5236 coram
2434 5179 2581 5250 ipso,
2617 5178 2770 5234 sicut
2798 5181 2855 5232 et
2903 5179 3264 5254 proﬁtemur,
3299 5198 3403 5253 pro
3451 5183 3608 5254 deje-

1965 5273 2156 5326 ctione
2185 5274 2378 5326 vestra
2406 5272 2465 5324 et
2489 5266 2928 5323 conﬁrmatione
2959 5267 3146 5324 Photii
3177 5287 3480 5342 nunquam
3499 5273 3610 5327 mi-

1965 5361 2132 5429 sisse,
2168 5375 2476 5431 nunquam
2507 5356 2795 5412 missuros
2839 5373 3006 5425 esse;
3040 5363 3094 5413 et
3139 5359 3198 5412 in
3247 5359 3624 5431 depositione.

1963 5448 2273 5518 vestra,vel
2295 5447 2661 5520 promotione
2684 5445 2870 5502 Photii
2889 5463 3192 5520 nunquam
3215 5450 3606 5520 consensisse,

1966 5555 2271 5611 nunquam
2303 5553 2691 5594 consensuros
2723 5553 2868 5592 esse.
2903 5537 2973 5592 Et
3002 5536 3121 5592 haec
3173 5537 3387 5611 saepius
3431 5539 3620 5612 dicta,

1965 5631 2022 5684 et
2053 5625 2245 5698 palam
2279 5623 2647 5691 annuntiata,
2688 5627 2862 5696 atque
2911 5624 2970 5680 in
3022 5625 3379 5700 apostolatus
3424 5629 3611 5686 nostri

1965 5715 2228 5794 epistolis
2259 5713 2454 5774 taliter
2479 5712 2721 5785 inserta,
2754 5717 2875 5774 tam
2909 5715 3395 5778 excellentissimo
3425 5717 3612 5797 impeo
