4098 6468
175 408 337 477 1085

1407 408 1813 474 EPISTOL‘E
1858 394 1958 474 s‘r
1996 406 2388 473 DEG’BETA.

3440 400 3603 476 1066

179 547 457 604 nolumus
477 562 581 604 vos
600 563 635 603 a
655 545 937 604 charitate
966 546 1190 611 Christi
1217 545 1581 618 quibuslibet
1595 544 1849 601 subverti
1878 545 1932 612 Α
1966 545 2254 613 veiint,ex
2284 541 2531 616 epistola
2561 541 2738 599 Galla
2765 541 3247 615 Placidia,quam
3281 544 3607 603 Theodosio

180 636 455 691 versutiis
477 653 490 690 :
516 635 792 690 nolumus
813 653 1109 707 quorumv
1126 635 1177 691 is
1197 634 1447 707 vipereis
1464 634 1851 690 adversusEc—

180 718 422 780 ‘clesiam
434 724 536 780 Dei
558 725 907 780 commoveri
934 724 1101 780 suasi
1119 722 1458 795 onibus,qui
1481 723 1671 795 magis
1690 722 1849 778 volu-

185 829 323 869 mus
342 815 397 881 et
417 817 710 885 optamus,
734 816 793 868 et
813 813 975 884 pium
1002 812 1312 885 fastigium
1336 815 1596 875 vestrum
1618 810 1844 867 enixius

174 898 597 974 imploramus,
619 905 686 956 ut
701 917 804 958 vos
826 901 885 956 in
913 901 1247 974 integritate
1269 900 1423 967 fidei,
1449 904 1505 956 et
1525 900 1583 955 in
1607 904 1844 957 tramite

170 990 539 1060 rectitudinis
596 990 810 1062 populo
870 990 994 1057 Dei,
1046 990 1147 1061 qui
1206 994 1296 1045 est
1353 988 1635 1057 Ecclesia,
1670 1005 1829 1044 more

172 1083 387 1136 sancta
430 1078 590 1134 illius
638 1077 848 1135 Esther
892 1079 1105 1152 regina
1151 1082 1606 1151 perseverantes,
1639 1076 1831 1135 virum

174 1185 412 1241 quoque
426 1171 685 1225 vestrum
705 1167 858 1223 circa
874 1167 974 1223 Dei
994 1168 1287 1234 timorem,
1305 1182 1683 1239 amoremque
1698 1183 1828 1222 suc-

175 1256 439 1315 cendatis
463 1274 477 1312 :
501 1260 559 1312 et
587 1273 726 1329 erga
756 1261 968 1312 sancta
1001 1256 1273 1312 Ecclesia
1306 1254 1837 1327 Constantinopoli-

172 1351 325 1401 tana
357 1344 880 1418 recuperationem,
913 1345 1232 1418 prudenter
1265 1343 1677 1400 inflammetis:
1697 1361 1836 1415 qua-

174 1439 349 1505 tenus
373 1453 406 1491 a
426 1434 613 1490 Photii
637 1433 868 1503 machi,
892 1433 1189 1507 ncephyti,
1213 1449 1278 1489 ac
1302 1433 1611 1499 invaseris,
1638 1449 1704 1489 ac
1730 1450 1834 1506 per

176 1523 286 1579 hoc
308 1523 593 1591 damnati,
618 1527 676 1579 et
697 1510 1619 1592 anathematizati,communione
1632 1538 1693 1577 se
1707 1538 1833 1577 mu-

176 1611 367 1681 niens,
394 1611 682 1684 quidquid
706 1612 764 1667 in
789 1612 1027 1667 fratrem
1048 1615 1105 1666 et
1127 1611 1539 1684 coepiscopum
1562 1614 1830 1666 nostrum

174 1700 471 1773 Ignatium
490 1700 766 1757 molestia
789 1698 1008 1767 intulit,
1028 1705 1085 1755 et
1107 1699 1217 1756 sibi
1241 1698 1619 1755 commissam
1636 1714 1831 1772 regere

172 1788 520 1864 permittens
540 1789 859 1846 Ecclesiam
879 1789 1131 1861 corrigat
1157 1805 1169 1843 :
1196 1787 1489 1861 salutique
1512 1792 1832 1860 sua,atque

174 1878 407 1952 imperii
464 1877 559 1935 sui
618 1878 904 1945 consulat,
948 1881 1003 1933 et
1051 1877 1368 1933 Dominum
1410 1876 1544 1944 sibi,
1590 1875 1831 1947 suisque

171 1967 450 2025 omnibus
501 1967 823 2040 propitium
878 1966 1071 2022 faciat.
1104 1966 1265 2032 Quod
1317 1983 1419 2022 vos
1450 1980 1583 2020 cum
1617 1964 1831 2020 virtute

170 2056 395 2115 summi
430 2056 603 2130 regis,
631 2057 688 2111 in
714 2057 884 2127 cujus
908 2072 1086 2110 manu
1121 2055 1296 2110 corda
1327 2070 1529 2127 regum
1563 2054 1827 2121 sunt,ob-

173 2144 361 2204 tinere
372 2162 543 2219 posse
557 2144 953 2219 proculdubio
971 2143 1294 2209 credimus:
1313 2148 1369 2199 et
1389 2142 1827 2198 excusationem

173 2236 246 2291 de
266 2233 743 2307 impossibilitate
763 2232 987 2289 nullam
1018 2232 1309 2305 habere(si
1340 2231 1614 2294 voluntas
1644 2231 1827 2287 affue-

172 2323 273 2395 rit)
307 2322 663 2379 omnimodis
695 2323 1071 2378 arbitramur.
1104 2321 1388 2393 Siquidem
1413 2338 1513 2392 per
1541 2320 1830 2375 mulierem

174 2412 410 2484 ﬁdelem,
445 2412 769 2469 secundum
794 2410 1159 2483 Apostolum,
1178 2412 1349 2466 etiam
1370 2409 1605 2481 inﬁdelis
1620 2409 1829 2464 virsal-

172 2502 399 2559 vehitur
438 2503 488 2565 (Ι
527 2502 655 2557 Cor.
706 2505 828 2569 vn).
877 2500 1119 2566 Quando
1152 2498 1392 2555 Photius
1423 2498 1550 2572 [ιδῃ.
1585 2498 1828 2564 Quando

174 2591 394 2664 potius,
413 2599 510 2647 elc.
536 2589 955 2662 dignoscitur‘n
978 2604 1083 2661 per
1112 2586 1515 2644 fidelissimam
1550 2586 1827 2642 feminam

174 2680 265 2755 vir
286 2680 542 2753 potuerit
563 2677 795 2747 salvari,
822 2677 943 2751 qui,
967 2677 1082 2733 Deo
1104 2677 1348 2751 gratias,
1373 2693 1489 2732 non
1511 2675 1703 2733 solum
1733 2675 1827 2730 in-

177 2769 372 2825 ﬁdelis
394 2786 508 2824 non
533 2771 642 2837 est,
670 2768 841 2835 absit,
865 2784 1069 2823 verum
1090 2767 1265 2831 etiam
1289 2764 1830 2821 Christianissimus

176 2862 235 2914 et
264 2855 747 2931 religiosissimus
776 2871 905 2912 esse
935 2854 1319 2929 dignoscitur.
1455 2914 1459 2919 ,

250 2946 531 3019 Deponite
554 2962 690 3019 ergo
718 2948 991 3001 cunctam
1023 2944 1370 3001 muliebrem
1404 2943 1829 3011 infirmitatem,

179 3040 240 3092 et
271 3053 406 3109 ergo
439 3052 596 3104 eum,
638 3051 726 3103 ea,
755 3051 883 3107 qua
915 3033 1012 3107 pia
1041 3036 1200 3101 sunt,
1236 3050 1361 3105 qua
1394 3036 1607 3088 sancta
1637 3030 1831 3088 Eccle-

178 3125 279 3183 sia
312 3128 671 3198 congruunt,
701 3124 1016 3197 impetrare
1064 3122 1312 3195 satagite
1343 3137 1355 3177 :
1395 3138 1501 3177 nec
1527 3119 1833 3189 deficiatis,

179 3231 369 3287 neque
396 3214 660 3282 tardetis,
697 3217 763 3269 ut
793 3211 1008 3268 nostris
1040 3211 1273 3267 obediat
1302 3210 1835 3283 precibus,nostras

1965 636 2227 706 Augusto
2260 632 2514 705 scripsit,
2538 632 3123 707 potestisagnoscere
3148 651 3160 688 :
3185 651 3363 706 quam
3395 634 3609 692 idcirco

1965 722 2146 779 solam
2182 739 2733 790 commemoramus,
2760 722 3036 795 quoniam
3069 722 3437 794 epistolarem
3457 742 3615 781 cxce-

1955 810 2088 867 dere
2121 809 2473 866 locutionem
2503 810 2780 867 vitamus.
2813 811 2909 866 Ait
2939 827 3077 883 ergo
3105 829 3117 866 :
3158 811 3285 867 Non
3316 813 3611 868 modicum

1953 900 2380 956 detrimentum
2410 903 2500 954 est
2529 916 2598 954 ex
2627 899 2720 955 his
2766 902 2893 971 qua
2944 905 3108 971 gesta
3158 904 3317 967 sunt,
3351 904 3414 956 ut
3443 901 3609 970 ﬁdes,

1953 1004 2078 1060 qua
2110 987 2292 1045 tantis
2336 987 2706 1060 temporibus
2742 986 3090 1060 regulariter
3120 989 3412 1064 custodita
3438 994 3547 1057 est,
3580 1006 3615 1045 a

1952 1076 2352 1132 Sacratissimo
2385 1080 2552 1148 patre
2588 1082 2787 1132 nostro
2821 1076 3225 1144 Constantino,
3247 1077 3347 1149 qui
3380 1077 3611 1149 primus

1946 1164 2006 1220 in
2040 1165 2286 1237 imperio
2328 1164 2455 1238 [leg.
2490 1164 2788 1236 splenduit
2839 1164 3209 1221 Christianus
3259 1182 3463 1238 nuper,
3506 1175 3606 1223 etc.

1946 1254 2155 1327 Hann]
2181 1253 2502 1327 splenduit,
2522 1253 2933 1311 Christianitas
2956 1270 3143 1327 nuper
3162 1254 3396 1311 turbata
3418 1255 3605 1312 sit.Ad

1944 1342 2250 1417 arbitrium
2274 1343 2450 1399 unius
2471 1341 2729 1398 hominis
2748 1342 3020 1414 es,quiin
3046 1343 3267 1415 synodo
3290 1343 3601 1416 Ephesina

1942 1430 2195 1487 civitatis
2238 1431 2438 1487 odium
2471 1435 2528 1486 et
2568 1431 2974 1488 contentiones
3022 1431 3218 1504 potius
3267 1432 3602 1488 exercuisse

1943 1524 2234 1590 narratur,
2261 1519 2518 1575 militum
2548 1520 2875 1592 praesentia,
2902 1524 2959 1575 et
2979 1523 3139 1591 metu
3162 1523 3444 1592 appetens
3458 1520 3600 1576 Con-

1940 1608 2470 1680 stantinopolitana
2494 1607 2746 1665 civitatis
2764 1607 3105 1681 episcopum
3132 1608 3509 1665 Flavianum:
3531 1626 3598 1665 eo

1941 1697 2095 1769 quod
2118 1696 2383 1753 libellum
2408 1698 2479 1752 ad
2503 1696 2882 1770 apostolicam
2912 1698 3110 1753 sedem
3135 1698 3418 1765 emiserit,
3447 1699 3599 1755 atad

1940 1802 2143 1842 omnes
2165 1786 2471 1859 episcopos
2493 1785 2705 1842 harum
2728 1786 2989 1859 partium
3010 1804 3112 1860 per
3124 1804 3243 1857 eos,
3270 1786 3371 1860 qui
3394 1786 3602 1843 directi

1939 1874 2241 1931 fuerantin
2256 1875 2501 1931 concilio
2524 1893 2553 1931 a
2581 1874 3069 1931 reverendissimo
3087 1876 3360 1949 episcopo
3377 1877 3595 1944 Roma,

1939 1964 2037 2037 qui
2062 1965 2387 2020 secundum
2419 1962 2803 2020 diffinitiones
2822 1963 3039 2019 Nicani
3070 1964 3300 2020 concilii
3333 1964 3599 2021 consueti

1939 2057 2079 2110 sunt
2108 2053 2412 2121 interesse,
2437 2053 2676 2108 domine
2702 2051 3101 2109 sacratissime
3133 2053 3214 2109 fili
3245 2053 3596 2117 venerabilis

1939 2141 2271 2214 imperator.
2286 2140 2406 2196 Hac
2428 2141 2627 2213 itaque
2648 2141 2855 2213 gratia,
2881 2145 2983 2198 tua
3009 2134 3401 2198 mansuetudo
3413 2142 3594 2200 tantis

1938 2230 2129 2285 turbis
2150 2229 2759 2297 resistens,veritatem
2783 2228 3226 2286 immaculatam
3249 2231 3383 2287 fidei
3400 2232 3595 2288 catho-

1938 2316 2059 2373 lica
2090 2317 2389 2390 religionis
2421 2316 2632 2374 salvari
2665 2318 2981 2390 pracipiat,
3018 2321 3082 2374 ut
3106 2320 3436 2374 secundum
3470 2320 3589 2376 for-

1938 2423 2097 2462 mam
2128 2411 2184 2463 et
2212 2406 2624 2464 difﬁnitionem
2653 2406 2984 2479 apostolica
3012 2407 3188 2477 sedis,
3209 2425 3388 2480 quam
3413 2408 3588 2464 etiam

1939 2512 2045 2552 nos
2068 2500 2349 2567 tanquam
2371 2495 2799 2568 praecellentem
2832 2494 3102 2552 similiter
3129 2514 3511 2569 veneramur,
3527 2497 3589 2553 in

1939 2588 2093 2641 statu
2119 2584 2429 2641 sacerdotii
2452 2584 2567 2653 ille,
2594 2590 2929 2641 remanente
2948 2602 3051 2657 per
3068 2586 3268 2641 omnia
3298 2585 3591 2655 Flaviano,

1939 2675 2011 2730 ad
2035 2672 2261 2731 concilii
2286 2677 2343 2729 et
2365 2672 2695 2747 apostolica
2726 2674 2883 2730 sedis
2906 2673 3201 2746 judicium
3236 2675 3596 2731 transmitta-

1939 2767 2073 2832 tur;
2108 2764 2167 2818 in
2198 2778 2314 2834 qua
2341 2762 2573 2834 primus
2600 2762 2836 2835 ille,qui
2867 2761 3129 2818 ccelestes
3160 2762 3350 2831 claves
3379 2763 3597 2837 dignus

1941 2850 2053 2908 fuit
2083 2851 2362 2925 accipere,
2394 2851 2789 2924 principatum
2834 2851 3209 2924 episcopatus
3258 2852 3548 2909 ordinavit
3579 2869 3595 2910 :

1943 2942 2178 3014 quando
2200 2941 2422 2996 scilicet
2442 2941 2607 2995 decet
2628 2957 2735 2997 nos
2757 2939 2895 2995 huic
2919 2939 3186 2995 maxima
3207 2940 3449 3010 civitati,
3469 2958 3597 3013 qua

1943 3030 2183 3087 domina
2211 3027 2475 3085 omnium
2508 3032 2615 3097 est,
2634 3033 2798 3084 tuam
2822 3028 2881 3083 in
2903 3028 3179 3085 omnibus
3210 3029 3596 3095 reverentiam

1945 3135 2305 3176 conservare.
2339 3117 2691 3191 Diligentius
2735 3122 2933 3173 autem
2963 3118 3143 3173 etiam
3174 3117 3234 3172 in
3264 3118 3375 3174 hoc
3405 3110 3598 3191 provi-

1946 3209 2096 3275 dete,
2131 3224 2203 3262 ne
2229 3208 2382 3285 quod
2416 3207 2628 3280 priscis
2672 3206 3037 3278 temporibus
3068 3211 3272 3262 nostra
3300 3206 3597 3279 generatio

180 3303 453 3359 exaudiat
473 3308 757 3375 tanquam
781 3300 1063 3374 spiritalis
1088 3299 1273 3373 patris
1296 3300 1387 3356 sui
1413 3298 1832 3372 petitiones,in-
1859 3283 1910 3355 c
1949 3283 2287 3363 custodivit,
2313 3297 2422 3351 sub
2457 3294 2628 3352 nobis
2651 3294 2925 3351 imminui
2950 3295 3234 3364 videatur,
3259 3301 3317 3351 et
3336 3313 3439 3369 per
3458 3313 3598 3369 pra-

182 3391 587 3449 desinentibus
606 3392 759 3465 apud
772 3407 905 3447 eum
921 3408 986 3446 su
994 3389 1603 3464 ggestionibus,atque
1615 3387 1835 3461 suppli-

182 3481 513 3538 cationibus
540 3496 738 3553 agere;
771 3496 995 3535 necnon
1025 3482 1081 3535 et
1111 3478 1280 3552 quasi
1312 3476 1462 3532 virili
1496 3477 1834 3532 fortitudine

182 3568 608 3626 circumcincta
637 3567 700 3623 in
716 3556 1046 3624 constantia
1064 3554 1345 3623 continua
1366 3566 1837 3631 decertare.Quo-

185 3659 345 3715 niam
368 3662 455 3728 (ut
474 3656 862 3730 pratulimus)
884 3674 1002 3713 non
1023 3673 1123 3712 vos
1154 3655 1440 3719 Dominus
1472 3655 1689 3710 frustra
1719 3654 1834 3709 im-

183 3748 329 3821 perii
355 3746 622 3820 conjugis
642 3744 821 3801 vestri
844 3744 1127 3811 fecitesse
1150 3747 1502 3808 consortem,
1519 3748 1574 3798 et
1596 3743 1707 3798 nisi
1733 3759 1835 3815 pro

184 3820 400 3909 populo
423 3836 550 3907 ejus
569 3832 828 3907 legitime
845 3820 1618 3899 1aboraveritis,indistricto
1641 3831 1835 3887 divino

177 3923 406 3998 judicio
436 3923 761 3979 districtum
797 3921 999 3994 procul
1051 3921 1230 3976 dubio
1279 3919 1494 3976 dabitis
1528 3920 1834 3975 rationem.

185 4011 588 4087 Aggredimini
631 4028 789 4084 ergo,
825 4014 881 4066 et
908 4009 1223 4066 induimini
1255 4008 1614 4078 fortitudine,
1648 4013 1704 4064 et
1733 4026 1836 4080 pro

187 4106 366 4171 statu,
400 4118 466 4157 ac
498 4101 702 4156 ordine
746 4098 1015 4155 Ecclesia
1046 4098 1147 4153 Dei
1180 4102 1236 4153 et
1274 4098 1562 4154 erectione
1593 4096 1836 4153 afﬂicto-

188 4208 344 4258 rum,
363 4193 420 4247 et
446 4205 859 4263 oppressorum
892 4191 1187 4244 certamen
1218 4186 1839 4257 assumite,imitantes

186 4280 454 4349 videlicet
514 4277 787 4351 superius
845 4280 1231 4333 memoratam
1286 4276 1512 4332 beatam
1572 4275 1837 4349 reginam

189 4368 419 4438 Esther,
444 4384 572 4441 qua
591 4384 694 4440 pro
727 4364 944 4440 populo
976 4364 1078 4422 Dei
1099 4365 1278 4421 etiam
1305 4365 1364 4419 in
1398 4369 1647 4420 mortem
1680 4365 1840 4420 dedit

192 4459 453 4516 animam
475 4472 666 4526 suam,
689 4460 746 4512 et
767 4470 1075 4528 quousque
1103 4454 1261 4509 hunc
1291 4452 1559 4510 liberavit
1579 4455 1757 4526 Vorte,
1776 4452 1841 4509 li-

191 4549 412 4606 beravit
441 4564 476 4604 a
504 4547 697 4603 ruina.
727 4545 958 4617 Hann],
992 4545 1189 4601 anima
1246 4544 1420 4603 ferias
1477 4542 1672 4600 nullas
1731 4560 1837 4600 suo

1942 3404 2079 3445 sens
2110 3384 2440 3459 exemplum
2487 3383 2703 3440 similia
2740 3388 3018 3457 gerantur
3049 3383 3394 3456 [schismata
3420 3400 3594 3459 gene-

1942 3476 2163 3546 rentur]
2197 3475 2255 3530 in
2300 3475 2624 3547 episcopos,
2659 3491 2724 3529 ac
2776 3477 3010 3529 sanctas
3061 3472 3356 3529 ecclesias.
3390 3473 3596 3530 Videte

1940 3564 2139 3638 igitur,
2174 3562 2523 3620 charissima
2574 3560 2713 3630 ﬁlia,
2748 3561 3001 3636 qualiter
3057 3562 3179 3617 hac
3238 3562 3341 3619 Dei
3385 3562 3597 3620 cultrix

1941 3654 2227 3726 Augusta,
2253 3657 2317 3708 ut
2336 3652 2590 3725 priscam
2622 3652 2799 3707 fidem
2830 3655 3047 3725 servet,
3073 3654 3331 3724 satagat:
3351 3655 3410 3707 et
3439 3648 3601 3727 quod

1945 3740 2627 3812 Constantinopolitanus
2673 3738 2985 3813 episcopus
3030 3738 3399 3795 saecularium
3434 3745 3596 3796 metu

1944 3831 2120 3887 fuerit
2152 3830 2468 3902 appetitus,
2503 3827 2694 3885 doleat
2731 3843 2744 3883 ε
2780 3827 3031 3900 qualiter
3061 3845 3198 3884 eum
3226 3826 3493 3886 libellum
3526 3828 3599 3884 ad

1946 3921 2143 3975 sedem
2175 3916 2555 3991 apostolicam
2587 3915 2818 3972 misisse
2851 3921 3306 3985 commemoret;
3346 3917 3602 3989 qualiter

1945 4009 2145 4065 sedem
2171 4007 2573 4081 apostolicam,
2597 4009 2878 4078 tanquam
2911 4004 3338 4078 praecellentem
3370 4023 3606 4063 venere-

1945 4102 2044 4154 tur
2075 4115 2088 4153 :
2123 4096 2378 4168 qualiter
2425 4095 2753 4152 secundum
2802 4094 3052 4151 formam
3093 4098 3151 4151 et
3182 4093 3597 4151 difﬁnitionem

1946 4187 2074 4258 ejus
2116 4185 2423 4241 Flavianus
2471 4182 2742 4240 submitti
2789 4184 2863 4239 ad
2898 4182 3192 4254 judicium
3223 4183 3381 4239 sedis
3411 4183 3603 4256 ipsius

1947 4274 2469 4349 (quemadmodum
2496 4276 2553 4329 et
2582 4289 2690 4328 nos
2721 4272 2793 4328 de
2825 4271 3048 4344 lgnatio
3079 4275 3137 4328 et
3163 4270 3368 4328 Photio
3399 4271 3604 4339 statui-

1947 4368 2104 4433 mus)
2134 4363 2431 4419 hortetur:
2467 4361 2716 4433 qualiter
2746 4360 2805 4415 in
2838 4361 2975 4416 sede
3005 4360 3269 4416 Romana
3297 4356 3463 4416 illum
3487 4360 3602 4433 pri-

1947 4470 2110 4510 mum
2135 4451 2235 4524 qui
2258 4449 2520 4508 calestes
2550 4448 2740 4507 claves
2770 4448 2986 4522 dignus
3009 4448 3121 4505 fuit
3149 4448 3598 4521 accipere,prin-

1947 4543 2207 4615 cipatum
2259 4540 2632 4612 episcopatus
2691 4537 2995 4594 ordinasse
3050 4536 3270 4594 recolat
3302 4554 3315 4594 :
3346 4537 3601 4610 qualiter

192 4635 499 4703 certamini
529 4633 735 4691 tribuit
767 4651 780 4689 :
813 4633 909 4689 cui
940 4632 1342 4689 Mardochaus
1383 4631 1481 4687 ille
1525 4630 1839 4688 laudabilis
1868 4652 1918 4718 Β
1948 4632 2124 4689 etiam
2148 4628 2457 4703 diligenter
2476 4627 2902 4718 providendum
2923 4643 3054 4718 esse
3080 4630 3336 4718 censeat,
3351 4644 3424 4718 ne
3442 4628 3598 4700 quod

193 4730 441 4801 patruus
472 4721 1138 4797 ejus(quemadmodum
1168 4738 1277 4778 nos
1308 4737 1465 4777 nunc
1488 4720 1842 4789 .vobis)inter

196 4819 403 4873 caetera
448 4814 532 4869 ita
578 4814 951 4886 suggesserat
984 4828 997 4867 :
1032 4814 1111 4871 Ne
1147 4818 1323 4882 putes,
1375 4810 1670 4883 inquiens,
1705 4810 1847 4883 quod

196 4907 445 4962 animum
481 4911 633 4959 tuam
679 4909 893 4958 tantum
939 4901 1152 4969 liberes,
1195 4901 1325 4972 quia
1352 4902 1407 4956 in
1436 4900 1591 4956 domo
1622 4901 1765 4969 regis
1793 4916 1847 4956 es

198 5009 318 5068 pra
346 4993 556 5049 cunctis
583 4991 832 5054 Iudaeis
851 4991 916 5046 Si
941 4991 1090 5046 enim
1119 5005 1267 5044 nunc
1293 4989 1538 5054 silueris,
1552 5005 1650 5060 per
1679 4990 1852 5044 aliam

200 5085 542 5141 occasionem
573 5081 958 5137 liberabuntur
984 5078 1194 5144 Judaei,
1222 5085 1273 5133 et
1301 5085 1359 5132 tu
1388 5085 1440 5132 et
1468 5076 1660 5135 domus
1679 5079 1855 5150 patris

202 5174 288 5229 lui
309 5171 586 5244 peribitis.
617 5170 683 5225 Et
713 5170 836 5241 quis
862 5169 1033 5234 novit,
1064 5175 1252 5223 utrum
1293 5165 1496 5221 idcirco
1524 5166 1595 5220 ad
1624 5182 1855 5235 regnum

203 5262 438 5327 veneris,
490 5266 550 5314 ut
602 5259 664 5313 in
720 5265 952 5329 tempore
1008 5257 1109 5333 loli
1159 5254 1486 5328 parareris?
1541 5256 1707 5319 (Esth.
1756 5254 1857 5326 Iv.)

208 5353 505 5418 Quantum
528 5349 724 5410 autem
747 5344 854 5418 pia
876 5345 1300 5417 imperatrices,
1326 5358 1578 5416 quarum
1598 5359 1701 5398 vos
1732 5342 1858 5397 imi-

207 5430 445 5496 tatrices
474 5452 603 5493 esse
630 5436 925 5502 volumus,
950 5433 1071 5489 sedi
1094 5433 1249 5490 beati
1272 5429 1554 5505 principis
1577 5430 1862 5504 apostolo-

211 5545 344 5584 rum
375 5524 527 5594 Petri
558 5525 774 5580 devota
804 5521 1024 5578 fuerint
1055 5537 1069 5576 :
1102 5527 1159 5578 et
1186 5522 1340 5578 hanc
1372 5537 1486 5594 pra
1515 5518 1745 5579 cunctis
1777 5537 1863 5575 se-

211 5617 386 5674 dibus
408 5611 839 5681 honoraverint,
855 5609 1221 5684 qualiterque
1235 5608 1693 5666 sublimissimos
1708 5608 1865 5682 prin-

211 5708 369 5784 cipes
393 5704 548 5762 circa
568 5699 948 5759 reverentiam
962 5696 1208 5757 Romani
1225 5698 1866 5775 pontiﬁcisinﬂamma-

529 5827 804 5897 PATROL.
850 5825 1049 5891 CXIX.

1951 4718 2160 4794 priscis
2195 4717 2559 4791 temporibus
2591 4707 2949 4773 custoditum
2982 4716 3193 4787 fuerat,
3218 4715 3491 4772 imminui
3523 4715 3605 4770 vi-

1957 4810 2180 4873 deatur,
2209 4811 2266 4865 et
2294 4824 2396 4880 per
2425 4823 2681 4879 praesens
2709 4804 3039 4878 exemplum
3076 4803 3298 4861 similia
3325 4808 3607 4877 gerantur

1955 4899 2017 4954 in
2040 4897 2361 4970 episcopos,
2390 4912 2456 4951 ac
2480 4899 2716 4951 sanctas
2737 4893 3042 4950 Ecclesias.
3067 4893 3200 4959 Qua
3221 4898 3450 4961 cuncta,
3489 4891 3610 4947 ﬁlia

1960 4986 2330 5056 charissima,
2354 4984 2664 5057 diligenter
2684 4983 3069 5050 attendentes,
3095 4986 3152 5037 et
3173 4998 3276 5053 per
3296 4981 3477 5053 hujus
3499 4980 3610 5053 pia

1959 5078 2233 5150 Augusta
2280 5072 2527 5146 vestigia
2574 5072 2929 5146 gradientes,
2961 5070 3301 5143 hujusmodi
3349 5087 3614 5125 reveren-

1963 5164 2106 5221 tiam
2113 5164 2237 5237 ,huj
2249 5163 2477 5219 usmodi
2493 5160 2717 5217 cultum
2733 5160 2886 5215 circa
2897 5160 3094 5215 sedem
3108 5159 3261 5215 beati
3276 5157 3514 5230 Petri,et
3526 5174 3618 5213 ex-

1966 5253 2184 5323 hibete,
2209 5256 2265 5308 et
2287 5250 2542 5308 exhiberi
2567 5268 2601 5305 a
2622 5246 3123 5303 Christianissimo
3148 5249 3394 5321 conjuge
3423 5252 3617 5305 vestro

1970 5348 2208 5400 strenue
2241 5340 2502 5397 suadete.
2528 5338 2826 5403 Quatenus
2858 5336 3369 5413 imperium,quod
3395 5341 3618 5409 tempo‘

1971 5430 2170 5487 raliter
2199 5432 2481 5485 assecuta
2514 5425 2676 5495 estis,
2709 5442 2844 5482 cum
2888 5423 3006 5481 illis
3036 5425 3141 5482 Dei
3172 5424 3533 5495 cultricibus,
3566 5428 3625 5481 et

1975 5519 2257 5576 honorem
2280 5517 2465 5575 sancti
2490 5515 2641 5572 Petri
2665 5516 2789 5572 sedi
2810 5514 3219 5586 exbibentibus
3249 5512 3629 5588 imperatrici-

1975 5610 2109 5676 bus,
2140 5605 2477 5682 percipiatis
2508 5608 2812 5675 aternum,
2847 5608 2905 5661 et
2931 5602 3181 5679 gloriam
3211 5603 3628 5678 incorruptibi-

1960 5687 2091 5758 lem
2116 5698 2319 5758 eodem
2343 5695 2742 5756 intercedente
2763 5692 3158 5769 apostolorum
3179 5692 3411 5766 eximio,
3425 5693 3633 5758 cuivos

3236 5821 3316 5912 34.
