4098 6484
484 386 642 449 1067

1850 376 2166 443 NICOLAI
2216 375 2443 439 PAP/E
2486 379 2535 439 Ι.

3754 370 3929 431 1068

485 521 545 577 in
577 519 808 593 legatis,
844 521 901 573 et
932 518 990 573 in
1023 515 1316 589 legatione
1370 513 1558 587 ipsius
1607 512 1991 569 reverentiam
2038 527 2143 584 per
2169 510 2224 578 Α
2255 511 2327 565 ad
2378 511 2577 567 sedem
2628 508 3008 581 apostolicam
3060 510 3468 581 pervenerunt,
3503 504 3929 561 accusationes

486 608 880 666 obedientiam
910 606 1251 679 impendere
1281 603 1677 669 cohortamur,
1712 602 1771 657 in
1804 601 2019 657 caelesti
2044 618 2142 672 pa-

484 698 626 755 latio
656 695 1167 768 incorruptibilem
1192 699 1249 750 et
1278 692 1825 749 immarcessibilem
1857 691 2145 763 largiente

489 804 624 861 rege
653 802 861 859 regum
890 784 1136 841 Domino
1169 782 1634 856 consequamini.
1652 782 1799 837 Data
1820 780 2021 836 Idibus
2036 780 2145 834 No-

488 876 771 945 vembris,
805 875 1126 931 indictione
1155 890 1247 929 xv.

756 1054 829 1092 AD
868 1052 1099 1091 CLERUM
1139 1050 1445 1090 CONSTANTI
1455 1049 1879 1089 NOPOLI’I‘ANUM.

1138 1107 1327 1178 (Anno
1357 1106 1506 1177 866.)

494 1185 777 1238 Percenset
805 1180 991 1235 omnia
1011 1174 1187 1249 quaee
1203 1177 1291 1233 die
1312 1194 1415 1249 quo
1447 1174 1975 1248 Censtantinopolim
1989 1174 2150 1249 missi

565 1260 694 1308 sunt
745 1247 1091 1307 Rhadoaldus
1129 1258 1181 1305 et
1208 1247 1540 1315 Zacharias,
1571 1247 1814 1320 fuerunt
1843 1254 1984 1301 acta.
2015 1247 2149 1320 Item

562 1331 948 1379 commemorat
1002 1322 1230 1377 concilii
1285 1322 1516 1376 Romani
1572 1318 1806 1388 decreta,
1851 1318 2150 1389 repetitque

564 1396 752 1451 omnia
785 1409 912 1466 qua:
940 1395 1001 1448 in
1029 1394 1309 1466 superiori
1344 1392 1573 1466 epistola
1602 1392 1746 1445 dicta
1775 1397 1904 1445 sunt
1929 1389 1993 1443 de
2019 1404 2148 1466 prof

560 1461 809 1523 motione
847 1465 1052 1530 Photii,
1098 1461 1155 1519 ret
1201 1464 1270 1518 de
1329 1461 1581 1534 Gregorio
1629 1467 2000 1534 Syracusano,
2053 1461 2151 1534 qui

562 1539 822 1594 Photium
875 1537 1230 1603 consecravit,
1284 1544 1336 1591 et
1382 1534 1447 1591 de
1495 1533 1721 1607 epistola
1779 1533 2147 1606 imperatoris,

565 1626 732 1682 quam
763 1607 1211 1682 comburiﬂjubet.

1012 1677 1202 1750 [Apud
1235 1677 1446 1744 Mansi,
1479 1677 1638 1744 ibid.]

565 1769 854 1825 NICOLAUS
884 1768 1218 1840 episcopus,
1254 1783 1458 1822 servus
1489 1781 1791 1822 servorum
1841 1763 1964 1829 Dei,
1996 1779 2152 1818 reve-

2254 600 2542 672 quasdam
2566 599 2625 654 in
2659 598 2895 671 scriptis
2925 598 3207 654 adversus
3231 598 3359 668 jam
3392 595 3576 651 fatum
3612 611 3931 650 consaCer-

2255 690 2448 745 dotem
2480 693 2749 745 nostrum
2781 688 3169 761 Ignatium,et
3198 687 3258 741 in
3280 685 3472 741 verbis
3504 684 3930 741 excusationes

2254 796 2358 852 pro
2376 778 2581 834 Photio
2603 778 2948 846 deferentes,
2973 781 3029 832 et
3050 781 3114 832 ut
3136 794 3169 832 a
3190 776 3326 832 sede
3347 774 3669 848 apostolica
3699 772 3932 829 missos

2255 870 2554 934 daremus,
2589 867 2689 940 qui
2724 865 3004 923 scandala
3053 864 3157 921 illa
3200 866 3474 921 sedarent
3503 867 3560 920 et
3590 862 3934 919 schismata

2257 957 2631 1030 dissiparent,
2680 972 3034 1029 magnopere
3086 953 3474 1028 postulantes.
3523 952 3753 1017 Quibus
3816 950 3937 1006 rite

2256 1045 3045 1119 susceptis,etlegationibus
3067 1044 3343 1117 injunctae
3374 1042 3487 1098 sibi
3517 1059 3622 1097 seu
3653 1039 3935 1114 epistola:

2258 1137 2459 1192 delatae
2482 1134 2802 1208 imperialis
2834 1135 3096 1207 inspecto
3119 1138 3344 1199 tenore,
3369 1133 3713 1188 mmstitiam
3739 1146 3935 1202 quam

2258 1225 2421 1298 prius
2439 1241 2641 1279 rumor
2656 1223 2819 1280 solus
2837 1222 2897 1278 in
2916 1223 3087 1280 corde
3106 1227 3304 1278 nostro
3328 1226 3652 1294 pepererat,
3667 1236 3934 1275 casuum

2259 1314 2552 1370 evidenter
2581 1318 2953 1369 ostensorum
2978 1312 3190 1369 certior
3209 1311 3516 1368 confestim
3538 1310 3749 1365 relatio
3775 1308 3940 1364 mul-

2256 1403 2561 1475 tiplicavit.
2588 1406 2663 1471 (a)
2685 1403 3053 1475 Quapropter
3073 1400 3232 1473 quia,
3254 1401 3408 1456 sicut
3428 1399 3717 1455 divinitus
3746 1399 3943 1470 inspi-

2259 1497 2388 1549 rata
2408 1491 2696 1564 sapientia
2716 1496 2909 1548 vestra
2933 1493 3467 1558 novit,cunctarum
3488 1487 3707 1544 Christi
3722 1489 3939 1544 ovium

2260 1599 2403 1639 cura
2432 1581 2911 1654 constringimur,
2941 1597 3076 1637 cum
3107 1580 3263 1636 vices
3293 1579 3454 1635 illius
3485 1595 3588 1652 per
3618 1578 3946 1635 abundan-

2260 1671 2406 1727 tiam
2437 1670 2690 1726 coelestis
2722 1670 2918 1743 gratiae
2950 1687 3246 1743 geramus,
3273 1670 3369 1725 cui
3395 1667 3729 1741 specialiter
3753 1684 3790 1724 a
3813 1668 3945 1723 Deo

2263 1760 2476 1816 dicitur
2510 1775 2523 1816 :
2555 1761 2725 1815 Pasce
2780 1776 2901 1815 oves
2955 1774 3105 1814 meas
3158 1759 3332 1831 (Joan.
3364 1759 3516 1828 xxx);
3559 1762 3618 1813 et
3659 1774 3891 1813 rursus
3926 1774 3942 1813 :

494 1857 869 1917 rendissimis
899 1861 955 1912 et
985 1855 1375 1913 sanctissimis
1408 1854 1800 1910 confratribus
1830 1851 2048 1907 nostris
2069 1868 2155 1905 ar-
2183 1886 2233 1951 B
2264 1851 2326 1904 Et
2347 1858 2405 1905 tu
2424 1848 2724 1920 aliquando
2757 1865 3046 1905 conversus
3077 1850 3342 1920 conﬁrma
3377 1850 3580 1919 fratres
3611 1854 3739 1902 tuos
3776 1847 3944 1919 (Luc.

496 1946 885 2019 chiepiscopis
916 1944 1403 2017 metropolitanis,
1422 1948 1478 2000 et
1508 1942 1798 2017 episcopis
1829 1939 2154 1998 Constanti-

495 2036 846 2109 nopolitanae
872 2034 997 2092 sedi
1021 2034 1153 2105 subj
1163 2034 1490 2103 acentibus,
1511 2038 1685 2105 atque
1704 2033 1972 2087 universo
1990 2046 2155 2087 vene-

495 2125 666 2183 rabili
696 2125 849 2181 clero
880 2122 1669 2195 Constantinopolitanorum
1702 2121 1994 2177 Ecclesiae.

569 2215 651 2271 Ea
681 2232 809 2287 quae
840 2230 1030 2286 nuper
1059 2213 1214 2285 apud
1246 2210 1813 2283 Constantinopolim
1830 2214 1996 2283 gesta
2017 2211 2158 2265 sunt

494 2305 900 2376 hactenusque
921 2301 1609 2375 geruntur,sanctitatem
1632 2304 1887 2356 vestram
1910 2316 2022 2354 non
2040 2314 2159 2352 cre-

497 2393 696 2449 dimus
726 2392 1034 2465 ignorare;
1071 2391 1172 2446 sed
1210 2390 1465 2463 qualiter
1493 2389 1614 2445 zelo
1646 2388 1814 2445 zelati
1847 2404 1950 2460 pro
1983 2388 2156 2442 domo

497 2480 754 2549 Domini,
789 2498 917 2553 quae
951 2484 1042 2536 est
1070 2479 1331 2536 Ecclesia
1360 2479 1461 2535 Dei
1493 2479 1626 2547 vivi,
1663 2478 1937 2534 columna
1968 2481 2024 2531 et
2053 2476 2156 2530 ﬁr-

497 2574 863 2628 mamentum
876 2570 1160 2634 veritatis,
1178 2586 1338 2624 more
1356 2569 1732 2624 decessorum
1752 2582 2016 2622 meorum
2040 2564 2157 2620 sol-

496 2658 864 2716 licitudinem
897 2657 1164 2713 omnium
1189 2656 1579 2713 Ecclesiarum
1618 2656 1712 2712 Dei
1744 2654 2158 2711 circumferen-

494 2750 723 2816 tes,nos
742 2747 813 2802 de
826 2745 919 2801 his
932 2745 1224 2819 egerimus
1241 2744 1329 2800 vel
1348 2744 1837 2817 disposuerimus,
1852 2742 2019 2798 vobis
2041 2760 2157 2798 non

496 2839 620 2891 tam
643 2835 894 2892 breviter
918 2852 1097 2908 quam
1117 2834 1783 2890 veraciterintimamus.
1802 2832 1986 2906 Igitur
2007 2834 2159 2904 post-

498 2941 678 2997 quam
712 2924 1046 2980 audivimus
1079 2924 1232 2994 quod
1268 2923 1510 2996 quidam
1544 2927 1804 2979 vestrum
1829 2920 2057 2977 invidias
2082 2921 2161 2975 fa-

498 3014 671 3070 cibus
704 3014 956 3081 accensi,
990 3017 1047 3070 et
1081 3012 1366 3085 superbiae
1420 3013 1572 3069 fastu
1622 3015 1962 3085 arroganter
1999 3009 2157 3078 elati,

505 3119 671 3161 more
715 3103 1053 3159 Judzeorum
1114 3107 1318 3158 contra
1376 3107 1670 3174 pastorem
1710 3106 1766 3157 et
1808 3100 2160 3174 magistrum

502 3209 704 3263 suum,
738 3191 974 3247 fratrem
1031 3191 1300 3247 videlicet
1357 3190 1828 3246 comministrum
1887 3192 2155 3244 nostrum

2262 1939 2556 2011 xx11),non
2589 1938 2894 2010 potuimus
2925 1936 3305 1994 dissimulare
3336 1941 3438 1991 aut
3467 1935 3770 2010 negligere
3793 1953 3948 2009 quo-

2264 2029 2464 2084 minus
2493 2027 2866 2084 visitaremus
2899 2044 3033 2083 oves
3066 2027 3363 2099 dispersas
3392 2030 3450 2081 et
3480 2025 3949 2098 dissipatas,vel

2265 2119 2586 2190 quominus
2617 2118 3104 2173 conﬁrmaremus
3130 2115 3191 2171 in
3219 2116 3332 2171 fide
3365 2120 3421 2170 et
3451 2115 3723 2171 moribus
3756 2115 3947 2171 bonis

2266 2208 2474 2262 fratres
2506 2210 2739 2261 nostros
2767 2210 2823 2261 et
2849 2204 3165 2278 proximos.

2338 2298 2407 2352 Et
2442 2296 2582 2370 quia
2608 2295 2764 2351 inter
2794 2300 3000 2350 caetera
3030 2312 3157 2368 qua:
3189 2296 3258 2350 de
3291 2294 3610 2351 schismate
3632 2296 3772 2367 jam
3802 2295 3947 2352 fatae

2266 2383 2921 2457 Constantinopolitanae
2954 2383 3321 2453 Ecclesiae,hi
3353 2385 3451 2456 qui
3486 2384 3653 2440 missi
3690 2385 3951 2441 fuerant

2266 2475 2658 2541 testabantur,
2688 2473 2940 2530 maxime
2969 2474 3236 2530 eamdem
3269 2473 3584 2530 Ecclesiam
3618 2474 3692 2530 ab
3731 2474 3949 2531 Icono—

2268 2564 2518 2634 machis,
2580 2564 2891 2619 recidivam
2949 2562 3443 2636 contemptionem
3504 2563 3945 2633 excitantibus,

2268 2654 2611 2709 asserebant
2655 2653 2868 2721 vexari,
2905 2652 3319 2724 Christumque
3370 2668 3473 2723 per
3511 2652 3758 2724 singula
3792 2671 3950 2709 con-

2266 2742 2561 2798 venticula
2590 2741 2987 2814 blasphemari
3022 2759 3035 2797 :
3071 2741 3284 2798 idcirco
3315 2741 3463 2797 duos
3493 2740 3813 2814 episcopos
3836 2744 3948 2816 qui

2268 2831 2578 2887 nobiscum
2593 2830 3004 2903 erant,quique
3021 2831 3091 2886 ad
3115 2830 3225 2886 hoc
3245 2834 3477 2886 tantum
3500 2830 3950 2903 perficiendum

2269 2938 2417 2993 opus
2467 2921 2659 2977 idonei
2712 2921 2882 2976 nobis
2930 2937 3060 2977 esse
3109 2919 3477 2987 videbantur,
3512 2920 3949 2978 Rhadoaldum

2270 3010 2493 3066 scilicet
2522 3014 2579 3066 et
2605 3009 2964 3078 Zachariam,
2997 3027 3118 3065 una
3147 3027 3282 3065 cum
3314 3009 3572 3066 Ecclesia
3604 3026 3737 3082 qum
3777 3014 3943 3085 apud

2270 3116 2378 3155 nos
2408 3103 2514 3168 est,
2548 3099 2700 3155 datis
2752 3098 2963 3155 litteris
3010 3102 3132 3154 tam
3165 3099 3238 3154 ad
3269 3100 3605 3171 Augustum
3638 3116 3833 3170 quam
3871 3102 3945 3157 ad

2273 3189 2545 3244 Pbotium
2578 3187 2832 3260 scriptis,
2848 3187 3437 3260 Constantinopolim,
3453 3187 3609 3244 idem
3640 3189 3947 3247 nimirum

501 3281 817 3354 Ignatiurn,
842 3280 1107 3337 Ecclesiae
1142 3281 1387 3352 praefatis
1424 3279 1866 3336 sanctissimum
1905 3278 2156 3351 patriar-
2189 3257 2232 3325 (ἶ
2270 3278 2566 3351 piaculum
2614 3282 3002 3347 exsecrantes,
3036 3297 3066 3333 e
3099 3277 3278 3333 latere
3327 3281 3527 3334 nostro
3574 3278 3943 3350 direximus,

502 3370 696 3440 cham,
720 3370 1172 3427 insurrexerint:
1201 3370 1440 3442 quidam
1463 3386 1597 3425 vero
1620 3369 1809 3424 instar
1824 3368 2157 3440 viperarum

502 3477 571 3518 ac
603 3459 1027 3533 parricidarum
1060 3464 1361 3533 parentem
1395 3459 1719 3531 proprium,
1748 3458 2021 3514 eumdem
2053 3456 2159 3513 sci-

501 3548 639 3605 licet
669 3548 1077 3606 beatissimum
1108 3549 1321 3617 virum,
1357 3547 1558 3603 ferinis
1591 3546 1866 3602 dentibus
1896 3546 2159 3618 impetie-

500 3637 641 3705 rint,
668 3642 727 3694 et
747 3638 820 3693 ab
842 3636 1101 3693 Ecclesia
1122 3636 1270 3708 ipsa,
1297 3635 1389 3690 cui
1405 3637 1541 3708 jure
1562 3635 1931 3708 przesidebat,
1951 3640 2154 3708 tyran-

501 3726 660 3783 nidis
714 3743 834 3782 suaa
892 3743 1086 3781 cormr
1133 3726 1369 3797 penitus
1428 3725 1803 3791 removerint,
1854 3723 2157 3780 acerrimis

499 3814 801 3871 doloribus
817 3813 1136 3887 angustiati
1150 3818 1328 3885 atque
1348 3813 1696 3870 maeroribus
1710 3813 2155 3869 vehementibus

498 3903 764 3971 cruciati,
780 3904 1065 3976 coepimus
1083 3903 1333 3977 qualiter
1350 3920 1488 3976 erga
1506 3919 1640 3958 eum
1654 3903 1876 3959 viscera
1888 3902 2154 3974 benigni-

495 3993 658 4059 tatis,
696 3996 895 4065 utpote
944 3993 1101 4048 circa
1147 3992 1408 4058 fratrem,
1445 3992 1908 4060 ostenderemus,
1952 3990 2157 4047 sedula

493 4081 872 4137 meditatione
901 4084 1172 4137 tractare.
1201 4080 1498 4152 Scriptum
1531 4080 1752 4153 quippe
1784 4084 1907 4136 est:
1932 4081 2043 4151 Qui
2071 4083 2153 4135 vi-

490 4170 634 4227 derit
660 4173 894 4242 fratrem
925 4172 1301 4226 necessitatem
1329 4170 1546 4237 habere,
1580 4178 1631 4225 et
1659 4170 1919 4225 clauserit
1948 4171 2156 4225 viscera.

490 4275 594 4315 sua
649 4259 717 4315 ab
773 4276 854 4326 eo,
917 4258 1179 4331 quomodo
1235 4260 1477 4314 charitas
1533 4260 1630 4314 Dei
1684 4266 1871 4313 manet
1927 4260 1988 4313 in
2044 4258 2154 4314 eo?

492 4348 720 4421 (Iloan.
756 4349 862 4421 In.)
892 4348 1145 4404 Maxime
1203 4364 1337 4403 cum
1399 4346 1659 4404 schisma
1721 4347 1779 4402 in
1817 4348 1944 4419 jam
1997 4346 2153 4403 dicta

494 4438 659 4505 urbe,
693 4441 752 4495 et
782 4437 841 4493 in
888 4436 1299 4509 adjacentibus
1358 4436 1468 4492 sibi
1529 4436 1886 4505 civitatibus,
1916 4440 2152 4509 propter

494 4529 811 4598 quemdam
862 4526 1159 4593 Pbotium,
1194 4543 1262 4581 ex
1310 4527 1434 4581 foro
1467 4529 1522 4581 et
1554 4526 1821 4581 saculari
1854 4524 2066 4582 militia
2095 4530 2151 4581 et

2267 3366 2415 3423 nihil
2446 3367 2530 3423 eis
2561 3366 2794 3439 penitus
2843 3366 3221 3440 injungentes
3270 3366 3384 3422 nisi
3417 3371 3481 3422 ut
3509 3371 3946 3425 tantummodo

2268 3475 2477 3513 causas
2520 3457 2730 3529 Ignatii
2771 3455 3139 3528 patriarchae,
3170 3456 3269 3528 qui
3330 3460 3501 3512 antea
3547 3457 3618 3512 de
3667 3458 3947 3516 Ecclesia

2267 3545 2477 3618 pulsus
2499 3562 2678 3616 quam
2702 3544 2774 3598 ab
2798 3542 2994 3615 aliquo
3017 3547 3327 3599 accusatus
3349 3543 3945 3618 exstiterat,diligen-

2266 3639 2354 3690 ter
2385 3633 2821 3706 investigarent,
2854 3636 2911 3688 et
2941 3632 3065 3688 sedi
3095 3631 3426 3705 apostolicae
3457 3631 3648 3704 plenis
3682 3637 3747 3688 et
3766 3652 3943 3691 vera-

2267 3723 2435 3780 cibus
2466 3723 2745 3779 referrent
2774 3721 3550 3794 indiciis,quemadmodum
3570 3721 3681 3777 Job
3708 3723 3944 3781 beatis-

2267 3813 2458 3869 simus
2488 3813 2737 3868 edocens
2773 3829 2785 3868 :
2819 3813 3083 3878 Causam,
3118 3811 3334 3883 inquit,
3382 3828 3548 3883 quam
3588 3814 3946 3881 nesciebam,

2265 3901 2685 3973 diligentissime
2735 3900 3129 3971 inuestigabam
3159 3901 3282 3969 (Job
3312 3902 3465 3967 χχιχ)
3505 3915 3517 3953 :
3553 3898 3750 3954 Photii
3800 3917 3945 3957 vero

2267 3990 2767 4046 consecrationem
2801 4005 2916 4044 non
2950 3987 3143 4043 solum
3176 3987 3420 4042 minime
3441 3987 3686 4043 interim
3723 3989 3949 4044 admit-

2264 4080 2505 4135 tendam
2535 4095 2663 4134 esse
2695 4078 3076 4148 credidimus,
3095 4094 3297 4133 verum
3331 4076 3505 4133 etiam
3539 4075 3688 4148 ipsis
3720 4075 3949 4151 legatis

2265 4168 2504 4234 nostris,
2537 4185 2609 4223 ne
2640 4185 2772 4223 cum
2806 4167 2905 4223 illo
2954 4166 3068 4222 nisi
3120 4184 3248 4238 qua:
3282 4182 3416 4222 cum
3447 4165 3596 4221 laico
3628 4183 3829 4239 usque
3864 4168 3944 4223 ad

2264 4258 2533 4314 notitiam
2564 4261 2827 4313 nostram
2850 4254 3683 4327 communicarent,frequenti
3710 4273 3782 4311 ac
3814 4274 3943 4313 om-

2262 4346 2780 4418 nimodajussione
2794 4346 3203 4418 praecepimus.
3222 4344 3507 4408 Quoniam
3528 4343 3679 4399 sicut
3705 4345 3942 4419 magni-

2260 4436 2477 4509 loquus
2508 4441 2616 4491 Leo
2643 4453 2795 4508 papa
2824 4435 3087 4490 scribens
3137 4434 3209 4489 ad
3255 4437 3528 4489 sanctum
3575 4433 3935 4490 Flavianum

2260 4525 2401 4581 dicit
2424 4524 2748 4580 antistitem
2776 4526 2948 4595 (epist.
2978 4524 3063 4597 10)
3090 4541 3103 4578 :
3128 4523 3247 4579 Nos
3276 4523 3378 4595 qui
3411 4522 3793 4578 sacerdotum
3822 4523 3937 4579 Do-

493 4614 700 4670 habitu
723 4618 897 4687 atque
918 4632 951 4671 a
974 4613 1248 4687 palatinis
1280 4615 1506 4670 aedibus
1536 4614 1837 4682 eductum,
1865 4632 1930 4670 ac
1953 4615 2147 4672 subito
2177 4634 2226 4698 Ι)
2260 4614 2404 4670 mini
2423 4618 2657 4669 matura
2686 4612 2959 4669 volumus
2990 4629 3119 4669 esse
3142 4611 3392 4684 judicia,
3414 4610 3560 4666 nihil
3596 4628 3933 4683 possumus

493 4707 890 4771 tonsuratum,
913 4709 970 4759 ct
992 4704 1050 4758 in
1075 4704 1280 4760 eadem
1311 4703 1559 4759 ecclesia
1588 4708 1794 4760 contra
1824 4721 2022 4761 sacros
2053 4722 2146 4761 ca-

493 4809 678 4850 nones
692 4797 1170 4866 promotum,non
1186 4792 1485 4848 modicum
1502 4792 2146 4852 audiremus‘obortum.

490 4883 631 4941 Aliis
662 4883 932 4940 videlicet
963 4882 1152 4939 Photii
1202 4883 1628 4955 promotionem
1679 4884 2146 4953 defendentibus,

491 4971 623 5028 aliis
655 4976 853 5028 autem
885 4972 1357 5043 hanc,tanquam
1389 4971 1714 5028 inconvicto
1748 4977 1804 5028 et
1834 4975 2148 5046 superstite

491 5061 715 5133 Ignatio
744 5063 979 5130 factam,
1015 5060 1221 5117 merito
1253 5061 1703 5116 detestantibus.

561 5150 673 5205 Sed
696 5151 838 5207 dum
865 5150 1021 5224 quod
1046 5150 1181 5206 hinc
1204 5167 1238 5206 a
1259 5150 1428 5206 nobis
1454 5150 1577 5205 fieri
1612 5151 1868 5217 deberet,
1890 5151 1977 5206 vel
2002 5168 2145 5223 qua-

488 5236 620 5293 liter
647 5240 794 5295 tanti
828 5240 1085 5296 rumoris
1124 5239 1536 5296 certitudinem
1588 5256 1763 5295 nosse
1811 5256 2140 5310 possemus,

487 5325 851 5384 incessanter
869 5334 927 5385 et
949 5328 1117 5384 anxie
1149 5327 1561 5401 cogitaremus,
1588 5344 1719 5382 ecce
1750 5333 1986 5399 repente
2007 5346 2143 5384 cum

487 5414 737 5489 epistola
766 5418 928 5489 regia
958 5418 1200 5489 quidam
1239 5417 1671 5488 episcoporum,
1703 5434 1956 5488 quorum
1989 5436 2144 5475 unus

486 5510 611 5561 erat
637 5506 1070 5578 Gangrensium
1122 5506 1630 5577 metropolitanus,
1664 5522 1799 5562 cum
1827 5509 1992 5574 Arsa,
2021 5507 2142 5565 viro

486 5593 740 5669 glorioso
760 5594 1079 5669 spathario,
1098 5595 1478 5668 Augustalem
1502 5598 1752 5651 ferentes
1766 5596 2140 5671 legationem,

558 5683 635 5757 (α)
669 5682 769 5741 Ηίο
797 5683 1005 5762 ingens
1035 5682 1251 5743 lacinia
1276 5700 1344 5741 ex
1373 5699 1463 5757 ep.
1503 5684 1526 5738 1
1563 5684 1804 5741 Nicolai.

2258 4702 2575 4776 incognitis
2603 4702 2777 4758 rebus
2809 4702 2869 4756 in
2900 4703 3254 4775 cujusquam
3288 4700 3475 4773 partis
3507 4700 3932 4773 prazjudicium

2261 4792 2536 4859 diffinire,
2561 4791 2909 4864 priusquam
2941 4792 3215 4847 universa
3241 4808 3368 4862 quas
3400 4794 3564 4863 gesta
3593 4794 3737 4844 sunt
3769 4808 3933 4846 vera-

2261 4882 2404 4937 citer
2425 4881 3022 4937 audiamus.Tantum
3048 4878 3132 4936 eis
3146 4877 3659 4936 devenerabilibus
3681 4878 3929 4934 Domini

2260 4970 2444 5027 nostri
2475 4971 2612 5026 Jesu
2647 4969 2882 5040 Christi,
2917 4970 3305 5042 ejusdemque
3338 4967 3640 5041 genitricis
3686 4985 3931 5040 semper

2254 5058 2501 5130 virginis
2533 5058 2748 5127 Mariae,
2781 5074 2847 5113 ac
2901 5062 3243 5114 sanctorum
3295 5056 3484 5128 ipsius
3532 5055 3925 5128 imaginibus,

2256 5148 2543 5220 quidquid
2559 5147 2802 5219 quaestio
2826 5148 3077 5216 afferret,
3092 5148 3254 5218 juste
3271 5163 3337 5201 ac
3358 5146 3451 5218 pie
3473 5144 3928 5201 difﬁnirelicen-

2253 5236 2400 5292 tiam
2426 5237 2655 5304 dantes,
2681 5253 2809 5308 quas
2832 5240 3044 5292 cuncta
3074 5236 3155 5291 ita
3183 5252 3312 5291 esse
3341 5238 3408 5290 ut
3436 5233 3921 5291 dicimuslitteraa

2255 5331 2488 5391 nostra),
2538 5343 2686 5398 quas
2743 5327 3021 5399 Augustae
3077 5323 3520 5381 mansuetudini
3576 5340 3809 5379 necnon
3861 5328 3919 5380 et

2254 5416 2456 5471 Photio
2478 5432 2582 5487 per
2600 5415 2839 5472 eosdem
2872 5414 3085 5470 missos
3117 5419 3351 5471 nostros
3381 5413 3917 5480 destinaveramus,

2254 5506 2303 5561 si
2337 5506 2418 5560 ita
2451 5509 2589 5561 sunt
2621 5505 2777 5577 apud
2810 5521 2909 5560 vos
2950 5504 3449 5576 quemadmodum
3483 5520 3516 5559 a
3546 5502 3719 5558 nobis
3754 5503 3918 5558 fuere

2251 5595 2635 5663 transmissae,
2664 5597 2930 5671 patenter
2958 5586 3697 5669 poteruntindicare.Nam
3724 5594 3775 5649 si
3807 5610 3919 5650 nos
