4138 6466
507 418 681 499 1079,
1804 482 1809 489 ,
1879 417 2171 483 mecm

2280 418 2467 482 ’APIE
2507 417 2557 480 Ῑ.
2620 477 2630 484 ,
3774 417 3955 481 1080.

505 558 894 629 prosternere,
925 550 1013 610 vel
1044 556 1291 610 conatur
1337 555 1614 619 statuere.
1650 553 1963 625 Gregorius
1993 570 2152 625 ergo,
2188 552 2239 618 Α
2342 554 2412 608 Et
2442 552 2488 608 si
2523 553 2834 626 episcopus
2865 551 2963 625 qui
2997 552 3316 610 damnatus
3345 568 3380 609 a
3408 553 3629 627 synodo
3655 557 3745 609 est
3761 554 3937 625 juxta

508 646 608 718 qui
635 644 935 712 canonice,
969 660 1036 699 ac
1068 643 1343 717 synodico
1373 643 1695 715 depositus,
1730 649 1787 698 et
1817 642 2160 698 anathema-
2273 659 2471 699 sacros
2503 659 2776 711 canones,
2811 660 2993 700 ausus
3024 643 3200 699 fuerit
3248 643 3470 717 aliquid
3521 645 3593 699 de
3622 660 3802 699 sacro
3834 644 3939 698 mi-

505 736 723 791 tizatus
752 733 1402 806 erat,quemadmodum
1435 737 1635 805 posset
1655 749 2014 804 quemquam
2036 748 2166 804 pro-
2272 732 2512 788 nisterio
2537 733 2708 803 juxta
2738 732 3160 805 praecedentem
3194 734 3685 789 consuetudinem
3707 732 3941 789 contin-

505 823 830 895 vehere,vel
864 821 1378 891 benedicere,ratio
1411 820 1578 877 nulla
1608 822 1796 878 docet.
1813 820 1996 894 Igitnr
2016 820 2165 876 nihil
2273 835 2431 891 gere,
2462 824 2520 874 et
2548 823 2683 883 ante
2713 819 3077 877 audientiam
3126 821 3584 889 communicare,
3619 822 3749 895 ipse
3784 822 3847 877 in
3879 839 3940 878 se

508 913 752 971 Photius
783 930 851 968 ex
878 912 1153 985 Gregorio
1183 911 1460 983 percepit,
1479 910 1593 965 nisi
1626 913 1913 983 quantum
1946 912 2164 982 Grego-
2276 908 2713 964 damnationem
2747 908 3176 980 protulit,itaut
3192 910 3353 966 nullo
3370 911 3543 966 modo
3565 909 3744 967 liceat
3766 911 3823 967 ei
3838 928 3942 967 nec

510 1003 635 1060 rius
666 1002 909 1058 habuit:
946 1000 1088 1056 nihil
1123 1004 1322 1056 autem
1373 999 1603 1065 habuit,
1637 998 1784 1054 nihil
1831 999 2029 1055 dedit:
2067 1016 2169 1072 per
2275 997 2335 1053 in
2369 996 2483 1054 alia
2537 998 2759 1071 synodo
2810 999 3201 1055 restitutionis
3257 1016 3448 1072 spem,
3480 1004 3580 1056 aut
3605 1000 3812 1057 locum
3840 1001 3943 1056 ha-

511 1109 716 1150 eorum
748 1090 984 1164 quippe,
1016 1094 1083 1145 ut
1128 1089 1365 1161 legitur,
1400 1106 1614 1145 manus
1644 1088 2081 1161 impositionem
2114 1092 2171 1145 et

512 1180 936 1238 invocationem
970 1179 1222 1234 dabatur
1260 1178 1519 1251 Spiritus
1569 1183 1830 1245 sanctus,
1864 1178 1964 1250 qui
1996 1195 2168 1234 nove-

514 1276 644 1328 rant
675 1269 928 1325 mundas
961 1269 1033 1323 ad
1066 1269 1385 1325 Dominum
1416 1267 1605 1324 levare
1636 1285 1864 1323 manus.
1886 1268 2169 1323 Caeterum

513 1359 849 1433 Gregorius,
885 1358 987 1431 qui
1019 1362 1423 1430 transgressor
1446 1358 1636 1413 factus
1659 1360 1747 1413 est
1777 1356 2021 1431 legis,ad
2055 1357 2170 1413 ira-

511 1449 788 1506 cundiam
806 1448 896 1504 sui
910 1446 1307 1520 magis,quam
1323 1447 1393 1502 ad
1408 1445 1905 1503 consecrationem
1921 1446 2174 1519 alicujus

514 1538 802 1613 Spiritum
832 1541 1105 1594 sanctum
1138 1553 1242 1609 per
1290 1536 1736 1609 impositionem
1793 1553 1913 1592 sua:
1961 1552 2174 1593 manus

516 1628 642 1699 sine
669 1628 850 1684 dubio
880 1626 1229 1700 provocavit,
1276 1625 1510 1681 etiamsi
1556 1625 1628 1694 is,
1662 1625 1764 1698 qui
1811 1624 2175 1683 ordinandus

514 1716 861 1788 erat,nulla_s
891 1714 1037 1772 alias
1059 1713 1425 1770 haberetsibi
1448 1714 1680 1787 regulas
1702 1715 2175 1771 obviantes.Hinc

517 1808 677 1865 enim
709 1806 997 1878 scriptum
1030 1810 1155 1860 est:
1192 1806 1308 1877 Qui
1339 1806 1557 1860 obturat
1604 1822 1764 1861 aures
1799 1822 1928 1861 suas
1973 1822 2044 1861 ne
2072 1822 2174 1861 au-

2277 1087 2412 1143 berc
2443 1086 2861 1143 satisfactionis
2887 1088 3007 1155 ;sed
3036 1094 3093 1143 et
3122 1089 3629 1145 communicantes
3650 1089 3702 1144 ei
3729 1107 3945 1147 omnes

2278 1176 2454 1247 abjici
2486 1178 2556 1232 de
2588 1176 2840 1233 Ecclesia
2869 1195 2882 1233 :
2917 1182 3140 1250 quanta
3185 1182 3359 1250 putas
3416 1178 3737 1252 Gregorius
3771 1197 3946 1252 pmna

2280 1265 2657 1322 mulctandus
2689 1271 2796 1329 est.
2829 1266 2929 1339 qui
2978 1271 3111 1339 post
3158 1267 3596 1324 damnationem
3648 1269 3780 1325 sive
3812 1287 3947 1325 ana-

2280 1355 2500 1421 thema,
2533 1355 2655 1410 haec
2688 1356 2888 1412 omnia
2919 1355 3289 1412 commisisse
3333 1357 3638 1430 probatur,
3671 1358 3733 1414 id
3768 1363 3867 1415 est
3895 1366 3950 1415 et

2283 1461 2460 1517 super
2489 1443 2785 1501 Christum
2816 1462 2879 1501 se
2909 1444 3133 1513 extulit,
3168 1449 3228 1501 et
3256 1447 3410 1518 quod
3451 1446 3576 1520 ipse
3624 1463 3748 1503 non
3785 1449 3946 1516 fecit,

2283 1533 2393 1590 iste
2424 1538 2481 1590 et
2510 1533 2792 1589 honorem
2817 1533 2930 1590 sibi
2954 1534 3274 1607 resumpsit
3295 1538 3383 1591 :ut
3400 1539 3459 1591 et
3477 1536 3745 1609 pontifex
3767 1543 3949 1606 esset,

2284 1640 2346 1680 se
2377 1623 2863 1695 arrogantissime
2893 1621 3254 1691 clariﬁcavit,
3286 1628 3344 1680 et
3401 1629 3535 1681 ante
3572 1626 3949 1683 audientiam

2283 1712 2824 1769 excommunicatus
2881 1713 3317 1769 communicare
3360 1718 3418 1770 et
3443 1715 3620 1771 vetita
3649 1733 3952 1790 usurpare

2284 1802 2682 1874 praesumpsit,
2713 1806 2770 1858 et
2800 1804 3115 1859 damnatus
3145 1804 3218 1860 de
3249 1821 3413 1861 sacro
3445 1804 3809 1876 ministerio,
3836 1824 3951 1864 non

517 1897 635 1953 diat
661 1896 851 1966 legem,
883 1896 1058 1965 oratio
1087 1895 1205 1965 ejus
1255 1895 1363 1949 erit
1407 1896 1768 1951 exsecrabilis
1799 1895 1980 1965 (Prov.
2014 1894 2128 1967 xxx)
2158 1912 2171 1950 :
2203 1925 2251 1991 Β
2283 1890 2473 1947 solum
2499 1892 2744 1963 aliquid,
2777 1910 2980 1949 verum
3028 1893 3204 1949 etiam
3245 1893 3450 1961 multa,
3471 1895 3644 1965 juxta
3680 1896 3951 1968 priorem

519 1987 569 2043 si
602 1983 999 2053 exsecrabilis,
1030 1983 1237 2056 utique
1267 2000 1381 2039 non
1433 1983 1747 2040 audibilis:
1778 1983 1831 2039 si
1860 2001 1976 2039 non
2010 1985 2173 2040 audi-

517 2074 674 2140 bilis,
704 2091 842 2148 ergo
892 2072 1165 2129 inefﬁcax
1201 2090 1213 2128 :
1261 2072 1312 2129 si
1358 2073 1648 2139 inefﬁcax,
1682 2073 1939 2146 profecto
1981 2073 2186 2130 Photio

521 2163 667 2220 nihil
700 2166 1021 2237 praestans:
1047 2160 1332 2217 nimirum
1366 2160 1465 2234 qui
1492 2161 1861 2217 vulneratum
1890 2166 2065 2234 caput
2088 2179 2190 2234 per

514 2253 681 2323 [llam
695 2250 1355 2323 manusimpositionem
1371 2251 1567 2323 potius
1578 2250 1793 2306 habere
1805 2250 2186 2323 dignoscitur.

602 2344 780 2399 Porro
813 2343 861 2398 si
896 2341 1204 2414 prmtendit
1225 2340 1443 2412 injuste
1464 2341 1536 2396 ab
1575 2341 1801 2413 lgnatio
1821 2341 2005 2397 fuisse
2022 2342 2192 2414 depo-

524 2432 884 2505 situm,quid
915 2432 985 2488 de
1016 2429 1432 2502 omnibus,qui
1466 2430 1527 2484 in
1562 2429 1900 2503 synodoillo
1927 2434 2190 2503 tempore

522 2524 939 2586 convenerunt,
974 2518 1447 2590 sententiamque
1499 2519 1560 2574 in
1615 2535 1751 2575 eum
1798 2518 2185 2591 protulerunt,

523 2610 900 2684 perhibebit‘?
934 2611 1097 2676 Quod
1132 2608 1182 2665 si
1215 2613 1273 2665 et
1304 2607 1435 2663 illos
1482 2607 1705 2680 injuste
1755 2608 1964 2665 fecisse
1995 2609 2188 2665 dicere

524 2698 850 2773 praesumit,
886 2715 1066 2770 quare
1122 2714 1258 2752 cum
1316 2696 1400 2752 eis
1450 2713 1607 2751 nunc
1659 2698 2077 2764 communicat,
2132 2702 2189 2754 et

526 2790 815 2862 quosdam
847 2803 1049 2843 eorum
1081 2785 1403 2843 sacerdotio
1436 2785 1647 2857 dignos
1669 2786 2010 2843 existimat?
2039 2804 2187 2859 quos

524 2882 721 2934 tamen
768 2880 922 2933 recte
972 2876 1138 2950 prius
1184 2892 1298 2930 non
1346 2875 1650 2947 judicasse
1704 2876 2096 2947 reprehendit,
2129 2882 2187 2933 et

523 2967 851 3035 sententiae,
885 2982 1058 3039 quam
1095 2964 1485 3037 protulerunt,
1520 2982 1619 3022 eos
1653 2965 1979 3020 secundum
2002 2983 2065 3021 se
2086 2966 2183 3022 de-

527 3057 666 3113 bere
697 3055 1103 3120 succumbere,
1138 3071 1253 3110 non
1287 3054 1523 3110 nescit?
1554 3054 1665 3109 Sed
1710 3054 2018 3111 videamus
2040 3073 2184 3128 quo-

525 3163 659 3201 rum
683 3143 1034 3217 judicio,vel
1066 3160 1318 3216 quorum
1348 3142 1694 3199 auctoritate
1717 3143 2031 3217 Gregorius
2053 3149 2187 3218 post

525 3234 953 3308 depositionem
1003 3237 1060 3290 et
1108 3232 1443 3302 anathema,
1477 3232 1760 3289 honorem
1810 3233 2182 3307 episcopatus

2294 1982 2779 2037 consuetudinem
2813 1982 3035 2055 tetigit:
3062 1983 3218 2056 quod
3247 1987 3402 2039 certe
3430 1983 3757 2059 Gregorius
3785 2001 3960 2059 agere

2295 2071 2535 2128 omnino
2567 2088 2682 2126 non
2715 2070 2934 2140 debuit,
2956 2071 3187 2128 etiamsi
3218 2072 3383 2128 nulla
3403 2074 3729 2131 commissa
3751 2076 3965 2132 existe-

2297 2164 2448 2225 rent,
2479 2177 2582 2232 pro
2615 2160 2831 2233 quibus
2863 2161 3132 2216 damnari
3166 2162 3512 2234 potuissent.
3548 2163 3697 2229 Quia
3731 2166 3965 2237 praelati

2290 2249 2583 2322 judicium
2616 2250 3232 2322 semperinferioribus
3254 2251 3688 2309 formidandum
3719 2256 3899 2322 est,si
3920 2255 3968 2311 ei

2300 2356 2414 2395 non
2446 2339 2934 2406 obedierint,licet
2966 2340 3039 2395 ab
3056 2357 3123 2396 eo
3144 2340 3409 2397 fortassis
3434 2342 3652 2414 injuste
3674 2342 3965 2414 ligentur,

2299 2428 2488 2501 ipsam
2524 2428 2902 2502 obligationis
2936 2446 3057 2485 sua:
3107 2430 3459 2486 sententiam
3505 2449 3573 2487 ex
3612 2432 3738 2489 alia
3770 2434 3968 2507 culpa,

2297 2517 2355 2573 id
2406 2521 2495 2574 est
2550 2518 2967 2587 inobedientia,
3028 2524 3383 2575 mereantur.
3442 2520 3629 2594 Igitur
3683 2524 3970 2595 praelatos

2298 2609 2578 2664 damnare
2611 2607 3012 2663 indifferenter
3063 2612 3292 2680 oportet
3318 2609 3672 2667 horrescere.
3710 2613 3971 2680 Quicun-

2298 2714 2411 2770 que
2436 2714 2569 2752 vero
2602 2697 2858 2753 minores
2892 2701 3049 2764 sunt,
3088 2697 3357 2753 damnari
3406 2697 3652 2756 sollicite
3687 2708 3966 2768 caveant,

2297 2803 2402 2841 nec
2435 2788 2726 2857 majorum
2752 2803 2994 2842 suorum
3027 2787 3380 2843 sententiam
3404 2789 3963 2863 transgrediuntur:

2293 2874 2570 2948 Alioquin
2602 2876 2738 2931 licet
2768 2876 2984 2947 injuste
3017 2893 3443 2949 nonnunquam
3493 2879 3769 2936 damnati
3805 2887 3965 2948 sunt,

2296 2982 2365 3020 ex
2394 2967 2521 3038 ipsa
2546 2965 2860 3020 temeraria
2909 2964 3398 3036 praevaricatione,
3432 2966 3605 3040 culpa
3647 2986 3791 3042 qua:
3815 2989 3967 3027 nou-

2296 3056 2438 3111 dum
2469 3056 2615 3110 forte
2646 3058 2977 3127 perpetrata
3019 3055 3228 3123 fuerat,
3262 3060 3320 3111 et
3364 3055 3506 3112 ultio
3556 3073 3744 3130 quam
3790 3060 3965 3133 culpa

2295 3145 2547 3201 necdum
2562 3143 3311 3217 merebatur,proculdubio
3329 3145 3963 3219 subsequentur.Nihil

2294 3235 2510 3307 quippe
2540 3233 2768 3307 lignum
2797 3234 3043 3290 vetitum
3093 3234 3153 3289 in
3196 3251 3258 3290 se
3306 3234 3671 3293 mortiferum
3705 3238 3960 3309 habuit;

524 3297 866 3397 resumpsit,
897 3321 987 3379 vel
1018 3322 1278 3379 ofﬁcium
1330 3321 1648 3394 pristinum
1693 3322 1929 3394 recepit.
1964 3324 2181 3381 Omnes
2211 3297 2254 3366 α
2293 3325 2395 3380 sed
2419 3324 2516 3397 qui
2548 3323 2953 3379 inobedienter
2976 3340 3131 3379 exeo
3159 3324 3432 3393 comedit,
3468 3331 3722 3383 mortem
3759 3328 3882 3385 sibi
3910 3334 3963 3386 et

526 3413 683 3469 enim
720 3412 889 3468 illum
923 3417 981 3468 et
1029 3412 1362 3484 depositum
1414 3416 1650 3480 norunt,
1684 3416 1740 3467 et
1789 3412 2180 3468 anathematis

523 3501 776 3558 vinculis
805 3501 1228 3576 obligatum,ac
1254 3518 1356 3573 per
1386 3500 1494 3555 hoc
1526 3500 1707 3556 totius
1739 3500 2007 3558 Ecclesiae
2028 3519 2179 3559 com-

526 3592 806 3647 munione
838 3591 1151 3664 privatum.
1183 3590 1314 3645 Jam
1346 3606 1479 3644 vero
1512 3589 1559 3645 si
1584 3588 1845 3645 dixeritis
1877 3590 2014 3662 quia
2054 3591 2179 3663 ipse

518 3680 633 3737 sibi
666 3680 982 3753 Gregorius
1013 3684 1069 3735 et
1099 3679 1379 3734 honorem
1413 3678 1828 3750 resumpsit,et
1859 3680 2174 3750 pristinum

516 3768 780 3825 ofﬁcium
814 3767 1067 3840 recepit;
1101 3768 1299 3822 audite
1329 3768 1470 3839 quid
1509 3768 1822 3839 Apostolus
1854 3769 2038 3824 dicat:
2072 3772 2177 3826 Nec

516 3859 811 3931 quisquam
838 3858 1013 3913 sumit
1042 3856 1153 3912 sibi
1183 3857 1459 3921 honorem,
1492 3857 1585 3912 sed
1610 3859 1709 3929 qui
1734 3866 1960 3914 vocatur
1994 3876 2030 3914 α
2063 3864 2175 3916 Deo

514 3955 778 4019 tanquam
807 3947 989 4001 Aaron
1013 3964 1032 4001 :
1052 3947 1132 4001 sic
1161 3953 1211 4001 et
1239 3946 1487 4000 Christus
1534 3962 1645 4001 non
1691 3948 2035 4018 semetipsum
2063 3949 2174 4004 cla-

513 4036 769 4107 riﬁcavit,
804 4044 864 4091 ut
888 4036 1144 4107 pontifex
1185 4036 1337 4105 ﬁeret
1374 4035 1553 4104 (Hebr.
1585 4034 1661 4105 v).
1693 4036 1802 4090 Sed
1848 4041 1905 4091 et
1934 4053 2171 4092 venera-

512 4124 662 4181 biles
711 4123 1057 4180 Antiocheni
1111 4139 1365 4178 canones
1415 4123 1764 4195 praecipiunt
1804 4125 1945 4196 (cap.
1980 4128 2074 4192 4):
2111 4127 2170 4182 Si

512 4214 645 4286 quis
668 4214 980 4287 eqiscopus
1019 4214 1336 4268 damnatus
1367 4230 1400 4267 a
1449 4213 1691 4284 synodo,
1724 4213 1812 4269 vel
1845 4215 2166 4288 presbyter,

511 4307 613 4358 aut
643 4303 926 4359 diaconus
949 4320 983 4358 a
1012 4320 1120 4358 suo
1152 4302 1446 4374 episcopo,
1473 4302 1600 4357 ausi
1634 4301 1852 4357 fuerint
1898 4304 1969 4359 de
2000 4323 2167 4361 sacro

511 4391 837 4449 ministerio
870 4392 1231 4464 contingere,
1265 4390 1385 4446 sive
1425 4390 1923 4463 episcopusjuxta
1953 4411 2165 4465 praece-

510 4481 741 4536 dentem
758 4480 1265 4546 consuetudinem,
1285 4477 1403 4534 sive
1424 4479 1728 4551 presbyter
1747 4480 2161 4553 autdiaconus,

510 4568 673 4624 nullo
707 4571 879 4626 modo
909 4570 1080 4625 liceat
1116 4569 1191 4640 ei,
1226 4585 1331 4623 nec
1357 4569 1416 4622 in
1446 4567 1560 4623 alia
1590 4570 1809 4640 synodo
1843 4570 2163 4629 restitutio-

2291 3412 2540 3485 posteris
2571 3411 3064 3485 propinavitznon
3098 3413 3240 3485 quia
3267 3412 3495 3487 lignum
3528 3414 3789 3485 malum,
3828 3436 3961 3475 cum

2290 3501 2630 3574 Deus,quod
2644 3501 2995 3566 fecit,totum
3018 3501 3219 3558 fecerit
3232 3502 3455 3558 bonum
3475 3505 3594 3573 ;sed
3618 3508 3788 3578 quod
3804 3509 3962 3565 mala

2287 3592 2364 3648 sit
2392 3590 2804 3663 transgressio,
2838 3595 2895 3646 et
2925 3589 3177 3647 nolentis
3208 3591 3442 3663 subjici,
3460 3610 3563 3666 per
3580 3611 3716 3651 eam
3744 3598 3959 3654 merito

2287 3680 2364 3736 sit
2394 3684 2523 3736 orta
2551 3679 2872 3735 damnatio.
2907 3679 3082 3735 Porro
3134 3680 3184 3735 si
3242 3679 3439 3737 dicitis
3487 3682 3853 3756 Gregorium
3885 3688 3955 3743 ab

2283 3771 2657 3843 imperatore,
2686 3773 2743 3824 et
2773 3770 2844 3825 ab
2877 3766 3244 3825 antistitibus
3274 3770 3457 3827 fuisse
3486 3777 3957 3849 receptum,per~

2284 3859 2505 3915 contari
2540 3857 2700 3929 libet,
2735 3874 2767 3913 o
2818 3857 3246 3930 sapientissimi
3298 3860 3532 3930 fratres,
3580 3862 3815 3933 quibus
3846 3866 3954 3922 hoc

2284 3948 2671 4012 documentis,
2705 3947 2925 4018 quibus
2957 3947 3282 4004 canonibus
3303 3949 3658 4021 jubentibus
3712 3954 3819 4027 agi
3848 3955 3952 4011 rite

2282 4042 2494 4110 potest,
2530 4041 2594 4092 ut
2621 4036 2681 4092 hi
2715 4036 2815 4109 qui
2858 4036 3239 4109 abjiciuntur,
3273 4039 3345 4094 ab
3390 4038 3523 4095 aliis
3552 4040 3947 4114 recipiantur.

2282 4128 2345 4183 Id
2375 4126 2550 4183 etiam
2582 4127 2914 4181 veneranda
2966 4126 3282 4182 universali
3341 4130 3561 4201 synodo
3607 4129 3858 4189 Nicaeus.
3880 4135 3948 4189 de

2280 4221 2526 4288 utraque
2558 4215 2919 4287 professione
2954 4215 3079 4270 luce
3111 4215 3326 4273 clarius
3350 4216 3650 4277 inhibente
3680 4222 3837 4295 (cap.
3872 4225 3945 4292 8).

2278 4307 2425 4362 Nam
2457 4323 2491 4361 a
2518 4304 2783 4361 saeculari
2806 4309 3091 4377 potestate
3116 4322 3221 4361 nec
3250 4305 3554 4379 ligari,nec
3574 4308 3724 4365 solvi
3763 4329 3951 4370 sacer-

2277 4396 2471 4451 dotem
2507 4411 2678 4466 posse
2712 4394 3093 4450 manifeslum
3126 4400 3215 4450 est
3238 4400 3316 4451 :et
3346 4396 3561 4453 idcirco
3592 4400 3830 4457 affatim
3857 4420 3949 4475 ap-

2274 4486 2558 4557 probatur
2587 4483 3022 4556 Syracusanum
3055 4484 3399 4555 Gregorium
3432 4504 3535 4559 per
3562 4486 3939 4560 imperialem

2272 4574 2683 4630 tantummodo
2706 4571 3059 4628 sententiam
3081 4572 3241 4629 nullo
3265 4576 3437 4630 modo
3455 4575 3711 4634 valuisse
3738 4598 3935 4638 recon-

509 4657 602 4713 nis
633 4675 817 4730 spem,
852 4663 956 4714 aut
981 4658 1174 4714 locum
1220 4658 1438 4713 habere
1487 4657 1936 4716 satisfactionis:
1969 4663 2070 4718 sed
2102 4668 2159 4719 et
2186 4679 2232 4742 D
2264 4664 2451 4721 ciliari
2478 4662 2597 4719 :ubi
2628 4661 2677 4717 si
2707 4661 3051 4733 pontiﬁcum
3075 4679 3309 4736 quoque
3332 4665 3590 4722 sociatur
3609 4684 3923 4736 assensus,

503 4747 1011 4823 communicantes
1027 4763 1232 4802 omnes
1249 4746 1420 4817 abjici
1444 4746 1513 4802 de
1534 4747 1873 4817 Ecclesia,et
1904 4752 2156 4809 maxime

501 4836 551 4892 si
584 4841 898 4911 postquam
931 4836 1243 4892 didicerint
1273 4836 1553 4891 adversus
1586 4843 1940 4894 memoratos
1970 4841 2156 4912 prola-

497 4930 619 4983 tam
651 4926 834 4984 fuisse
866 4924 1468 4995 sententiam,eisdem
1502 4926 1939 4983 communicare
1964 4934 2150 4985 tenta-

496 5018 704 5072 verint.
725 5016 1215 5091 Carthaginenses
1247 5031 1481 5087 quoque
1509 5013 1719 5086 regula:
1750 5018 2152 5073 excommuni-

499 5109 718 5171 catum,
770 5106 870 5178 qui
924 5110 1058 5162 ante
1110 5104 1468 5160 audientiam
1519 5104 1954 5160 communicare
2012 5124 2153 5178 prae-

499 5196 835 5264 sumpserit,
870 5196 1064 5267 ipsum
1110 5195 1169 5250 in
1216 5212 1276 5249 se
1334 5192 1773 5248 damnationem
1837 5195 2151 5265 protulisse

499 5282 809 5338 manifeste
822 5285 1259 5340 denuntiant.Si
1273 5282 1765 5355 ergo,secundum
1783 5283 2152 5354 Apostolum,

495 5387 651 5425 nemo
682 5372 793 5427 sibi
830 5372 1088 5430 honorem
1125 5374 1342 5443 accipit,
1371 5380 1421 5427 et
1442 5371 1691 5426 Christus
1715 5387 1826 5427 non
1854 5389 1911 5428 se
1939 5374 2150 5444 clariﬁ-

494 5462 635 5515 carit
656 5469 715 5515 ut
743 5464 991 5533 ponti/ev
1009 5462 1285 5534 ﬁeret,qui
1306 5478 1511 5517 omnes
1531 5478 1671 5515 cum.
1686 5461 1852 5516 Patro
1864 5463 2144 5534 etSpiritu

494 5555 695 5605 sancto
717 5551 1113 5622 gloriﬁcantes
1135 5570 1195 5607 se
1226 5551 1597 5623 gloriﬁcat.et
1616 5550 1740 5622 ipse
1757 5555 1845 5604 est
1866 5553 2141 5624 pontifex,

493 5637 563 5691 de
590 5656 704 5708 quo
728 5658 934 5697 rursus
967 5642 1119 5713 idem
1154 5641 1295 5696 dicit
1327 5639 1641 5711 Apostolus
1668 5640 1874 5694 :Talcm
1904 5641 2139 5713 decebat,

494 5733 552 5781 ut
577 5707 733 5784 nobis
762 5739 895 5786 esset
920 5707 1188 5803 pontifex,
1220 5707 1458 5797 sanctus,
1493 5733 1599 5784 etc.
1638 5728 1816 5800 (Hebr.
1853 5735 1975 5799 vn.)

2266 4753 2586 4826 quaerimus
2613 4754 2814 4806 utrum
2837 4752 3219 4823 praecesserit,
3253 4770 3328 4808 an
3353 4753 3527 4810 fuerit
3547 4756 3935 4816 subsecutus:

2263 4844 2313 4900 si
2341 4843 2694 4900 subsecutus
2725 4844 2834 4905 est,
2868 4839 3256 4897 nihilominus
3288 4842 3361 4898 ad
3392 4843 3449 4899 id
3474 4844 3803 4911 reditur,ut
3834 4851 3932 4905 ab-

2263 4931 2473 4988 solutio
2497 4948 2529 4985 a
2551 4928 2815 4985 saeculari
2841 4933 3123 5001 potestate
3146 4937 3417 5004 percepta
3437 4932 3629 4990 valere
3651 4952 3774 4992 non
3799 4955 3929 5011 pos-

2262 5020 2370 5089 sit;
2406 5020 2868 5092 pontiﬁcumque
2892 5023 3128 5075 secutus
3146 5036 3425 5078 assensus
3456 5022 3928 5096 adulationis,vel

2264 5108 2504 5164 terroris
2536 5107 2710 5163 fuerit
2740 5106 2959 5179 potius,
2993 5124 3172 5179 quam
3204 5107 3478 5182 legitimae
3502 5114 3836 5172 sanctionis
3861 5118 3924 5186 ;si

2262 5197 2863 5271 prrecessit,doceatur
2892 5214 2926 5252 a
2955 5197 3171 5269 quibus
3202 5203 3259 5254 et
3282 5200 3381 5255 ubi
3404 5200 3500 5257 ille
3532 5202 3609 5258 sit
3639 5207 3922 5277 gestus,si

2264 5288 2587 5344 secundum
2620 5285 2890 5342 Ecclesia:
2923 5287 3185 5359 regulam
3218 5287 3567 5357 celebratus,
3593 5294 3645 5349 si
3676 5302 3921 5366 paterna

2261 5377 2577 5433 traditione
2609 5376 2926 5448 profectus,
2963 5376 3011 5431 si
3047 5378 3339 5449 majorum
3371 5396 3533 5436 more
3564 5382 3859 5454 prolatus,
3876 5387 3921 5441 si

2259 5466 2612 5539 competenti
2645 5465 3073 5521 examinatione
3095 5468 3556 5541 depromptus,si
3579 5473 3653 5527 ad
3675 5476 3920 5547 majoris

2256 5555 2624 5611 auctoritatis
2657 5556 2875 5623 sedem,
2911 5572 3089 5628 quam
3124 5556 3223 5612 illa
3256 5564 3361 5624 est,
3389 5577 3424 5614 a
3452 5577 3571 5633 qua
3599 5566 3917 5638 Gregorius

2251 5646 2629 5702 damnatione
2660 5646 2970 5700 tenebatur
3000 5645 3339 5717 obstrictus,
3367 5651 3690 5706 secundum
3717 5654 3909 5711 Eccle-

2250 5736 2346 5793 siae
2377 5734 2639 5809 regulam
2672 5738 2761 5790 est
2790 5733 3120 5805 relatum,si
3148 5737 3273 5809 ipse
3304 5739 3649 5813 praesul,qui
3678 5741 3901 5817 ligavit,
