  <div class='ocr_page' id='page_1' title='image "/cluster/home/n/w/nwhite01/storage/ocr_20150623/119/umn.319510024774125/580.png"; bbox 0 0 4138 6500; ppageno 0'>
   <div class='ocr_carea' id='block_1_1' title="bbox 135 443 297 531">
    <p class='ocr_par' dir='ltr' id='par_1_1' title="bbox 135 443 297 531">
     <span class='ocr_line' id='line_1_1' title="bbox 135 443 297 531; baseline -0.012 0"><span class='ocrx_word' id='word_1_1' title='bbox 135 443 297 531; x_wconf 63' lang='lat'><strong>4089</strong></span> 
     </span>
    </p>
   </div>
   <div class='ocr_carea' id='block_1_2' title="bbox 1391 442 2367 514">
    <p class='ocr_par' dir='ltr' id='par_1_2' title="bbox 1391 442 2367 514">
     <span class='ocr_line' id='line_1_2' title="bbox 1391 442 2367 514; baseline -0.001 -3"><span class='ocrx_word' id='word_1_2' title='bbox 1391 444 1796 514; x_wconf 73' lang='lat' dir='ltr'><strong>EPISTOLJE</strong></span> <span class='ocrx_word' id='word_1_3' title='bbox 1839 446 1939 510; x_wconf 77' lang='lat' dir='ltr'><strong>ET</strong></span> <span class='ocrx_word' id='word_1_4' title='bbox 1976 442 2367 512; x_wconf 79' lang='lat' dir='ltr'><strong>DECRETA.</strong></span> 
     </span>
    </p>
   </div>
   <div class='ocr_carea' id='block_1_3' title="bbox 3408 456 3563 521">
    <p class='ocr_par' dir='ltr' id='par_1_3' title="bbox 3408 456 3563 521">
     <span class='ocr_line' id='line_1_3' title="bbox 3408 456 3563 521; baseline 0.013 -2"><span class='ocrx_word' id='word_1_5' title='bbox 3408 456 3563 521; x_wconf 79' lang='grc'>1090</span> 
     </span>
    </p>
   </div>
   <div class='ocr_carea' id='block_1_4' title="bbox 138 581 3555 663">
    <p class='ocr_par' dir='ltr' id='par_1_4' title="bbox 138 581 3555 663">
     <span class='ocr_line' id='line_1_4' title="bbox 138 581 3555 663; baseline 0.004 -26"><span class='ocrx_word' id='word_1_6' title='bbox 138 582 200 637; x_wconf 89' lang='lat' dir='ltr'><strong>in</strong></span> <span class='ocrx_word' id='word_1_7' title='bbox 234 581 414 644; x_wconf 82' lang='lat' dir='ltr'>altam</span> <span class='ocrx_word' id='word_1_8' title='bbox 455 582 671 640; x_wconf 88' lang='lat' dir='ltr'><strong>mentis</strong></span> <span class='ocrx_word' id='word_1_9' title='bbox 711 598 904 640; x_wconf 84' lang='lat' dir='ltr'><strong>arcem</strong></span> <span class='ocrx_word' id='word_1_10' title='bbox 934 583 1327 652; x_wconf 87' lang='lat' dir='ltr'><strong>conscendite,</strong></span> <span class='ocrx_word' id='word_1_11' title='bbox 1360 587 1418 638; x_wconf 86' lang='lat' dir='ltr'><strong>et</strong></span> <span class='ocrx_word' id='word_1_12' title='bbox 1458 583 1518 638; x_wconf 92' lang='lat' dir='ltr'><strong>in</strong></span> <span class='ocrx_word' id='word_1_13' title='bbox 1558 598 1791 656; x_wconf 83' lang='lat' dir='ltr'><strong>gregem</strong></span> <span class='ocrx_word' id='word_1_14' title='bbox 1824 586 1879 663; x_wconf 64' lang='grc' dir='ltr'><strong>Α</strong></span> <span class='ocrx_word' id='word_1_15' title='bbox 1911 581 2097 637; x_wconf 71' lang='grc' dir='ltr'><strong>οΙθείω</strong></span> <span class='ocrx_word' id='word_1_16' title='bbox 2128 583 2481 655; x_wconf 88' lang='lat' dir='ltr'><strong>compati,et</strong></span> <span class='ocrx_word' id='word_1_17' title='bbox 2502 586 2629 656; x_wconf 86' lang='lat' dir='ltr'><strong>ejus</strong></span> <span class='ocrx_word' id='word_1_18' title='bbox 2651 585 3362 663; x_wconf 86' lang='lat' dir='ltr'><strong>perturbationem,atque</strong></span> <span class='ocrx_word' id='word_1_19' title='bbox 3393 593 3555 649; x_wconf 81' lang='lat' dir='ltr'><strong>detri-</strong></span> 
     </span>
    </p>
   </div>
   <div class='ocr_carea' id='block_1_5' title="bbox 138 670 1799 749">
    <p class='ocr_par' dir='ltr' id='par_1_5' title="bbox 138 670 1799 749">
     <span class='ocr_line' id='line_1_5' title="bbox 138 670 1799 749; baseline 0.001 -23"><span class='ocrx_word' id='word_1_20' title='bbox 138 670 514 727; x_wconf 90' lang='lat' dir='ltr'><strong>Dominicum</strong></span> <span class='ocrx_word' id='word_1_21' title='bbox 557 672 740 727; x_wconf 91' lang='lat' dir='ltr'><strong>feram</strong></span> <span class='ocrx_word' id='word_1_22' title='bbox 784 672 1109 749; x_wconf 79' lang='lat' dir='ltr'><strong>pessimam</strong></span> <span class='ocrx_word' id='word_1_23' title='bbox 1134 672 1353 728; x_wconf 90' lang='lat' dir='ltr'><strong>irruere</strong></span> <span class='ocrx_word' id='word_1_24' title='bbox 1402 672 1733 745; x_wconf 86' lang='lat' dir='ltr'><strong>cupientem</strong></span> <span class='ocrx_word' id='word_1_25' title='bbox 1765 689 1799 727; x_wconf 89' lang='lat' dir='ltr'><strong>a</strong></span> 
     </span>
    </p>
   </div>
   <div class='ocr_carea' id='block_1_6' title="bbox 138 758 1797 836">
    <p class='ocr_par' dir='ltr' id='par_1_6' title="bbox 138 758 1797 836">
     <span class='ocr_line' id='line_1_6' title="bbox 138 758 1797 836; baseline 0 -20"><span class='ocrx_word' id='word_1_26' title='bbox 138 758 313 836; x_wconf 87' lang='lat' dir='ltr'><strong>longe</strong></span> <span class='ocrx_word' id='word_1_27' title='bbox 346 760 847 834; x_wconf 76' lang='lat' dir='ltr'><strong>contemplamini.</strong></span> <span class='ocrx_word' id='word_1_28' title='bbox 873 762 1040 830; x_wconf 80' lang='lat' dir='ltr'><strong>Quasi</strong></span> <span class='ocrx_word' id='word_1_29' title='bbox 1068 764 1201 818; x_wconf 89' lang='lat' dir='ltr'><strong>tuba</strong></span> <span class='ocrx_word' id='word_1_30' title='bbox 1238 762 1475 818; x_wconf 73' lang='lat' dir='ltr'><strong>excitate</strong></span> <span class='ocrx_word' id='word_1_31' title='bbox 1502 777 1683 817; x_wconf 87' lang='lat' dir='ltr'><strong>vocem</strong></span> <span class='ocrx_word' id='word_1_32' title='bbox 1710 778 1797 816; x_wconf 85' lang='lat' dir='ltr'><strong>ve-</strong></span> 
     </span>
    </p>
   </div>
   <div class='ocr_carea' id='block_1_7' title="bbox 136 852 1803 923">
    <p class='ocr_par' dir='ltr' id='par_1_7' title="bbox 136 852 1803 923">
     <span class='ocr_line' id='line_1_7' title="bbox 136 852 1803 923; baseline -0.001 -17"><span class='ocrx_word' id='word_1_33' title='bbox 136 858 334 919; x_wconf 88' lang='lat' dir='ltr'><strong>stram,</strong></span> <span class='ocrx_word' id='word_1_34' title='bbox 355 858 407 906; x_wconf 88' lang='lat' dir='ltr'><strong>et</strong></span> <span class='ocrx_word' id='word_1_35' title='bbox 434 852 765 907; x_wconf 86' lang='lat' dir='ltr'><strong>annuntiate</strong></span> <span class='ocrx_word' id='word_1_36' title='bbox 790 853 989 923; x_wconf 87' lang='lat' dir='ltr'><strong>populo</strong></span> <span class='ocrx_word' id='word_1_37' title='bbox 1018 852 1119 907; x_wconf 92' lang='lat' dir='ltr'><strong>Dei</strong></span> <span class='ocrx_word' id='word_1_38' title='bbox 1145 852 1345 907; x_wconf 88' lang='lat' dir='ltr'><strong>scelera</strong></span> <span class='ocrx_word' id='word_1_39' title='bbox 1376 866 1564 907; x_wconf 84' lang='lat' dir='ltr'><strong>eorum</strong></span> <span class='ocrx_word' id='word_1_40' title='bbox 1595 869 1613 905; x_wconf 92' lang='lat'><em>:</em></span> <span class='ocrx_word' id='word_1_41' title='bbox 1642 866 1803 922; x_wconf 83' lang='lat' dir='ltr'><strong>super</strong></span> 
     </span>
    </p>
   </div>
   <div class='ocr_carea' id='block_1_8' title="bbox 137 938 1804 1021">
    <p class='ocr_par' dir='ltr' id='par_1_8' title="bbox 137 938 1804 1021">
     <span class='ocr_line' id='line_1_8' title="bbox 137 938 1804 1021; baseline -0.001 -26"><span class='ocrx_word' id='word_1_42' title='bbox 137 948 380 996; x_wconf 82' lang='lat' dir='ltr'><strong>montem</strong></span> <span class='ocrx_word' id='word_1_43' title='bbox 408 940 705 1008; x_wconf 70' lang='lat' dir='ltr'><strong>excelsum,</strong></span> <span class='ocrx_word' id='word_1_44' title='bbox 734 939 793 996; x_wconf 91' lang='lat' dir='ltr'><strong>id</strong></span> <span class='ocrx_word' id='word_1_45' title='bbox 836 945 925 995; x_wconf 88' lang='lat' dir='ltr'><strong>est</strong></span> <span class='ocrx_word' id='word_1_46' title='bbox 965 938 1339 995; x_wconf 77' lang='lat' dir='ltr'><strong>altitudinem</strong></span> <span class='ocrx_word' id='word_1_47' title='bbox 1368 940 1679 1021; x_wconf 73' lang='lat' dir='ltr'><strong>virtutum,</strong></span> <span class='ocrx_word' id='word_1_48' title='bbox 1710 955 1804 994; x_wconf 89' lang='lat' dir='ltr'><strong>as-</strong></span> 
     </span>
    </p>
   </div>
   <div class='ocr_carea' id='block_1_9' title="bbox 138 1028 1801 1100">
    <p class='ocr_par' dir='ltr' id='par_1_9' title="bbox 138 1028 1801 1100">
     <span class='ocr_line' id='line_1_9' title="bbox 138 1028 1801 1100; baseline -0.001 -16"><span class='ocrx_word' id='word_1_49' title='bbox 138 1029 369 1085; x_wconf 87' lang='lat' dir='ltr'><strong>cendite.</strong></span> <span class='ocrx_word' id='word_1_50' title='bbox 403 1030 515 1099; x_wconf 89' lang='lat' dir='ltr'><strong>Qui</strong></span> <span class='ocrx_word' id='word_1_51' title='bbox 559 1030 952 1100; x_wconf 77' lang='lat' dir='ltr'><strong>evangelizatis</strong></span> <span class='ocrx_word' id='word_1_52' title='bbox 981 1028 1136 1097; x_wconf 84' lang='lat' dir='ltr'><strong>Sion,</strong></span> <span class='ocrx_word' id='word_1_53' title='bbox 1164 1036 1301 1084; x_wconf 86' lang='lat' dir='ltr'><strong>state</strong></span> <span class='ocrx_word' id='word_1_54' title='bbox 1350 1030 1411 1085; x_wconf 88' lang='lat' dir='ltr'><strong>in</strong></span> <span class='ocrx_word' id='word_1_55' title='bbox 1457 1028 1801 1100; x_wconf 79' lang='lat' dir='ltr'><strong>fortitudine,</strong></span> 
     </span>
    </p>
   </div>
   <div class='ocr_carea' id='block_1_10' title="bbox 134 1117 1809 1190">
    <p class='ocr_par' dir='ltr' id='par_1_10' title="bbox 134 1117 1809 1190">
     <span class='ocr_line' id='line_1_10' title="bbox 134 1117 1809 1190; baseline -0.002 -15"><span class='ocrx_word' id='word_1_56' title='bbox 134 1120 495 1190; x_wconf 67' lang='lat' dir='ltr'><strong>potestatibus</strong></span> <span class='ocrx_word' id='word_1_57' title='bbox 525 1119 690 1189; x_wconf 87' lang='lat' dir='ltr'><strong>hujus</strong></span> <span class='ocrx_word' id='word_1_58' title='bbox 719 1119 916 1175; x_wconf 62' lang='lat' dir='ltr'><strong>saeculi</strong></span> <span class='ocrx_word' id='word_1_59' title='bbox 942 1135 1012 1173; x_wconf 65' lang='lat' dir='ltr'><strong>ea:</strong></span> <span class='ocrx_word' id='word_1_60' title='bbox 1042 1118 1267 1174; x_wconf 82' lang='lat' dir='ltr'><strong>adverso</strong></span> <span class='ocrx_word' id='word_1_61' title='bbox 1296 1117 1587 1187; x_wconf 73' lang='lat' dir='ltr'><strong>ascendite,</strong></span> <span class='ocrx_word' id='word_1_62' title='bbox 1612 1125 1664 1173; x_wconf 90' lang='lat' dir='ltr'><strong>et</strong></span> <span class='ocrx_word' id='word_1_63' title='bbox 1688 1133 1809 1172; x_wconf 90' lang='lat' dir='ltr'><strong>mu-</strong></span> 
     </span>
    </p>
   </div>
   <div class='ocr_carea' id='block_1_11' title="bbox 139 1205 1807 1280">
    <p class='ocr_par' dir='ltr' id='par_1_11' title="bbox 139 1205 1807 1280">
     <span class='ocr_line' id='line_1_11' title="bbox 139 1205 1807 1280; baseline -0.001 -18"><span class='ocrx_word' id='word_1_64' title='bbox 139 1224 271 1262; x_wconf 84' lang='lat' dir='ltr'><strong>rum</strong></span> <span class='ocrx_word' id='word_1_65' title='bbox 294 1223 395 1280; x_wconf 88' lang='lat' dir='ltr'><strong>pro</strong></span> <span class='ocrx_word' id='word_1_66' title='bbox 443 1205 598 1263; x_wconf 85' lang='lat' dir='ltr'><strong>domo</strong></span> <span class='ocrx_word' id='word_1_67' title='bbox 645 1207 744 1262; x_wconf 88' lang='lat' dir='ltr'><strong>Dei</strong></span> <span class='ocrx_word' id='word_1_68' title='bbox 791 1208 1066 1278; x_wconf 88' lang='lat' dir='ltr'><strong>opponite,</strong></span> <span class='ocrx_word' id='word_1_69' title='bbox 1090 1223 1155 1262; x_wconf 86' lang='lat' dir='ltr'><strong>ac</strong></span> <span class='ocrx_word' id='word_1_70' title='bbox 1203 1206 1531 1278; x_wconf 76' lang='lat' dir='ltr'><strong>quibuslibet</strong></span> <span class='ocrx_word' id='word_1_71' title='bbox 1570 1212 1807 1277; x_wconf 84' lang='lat' dir='ltr'><strong>potesta-</strong></span> 
     </span>
    </p>
   </div>
   <div class='ocr_carea' id='block_1_12' title="bbox 142 1295 1810 1369">
    <p class='ocr_par' dir='ltr' id='par_1_12' title="bbox 142 1295 1810 1369">
     <span class='ocr_line' id='line_1_12' title="bbox 142 1295 1810 1369; baseline -0.001 -18"><span class='ocrx_word' id='word_1_72' title='bbox 142 1297 290 1352; x_wconf 89' lang='lat' dir='ltr'><strong>tibus</strong></span> <span class='ocrx_word' id='word_1_73' title='bbox 348 1297 537 1367; x_wconf 83' lang='lat' dir='ltr'><strong>inique</strong></span> <span class='ocrx_word' id='word_1_74' title='bbox 594 1296 882 1364; x_wconf 76' lang='lat' dir='ltr'><strong>agentibus</strong></span> <span class='ocrx_word' id='word_1_75' title='bbox 939 1299 1209 1351; x_wconf 81' lang='lat' dir='ltr'><strong>contraite</strong></span> <span class='ocrx_word' id='word_1_76' title='bbox 1249 1296 1375 1369; x_wconf 86' lang='lat' dir='ltr'><strong>(Isa.</strong></span> <span class='ocrx_word' id='word_1_77' title='bbox 1427 1298 1571 1364; x_wconf 80' lang='lat' dir='ltr'><strong>L11):</strong></span> <span class='ocrx_word' id='word_1_78' title='bbox 1608 1295 1810 1367; x_wconf 88' lang='lat' dir='ltr'><strong>sicque</strong></span> 
     </span>
    </p>
   </div>
   <div class='ocr_carea' id='block_1_13' title="bbox 141 1382 1809 1457">
    <p class='ocr_par' dir='ltr' id='par_1_13' title="bbox 141 1382 1809 1457">
     <span class='ocr_line' id='line_1_13' title="bbox 141 1382 1809 1457; baseline -0.002 -16"><span class='ocrx_word' id='word_1_79' title='bbox 141 1386 266 1451; x_wconf 83' lang='lat' dir='ltr'><strong>ﬁet,</strong></span> <span class='ocrx_word' id='word_1_80' title='bbox 292 1389 359 1440; x_wconf 89' lang='lat' dir='ltr'><strong>ut</strong></span> <span class='ocrx_word' id='word_1_81' title='bbox 389 1401 493 1441; x_wconf 91' lang='lat' dir='ltr'><strong>nec</strong></span> <span class='ocrx_word' id='word_1_82' title='bbox 526 1384 678 1439; x_wconf 82' lang='lat' dir='ltr'><strong>sicut</strong></span> <span class='ocrx_word' id='word_1_83' title='bbox 708 1401 884 1440; x_wconf 89' lang='lat' dir='ltr'><strong>canes</strong></span> <span class='ocrx_word' id='word_1_84' title='bbox 919 1384 1067 1440; x_wconf 90' lang='lat' dir='ltr'><strong>muti</strong></span> <span class='ocrx_word' id='word_1_85' title='bbox 1100 1386 1171 1440; x_wconf 91' lang='lat' dir='ltr'><strong>de</strong></span> <span class='ocrx_word' id='word_1_86' title='bbox 1214 1384 1615 1440; x_wconf 82' lang='lat' dir='ltr'><strong>taciturnitate</strong></span> <span class='ocrx_word' id='word_1_87' title='bbox 1643 1382 1809 1457; x_wconf 84' lang='lat' dir='ltr'><strong>argui</strong></span> 
     </span>
    </p>
   </div>
   <div class='ocr_carea' id='block_1_14' title="bbox 141 1472 1810 1542">
    <p class='ocr_par' dir='ltr' id='par_1_14' title="bbox 141 1472 1810 1542">
     <span class='ocr_line' id='line_1_14' title="bbox 141 1472 1810 1542; baseline -0.001 -14"><span class='ocrx_word' id='word_1_88' title='bbox 141 1473 410 1542; x_wconf 83' lang='lat' dir='ltr'><strong>valeatis,</strong></span> <span class='ocrx_word' id='word_1_89' title='bbox 444 1490 551 1530; x_wconf 91' lang='lat' dir='ltr'><strong>nec</strong></span> <span class='ocrx_word' id='word_1_90' title='bbox 581 1474 653 1530; x_wconf 91' lang='lat' dir='ltr'><strong>de</strong></span> <span class='ocrx_word' id='word_1_91' title='bbox 682 1472 886 1530; x_wconf 88' lang='lat' dir='ltr'><strong>talenti</strong></span> <span class='ocrx_word' id='word_1_92' title='bbox 923 1473 1316 1529; x_wconf 84' lang='lat' dir='ltr'><strong>occultatione</strong></span> <span class='ocrx_word' id='word_1_93' title='bbox 1345 1472 1666 1529; x_wconf 88' lang='lat' dir='ltr'><strong>districtam</strong></span> <span class='ocrx_word' id='word_1_94' title='bbox 1701 1473 1810 1528; x_wconf 92' lang='lat' dir='ltr'><strong>Do-</strong></span> 
     </span>
    </p>
   </div>
   <div class='ocr_carea' id='block_1_15' title="bbox 142 1561 1813 1635">
    <p class='ocr_par' dir='ltr' id='par_1_15' title="bbox 142 1561 1813 1635">
     <span class='ocr_line' id='line_1_15' title="bbox 142 1561 1813 1635; baseline -0.002 -16"><span class='ocrx_word' id='word_1_95' title='bbox 142 1564 308 1619; x_wconf 89' lang='lat' dir='ltr'><strong>mino</strong></span> <span class='ocrx_word' id='word_1_96' title='bbox 336 1563 624 1618; x_wconf 87' lang='lat' dir='ltr'><strong>rationem</strong></span> <span class='ocrx_word' id='word_1_97' title='bbox 665 1563 911 1617; x_wconf 81' lang='lat' dir='ltr'><strong>reddere</strong></span> <span class='ocrx_word' id='word_1_98' title='bbox 952 1561 1410 1635; x_wconf 86' lang='lat' dir='ltr'><strong>compellamini,</strong></span> <span class='ocrx_word' id='word_1_99' title='bbox 1443 1578 1664 1634; x_wconf 87' lang='lat' dir='ltr'><strong>vosque</strong></span> <span class='ocrx_word' id='word_1_100' title='bbox 1692 1562 1813 1634; x_wconf 86' lang='lat' dir='ltr'><strong>epi-</strong></span> 
     </span>
    </p>
   </div>
   <div class='ocr_carea' id='block_1_16' title="bbox 143 1650 1814 1725">
    <p class='ocr_par' dir='ltr' id='par_1_16' title="bbox 143 1650 1814 1725">
     <span class='ocr_line' id='line_1_16' title="bbox 143 1650 1814 1725; baseline -0.001 -18"><span class='ocrx_word' id='word_1_101' title='bbox 143 1669 358 1725; x_wconf 87' lang='lat' dir='ltr'><strong>scopos</strong></span> <span class='ocrx_word' id='word_1_102' title='bbox 415 1657 473 1707; x_wconf 91' lang='lat' dir='ltr'><strong>et</strong></span> <span class='ocrx_word' id='word_1_103' title='bbox 518 1653 964 1707; x_wconf 87' lang='lat' dir='ltr'><strong>consacerdotes</strong></span> <span class='ocrx_word' id='word_1_104' title='bbox 1016 1656 1272 1718; x_wconf 90' lang='lat' dir='ltr'><strong>nostros,</strong></span> <span class='ocrx_word' id='word_1_105' title='bbox 1318 1651 1437 1706; x_wconf 90' lang='lat' dir='ltr'><strong>imo</strong></span> <span class='ocrx_word' id='word_1_106' title='bbox 1498 1650 1814 1706; x_wconf 86' lang='lat' dir='ltr'><strong>Ecclesiam</strong></span> 
     </span>
    </p>
   </div>
   <div class='ocr_carea' id='block_1_17' title="bbox 142 1739 1817 1813">
    <p class='ocr_par' dir='ltr' id='par_1_17' title="bbox 142 1739 1817 1813">
     <span class='ocr_line' id='line_1_17' title="bbox 142 1739 1817 1813; baseline -0.002 -16"><span class='ocrx_word' id='word_1_107' title='bbox 142 1741 363 1797; x_wconf 78' lang='lat' dir='ltr'><strong>Christi</strong></span> <span class='ocrx_word' id='word_1_108' title='bbox 394 1740 510 1795; x_wconf 90' lang='lat' dir='ltr'><strong>illis</strong></span> <span class='ocrx_word' id='word_1_109' title='bbox 541 1741 601 1796; x_wconf 91' lang='lat' dir='ltr'><strong>in</strong></span> <span class='ocrx_word' id='word_1_110' title='bbox 629 1741 895 1813; x_wconf 88' lang='lat' dir='ltr'><strong>partibus</strong></span> <span class='ocrx_word' id='word_1_111' title='bbox 919 1740 1305 1796; x_wconf 82' lang='lat' dir='ltr'><strong>constitutam</strong></span> <span class='ocrx_word' id='word_1_112' title='bbox 1337 1741 1407 1795; x_wconf 91' lang='lat' dir='ltr'><strong>ab</strong></span> <span class='ocrx_word' id='word_1_113' title='bbox 1436 1739 1659 1812; x_wconf 87' lang='lat' dir='ltr'><strong>ingenti</strong></span> <span class='ocrx_word' id='word_1_114' title='bbox 1693 1757 1817 1813; x_wconf 88' lang='lat' dir='ltr'><strong>pcr-</strong></span> 
     </span>
    </p>
   </div>
   <div class='ocr_carea' id='block_1_18' title="bbox 144 1828 1817 1902">
    <p class='ocr_par' dir='ltr' id='par_1_18' title="bbox 144 1828 1817 1902">
     <span class='ocr_line' id='line_1_18' title="bbox 144 1828 1817 1902; baseline -0.001 -16"><span class='ocrx_word' id='word_1_115' title='bbox 144 1830 320 1902; x_wconf 85' lang='lat' dir='ltr'><strong>nicie,</strong></span> <span class='ocrx_word' id='word_1_116' title='bbox 346 1846 412 1886; x_wconf 93' lang='lat' dir='ltr'><strong>ac</strong></span> <span class='ocrx_word' id='word_1_117' title='bbox 444 1829 619 1885; x_wconf 86' lang='lat' dir='ltr'><strong>noxia</strong></span> <span class='ocrx_word' id='word_1_118' title='bbox 647 1828 780 1885; x_wconf 83' lang='lat' dir='ltr'><strong>labe</strong></span> <span class='ocrx_word' id='word_1_119' title='bbox 812 1829 939 1902; x_wconf 90' lang='lat' dir='ltr'><strong>ipso</strong></span> <span class='ocrx_word' id='word_1_120' title='bbox 967 1830 1205 1901; x_wconf 87' lang='lat' dir='ltr'><strong>juvante</strong></span> <span class='ocrx_word' id='word_1_121' title='bbox 1238 1828 1620 1884; x_wconf 83' lang='lat' dir='ltr'><strong>laudabiliter</strong></span> <span class='ocrx_word' id='word_1_122' title='bbox 1649 1845 1817 1884; x_wconf 89' lang='lat' dir='ltr'><strong>erua-</strong></span> 
     </span>
    </p>
   </div>
   <div class='ocr_carea' id='block_1_19' title="bbox 144 1918 1541 1991">
    <p class='ocr_par' dir='ltr' id='par_1_19' title="bbox 144 1918 1541 1991">
     <span class='ocr_line' id='line_1_19' title="bbox 144 1918 1541 1991; baseline -0.004 -15"><span class='ocrx_word' id='word_1_123' title='bbox 144 1920 245 1987; x_wconf 88' lang='lat' dir='ltr'><strong>tis,</strong></span> <span class='ocrx_word' id='word_1_124' title='bbox 276 1918 741 1991; x_wconf 86' lang='lat' dir='ltr'><strong>mirabiliterque</strong></span> <span class='ocrx_word' id='word_1_125' title='bbox 770 1918 1007 1991; x_wconf 58' lang='lat' dir='ltr'><strong>rega‘tis.</strong></span> <span class='ocrx_word' id='word_1_126' title='bbox 1536 1968 1541 1979; x_wconf 31' lang='grc' dir='ltr'>κ</span> 
     </span>
    </p>
   </div>
   <div class='ocr_carea' id='block_1_20' title="bbox 221 2005 1806 2081">
    <p class='ocr_par' dir='ltr' id='par_1_20' title="bbox 221 2005 1806 2081">
     <span class='ocr_line' id='line_1_20' title="bbox 221 2005 1806 2081; baseline -0.002 -18"><span class='ocrx_word' id='word_1_127' title='bbox 221 2009 440 2065; x_wconf 88' lang='lat' dir='ltr'><strong>Verum</strong></span> <span class='ocrx_word' id='word_1_128' title='bbox 468 2026 575 2064; x_wconf 90' lang='lat' dir='ltr'><strong>nos</strong></span> <span class='ocrx_word' id='word_1_129' title='bbox 598 2008 669 2063; x_wconf 94' lang='lat' dir='ltr'><strong>de</strong></span> <span class='ocrx_word' id='word_1_130' title='bbox 700 2007 847 2081; x_wconf 86' lang='lat' dir='ltr'><strong>ipsis</strong></span> <span class='ocrx_word' id='word_1_131' title='bbox 871 2007 992 2063; x_wconf 61' lang='lat' dir='ltr'><strong>haec</strong></span> <span class='ocrx_word' id='word_1_132' title='bbox 1019 2007 1184 2062; x_wconf 87' lang='lat' dir='ltr'><strong>vobis</strong></span> <span class='ocrx_word' id='word_1_133' title='bbox 1213 2006 1526 2079; x_wconf 88' lang='lat' dir='ltr'><strong>scripsisse</strong></span> <span class='ocrx_word' id='word_1_134' title='bbox 1548 2005 1806 2062; x_wconf 76' lang='lat' dir='ltr'><strong>sufﬁciat</strong></span> 
     </span>
    </p>
   </div>
   <div class='ocr_carea' id='block_1_21' title="bbox 154 2095 1814 2168">
    <p class='ocr_par' dir='ltr' id='par_1_21' title="bbox 154 2095 1814 2168">
     <span class='ocr_line' id='line_1_21' title="bbox 154 2095 1814 2168; baseline -0.004 -13"><span class='ocrx_word' id='word_1_135' title='bbox 154 2099 274 2155; x_wconf 78' lang='lat' dir='ltr'><strong>Pax</strong></span> <span class='ocrx_word' id='word_1_136' title='bbox 299 2101 494 2153; x_wconf 90' lang='lat' dir='ltr'><strong>autem</strong></span> <span class='ocrx_word' id='word_1_137' title='bbox 518 2096 640 2161; x_wconf 92' lang='lat' dir='ltr'><strong>Dei,</strong></span> <span class='ocrx_word' id='word_1_138' title='bbox 659 2111 786 2168; x_wconf 57' lang='lat' dir='ltr'><strong>qum</strong></span> <span class='ocrx_word' id='word_1_139' title='bbox 802 2103 1095 2168; x_wconf 67' lang='lat' dir='ltr'><strong>exsuperat</strong></span> <span class='ocrx_word' id='word_1_140' title='bbox 1112 2111 1322 2151; x_wconf 85' lang='lat' dir='ltr'><strong>omnem</strong></span> <span class='ocrx_word' id='word_1_141' title='bbox 1344 2112 1563 2151; x_wconf 82' lang='lat' dir='ltr'><strong>sensum</strong></span> <span class='ocrx_word' id='word_1_142' title='bbox 1582 2095 1814 2167; x_wconf 82' lang='lat' dir='ltr'><strong>(Philip-</strong></span> 
     </span>
    </p>
   </div>
   <div class='ocr_carea' id='block_1_22' title="bbox 154 2184 1820 2274">
    <p class='ocr_par' dir='ltr' id='par_1_22' title="bbox 154 2184 1820 2274">
     <span class='ocr_line' id='line_1_22' title="bbox 154 2184 1820 2274; baseline -0.003 -30"><span class='ocrx_word' id='word_1_143' title='bbox 154 2191 257 2257; x_wconf 79' lang='grc' dir='ltr'><strong>ιν),</strong></span> <span class='ocrx_word' id='word_1_144' title='bbox 290 2185 743 2258; x_wconf 74' lang='lat' dir='ltr'><strong>praecordiorum</strong></span> <span class='ocrx_word' id='word_1_145' title='bbox 796 2189 1128 2240; x_wconf 88' lang='lat' dir='ltr'><strong>vestrorum</strong></span> <span class='ocrx_word' id='word_1_146' title='bbox 1175 2184 1385 2240; x_wconf 88' lang='lat' dir='ltr'><strong>intima</strong></span> <span class='ocrx_word' id='word_1_147' title='bbox 1428 2188 1728 2256; x_wconf 83' lang='lat' dir='ltr'><strong>penetret:</strong></span> <span class='ocrx_word' id='word_1_148' title='bbox 1761 2191 1820 2274; x_wconf 44' lang='lat' dir='ltr'><strong>ei</strong></span> 
     </span>
    </p>
   </div>
   <div class='ocr_carea' id='block_1_23' title="bbox 147 2273 1820 2350">
    <p class='ocr_par' dir='ltr' id='par_1_23' title="bbox 147 2273 1820 2350">
     <span class='ocr_line' id='line_1_23' title="bbox 147 2273 1820 2350; baseline -0.001 -18"><span class='ocrx_word' id='word_1_149' title='bbox 147 2293 335 2350; x_wconf 88' lang='lat' dir='ltr'><strong>quam</strong></span> <span class='ocrx_word' id='word_1_150' title='bbox 360 2277 432 2333; x_wconf 92' lang='lat' dir='ltr'><strong>de</strong></span> <span class='ocrx_word' id='word_1_151' title='bbox 454 2275 646 2331; x_wconf 90' lang='lat' dir='ltr'><strong>salute</strong></span> <span class='ocrx_word' id='word_1_152' title='bbox 666 2274 932 2331; x_wconf 90' lang='lat' dir='ltr'><strong>omnium</strong></span> <span class='ocrx_word' id='word_1_153' title='bbox 952 2278 1213 2329; x_wconf 90' lang='lat' dir='ltr'><strong>vestrum</strong></span> <span class='ocrx_word' id='word_1_154' title='bbox 1237 2273 1472 2329; x_wconf 86' lang='lat' dir='ltr'><strong>solliciti</strong></span> <span class='ocrx_word' id='word_1_155' title='bbox 1499 2273 1820 2339; x_wconf 65' lang='lat' dir='ltr'><strong>simus,vo;</strong></span> 
     </span>
    </p>
   </div>
   <div class='ocr_carea' id='block_1_24' title="bbox 146 2362 1821 2435">
    <p class='ocr_par' dir='ltr' id='par_1_24' title="bbox 146 2362 1821 2435">
     <span class='ocr_line' id='line_1_24' title="bbox 146 2362 1821 2435; baseline -0.002 -14"><span class='ocrx_word' id='word_1_156' title='bbox 146 2367 185 2421; x_wconf 87' lang='lat' dir='ltr'><strong>b</strong></span> <span class='ocrx_word' id='word_1_157' title='bbox 202 2366 253 2420; x_wconf 90' lang='lat' dir='ltr'><strong>is</strong></span> <span class='ocrx_word' id='word_1_158' title='bbox 276 2365 432 2421; x_wconf 91' lang='lat' dir='ltr'><strong>Deus</strong></span> <span class='ocrx_word' id='word_1_159' title='bbox 450 2362 824 2435; x_wconf 88' lang='lat' dir='ltr'><strong>omnipotens</strong></span> <span class='ocrx_word' id='word_1_160' title='bbox 849 2362 1165 2419; x_wconf 88' lang='lat' dir='ltr'><strong>clementer</strong></span> <span class='ocrx_word' id='word_1_161' title='bbox 1184 2362 1433 2434; x_wconf 86' lang='lat' dir='ltr'><strong>aperiat;</strong></span> <span class='ocrx_word' id='word_1_162' title='bbox 1454 2366 1511 2417; x_wconf 86' lang='lat' dir='ltr'><strong>et</strong></span> <span class='ocrx_word' id='word_1_163' title='bbox 1528 2362 1821 2433; x_wconf 90' lang='lat' dir='ltr'><strong>quomodo</strong></span> 
     </span>
    </p>
   </div>
   <div class='ocr_carea' id='block_1_25' title="bbox 152 2450 1821 2526">
    <p class='ocr_par' dir='ltr' id='par_1_25' title="bbox 152 2450 1821 2526">
     <span class='ocr_line' id='line_1_25' title="bbox 152 2450 1821 2526; baseline -0.004 -16"><span class='ocrx_word' id='word_1_164' title='bbox 152 2471 261 2510; x_wconf 90' lang='lat' dir='ltr'><strong>vos</strong></span> <span class='ocrx_word' id='word_1_165' title='bbox 287 2452 597 2526; x_wconf 89' lang='lat' dir='ltr'><strong>cupiamus</strong></span> <span class='ocrx_word' id='word_1_166' title='bbox 630 2451 689 2507; x_wconf 89' lang='lat' dir='ltr'><strong>in</strong></span> <span class='ocrx_word' id='word_1_167' title='bbox 723 2450 1048 2507; x_wconf 86' lang='lat' dir='ltr'><strong>visceribus</strong></span> <span class='ocrx_word' id='word_1_168' title='bbox 1092 2450 1331 2517; x_wconf 79' lang='lat' dir='ltr'><strong>Christi,</strong></span> <span class='ocrx_word' id='word_1_169' title='bbox 1354 2453 1411 2505; x_wconf 89' lang='lat' dir='ltr'><strong>et</strong></span> <span class='ocrx_word' id='word_1_170' title='bbox 1442 2450 1501 2504; x_wconf 90' lang='lat' dir='ltr'><strong>in</strong></span> <span class='ocrx_word' id='word_1_171' title='bbox 1552 2450 1821 2504; x_wconf 65' lang='lat' dir='ltr'><strong>Ecclesiae</strong></span> 
     </span>
    </p>
   </div>
   <div class='ocr_carea' id='block_1_26' title="bbox 152 2540 1818 2618">
    <p class='ocr_par' dir='ltr' id='par_1_26' title="bbox 152 2540 1818 2618">
     <span class='ocr_line' id='line_1_26' title="bbox 152 2540 1818 2618; baseline -0.002 -20"><span class='ocrx_word' id='word_1_172' title='bbox 152 2543 382 2618; x_wconf 84' lang='lat' dir='ltr'><strong>gremio</strong></span> <span class='ocrx_word' id='word_1_173' title='bbox 401 2542 722 2609; x_wconf 89' lang='lat' dir='ltr'><strong>continere,</strong></span> <span class='ocrx_word' id='word_1_174' title='bbox 740 2559 867 2613; x_wconf 72' lang='lat' dir='ltr'><strong>quas</strong></span> <span class='ocrx_word' id='word_1_175' title='bbox 887 2541 1102 2596; x_wconf 73' lang='lat' dir='ltr'><strong>diffusa</strong></span> <span class='ocrx_word' id='word_1_176' title='bbox 1124 2540 1183 2595; x_wconf 92' lang='lat' dir='ltr'><strong>in</strong></span> <span class='ocrx_word' id='word_1_177' title='bbox 1204 2544 1326 2595; x_wconf 91' lang='lat' dir='ltr'><strong>toto</strong></span> <span class='ocrx_word' id='word_1_178' title='bbox 1346 2541 1485 2595; x_wconf 84' lang='lat' dir='ltr'><strong>orbe</strong></span> <span class='ocrx_word' id='word_1_179' title='bbox 1508 2544 1818 2607; x_wconf 87' lang='lat' dir='ltr'><strong>terrarum,</strong></span> 
     </span>
    </p>
   </div>
   <div class='ocr_carea' id='block_1_27' title="bbox 156 2628 1825 2706">
    <p class='ocr_par' dir='ltr' id='par_1_27' title="bbox 156 2628 1825 2706">
     <span class='ocr_line' id='line_1_27' title="bbox 156 2628 1825 2706; baseline -0.004 -17"><span class='ocrx_word' id='word_1_180' title='bbox 156 2632 333 2706; x_wconf 88' lang='lat' dir='ltr'><strong>quasi</strong></span> <span class='ocrx_word' id='word_1_181' title='bbox 364 2631 542 2687; x_wconf 89' lang='lat' dir='ltr'><strong>unius</strong></span> <span class='ocrx_word' id='word_1_182' title='bbox 587 2630 804 2686; x_wconf 87' lang='lat' dir='ltr'><strong>Christi</strong></span> <span class='ocrx_word' id='word_1_183' title='bbox 855 2628 1154 2685; x_wconf 82' lang='lat' dir='ltr'><strong>thalamus</strong></span> <span class='ocrx_word' id='word_1_184' title='bbox 1186 2634 1296 2697; x_wconf 90' lang='lat' dir='ltr'><strong>est,</strong></span> <span class='ocrx_word' id='word_1_185' title='bbox 1323 2633 1499 2700; x_wconf 90' lang='lat' dir='ltr'><strong>atque</strong></span> <span class='ocrx_word' id='word_1_186' title='bbox 1531 2629 1587 2682; x_wconf 93' lang='lat' dir='ltr'><strong>in</strong></span> <span class='ocrx_word' id='word_1_187' title='bbox 1620 2632 1825 2684; x_wconf 90' lang='lat' dir='ltr'><strong>sancta</strong></span> 
     </span>
    </p>
   </div>
   <div class='ocr_carea' id='block_1_28' title="bbox 158 2718 1823 2789">
    <p class='ocr_par' dir='ltr' id='par_1_28' title="bbox 158 2718 1823 2789">
     <span class='ocr_line' id='line_1_28' title="bbox 158 2718 1823 2789; baseline -0.004 -11"><span class='ocrx_word' id='word_1_188' title='bbox 158 2721 582 2778; x_wconf 87' lang='lat' dir='ltr'><strong>communione</strong></span> <span class='ocrx_word' id='word_1_189' title='bbox 610 2736 729 2775; x_wconf 91' lang='lat' dir='ltr'><strong>una</strong></span> <span class='ocrx_word' id='word_1_190' title='bbox 745 2719 1049 2774; x_wconf 87' lang='lat' dir='ltr'><strong>vobiscum</strong></span> <span class='ocrx_word' id='word_1_191' title='bbox 1083 2718 1421 2789; x_wconf 82' lang='lat' dir='ltr'><strong>persistere,</strong></span> <span class='ocrx_word' id='word_1_192' title='bbox 1437 2722 1502 2773; x_wconf 89' lang='lat' dir='ltr'><strong>ut</strong></span> <span class='ocrx_word' id='word_1_193' title='bbox 1529 2735 1711 2773; x_wconf 89' lang='lat' dir='ltr'><strong>unum</strong></span> <span class='ocrx_word' id='word_1_194' title='bbox 1735 2734 1823 2773; x_wconf 86' lang='lat' dir='ltr'><strong>sa-</strong></span> 
     </span>
    </p>
   </div>
   <div class='ocr_carea' id='block_1_29' title="bbox 146 2807 1821 2886">
    <p class='ocr_par' dir='ltr' id='par_1_29' title="bbox 146 2807 1821 2886">
     <span class='ocr_line' id='line_1_29' title="bbox 146 2807 1821 2886; baseline -0.002 -19"><span class='ocrx_word' id='word_1_195' title='bbox 146 2812 388 2886; x_wconf 89' lang='lat' dir='ltr'><strong>piamus</strong></span> <span class='ocrx_word' id='word_1_196' title='bbox 410 2813 701 2880; x_wconf 90' lang='lat' dir='ltr'><strong>omnes,et</strong></span> <span class='ocrx_word' id='word_1_197' title='bbox 719 2826 835 2863; x_wconf 89' lang='lat' dir='ltr'><strong>non</strong></span> <span class='ocrx_word' id='word_1_198' title='bbox 853 2809 973 2864; x_wconf 91' lang='lat' dir='ltr'><strong>sint</strong></span> <span class='ocrx_word' id='word_1_199' title='bbox 991 2809 1049 2864; x_wconf 91' lang='lat' dir='ltr'><strong>in</strong></span> <span class='ocrx_word' id='word_1_200' title='bbox 1069 2807 1238 2864; x_wconf 90' lang='lat' dir='ltr'><strong>nobis</strong></span> <span class='ocrx_word' id='word_1_201' title='bbox 1253 2808 1821 2876; x_wconf 61' lang='lat' dir='ltr'><strong>schismataUCom),</strong></span> 
     </span>
    </p>
   </div>
   <div class='ocr_carea' id='block_1_30' title="bbox 156 2896 1827 2969">
    <p class='ocr_par' dir='ltr' id='par_1_30' title="bbox 156 2896 1827 2969">
     <span class='ocr_line' id='line_1_30' title="bbox 156 2896 1827 2969; baseline -0.002 -14"><span class='ocrx_word' id='word_1_202' title='bbox 156 2898 620 2956; x_wconf 88' lang='lat' dir='ltr'><strong>illuminationis</strong></span> <span class='ocrx_word' id='word_1_203' title='bbox 653 2915 771 2952; x_wconf 61' lang='lat' dir='ltr'><strong>suae</strong></span> <span class='ocrx_word' id='word_1_204' title='bbox 803 2897 992 2969; x_wconf 87' lang='lat' dir='ltr'><strong>gratia</strong></span> <span class='ocrx_word' id='word_1_205' title='bbox 1022 2896 1278 2953; x_wconf 84' lang='lat' dir='ltr'><strong>revelare</strong></span> <span class='ocrx_word' id='word_1_206' title='bbox 1299 2897 1618 2969; x_wconf 84' lang='lat' dir='ltr'><strong>dignetur:</strong></span> <span class='ocrx_word' id='word_1_207' title='bbox 1648 2897 1730 2951; x_wconf 87' lang='lat' dir='ltr'><strong>ita</strong></span> <span class='ocrx_word' id='word_1_208' title='bbox 1759 2902 1827 2951; x_wconf 88' lang='lat' dir='ltr'><strong>ut</strong></span> 
     </span>
    </p>
   </div>
   <div class='ocr_carea' id='block_1_31' title="bbox 154 2985 1795 3059">
    <p class='ocr_par' dir='ltr' id='par_1_31' title="bbox 154 2985 1795 3059">
     <span class='ocr_line' id='line_1_31' title="bbox 154 2985 1795 3059; baseline -0.004 -14"><span class='ocrx_word' id='word_1_209' title='bbox 154 2991 234 3045; x_wconf 86' lang='lat' dir='ltr'><strong>de</strong></span> <span class='ocrx_word' id='word_1_210' title='bbox 256 2988 627 3059; x_wconf 87' lang='lat' dir='ltr'><strong>corruptione</strong></span> <span class='ocrx_word' id='word_1_211' title='bbox 658 2985 921 3042; x_wconf 91' lang='lat' dir='ltr'><strong>ﬁdelium</strong></span> <span class='ocrx_word' id='word_1_212' title='bbox 953 2986 1408 3059; x_wconf 84' lang='lat' dir='ltr'><strong>congaudentes,</strong></span> <span class='ocrx_word' id='word_1_213' title='bbox 1433 2990 1491 3040; x_wconf 92' lang='lat' dir='ltr'><strong>et</strong></span> <span class='ocrx_word' id='word_1_214' title='bbox 1514 2990 1795 3059; x_wconf 88' lang='lat' dir='ltr'><strong>congratu</strong></span> 
     </span>
    </p>
   </div>
   <div class='ocr_carea' id='block_1_32' title="bbox 156 3073 1796 3147">
    <p class='ocr_par' dir='ltr' id='par_1_32' title="bbox 156 3073 1796 3147">
     <span class='ocr_line' id='line_1_32' title="bbox 156 3073 1796 3147; baseline -0.004 -13"><span class='ocrx_word' id='word_1_215' title='bbox 156 3080 374 3146; x_wconf 77' lang='lat' dir='ltr'><strong>lentes,</strong></span> <span class='ocrx_word' id='word_1_216' title='bbox 389 3094 506 3133; x_wconf 90' lang='lat' dir='ltr'><strong>uno</strong></span> <span class='ocrx_word' id='word_1_217' title='bbox 528 3076 747 3143; x_wconf 88' lang='lat' dir='ltr'><strong>animo,</strong></span> <span class='ocrx_word' id='word_1_218' title='bbox 763 3079 818 3131; x_wconf 87' lang='lat' dir='ltr'><strong>et</strong></span> <span class='ocrx_word' id='word_1_219' title='bbox 841 3092 957 3131; x_wconf 90' lang='lat' dir='ltr'><strong>uno</strong></span> <span class='ocrx_word' id='word_1_220' title='bbox 989 3091 1086 3130; x_wconf 84' lang='lat' dir='ltr'><strong>ore</strong></span> <span class='ocrx_word' id='word_1_221' title='bbox 1112 3073 1509 3147; x_wconf 86' lang='lat' dir='ltr'><strong>gloriﬁcemus</strong></span> <span class='ocrx_word' id='word_1_222' title='bbox 1527 3078 1585 3130; x_wconf 89' lang='lat' dir='ltr'><strong>et</strong></span> <span class='ocrx_word' id='word_1_223' title='bbox 1607 3073 1796 3130; x_wconf 90' lang='lat' dir='ltr'><strong>collau</strong></span> 
     </span>
    </p>
   </div>
   <div class='ocr_carea' id='block_1_33' title="bbox 153 3161 1801 3243">
    <p class='ocr_par' dir='ltr' id='par_1_33' title="bbox 153 3161 1801 3243">
     <span class='ocr_line' id='line_1_33' title="bbox 153 3161 1801 3243; baseline -0.003 -21"><span class='ocrx_word' id='word_1_224' title='bbox 153 3168 370 3223; x_wconf 89' lang='lat' dir='ltr'><strong>demus</strong></span> <span class='ocrx_word' id='word_1_225' title='bbox 400 3166 585 3221; x_wconf 92' lang='lat' dir='ltr'><strong>Deum</strong></span> <span class='ocrx_word' id='word_1_226' title='bbox 619 3164 847 3220; x_wconf 84' lang='lat' dir='ltr'><strong>Patrem</strong></span> <span class='ocrx_word' id='word_1_227' title='bbox 877 3163 1170 3243; x_wconf 79' lang='lat' dir='ltr'><strong>videlicet,</strong></span> <span class='ocrx_word' id='word_1_228' title='bbox 1198 3167 1257 3218; x_wconf 90' lang='lat' dir='ltr'><strong>et</strong></span> <span class='ocrx_word' id='word_1_229' title='bbox 1288 3161 1521 3231; x_wconf 75' lang='lat' dir='ltr'><strong>Filium,</strong></span> <span class='ocrx_word' id='word_1_230' title='bbox 1547 3166 1605 3218; x_wconf 91' lang='lat' dir='ltr'><strong>et</strong></span> <span class='ocrx_word' id='word_1_231' title='bbox 1646 3162 1801 3235; x_wconf 89' lang='lat' dir='ltr'><strong>Spiri</strong></span> 
     </span>
    </p>
   </div>
   <div class='ocr_carea' id='block_1_34' title="bbox 148 3250 1801 3333">
    <p class='ocr_par' dir='ltr' id='par_1_34' title="bbox 148 3250 1801 3333">
     <span class='ocr_line' id='line_1_34' title="bbox 148 3250 1801 3333; baseline -0.005 -20"><span class='ocrx_word' id='word_1_232' title='bbox 148 3262 284 3333; x_wconf 79' lang='lat' dir='ltr'><strong>tum</strong></span> <span class='ocrx_word' id='word_1_233' title='bbox 315 3258 585 3310; x_wconf 88' lang='lat' dir='ltr'><strong>sanctum</strong></span> <span class='ocrx_word' id='word_1_234' title='bbox 608 3270 708 3328; x_wconf 90' lang='lat' dir='ltr'><strong>per</strong></span> <span class='ocrx_word' id='word_1_235' title='bbox 727 3252 961 3308; x_wconf 90' lang='lat' dir='ltr'><strong>inﬁnita</strong></span> <span class='ocrx_word' id='word_1_236' title='bbox 980 3251 1193 3308; x_wconf 62' lang='lat' dir='ltr'><strong>secula</strong></span> <span class='ocrx_word' id='word_1_237' title='bbox 1212 3250 1581 3307; x_wconf 68' lang='lat' dir='ltr'><strong>saeculorum.</strong></span> <span class='ocrx_word' id='word_1_238' title='bbox 1595 3252 1801 3307; x_wconf 90' lang='lat' dir='ltr'><strong>Amen.</strong></span> 
     </span>
    </p>
   </div>
   <div class='ocr_carea' id='block_1_35' title="bbox 1841 1957 1889 2025">
    <p class='ocr_par' dir='ltr' id='par_1_35' title="bbox 1841 1957 1889 2025">
     <span class='ocr_line' id='line_1_35' title="bbox 1841 1957 1889 2025; baseline 0 0"><span class='ocrx_word' id='word_1_239' title='bbox 1841 1957 1889 2025; x_wconf 88' lang='lat' dir='ltr'><strong>B</strong></span> 
     </span>
    </p>
   </div>
   <div class='ocr_carea' id='block_1_36' title="bbox 1909 671 3561 755">
    <p class='ocr_par' dir='ltr' id='par_1_36' title="bbox 1909 671 3561 755">
     <span class='ocr_line' id='line_1_36' title="bbox 1909 671 3561 755; baseline 0.007 -29"><span class='ocrx_word' id='word_1_240' title='bbox 1909 674 2174 726; x_wconf 86' lang='lat' dir='ltr'><strong>mentum</strong></span> <span class='ocrx_word' id='word_1_241' title='bbox 2208 671 2623 729; x_wconf 88' lang='lat' dir='ltr'><strong>molestissime</strong></span> <span class='ocrx_word' id='word_1_242' title='bbox 2656 676 2801 731; x_wconf 85' lang='lat' dir='ltr'><strong>ferre</strong></span> <span class='ocrx_word' id='word_1_243' title='bbox 2825 693 2837 731; x_wconf 89' lang='lat'><strong>:</strong></span> <span class='ocrx_word' id='word_1_244' title='bbox 2860 677 2942 733; x_wconf 89' lang='lat' dir='ltr'><strong>ita</strong></span> <span class='ocrx_word' id='word_1_245' title='bbox 2988 683 3053 734; x_wconf 89' lang='lat' dir='ltr'><strong>ut</strong></span> <span class='ocrx_word' id='word_1_246' title='bbox 3090 679 3253 735; x_wconf 86' lang='lat' dir='ltr'><strong>fratri</strong></span> <span class='ocrx_word' id='word_1_247' title='bbox 3284 685 3342 736; x_wconf 88' lang='lat' dir='ltr'><strong>ct</strong></span> <span class='ocrx_word' id='word_1_248' title='bbox 3371 682 3561 755; x_wconf 88' lang='lat' dir='ltr'><strong>coepi-</strong></span> 
     </span>
    </p>
   </div>
   <div class='ocr_carea' id='block_1_37' title="bbox 1909 762 3559 840">
    <p class='ocr_par' dir='ltr' id='par_1_37' title="bbox 1909 762 3559 840">
     <span class='ocr_line' id='line_1_37' title="bbox 1909 762 3559 840; baseline 0.007 -27"><span class='ocrx_word' id='word_1_249' title='bbox 1909 776 2085 832; x_wconf 84' lang='lat' dir='ltr'><strong>scOpo</strong></span> <span class='ocrx_word' id='word_1_250' title='bbox 2118 764 2317 816; x_wconf 89' lang='lat' dir='ltr'><strong>nostro</strong></span> <span class='ocrx_word' id='word_1_251' title='bbox 2350 762 2571 834; x_wconf 87' lang='lat' dir='ltr'><strong>Ignatio</strong></span> <span class='ocrx_word' id='word_1_252' title='bbox 2603 764 2869 834; x_wconf 83' lang='lat' dir='ltr'><strong>ejusdem</strong></span> <span class='ocrx_word' id='word_1_253' title='bbox 2895 765 3163 822; x_wconf 78' lang='lat' dir='ltr'><strong>Ecclesiae</strong></span> <span class='ocrx_word' id='word_1_254' title='bbox 3194 770 3559 840; x_wconf 68' lang='lat' dir='ltr'><strong>patriarchae,</strong></span> 
     </span>
    </p>
   </div>
   <div class='ocr_carea' id='block_1_38' title="bbox 1910 849 3567 927">
    <p class='ocr_par' dir='ltr' id='par_1_38' title="bbox 1910 849 3567 927">
     <span class='ocr_line' id='line_1_38' title="bbox 1910 849 3567 927; baseline 0.008 -25"><span class='ocrx_word' id='word_1_255' title='bbox 1910 849 2157 920; x_wconf 83' lang='lat' dir='ltr'><strong>ejusque</strong></span> <span class='ocrx_word' id='word_1_256' title='bbox 2182 850 2523 927; x_wconf 84' lang='lat' dir='ltr'><strong>dejectionis</strong></span> <span class='ocrx_word' id='word_1_257' title='bbox 2551 853 2862 909; x_wconf 90' lang='lat' dir='ltr'><strong>condoleas</strong></span> <span class='ocrx_word' id='word_1_258' title='bbox 2886 859 2942 910; x_wconf 91' lang='lat' dir='ltr'><strong>et</strong></span> <span class='ocrx_word' id='word_1_259' title='bbox 2964 857 3366 927; x_wconf 85' lang='lat' dir='ltr'><strong>congemiscas</strong></span> <span class='ocrx_word' id='word_1_260' title='bbox 3390 875 3402 913; x_wconf 94' lang='lat'>:</span> <span class='ocrx_word' id='word_1_261' title='bbox 3431 859 3567 915; x_wconf 89' lang='lat' dir='ltr'><strong>licet</strong></span> 
     </span>
    </p>
   </div>
   <div class='ocr_carea' id='block_1_39' title="bbox 1913 936 3563 1015">
    <p class='ocr_par' dir='ltr' id='par_1_39' title="bbox 1913 936 3563 1015">
     <span class='ocr_line' id='line_1_39' title="bbox 1913 936 3563 1015; baseline 0.008 -25"><span class='ocrx_word' id='word_1_262' title='bbox 1913 936 2090 1009; x_wconf 87' lang='lat' dir='ltr'><strong>(sicut</strong></span> <span class='ocrx_word' id='word_1_263' title='bbox 2120 939 2441 1011; x_wconf 86' lang='lat' dir='ltr'><strong>oportebat)</strong></span> <span class='ocrx_word' id='word_1_264' title='bbox 2473 939 2652 997; x_wconf 87' lang='lat' dir='ltr'><strong>libere</strong></span> <span class='ocrx_word' id='word_1_265' title='bbox 2699 960 2847 1015; x_wconf 86' lang='lat' dir='ltr'><strong>pene</strong></span> <span class='ocrx_word' id='word_1_266' title='bbox 2896 943 3125 1013; x_wconf 82' lang='lat' dir='ltr'><strong>nullum</strong></span> <span class='ocrx_word' id='word_1_267' title='bbox 3175 947 3227 1001; x_wconf 88' lang='lat' dir='ltr'><strong>ei</strong></span> <span class='ocrx_word' id='word_1_268' title='bbox 3277 947 3563 1004; x_wconf 85' lang='lat' dir='ltr'><strong>auxilium</strong></span> 
     </span>
    </p>
   </div>
   <div class='ocr_carea' id='block_1_40' title="bbox 1913 1027 3565 1104">
    <p class='ocr_par' dir='ltr' id='par_1_40' title="bbox 1913 1027 3565 1104">
     <span class='ocr_line' id='line_1_40' title="bbox 1913 1027 3565 1104; baseline 0.009 -26"><span class='ocrx_word' id='word_1_269' title='bbox 1913 1030 2171 1104; x_wconf 70' lang='lat' dir='ltr'><strong>praestes.</strong></span> <span class='ocrx_word' id='word_1_270' title='bbox 2196 1027 2339 1082; x_wconf 89' lang='lat' dir='ltr'><strong>Nam</strong></span> <span class='ocrx_word' id='word_1_271' title='bbox 2373 1030 2763 1099; x_wconf 86' lang='lat' dir='ltr'><strong>perfectorum</strong></span> <span class='ocrx_word' id='word_1_272' title='bbox 2796 1033 3052 1089; x_wconf 90' lang='lat' dir='ltr'><strong>virorum</strong></span> <span class='ocrx_word' id='word_1_273' title='bbox 3086 1039 3195 1102; x_wconf 87' lang='lat' dir='ltr'><strong>est,</strong></span> <span class='ocrx_word' id='word_1_274' title='bbox 3225 1053 3339 1092; x_wconf 89' lang='lat' dir='ltr'><strong>non</strong></span> <span class='ocrx_word' id='word_1_275' title='bbox 3373 1035 3565 1093; x_wconf 91' lang='lat' dir='ltr'><strong>solum</strong></span> 
     </span>
    </p>
   </div>
   <div class='ocr_carea' id='block_1_41' title="bbox 1907 1114 3567 1194">
    <p class='ocr_par' dir='ltr' id='par_1_41' title="bbox 1907 1114 3567 1194">
     <span class='ocr_line' id='line_1_41' title="bbox 1907 1114 3567 1194; baseline 0.01 -27"><span class='ocrx_word' id='word_1_276' title='bbox 1907 1114 2204 1186; x_wconf 87' lang='lat' dir='ltr'><strong>justitiam</strong></span> <span class='ocrx_word' id='word_1_277' title='bbox 2264 1121 2320 1171; x_wconf 91' lang='lat' dir='ltr'><strong>et</strong></span> <span class='ocrx_word' id='word_1_278' title='bbox 2364 1117 2668 1174; x_wconf 88' lang='lat' dir='ltr'><strong>veritatem</strong></span> <span class='ocrx_word' id='word_1_279' title='bbox 2729 1138 2854 1193; x_wconf 73' lang='lat' dir='ltr'><strong>quae</strong></span> <span class='ocrx_word' id='word_1_280' title='bbox 2899 1121 3168 1179; x_wconf 90' lang='lat' dir='ltr'><strong>Christus</strong></span> <span class='ocrx_word' id='word_1_281' title='bbox 3228 1129 3335 1194; x_wconf 85' lang='lat' dir='ltr'><strong>est,</strong></span> <span class='ocrx_word' id='word_1_282' title='bbox 3371 1143 3567 1184; x_wconf 88' lang='lat' dir='ltr'><strong>coram</strong></span> 
     </span>
    </p>
   </div>
   <div class='ocr_carea' id='block_1_42' title="bbox 1919 1204 3566 1283">
    <p class='ocr_par' dir='ltr' id='par_1_42' title="bbox 1919 1204 3566 1283">
     <span class='ocr_line' id='line_1_42' title="bbox 1919 1204 3566 1283; baseline 0.009 -27"><span class='ocrx_word' id='word_1_283' title='bbox 1919 1204 2146 1258; x_wconf 90' lang='lat' dir='ltr'><strong>cunctis</strong></span> <span class='ocrx_word' id='word_1_284' title='bbox 2178 1205 2385 1259; x_wconf 89' lang='lat' dir='ltr'><strong>mundi</strong></span> <span class='ocrx_word' id='word_1_285' title='bbox 2427 1207 2793 1280; x_wconf 88' lang='lat' dir='ltr'><strong>principibus</strong></span> <span class='ocrx_word' id='word_1_286' title='bbox 2834 1212 3333 1280; x_wconf 86' lang='lat' dir='ltr'><strong>conﬁteri,verum</strong></span> <span class='ocrx_word' id='word_1_287' title='bbox 3366 1215 3566 1283; x_wconf 85' lang='lat' dir='ltr'><strong>etiam,</strong></span> 
     </span>
    </p>
   </div>
   <div class='ocr_carea' id='block_1_43' title="bbox 1920 1291 3570 1367">
    <p class='ocr_par' dir='ltr' id='par_1_43' title="bbox 1920 1291 3570 1367">
     <span class='ocr_line' id='line_1_43' title="bbox 1920 1291 3570 1367; baseline 0.008 -22"><span class='ocrx_word' id='word_1_288' title='bbox 1920 1291 1968 1345; x_wconf 90' lang='lat' dir='ltr'><strong>si</strong></span> <span class='ocrx_word' id='word_1_289' title='bbox 1994 1309 2231 1348; x_wconf 83' lang='lat' dir='ltr'><strong>necesse</strong></span> <span class='ocrx_word' id='word_1_290' title='bbox 2260 1293 2355 1363; x_wconf 89' lang='lat' dir='ltr'><strong>sit,</strong></span> <span class='ocrx_word' id='word_1_291' title='bbox 2380 1312 2566 1367; x_wconf 89' lang='lat' dir='ltr'><strong>usque</strong></span> <span class='ocrx_word' id='word_1_292' title='bbox 2597 1298 2668 1352; x_wconf 88' lang='lat' dir='ltr'><strong>ad</strong></span> <span class='ocrx_word' id='word_1_293' title='bbox 2700 1304 2947 1354; x_wconf 90' lang='lat' dir='ltr'><strong>mortem</strong></span> <span class='ocrx_word' id='word_1_294' title='bbox 2981 1305 3102 1356; x_wconf 88' lang='lat' dir='ltr'><strong>tota</strong></span> <span class='ocrx_word' id='word_1_295' title='bbox 3127 1302 3340 1360; x_wconf 86' lang='lat' dir='ltr'><strong>virtute</strong></span> <span class='ocrx_word' id='word_1_296' title='bbox 3372 1304 3570 1359; x_wconf 90' lang='lat' dir='ltr'><strong>defen-</strong></span> 
     </span>
    </p>
   </div>
   <div class='ocr_carea' id='block_1_44' title="bbox 1921 1381 3571 1465">
    <p class='ocr_par' dir='ltr' id='par_1_44' title="bbox 1921 1381 3571 1465">
     <span class='ocr_line' id='line_1_44' title="bbox 1921 1381 3571 1465; baseline 0.007 -29"><span class='ocrx_word' id='word_1_297' title='bbox 1921 1381 2076 1437; x_wconf 91' lang='lat' dir='ltr'><strong>dere.</strong></span> <span class='ocrx_word' id='word_1_298' title='bbox 2101 1381 2241 1447; x_wconf 89' lang='lat' dir='ltr'><strong>Quis</strong></span> <span class='ocrx_word' id='word_1_299' title='bbox 2274 1383 2429 1438; x_wconf 86' lang='lat' dir='ltr'><strong>enim</strong></span> <span class='ocrx_word' id='word_1_300' title='bbox 2450 1384 2725 1454; x_wconf 87' lang='lat' dir='ltr'><strong>ﬁliorum,</strong></span> <span class='ocrx_word' id='word_1_301' title='bbox 2747 1387 2859 1443; x_wconf 89' lang='lat' dir='ltr'><strong>nisi</strong></span> <span class='ocrx_word' id='word_1_302' title='bbox 2882 1389 3170 1462; x_wconf 87' lang='lat' dir='ltr'><strong>ingratus,</strong></span> <span class='ocrx_word' id='word_1_303' title='bbox 3194 1391 3306 1448; x_wconf 90' lang='lat' dir='ltr'><strong>nisi</strong></span> <span class='ocrx_word' id='word_1_304' title='bbox 3328 1392 3571 1465; x_wconf 88' lang='lat' dir='ltr'><strong>impius,</strong></span> 
     </span>
    </p>
   </div>
   <div class='ocr_carea' id='block_1_45' title="bbox 1921 1470 3571 1555">
    <p class='ocr_par' dir='ltr' id='par_1_45' title="bbox 1921 1470 3571 1555">
     <span class='ocr_line' id='line_1_45' title="bbox 1921 1470 3571 1555; baseline 0.008 -31"><span class='ocrx_word' id='word_1_305' title='bbox 1921 1487 2039 1525; x_wconf 92' lang='lat' dir='ltr'><strong>non</strong></span> <span class='ocrx_word' id='word_1_306' title='bbox 2069 1470 2282 1541; x_wconf 86' lang='lat' dir='ltr'><strong>doleat,</strong></span> <span class='ocrx_word' id='word_1_307' title='bbox 2305 1489 2421 1527; x_wconf 89' lang='lat' dir='ltr'><strong>non</strong></span> <span class='ocrx_word' id='word_1_308' title='bbox 2455 1491 2643 1546; x_wconf 88' lang='lat' dir='ltr'><strong>usque</strong></span> <span class='ocrx_word' id='word_1_309' title='bbox 2674 1476 2744 1531; x_wconf 81' lang='lat' dir='ltr'><strong>ad</strong></span> <span class='ocrx_word' id='word_1_310' title='bbox 2779 1481 3023 1533; x_wconf 88' lang='lat' dir='ltr'><strong>mortem</strong></span> <span class='ocrx_word' id='word_1_311' title='bbox 3058 1484 3287 1553; x_wconf 87' lang='lat' dir='ltr'><strong>satagat</strong></span> <span class='ocrx_word' id='word_1_312' title='bbox 3315 1498 3420 1553; x_wconf 93' lang='lat' dir='ltr'><strong>pro</strong></span> <span class='ocrx_word' id='word_1_313' title='bbox 3451 1481 3571 1555; x_wconf 90' lang='lat' dir='ltr'><strong>spi-</strong></span> 
     </span>
    </p>
   </div>
   <div class='ocr_carea' id='block_1_46' title="bbox 1922 1557 3575 1637">
    <p class='ocr_par' dir='ltr' id='par_1_46' title="bbox 1922 1557 3575 1637">
     <span class='ocr_line' id='line_1_46' title="bbox 1922 1557 3575 1637; baseline 0.008 -24"><span class='ocrx_word' id='word_1_314' title='bbox 1922 1557 2076 1613; x_wconf 88' lang='lat' dir='ltr'><strong>ritali</strong></span> <span class='ocrx_word' id='word_1_315' title='bbox 2110 1564 2273 1629; x_wconf 88' lang='lat' dir='ltr'><strong>patre</strong></span> <span class='ocrx_word' id='word_1_316' title='bbox 2304 1577 2410 1616; x_wconf 89' lang='lat' dir='ltr'><strong>suo</strong></span> <span class='ocrx_word' id='word_1_317' title='bbox 2441 1565 2559 1616; x_wconf 88' lang='lat' dir='ltr'><strong>tam</strong></span> <span class='ocrx_word' id='word_1_318' title='bbox 2591 1563 2807 1620; x_wconf 85' lang='lat' dir='ltr'><strong>furiose</strong></span> <span class='ocrx_word' id='word_1_319' title='bbox 2848 1566 3163 1637; x_wconf 88' lang='lat' dir='ltr'><strong>dejecto,et</strong></span> <span class='ocrx_word' id='word_1_320' title='bbox 3192 1587 3223 1623; x_wconf 89' lang='lat' dir='ltr'><strong>a</strong></span> <span class='ocrx_word' id='word_1_321' title='bbox 3256 1570 3575 1626; x_wconf 90' lang='lat' dir='ltr'><strong>commissa</strong></span> 
     </span>
    </p>
   </div>
   <div class='ocr_carea' id='block_1_47' title="bbox 1924 1647 3571 1730">
    <p class='ocr_par' dir='ltr' id='par_1_47' title="bbox 1924 1647 3571 1730">
     <span class='ocr_line' id='line_1_47' title="bbox 1924 1647 3571 1730; baseline 0.009 -30"><span class='ocrx_word' id='word_1_322' title='bbox 1924 1647 2032 1701; x_wconf 87' lang='lat' dir='ltr'><strong>sibi</strong></span> <span class='ocrx_word' id='word_1_323' title='bbox 2058 1647 2339 1703; x_wconf 82' lang='lat' dir='ltr'><strong>divinitus</strong></span> <span class='ocrx_word' id='word_1_324' title='bbox 2358 1667 2499 1706; x_wconf 89' lang='lat' dir='ltr'><strong>cura</strong></span> <span class='ocrx_word' id='word_1_325' title='bbox 2514 1653 2789 1723; x_wconf 85' lang='lat' dir='ltr'><strong>pastorali</strong></span> <span class='ocrx_word' id='word_1_326' title='bbox 2813 1658 2931 1709; x_wconf 82' lang='lat' dir='ltr'><strong>tam</strong></span> <span class='ocrx_word' id='word_1_327' title='bbox 2954 1659 3169 1712; x_wconf 80' lang='lat' dir='ltr'><strong>temere</strong></span> <span class='ocrx_word' id='word_1_328' title='bbox 3187 1663 3571 1730; x_wconf 83' lang='lat' dir='ltr'><strong>sequestrato,</strong></span> 
     </span>
    </p>
   </div>
   <div class='ocr_carea' id='block_1_48' title="bbox 1924 1735 3573 1820">
    <p class='ocr_par' dir='ltr' id='par_1_48' title="bbox 1924 1735 3573 1820">
     <span class='ocr_line' id='line_1_48' title="bbox 1924 1735 3573 1820; baseline 0.009 -31"><span class='ocrx_word' id='word_1_329' title='bbox 1924 1740 1982 1790; x_wconf 88' lang='lat' dir='ltr'><strong>et</strong></span> <span class='ocrx_word' id='word_1_330' title='bbox 2010 1736 2070 1790; x_wconf 92' lang='lat' dir='ltr'><strong>in</strong></span> <span class='ocrx_word' id='word_1_331' title='bbox 2098 1735 2290 1793; x_wconf 87' lang='lat' dir='ltr'><strong>locum</strong></span> <span class='ocrx_word' id='word_1_332' title='bbox 2314 1740 2441 1810; x_wconf 85' lang='lat' dir='ltr'><strong>ejus</strong></span> <span class='ocrx_word' id='word_1_333' title='bbox 2465 1740 2728 1797; x_wconf 88' lang='lat' dir='ltr'><strong>adultero</strong></span> <span class='ocrx_word' id='word_1_334' title='bbox 2748 1743 3100 1817; x_wconf 86' lang='lat' dir='ltr'><strong>subrogato?</strong></span> <span class='ocrx_word' id='word_1_335' title='bbox 3121 1746 3283 1812; x_wconf 87' lang='lat' dir='ltr'><strong>Quis,</strong></span> <span class='ocrx_word' id='word_1_336' title='bbox 3308 1748 3573 1820; x_wconf 90' lang='lat' dir='ltr'><strong>inquam,</strong></span> 
     </span>
    </p>
   </div>
   <div class='ocr_carea' id='block_1_49' title="bbox 1925 1823 3578 1906">
    <p class='ocr_par' dir='ltr' id='par_1_49' title="bbox 1925 1823 3578 1906">
     <span class='ocr_line' id='line_1_49' title="bbox 1925 1823 3578 1906; baseline 0.009 -27"><span class='ocrx_word' id='word_1_337' title='bbox 1925 1823 2206 1894; x_wconf 85' lang='lat' dir='ltr'><strong>ﬁliorum,</strong></span> <span class='ocrx_word' id='word_1_338' title='bbox 2232 1827 2345 1883; x_wconf 90' lang='lat' dir='ltr'><strong>nisi</strong></span> <span class='ocrx_word' id='word_1_339' title='bbox 2370 1828 2658 1901; x_wconf 88' lang='lat' dir='ltr'><strong>ingratus,</strong></span> <span class='ocrx_word' id='word_1_340' title='bbox 2683 1830 2797 1886; x_wconf 89' lang='lat' dir='ltr'><strong>nisi</strong></span> <span class='ocrx_word' id='word_1_341' title='bbox 2826 1831 3066 1905; x_wconf 91' lang='lat' dir='ltr'><strong>impius,</strong></span> <span class='ocrx_word' id='word_1_342' title='bbox 3087 1850 3204 1890; x_wconf 90' lang='lat' dir='ltr'><strong>non</strong></span> <span class='ocrx_word' id='word_1_343' title='bbox 3225 1835 3437 1906; x_wconf 90' lang='lat' dir='ltr'><strong>doleat,</strong></span> <span class='ocrx_word' id='word_1_344' title='bbox 3462 1854 3578 1894; x_wconf 88' lang='lat' dir='ltr'><strong>non</strong></span> 
     </span>
    </p>
   </div>
   <div class='ocr_carea' id='block_1_50' title="bbox 1928 1916 3580 1993">
    <p class='ocr_par' dir='ltr' id='par_1_50' title="bbox 1928 1916 3580 1993">
     <span class='ocr_line' id='line_1_50' title="bbox 1928 1916 3580 1993; baseline 0.009 -25"><span class='ocrx_word' id='word_1_345' title='bbox 1928 1931 2115 1986; x_wconf 91' lang='lat' dir='ltr'><strong>usque</strong></span> <span class='ocrx_word' id='word_1_346' title='bbox 2137 1916 2210 1971; x_wconf 91' lang='lat' dir='ltr'><strong>ad</strong></span> <span class='ocrx_word' id='word_1_347' title='bbox 2236 1920 2479 1973; x_wconf 89' lang='lat' dir='ltr'><strong>mortem</strong></span> <span class='ocrx_word' id='word_1_348' title='bbox 2504 1923 2732 1991; x_wconf 87' lang='lat' dir='ltr'><strong>satagat</strong></span> <span class='ocrx_word' id='word_1_349' title='bbox 2764 1938 2868 1993; x_wconf 91' lang='lat' dir='ltr'><strong>pro</strong></span> <span class='ocrx_word' id='word_1_350' title='bbox 2890 1928 3093 1978; x_wconf 88' lang='lat' dir='ltr'><strong>sancta</strong></span> <span class='ocrx_word' id='word_1_351' title='bbox 3117 1923 3374 1982; x_wconf 86' lang='lat' dir='ltr'><strong>Ecclesia</strong></span> <span class='ocrx_word' id='word_1_352' title='bbox 3394 1929 3580 1983; x_wconf 84' lang='lat' dir='ltr'><strong>matre</strong></span> 
     </span>
    </p>
   </div>
   <div class='ocr_carea' id='block_1_51' title="bbox 1928 2004 3579 2084">
    <p class='ocr_par' dir='ltr' id='par_1_51' title="bbox 1928 2004 3579 2084">
     <span class='ocr_line' id='line_1_51' title="bbox 1928 2004 3579 2084; baseline 0.01 -27"><span class='ocrx_word' id='word_1_353' title='bbox 1928 2020 2054 2071; x_wconf 90' lang='lat' dir='ltr'><strong>sua,</strong></span> <span class='ocrx_word' id='word_1_354' title='bbox 2086 2020 2263 2075; x_wconf 90' lang='lat' dir='ltr'><strong>quam</strong></span> <span class='ocrx_word' id='word_1_355' title='bbox 2295 2004 2477 2061; x_wconf 90' lang='lat' dir='ltr'><strong>tantis</strong></span> <span class='ocrx_word' id='word_1_356' title='bbox 2506 2007 2719 2063; x_wconf 90' lang='lat' dir='ltr'><strong>viderit</strong></span> <span class='ocrx_word' id='word_1_357' title='bbox 2746 2010 3006 2080; x_wconf 86' lang='lat' dir='ltr'><strong>quotidie</strong></span> <span class='ocrx_word' id='word_1_358' title='bbox 3038 2014 3579 2084; x_wconf 86' lang='lat' dir='ltr'><strong>perturbationibus</strong></span> 
     </span>
    </p>
   </div>
   <div class='ocr_carea' id='block_1_52' title="bbox 1927 2092 3581 2175">
    <p class='ocr_par' dir='ltr' id='par_1_52' title="bbox 1927 2092 3581 2175">
     <span class='ocr_line' id='line_1_52' title="bbox 1927 2092 3581 2175; baseline 0.008 -28"><span class='ocrx_word' id='word_1_359' title='bbox 1927 2092 2160 2164; x_wconf 88' lang='lat' dir='ltr'><strong>agitari,</strong></span> <span class='ocrx_word' id='word_1_360' title='bbox 2186 2097 2242 2149; x_wconf 91' lang='lat' dir='ltr'><strong>et</strong></span> <span class='ocrx_word' id='word_1_361' title='bbox 2268 2097 2389 2149; x_wconf 90' lang='lat' dir='ltr'><strong>tam</strong></span> <span class='ocrx_word' id='word_1_362' title='bbox 2422 2095 2822 2169; x_wconf 83' lang='lat' dir='ltr'><strong>irregulariter</strong></span> <span class='ocrx_word' id='word_1_363' title='bbox 2859 2116 2966 2154; x_wconf 91' lang='lat' dir='ltr'><strong>suo</strong></span> <span class='ocrx_word' id='word_1_364' title='bbox 3007 2105 3228 2158; x_wconf 88' lang='lat' dir='ltr'><strong>rectore</strong></span> <span class='ocrx_word' id='word_1_365' title='bbox 3257 2103 3490 2175; x_wconf 86' lang='lat' dir='ltr'><strong>privari,</strong></span> <span class='ocrx_word' id='word_1_366' title='bbox 3523 2108 3581 2160; x_wconf 85' lang='lat' dir='ltr'><strong>et</strong></span> 
     </span>
    </p>
   </div>
   <div class='ocr_carea' id='block_1_53' title="bbox 1927 2180 3582 2264">
    <p class='ocr_par' dir='ltr' id='par_1_53' title="bbox 1927 2180 3582 2264">
     <span class='ocr_line' id='line_1_53' title="bbox 1927 2180 3582 2264; baseline 0.01 -31"><span class='ocrx_word' id='word_1_367' title='bbox 1927 2180 2183 2236; x_wconf 89' lang='lat' dir='ltr'><strong>invasori</strong></span> <span class='ocrx_word' id='word_1_368' title='bbox 2207 2198 2272 2237; x_wconf 88' lang='lat' dir='ltr'><strong>ac</strong></span> <span class='ocrx_word' id='word_1_369' title='bbox 2304 2183 2594 2256; x_wconf 82' lang='lat' dir='ltr'><strong>neophyto</strong></span> <span class='ocrx_word' id='word_1_370' title='bbox 2626 2202 2729 2257; x_wconf 90' lang='lat' dir='ltr'><strong>pro</strong></span> <span class='ocrx_word' id='word_1_371' title='bbox 2760 2186 2931 2243; x_wconf 87' lang='lat' dir='ltr'><strong>libitu</strong></span> <span class='ocrx_word' id='word_1_372' title='bbox 2954 2189 3424 2264; x_wconf 89' lang='lat' dir='ltr'><strong>uniuscujusque</strong></span> <span class='ocrx_word' id='word_1_373' title='bbox 3450 2209 3582 2249; x_wconf 89' lang='lat' dir='ltr'><strong>con-</strong></span> 
     </span>
    </p>
   </div>
   <div class='ocr_carea' id='block_1_54' title="bbox 1926 2269 3579 2353">
    <p class='ocr_par' dir='ltr' id='par_1_54' title="bbox 1926 2269 3579 2353">
     <span class='ocr_line' id='line_1_54' title="bbox 1926 2269 3579 2353; baseline 0.01 -31"><span class='ocrx_word' id='word_1_374' title='bbox 1926 2269 2119 2324; x_wconf 82' lang='lat' dir='ltr'><strong>tradi?</strong></span> <span class='ocrx_word' id='word_1_375' title='bbox 2148 2274 2324 2325; x_wconf 91' lang='lat' dir='ltr'><strong>Curre</strong></span> <span class='ocrx_word' id='word_1_376' title='bbox 2353 2270 2553 2344; x_wconf 87' lang='lat' dir='ltr'><strong>igitur,</strong></span> <span class='ocrx_word' id='word_1_377' title='bbox 2577 2273 2977 2344; x_wconf 90' lang='lat' dir='ltr'><strong>dilectissime,</strong></span> <span class='ocrx_word' id='word_1_378' title='bbox 3001 2282 3058 2334; x_wconf 90' lang='lat' dir='ltr'><strong>et</strong></span> <span class='ocrx_word' id='word_1_379' title='bbox 3088 2277 3137 2334; x_wconf 90' lang='lat' dir='ltr'><strong>si</strong></span> <span class='ocrx_word' id='word_1_380' title='bbox 3169 2283 3259 2336; x_wconf 89' lang='lat' dir='ltr'><strong>est</strong></span> <span class='ocrx_word' id='word_1_381' title='bbox 3288 2282 3579 2353; x_wconf 89' lang='lat' dir='ltr'><strong>perfectus</strong></span> 
     </span>
    </p>
   </div>
   <div class='ocr_carea' id='block_1_55' title="bbox 1927 2356 3582 2443">
    <p class='ocr_par' dir='ltr' id='par_1_55' title="bbox 1927 2356 3582 2443">
     <span class='ocr_line' id='line_1_55' title="bbox 1927 2356 3582 2443; baseline 0.009 -31"><span class='ocrx_word' id='word_1_382' title='bbox 1927 2356 1987 2412; x_wconf 92' lang='lat' dir='ltr'><strong>in</strong></span> <span class='ocrx_word' id='word_1_383' title='bbox 2018 2364 2072 2414; x_wconf 90' lang='lat' dir='ltr'><strong>te</strong></span> <span class='ocrx_word' id='word_1_384' title='bbox 2104 2359 2335 2414; x_wconf 90' lang='lat' dir='ltr'><strong>Domini</strong></span> <span class='ocrx_word' id='word_1_385' title='bbox 2382 2362 2581 2430; x_wconf 90' lang='lat' dir='ltr'><strong>timor,</strong></span> <span class='ocrx_word' id='word_1_386' title='bbox 2614 2363 2759 2419; x_wconf 87' lang='lat' dir='ltr'><strong>nulli</strong></span> <span class='ocrx_word' id='word_1_387' title='bbox 2796 2368 3080 2443; x_wconf 81' lang='lat' dir='ltr'><strong>potestati</strong></span> <span class='ocrx_word' id='word_1_388' title='bbox 3132 2369 3434 2426; x_wconf 87' lang='lat' dir='ltr'><strong>veritatem</strong></span> <span class='ocrx_word' id='word_1_389' title='bbox 3485 2371 3582 2426; x_wconf 88' lang='lat' dir='ltr'><strong>ab-</strong></span> 
     </span>
    </p>
   </div>
   <div class='ocr_carea' id='block_1_56' title="bbox 1929 2447 3583 2521">
    <p class='ocr_par' dir='ltr' id='par_1_56' title="bbox 1929 2447 3583 2521">
     <span class='ocr_line' id='line_1_56' title="bbox 1929 2447 3583 2521; baseline 0.01 -21"><span class='ocrx_word' id='word_1_390' title='bbox 1929 2447 2164 2513; x_wconf 89' lang='lat' dir='ltr'><strong>sconde,</strong></span> <span class='ocrx_word' id='word_1_391' title='bbox 2217 2449 2664 2521; x_wconf 82' lang='lat' dir='ltr'><strong>Redemptorem</strong></span> <span class='ocrx_word' id='word_1_392' title='bbox 2715 2454 2959 2510; x_wconf 90' lang='lat' dir='ltr'><strong>audiens</strong></span> <span class='ocrx_word' id='word_1_393' title='bbox 3010 2456 3299 2516; x_wconf 84' lang='lat' dir='ltr'><strong>dicentem</strong></span> <span class='ocrx_word' id='word_1_394' title='bbox 3342 2475 3355 2513; x_wconf 86' lang='lat'>:</span> <span class='ocrx_word' id='word_1_395' title='bbox 3405 2461 3583 2516; x_wconf 83' lang='lat' dir='ltr'><strong>Nolite</strong></span> 
     </span>
    </p>
   </div>
   <div class='ocr_carea' id='block_1_57' title="bbox 1930 2537 3583 2620">
    <p class='ocr_par' dir='ltr' id='par_1_57' title="bbox 1930 2537 3583 2620">
     <span class='ocr_line' id='line_1_57' title="bbox 1930 2537 3583 2620; baseline 0.009 -30"><span class='ocrx_word' id='word_1_396' title='bbox 1930 2537 2122 2591; x_wconf 85' lang='lat' dir='ltr'><strong>timere</strong></span> <span class='ocrx_word' id='word_1_397' title='bbox 2139 2553 2227 2592; x_wconf 83' lang='lat' dir='ltr'><strong>eos</strong></span> <span class='ocrx_word' id='word_1_398' title='bbox 2249 2540 2346 2609; x_wconf 86' lang='lat' dir='ltr'><strong>qui</strong></span> <span class='ocrx_word' id='word_1_399' title='bbox 2366 2554 2560 2611; x_wconf 88' lang='lat' dir='ltr'><strong>corpus</strong></span> <span class='ocrx_word' id='word_1_400' title='bbox 2583 2542 2854 2610; x_wconf 84' lang='lat' dir='ltr'><strong>occidunt,</strong></span> <span class='ocrx_word' id='word_1_401' title='bbox 2874 2547 3121 2602; x_wconf 80' lang='lat' dir='ltr'><strong>animum</strong></span> <span class='ocrx_word' id='word_1_402' title='bbox 3137 2562 3317 2603; x_wconf 87' lang='lat' dir='ltr'><strong>autem</strong></span> <span class='ocrx_word' id='word_1_403' title='bbox 3335 2565 3446 2605; x_wconf 88' lang='lat' dir='ltr'><strong>non</strong></span> <span class='ocrx_word' id='word_1_404' title='bbox 3461 2565 3583 2620; x_wconf 88' lang='lat' dir='ltr'><strong>pos-</strong></span> 
     </span>
    </p>
   </div>
   <div class='ocr_carea' id='block_1_58' title="bbox 1928 2625 3583 2709">
    <p class='ocr_par' dir='ltr' id='par_1_58' title="bbox 1928 2625 3583 2709">
     <span class='ocr_line' id='line_1_58' title="bbox 1928 2625 3583 2709; baseline 0.01 -31"><span class='ocrx_word' id='word_1_405' title='bbox 1928 2633 2057 2680; x_wconf 82' lang='lat' dir='ltr'><strong>sunt</strong></span> <span class='ocrx_word' id='word_1_406' title='bbox 2085 2625 2322 2682; x_wconf 81' lang='lat' dir='ltr'><strong>occidere</strong></span> <span class='ocrx_word' id='word_1_407' title='bbox 2353 2645 2372 2681; x_wconf 89' lang='lat'><em>:</em></span> <span class='ocrx_word' id='word_1_408' title='bbox 2402 2627 2493 2683; x_wconf 90' lang='lat' dir='ltr'><strong>sed</strong></span> <span class='ocrx_word' id='word_1_409' title='bbox 2519 2631 2709 2700; x_wconf 84' lang='lat' dir='ltr'><strong>potius</strong></span> <span class='ocrx_word' id='word_1_410' title='bbox 2761 2648 2885 2687; x_wconf 90' lang='lat' dir='ltr'><strong>eum</strong></span> <span class='ocrx_word' id='word_1_411' title='bbox 2933 2635 3130 2701; x_wconf 86' lang='lat' dir='ltr'><strong>timete,</strong></span> <span class='ocrx_word' id='word_1_412' title='bbox 3155 2637 3271 2706; x_wconf 87' lang='lat' dir='ltr'><strong>qui,</strong></span> <span class='ocrx_word' id='word_1_413' title='bbox 3290 2645 3583 2709; x_wconf 82' lang='lat' dir='ltr'><strong>postquam</strong></span> 
     </span>
    </p>
   </div>
   <div class='ocr_carea' id='block_1_59' title="bbox 1931 2714 3586 2796">
    <p class='ocr_par' dir='ltr' id='par_1_59' title="bbox 1931 2714 3586 2796">
     <span class='ocr_line' id='line_1_59' title="bbox 1931 2714 3586 2796; baseline 0.008 -26"><span class='ocrx_word' id='word_1_414' title='bbox 1931 2714 2214 2782; x_wconf 82' lang='lat' dir='ltr'><strong>occiderit,</strong></span> <span class='ocrx_word' id='word_1_415' title='bbox 2276 2715 2435 2771; x_wconf 83' lang='lat' dir='ltr'><strong>habet</strong></span> <span class='ocrx_word' id='word_1_416' title='bbox 2490 2725 2803 2788; x_wconf 87' lang='lat' dir='ltr'><strong>potestatem</strong></span> <span class='ocrx_word' id='word_1_417' title='bbox 2864 2723 3078 2778; x_wconf 87' lang='lat' dir='ltr'><strong>mittere</strong></span> <span class='ocrx_word' id='word_1_418' title='bbox 3151 2726 3213 2779; x_wconf 83' lang='lat' dir='ltr'><strong>in</strong></span> <span class='ocrx_word' id='word_1_419' title='bbox 3284 2727 3586 2796; x_wconf 81' lang='lat' dir='ltr'><strong>gehennam</strong></span> 
     </span>
    </p>
   </div>
   <div class='ocr_carea' id='block_1_60' title="bbox 1932 2799 3585 2884">
    <p class='ocr_par' dir='ltr' id='par_1_60' title="bbox 1932 2799 3585 2884">
     <span class='ocr_line' id='line_1_60' title="bbox 1932 2799 3585 2884; baseline 0.011 -31"><span class='ocrx_word' id='word_1_420' title='bbox 1932 2799 2115 2855; x_wconf 80' lang='lat' dir='ltr'><strong>Matth.</strong></span> <span class='ocrx_word' id='word_1_421' title='bbox 2139 2802 2216 2871; x_wconf 83' lang='lat' dir='ltr'><strong>x).</strong></span> <span class='ocrx_word' id='word_1_422' title='bbox 2238 2802 2412 2858; x_wconf 90' lang='lat' dir='ltr'><strong>Porro</strong></span> <span class='ocrx_word' id='word_1_423' title='bbox 2444 2802 2492 2858; x_wconf 90' lang='lat' dir='ltr'><strong>si</strong></span> <span class='ocrx_word' id='word_1_424' title='bbox 2536 2809 2700 2860; x_wconf 89' lang='lat' dir='ltr'><strong>tanta</strong></span> <span class='ocrx_word' id='word_1_425' title='bbox 2745 2806 2986 2865; x_wconf 87' lang='lat' dir='ltr'><strong>libertas</strong></span> <span class='ocrx_word' id='word_1_426' title='bbox 3016 2809 3075 2865; x_wconf 90' lang='lat' dir='ltr'><strong>in</strong></span> <span class='ocrx_word' id='word_1_427' title='bbox 3108 2815 3163 2866; x_wconf 91' lang='lat' dir='ltr'><strong>te</strong></span> <span class='ocrx_word' id='word_1_428' title='bbox 3193 2812 3436 2884; x_wconf 87' lang='lat' dir='ltr'><strong>spiritus</strong></span> <span class='ocrx_word' id='word_1_429' title='bbox 3467 2833 3585 2871; x_wconf 87' lang='lat' dir='ltr'><strong>non</strong></span> 
     </span>
    </p>
   </div>
   <div class='ocr_carea' id='block_1_61' title="bbox 1933 2894 3585 2968">
    <p class='ocr_par' dir='ltr' id='par_1_61' title="bbox 1933 2894 3585 2968">
     <span class='ocr_line' id='line_1_61' title="bbox 1933 2894 3585 2968; baseline 0.01 -24"><span class='ocrx_word' id='word_1_430' title='bbox 1933 2898 2038 2957; x_wconf 84' lang='lat' dir='ltr'><strong>est,</strong></span> <span class='ocrx_word' id='word_1_431' title='bbox 2057 2906 2161 2944; x_wconf 90' lang='lat' dir='ltr'><strong>nec</strong></span> <span class='ocrx_word' id='word_1_432' title='bbox 2189 2894 2244 2945; x_wconf 90' lang='lat' dir='ltr'><strong>te</strong></span> <span class='ocrx_word' id='word_1_433' title='bbox 2267 2895 2497 2947; x_wconf 89' lang='lat' dir='ltr'><strong>tantum</strong></span> <span class='ocrx_word' id='word_1_434' title='bbox 2522 2910 2686 2949; x_wconf 89' lang='lat' dir='ltr'><strong>amor</strong></span> <span class='ocrx_word' id='word_1_435' title='bbox 2711 2895 2923 2952; x_wconf 86' lang='lat' dir='ltr'><strong>Christi</strong></span> <span class='ocrx_word' id='word_1_436' title='bbox 2948 2901 3269 2968; x_wconf 90' lang='lat' dir='ltr'><strong>succendit,</strong></span> <span class='ocrx_word' id='word_1_437' title='bbox 3288 2906 3353 2956; x_wconf 91' lang='lat' dir='ltr'><strong>ut</strong></span> <span class='ocrx_word' id='word_1_438' title='bbox 3377 2903 3585 2960; x_wconf 87' lang='lat' dir='ltr'><strong>mundi</strong></span> 
     </span>
    </p>
   </div>
   <div class='ocr_carea' id='block_1_62' title="bbox 1934 2977 3583 3063">
    <p class='ocr_par' dir='ltr' id='par_1_62' title="bbox 1934 2977 3583 3063">
     <span class='ocr_line' id='line_1_62' title="bbox 1934 2977 3583 3063; baseline 0.009 -32"><span class='ocrx_word' id='word_1_439' title='bbox 1934 2977 2341 3049; x_wconf 87' lang='lat' dir='ltr'><strong>potestatibus,</strong></span> <span class='ocrx_word' id='word_1_440' title='bbox 2375 2981 2528 3051; x_wconf 91' lang='lat' dir='ltr'><strong>quod</strong></span> <span class='ocrx_word' id='word_1_441' title='bbox 2569 2998 2742 3053; x_wconf 89' lang='lat' dir='ltr'><strong>prave</strong></span> <span class='ocrx_word' id='word_1_442' title='bbox 2783 2984 3061 3054; x_wconf 84' lang='lat' dir='ltr'><strong>fecerunt,</strong></span> <span class='ocrx_word' id='word_1_443' title='bbox 3095 3004 3213 3044; x_wconf 89' lang='lat' dir='ltr'><strong>non</strong></span> <span class='ocrx_word' id='word_1_444' title='bbox 3243 2991 3583 3063; x_wconf 86' lang='lat' dir='ltr'><strong>corrigenti-</strong></span> 
     </span>
    </p>
   </div>
   <div class='ocr_carea' id='block_1_63' title="bbox 1934 3066 3586 3153">
    <p class='ocr_par' dir='ltr' id='par_1_63' title="bbox 1934 3066 3586 3153">
     <span class='ocr_line' id='line_1_63' title="bbox 1934 3066 3586 3153; baseline 0.01 -32"><span class='ocrx_word' id='word_1_445' title='bbox 1934 3067 2045 3123; x_wconf 90' lang='lat' dir='ltr'><strong>bus</strong></span> <span class='ocrx_word' id='word_1_446' title='bbox 2075 3066 2254 3123; x_wconf 89' lang='lat' dir='ltr'><strong>libere</strong></span> <span class='ocrx_word' id='word_1_447' title='bbox 2285 3069 2651 3125; x_wconf 84' lang='lat' dir='ltr'><strong>contradicas</strong></span> <span class='ocrx_word' id='word_1_448' title='bbox 2685 3087 2698 3126; x_wconf 89' lang='lat'><strong>:</strong></span> <span class='ocrx_word' id='word_1_449' title='bbox 2733 3072 2939 3129; x_wconf 89' lang='lat' dir='ltr'><strong>saltem</strong></span> <span class='ocrx_word' id='word_1_450' title='bbox 2991 3092 3026 3130; x_wconf 87' lang='lat' dir='ltr'><strong>a</strong></span> <span class='ocrx_word' id='word_1_451' title='bbox 3069 3077 3288 3145; x_wconf 81' lang='lat' dir='ltr'><strong>fratris,</strong></span> <span class='ocrx_word' id='word_1_452' title='bbox 3313 3083 3369 3134; x_wconf 91' lang='lat' dir='ltr'><strong>et</strong></span> <span class='ocrx_word' id='word_1_453' title='bbox 3398 3080 3586 3153; x_wconf 89' lang='lat' dir='ltr'><strong>coepi-</strong></span> 
     </span>
    </p>
   </div>
   <div class='ocr_carea' id='block_1_64' title="bbox 1935 3155 3586 3241">
    <p class='ocr_par' dir='ltr' id='par_1_64' title="bbox 1935 3155 3586 3241">
     <span class='ocr_line' id='line_1_64' title="bbox 1935 3155 3586 3241; baseline 0.009 -31"><span class='ocrx_word' id='word_1_454' title='bbox 1935 3155 2094 3227; x_wconf 89' lang='lat' dir='ltr'><strong>scopi</strong></span> <span class='ocrx_word' id='word_1_455' title='bbox 2120 3156 2303 3211; x_wconf 90' lang='lat' dir='ltr'><strong>nostri</strong></span> <span class='ocrx_word' id='word_1_456' title='bbox 2332 3157 2632 3228; x_wconf 73' lang='lat' dir='ltr'><strong>Ignatii,et</strong></span> <span class='ocrx_word' id='word_1_457' title='bbox 2661 3164 3230 3220; x_wconf 89' lang='lat' dir='ltr'><strong>communicatorum</strong></span> <span class='ocrx_word' id='word_1_458' title='bbox 3257 3168 3386 3239; x_wconf 86' lang='lat' dir='ltr'><strong>ejus</strong></span> <span class='ocrx_word' id='word_1_459' title='bbox 3408 3168 3586 3241; x_wconf 91' lang='lat' dir='ltr'><strong>(quod</strong></span> 
     </span>
    </p>
   </div>
   <div class='ocr_carea' id='block_1_65' title="bbox 1934 3247 3587 3329">
    <p class='ocr_par' dir='ltr' id='par_1_65' title="bbox 1934 3247 3587 3329">
     <span class='ocr_line' id='line_1_65' title="bbox 1934 3247 3587 3329; baseline 0.008 -29"><span class='ocrx_word' id='word_1_460' title='bbox 1934 3248 2130 3300; x_wconf 86' lang='lat' dir='ltr'><strong>tamen</strong></span> <span class='ocrx_word' id='word_1_461' title='bbox 2163 3247 2487 3301; x_wconf 88' lang='lat' dir='ltr'><strong>secundum</strong></span> <span class='ocrx_word' id='word_1_462' title='bbox 2508 3247 2933 3322; x_wconf 87' lang='lat' dir='ltr'><strong>indulgentiam</strong></span> <span class='ocrx_word' id='word_1_463' title='bbox 2956 3253 3230 3327; x_wconf 86' lang='lat' dir='ltr'><strong>dicimus)</strong></span> <span class='ocrx_word' id='word_1_464' title='bbox 3251 3260 3308 3311; x_wconf 89' lang='lat' dir='ltr'><strong>te</strong></span> <span class='ocrx_word' id='word_1_465' title='bbox 3328 3273 3587 3329; x_wconf 89' lang='lat' dir='ltr'><strong>quacun-</strong></span> 
     </span>
    </p>
   </div>
   <div class='ocr_carea' id='block_1_66' title="bbox 231 3323 1816 3417">
    <p class='ocr_par' dir='ltr' id='par_1_66' title="bbox 231 3323 1794 3417">
     <span class='ocr_line' id='line_1_66' title="bbox 231 3323 1794 3417; baseline -0.003 -18"><span class='ocrx_word' id='word_1_466' title='bbox 231 3342 508 3417; x_wconf 88' lang='lat' dir='ltr'><strong>Quisquis</strong></span> <span class='ocrx_word' id='word_1_467' title='bbox 529 3323 726 3398; x_wconf 80' lang='lat' dir='ltr'><strong>autem</strong></span> <span class='ocrx_word' id='word_1_468' title='bbox 748 3342 899 3397; x_wconf 90' lang='lat' dir='ltr'><strong>hanc</strong></span> <span class='ocrx_word' id='word_1_469' title='bbox 921 3340 1231 3414; x_wconf 87' lang='lat' dir='ltr'><strong>epistolam</strong></span> <span class='ocrx_word' id='word_1_470' title='bbox 1260 3344 1523 3396; x_wconf 90' lang='lat' dir='ltr'><strong>nostram</strong></span> <span class='ocrx_word' id='word_1_471' title='bbox 1543 3340 1794 3395; x_wconf 88' lang='lat' dir='ltr'><strong>Constan</strong></span> 
     </span>
    </p>
   </div>
   <div class='ocr_carea' id='block_1_67' title="bbox 1931 3323 3582 3417">
    <p class='ocr_par' dir='ltr' id='par_1_67' title="bbox 1931 3333 3582 3417">
     <span class='ocr_line' id='line_1_67' title="bbox 1931 3333 3582 3417; baseline 0.01 -31"><span class='ocrx_word' id='word_1_472' title='bbox 1931 3350 2045 3404; x_wconf 87' lang='lat' dir='ltr'><strong>que</strong></span> <span class='ocrx_word' id='word_1_473' title='bbox 2090 3333 2324 3390; x_wconf 73' lang='lat' dir='ltr'><strong>laesione</strong></span> <span class='ocrx_word' id='word_1_474' title='bbox 2380 3352 2578 3392; x_wconf 88' lang='lat' dir='ltr'><strong>coerce</strong></span> <span class='ocrx_word' id='word_1_475' title='bbox 2613 3354 2625 3393; x_wconf 88' lang='lat'><strong>:</strong></span> <span class='ocrx_word' id='word_1_476' title='bbox 2659 3343 2715 3393; x_wconf 90' lang='lat' dir='ltr'><strong>et</strong></span> <span class='ocrx_word' id='word_1_477' title='bbox 2745 3356 2778 3394; x_wconf 94' lang='lat' dir='ltr'><strong>a</strong></span> <span class='ocrx_word' id='word_1_478' title='bbox 2810 3343 3225 3399; x_wconf 89' lang='lat' dir='ltr'><strong>communione</strong></span> <span class='ocrx_word' id='word_1_479' title='bbox 3273 3344 3582 3417; x_wconf 87' lang='lat' dir='ltr'><strong>invasoris,</strong></span> 
     </span>
    </p>
   </div>
   <div class='ocr_carea' id='block_1_68' title="bbox 153 3429 1805 3505">
    <p class='ocr_par' dir='ltr' id='par_1_68' title="bbox 153 3429 1805 3505">
     <span class='ocr_line' id='line_1_68' title="bbox 153 3429 1805 3505; baseline -0.003 -15"><span class='ocrx_word' id='word_1_480' title='bbox 153 3432 405 3505; x_wconf 91' lang='lat' dir='ltr'><strong>tinopoli</strong></span> <span class='ocrx_word' id='word_1_481' title='bbox 427 3432 728 3505; x_wconf 87' lang='lat' dir='ltr'><strong>legerit,et</strong></span> <span class='ocrx_word' id='word_1_482' title='bbox 744 3447 946 3487; x_wconf 85' lang='lat' dir='ltr'><strong>eorum</strong></span> <span class='ocrx_word' id='word_1_483' title='bbox 971 3429 1196 3486; x_wconf 89' lang='lat' dir='ltr'><strong>notioni</strong></span> <span class='ocrx_word' id='word_1_484' title='bbox 1217 3429 1365 3503; x_wconf 85' lang='lat' dir='ltr'><strong>[Cod.</strong></span> <span class='ocrx_word' id='word_1_485' title='bbox 1386 3430 1577 3497; x_wconf 63' lang='lat' dir='ltr'><strong>Vatia,</strong></span> <span class='ocrx_word' id='word_1_486' title='bbox 1594 3429 1805 3485; x_wconf 90' lang='lat' dir='ltr'><strong>notitio</strong></span> 
     </span>
    </p>
   </div>
   <div class='ocr_carea' id='block_1_69' title="bbox 158 3517 1826 3594">
    <p class='ocr_par' dir='ltr' id='par_1_69' title="bbox 158 3517 1826 3594">
     <span class='ocr_line' id='line_1_69' title="bbox 158 3517 1826 3594; baseline -0.004 -15"><span class='ocrx_word' id='word_1_487' title='bbox 158 3523 362 3591; x_wconf 88' lang='lat' dir='ltr'><strong>nibus,</strong></span> <span class='ocrx_word' id='word_1_488' title='bbox 383 3520 752 3594; x_wconf 88' lang='lat' dir='ltr'><strong>qui],quibus</strong></span> <span class='ocrx_word' id='word_1_489' title='bbox 772 3519 1016 3575; x_wconf 90' lang='lat' dir='ltr'><strong>missam</strong></span> <span class='ocrx_word' id='word_1_490' title='bbox 1033 3517 1734 3591; x_wconf 88' lang='lat' dir='ltr'><strong>intellexerit,quidquam</strong></span> <span class='ocrx_word' id='word_1_491' title='bbox 1758 3536 1826 3574; x_wconf 84' lang='lat' dir='ltr'><strong>ex</strong></span> 
     </span>
    </p>
   </div>
   <div class='ocr_carea' id='block_1_70' title="bbox 154 3607 1822 3683">
    <p class='ocr_par' dir='ltr' id='par_1_70' title="bbox 154 3607 1822 3683">
     <span class='ocr_line' id='line_1_70' title="bbox 154 3607 1822 3683; baseline -0.004 -15"><span class='ocrx_word' id='word_1_492' title='bbox 154 3612 276 3680; x_wconf 90' lang='lat' dir='ltr'><strong>his,</strong></span> <span class='ocrx_word' id='word_1_493' title='bbox 294 3628 423 3683; x_wconf 72' lang='lat' dir='ltr'><strong>quae</strong></span> <span class='ocrx_word' id='word_1_494' title='bbox 453 3611 513 3665; x_wconf 90' lang='lat' dir='ltr'><strong>in</strong></span> <span class='ocrx_word' id='word_1_495' title='bbox 540 3625 608 3666; x_wconf 91' lang='lat' dir='ltr'><strong>ea</strong></span> <span class='ocrx_word' id='word_1_496' title='bbox 638 3613 778 3665; x_wconf 90' lang='lat' dir='ltr'><strong>sunt</strong></span> <span class='ocrx_word' id='word_1_497' title='bbox 804 3607 1199 3674; x_wconf 89' lang='lat' dir='ltr'><strong>occultaverit,</strong></span> <span class='ocrx_word' id='word_1_498' title='bbox 1224 3607 1274 3662; x_wconf 93' lang='lat' dir='ltr'><strong>si</strong></span> <span class='ocrx_word' id='word_1_499' title='bbox 1296 3607 1494 3663; x_wconf 91' lang='lat' dir='ltr'><strong>locum</strong></span> <span class='ocrx_word' id='word_1_500' title='bbox 1516 3612 1707 3679; x_wconf 88' lang='lat' dir='ltr'><strong>potest</strong></span> <span class='ocrx_word' id='word_1_501' title='bbox 1728 3608 1822 3662; x_wconf 89' lang='lat' dir='ltr'><strong>in-</strong></span> 
     </span>
    </p>
   </div>
   <div class='ocr_carea' id='block_1_71' title="bbox 151 3695 1824 3769">
    <p class='ocr_par' dir='ltr' id='par_1_71' title="bbox 151 3695 1824 3769">
     <span class='ocr_line' id='line_1_71' title="bbox 151 3695 1824 3769; baseline -0.005 -10"><span class='ocrx_word' id='word_1_502' title='bbox 151 3699 355 3759; x_wconf 79' lang='lat' dir='ltr'><strong>venire</strong></span> <span class='ocrx_word' id='word_1_503' title='bbox 372 3698 784 3767; x_wconf 86' lang='lat' dir='ltr'><strong>sufﬁcientem,</strong></span> <span class='ocrx_word' id='word_1_504' title='bbox 802 3698 1113 3754; x_wconf 88' lang='lat' dir='ltr'><strong>anathema</strong></span> <span class='ocrx_word' id='word_1_505' title='bbox 1136 3695 1518 3769; x_wconf 88' lang='lat' dir='ltr'><strong>sit.Quisquis</strong></span> <span class='ocrx_word' id='word_1_506' title='bbox 1538 3696 1713 3752; x_wconf 92' lang='lat' dir='ltr'><strong>etiam</strong></span> <span class='ocrx_word' id='word_1_507' title='bbox 1736 3696 1824 3751; x_wconf 90' lang='lat' dir='ltr'><strong>in—</strong></span> 
     </span>
    </p>
   </div>
   <div class='ocr_carea' id='block_1_72' title="bbox 154 3783 1819 3863">
    <p class='ocr_par' dir='ltr' id='par_1_72' title="bbox 154 3783 1819 3863">
     <span class='ocr_line' id='line_1_72' title="bbox 154 3783 1819 3863; baseline -0.005 -15"><span class='ocrx_word' id='word_1_508' title='bbox 154 3793 512 3863; x_wconf 89' lang='lat' dir='ltr'><strong>terpretatus</strong></span> <span class='ocrx_word' id='word_1_509' title='bbox 534 3804 662 3843; x_wconf 89' lang='lat' dir='ltr'><strong>eam</strong></span> <span class='ocrx_word' id='word_1_510' title='bbox 688 3787 945 3854; x_wconf 85' lang='lat' dir='ltr'><strong>fuerit,et</strong></span> <span class='ocrx_word' id='word_1_511' title='bbox 962 3802 1030 3841; x_wconf 83' lang='lat' dir='ltr'><strong>ex</strong></span> <span class='ocrx_word' id='word_1_512' title='bbox 1051 3802 1119 3841; x_wconf 91' lang='lat' dir='ltr'><strong>ea</strong></span> <span class='ocrx_word' id='word_1_513' title='bbox 1140 3785 1463 3857; x_wconf 88' lang='lat' dir='ltr'><strong>quidquam</strong></span> <span class='ocrx_word' id='word_1_514' title='bbox 1488 3783 1819 3853; x_wconf 87' lang='lat' dir='ltr'><strong>mutaverit,</strong></span> 
     </span>
    </p>
   </div>
   <div class='ocr_carea' id='block_1_73' title="bbox 152 3872 1824 3946">
    <p class='ocr_par' dir='ltr' id='par_1_73' title="bbox 152 3872 1824 3946">
     <span class='ocr_line' id='line_1_73' title="bbox 152 3872 1824 3946; baseline -0.004 -11"><span class='ocrx_word' id='word_1_515' title='bbox 152 3878 248 3936; x_wconf 90' lang='lat' dir='ltr'><strong>vel</strong></span> <span class='ocrx_word' id='word_1_516' title='bbox 268 3875 750 3943; x_wconf 85' lang='lat' dir='ltr'><strong>subtraxerit,aut</strong></span> <span class='ocrx_word' id='word_1_517' title='bbox 771 3873 1241 3946; x_wconf 89' lang='lat' dir='ltr'><strong>superaddiderit</strong></span> <span class='ocrx_word' id='word_1_518' title='bbox 1264 3877 1469 3945; x_wconf 70' lang='lat' dir='ltr'><strong>praeter</strong></span> <span class='ocrx_word' id='word_1_519' title='bbox 1488 3872 1824 3945; x_wconf 87' lang='lat' dir='ltr'><strong>illud,quod</strong></span> 
     </span>
    </p>
   </div>
   <div class='ocr_carea' id='block_1_74' title="bbox 153 3962 1824 4035">
    <p class='ocr_par' dir='ltr' id='par_1_74' title="bbox 153 3962 1824 4035">
     <span class='ocr_line' id='line_1_74' title="bbox 153 3962 1824 4035; baseline -0.004 -11"><span class='ocrx_word' id='word_1_520' title='bbox 153 3968 380 4025; x_wconf 89' lang='lat' dir='ltr'><strong>idioma</strong></span> <span class='ocrx_word' id='word_1_521' title='bbox 431 3970 637 4022; x_wconf 62' lang='lat' dir='ltr'><strong>Graecae</strong></span> <span class='ocrx_word' id='word_1_522' title='bbox 696 3963 971 4019; x_wconf 88' lang='lat' dir='ltr'><strong>dictionis</strong></span> <span class='ocrx_word' id='word_1_523' title='bbox 1027 3962 1225 4035; x_wconf 83' lang='lat' dir='ltr'><strong>exigit,</strong></span> <span class='ocrx_word' id='word_1_524' title='bbox 1268 3962 1357 4019; x_wconf 91' lang='lat' dir='ltr'><strong>vel</strong></span> <span class='ocrx_word' id='word_1_525' title='bbox 1414 3962 1824 4034; x_wconf 89' lang='lat' dir='ltr'><strong>interpretanti</strong></span> 
     </span>
    </p>
   </div>
   <div class='ocr_carea' id='block_1_75' title="bbox 157 4052 1748 4127">
    <p class='ocr_par' dir='ltr' id='par_1_75' title="bbox 157 4052 1748 4127">
     <span class='ocr_line' id='line_1_75' title="bbox 157 4052 1748 4127; baseline -0.004 -14"><span class='ocrx_word' id='word_1_526' title='bbox 157 4057 472 4114; x_wconf 80' lang='lat' dir='ltr'><strong>scientiam</strong></span> <span class='ocrx_word' id='word_1_527' title='bbox 504 4053 866 4127; x_wconf 87' lang='lat' dir='ltr'><strong>intelligendi</strong></span> <span class='ocrx_word' id='word_1_528' title='bbox 896 4070 1011 4107; x_wconf 91' lang='lat' dir='ltr'><strong>non</strong></span> <span class='ocrx_word' id='word_1_529' title='bbox 1043 4052 1272 4121; x_wconf 89' lang='lat' dir='ltr'><strong>tribuit,</strong></span> <span class='ocrx_word' id='word_1_530' title='bbox 1307 4052 1622 4107; x_wconf 66' lang='lat' dir='ltr'><strong>anathema</strong></span> <span class='ocrx_word' id='word_1_531' title='bbox 1652 4052 1748 4106; x_wconf 89' lang='lat' dir='ltr'><strong>sit.</strong></span> 
     </span>
    </p>
   </div>
   <div class='ocr_carea' id='block_1_76' title="bbox 937 4158 1047 4214">
    <p class='ocr_par' dir='ltr' id='par_1_76' title="bbox 937 4158 1047 4214">
     <span class='ocr_line' id='line_1_76' title="bbox 937 4158 1047 4214; baseline 0 0"><span class='ocrx_word' id='word_1_532' title='bbox 937 4158 1047 4214; x_wconf 87' lang='lat' dir='ltr'><strong>CV.</strong></span> 
     </span>
    </p>
   </div>
   <div class='ocr_carea' id='block_1_77' title="bbox 358 4252 1633 4325">
    <p class='ocr_par' dir='ltr' id='par_1_77' title="bbox 358 4252 1633 4325">
     <span class='ocr_line' id='line_1_77' title="bbox 358 4252 1633 4325; baseline -0.005 -17"><span class='ocrx_word' id='word_1_533' title='bbox 358 4252 432 4325; x_wconf 87' lang='lat' dir='ltr'><strong>(a)</strong></span> <span class='ocrx_word' id='word_1_534' title='bbox 453 4269 525 4307; x_wconf 81' lang='lat' dir='ltr'><strong>AD</strong></span> <span class='ocrx_word' id='word_1_535' title='bbox 555 4266 876 4307; x_wconf 64' lang='lat' dir='ltr'><strong>summm-:3</strong></span> <span class='ocrx_word' id='word_1_536' title='bbox 907 4263 1633 4305; x_wconf 63' lang='lat' dir='ltr'><strong>consmurmoroumuos.</strong></span> 
     </span>
    </p>
   </div>
   <div class='ocr_carea' id='block_1_78' title="bbox 811 4338 1185 4411">
    <p class='ocr_par' dir='ltr' id='par_1_78' title="bbox 811 4338 1185 4411">
     <span class='ocr_line' id='line_1_78' title="bbox 811 4338 1185 4411; baseline -0.008 -17"><span class='ocrx_word' id='word_1_537' title='bbox 811 4338 998 4411; x_wconf 87' lang='lat' dir='ltr'><strong>(Anno</strong></span> <span class='ocrx_word' id='word_1_538' title='bbox 1032 4338 1185 4405; x_wconf 89' lang='lat'><strong>866.)</strong></span> 
     </span>
    </p>
   </div>
   <div class='ocr_carea' id='block_1_79' title="bbox 170 4426 1827 4555">
    <p class='ocr_par' dir='ltr' id='par_1_79' title="bbox 170 4426 1827 4555">
     <span class='ocr_line' id='line_1_79' title="bbox 170 4426 1827 4555; baseline -0.005 -64"><span class='ocrx_word' id='word_1_539' title='bbox 170 4435 237 4491; x_wconf 87' lang='lat' dir='ltr'><strong>Ut</strong></span> <span class='ocrx_word' id='word_1_540' title='bbox 263 4434 483 4504; x_wconf 75' lang='lat' dir='ltr'><strong>faveant</strong></span> <span class='ocrx_word' id='word_1_541' title='bbox 513 4444 697 4488; x_wconf 64' lang='lat' dir='ltr'><strong>causa?</strong></span> <span class='ocrx_word' id='word_1_542' title='bbox 725 4428 963 4555; x_wconf 40' lang='lat' dir='ltr'><strong>Ignatilz</strong></span> <span class='ocrx_word' id='word_1_543' title='bbox 974 4434 1034 4554; x_wconf 59' lang='lat' dir='ltr'><strong>ett</strong></span> <span class='ocrx_word' id='word_1_544' title='bbox 1048 4426 1356 4510; x_wconf 71' lang='lat' dir='ltr'><strong>abstineant</strong></span> <span class='ocrx_word' id='word_1_545' title='bbox 1386 4443 1420 4481; x_wconf 92' lang='lat' dir='ltr'><strong>a</strong></span> <span class='ocrx_word' id='word_1_546' title='bbox 1447 4427 1827 4482; x_wconf 84' lang='lat' dir='ltr'><strong>communione</strong></span> 
     </span>
     <span class='ocr_line' id='line_1_80' title="bbox 960 4514 1102 4555; baseline 0.007 -1"><span class='ocrx_word' id='word_1_547' title='bbox 960 4514 1010 4554; x_wconf 82' lang='grc' dir='ltr'><strong>ιο</strong></span> <span class='ocrx_word' id='word_1_548' title='bbox 1038 4516 1102 4555; x_wconf 78' lang='lat' dir='ltr'><strong>zz.</strong></span> 
     </span>
    </p>
   </div>
   <div class='ocr_carea' id='block_1_80' title="bbox 684 4586 1313 4663">
    <p class='ocr_par' dir='ltr' id='par_1_80' title="bbox 684 4586 1313 4663">
     <span class='ocr_line' id='line_1_81' title="bbox 684 4586 1313 4663; baseline -0.008 -18"><span class='ocrx_word' id='word_1_549' title='bbox 684 4588 870 4663; x_wconf 79' lang='lat' dir='ltr'><strong>[Apud</strong></span> <span class='ocrx_word' id='word_1_550' title='bbox 905 4587 1114 4656; x_wconf 89' lang='lat' dir='ltr'><strong>Mansi,</strong></span> <span class='ocrx_word' id='word_1_551' title='bbox 1151 4586 1313 4656; x_wconf 83' lang='lat' dir='ltr'><strong>ibid.]</strong></span> 
     </span>
    </p>
   </div>
   <div class='ocr_carea' id='block_1_81' title="bbox 1936 3422 3587 3504">
    <p class='ocr_par' dir='ltr' id='par_1_81' title="bbox 1936 3422 3587 3504">
     <span class='ocr_line' id='line_1_82' title="bbox 1936 3422 3587 3504; baseline 0.01 -29"><span class='ocrx_word' id='word_1_552' title='bbox 1936 3422 2305 3495; x_wconf 81' lang='lat' dir='ltr'><strong>neopbyti,ac</strong></span> <span class='ocrx_word' id='word_1_553' title='bbox 2323 3424 2571 3481; x_wconf 87' lang='lat' dir='ltr'><strong>adulteri</strong></span> <span class='ocrx_word' id='word_1_554' title='bbox 2592 3426 2777 3482; x_wconf 90' lang='lat' dir='ltr'><strong>Photii</strong></span> <span class='ocrx_word' id='word_1_555' title='bbox 2793 3430 3033 3486; x_wconf 89' lang='lat' dir='ltr'><strong>omnino</strong></span> <span class='ocrx_word' id='word_1_556' title='bbox 3051 3434 3372 3504; x_wconf 87' lang='lat' dir='ltr'><strong>suspende;</strong></span> <span class='ocrx_word' id='word_1_557' title='bbox 3393 3434 3587 3492; x_wconf 89' lang='lat' dir='ltr'><strong>sciens</strong></span> 
     </span>
    </p>
   </div>
   <div class='ocr_carea' id='block_1_82' title="bbox 1934 3512 3585 3585">
    <p class='ocr_par' dir='ltr' id='par_1_82' title="bbox 1934 3512 3585 3585">
     <span class='ocr_line' id='line_1_83' title="bbox 1934 3512 3585 3585; baseline 0.009 -20"><span class='ocrx_word' id='word_1_558' title='bbox 1934 3512 2073 3583; x_wconf 89' lang='lat' dir='ltr'><strong>quia</strong></span> <span class='ocrx_word' id='word_1_559' title='bbox 2102 3529 2210 3568; x_wconf 92' lang='lat' dir='ltr'><strong>nos</strong></span> <span class='ocrx_word' id='word_1_560' title='bbox 2232 3513 2568 3584; x_wconf 87' lang='lat' dir='ltr'><strong>apostolica,</strong></span> <span class='ocrx_word' id='word_1_561' title='bbox 2594 3518 2895 3585; x_wconf 90' lang='lat' dir='ltr'><strong>canonica,</strong></span> <span class='ocrx_word' id='word_1_562' title='bbox 2919 3535 3143 3576; x_wconf 89' lang='lat' dir='ltr'><strong>necnon</strong></span> <span class='ocrx_word' id='word_1_563' title='bbox 3165 3526 3222 3577; x_wconf 91' lang='lat' dir='ltr'><strong>et</strong></span> <span class='ocrx_word' id='word_1_564' title='bbox 3252 3522 3585 3580; x_wconf 90' lang='lat' dir='ltr'><strong>rationabili</strong></span> 
     </span>
    </p>
   </div>
   <div class='ocr_carea' id='block_1_83' title="bbox 1934 3603 3584 3682">
    <p class='ocr_par' dir='ltr' id='par_1_83' title="bbox 1934 3603 3584 3682">
     <span class='ocr_line' id='line_1_84' title="bbox 1934 3603 3584 3682; baseline 0.008 -26"><span class='ocrx_word' id='word_1_565' title='bbox 1934 3617 2182 3657; x_wconf 89' lang='lat' dir='ltr'><strong>censura</strong></span> <span class='ocrx_word' id='word_1_566' title='bbox 2219 3603 2382 3673; x_wconf 88' lang='lat' dir='ltr'><strong>juste</strong></span> <span class='ocrx_word' id='word_1_567' title='bbox 2432 3603 2611 3671; x_wconf 91' lang='lat' dir='ltr'><strong>hunc,</strong></span> <span class='ocrx_word' id='word_1_568' title='bbox 2635 3609 2692 3660; x_wconf 90' lang='lat' dir='ltr'><strong>et</strong></span> <span class='ocrx_word' id='word_1_569' title='bbox 2724 3608 3021 3678; x_wconf 85' lang='lat' dir='ltr'><strong>synodice,</strong></span> <span class='ocrx_word' id='word_1_570' title='bbox 3053 3613 3227 3682; x_wconf 89' lang='lat' dir='ltr'><strong>atque</strong></span> <span class='ocrx_word' id='word_1_571' title='bbox 3258 3614 3584 3670; x_wconf 89' lang='lat' dir='ltr'><strong>secundum</strong></span> 
     </span>
    </p>
   </div>
   <div class='ocr_carea' id='block_1_84' title="bbox 1933 3689 3589 3772">
    <p class='ocr_par' dir='ltr' id='par_1_84' title="bbox 1933 3689 3589 3772">
     <span class='ocr_line' id='line_1_85' title="bbox 1933 3689 3589 3772; baseline 0.01 -29"><span class='ocrx_word' id='word_1_572' title='bbox 1933 3689 2369 3763; x_wconf 89' lang='lat' dir='ltr'><strong>privilegiorum</strong></span> <span class='ocrx_word' id='word_1_573' title='bbox 2389 3692 2715 3764; x_wconf 71' lang='lat' dir='ltr'><strong>apostolicae</strong></span> <span class='ocrx_word' id='word_1_574' title='bbox 2734 3695 2891 3753; x_wconf 90' lang='lat' dir='ltr'><strong>sedis</strong></span> <span class='ocrx_word' id='word_1_575' title='bbox 2913 3699 3323 3763; x_wconf 78' lang='lat' dir='ltr'><strong>auctoritatem</strong></span> <span class='ocrx_word' id='word_1_576' title='bbox 3337 3702 3473 3772; x_wconf 90' lang='lat' dir='ltr'><strong>jure</strong></span> <span class='ocrx_word' id='word_1_577' title='bbox 3494 3703 3589 3759; x_wconf 90' lang='lat' dir='ltr'><strong>de-</strong></span> 
     </span>
    </p>
   </div>
   <div class='ocr_carea' id='block_1_85' title="bbox 1934 3779 3587 3862">
    <p class='ocr_par' dir='ltr' id='par_1_85' title="bbox 1934 3779 3587 3862">
     <span class='ocr_line' id='line_1_86' title="bbox 1934 3779 3587 3862; baseline 0.008 -29"><span class='ocrx_word' id='word_1_578' title='bbox 1934 3779 2333 3851; x_wconf 89' lang='lat' dir='ltr'><strong>posuimus,et</strong></span> <span class='ocrx_word' id='word_1_579' title='bbox 2364 3798 2468 3853; x_wconf 93' lang='lat' dir='ltr'><strong>pro</strong></span> <span class='ocrx_word' id='word_1_580' title='bbox 2498 3786 2583 3838; x_wconf 89' lang='lat' dir='ltr'><strong>tot</strong></span> <span class='ocrx_word' id='word_1_581' title='bbox 2612 3784 3188 3855; x_wconf 61' lang='lat' dir='ltr'><strong>pravaricationibus</strong></span> <span class='ocrx_word' id='word_1_582' title='bbox 3218 3794 3275 3845; x_wconf 90' lang='lat' dir='ltr'><strong>et</strong></span> <span class='ocrx_word' id='word_1_583' title='bbox 3304 3806 3587 3862; x_wconf 72' lang='lat' dir='ltr'><strong>praesum-</strong></span> 
     </span>
    </p>
   </div>
   <div class='ocr_carea' id='block_1_86' title="bbox 1934 3867 3591 3949">
    <p class='ocr_par' dir='ltr' id='par_1_86' title="bbox 1934 3867 3591 3949">
     <span class='ocr_line' id='line_1_87' title="bbox 1934 3867 3591 3949; baseline 0.009 -28"><span class='ocrx_word' id='word_1_584' title='bbox 1934 3867 2235 3940; x_wconf 89' lang='lat' dir='ltr'><strong>ptionibus</strong></span> <span class='ocrx_word' id='word_1_585' title='bbox 2259 3869 2383 3924; x_wconf 90' lang='lat' dir='ltr'><strong>suis</strong></span> <span class='ocrx_word' id='word_1_586' title='bbox 2405 3887 2523 3925; x_wconf 90' lang='lat' dir='ltr'><strong>una</strong></span> <span class='ocrx_word' id='word_1_587' title='bbox 2545 3887 2679 3926; x_wconf 91' lang='lat' dir='ltr'><strong>cum</strong></span> <span class='ocrx_word' id='word_1_588' title='bbox 2704 3873 3026 3930; x_wconf 90' lang='lat' dir='ltr'><strong>multarum</strong></span> <span class='ocrx_word' id='word_1_589' title='bbox 3050 3876 3482 3949; x_wconf 86' lang='lat' dir='ltr'><strong>provinciarum</strong></span> <span class='ocrx_word' id='word_1_590' title='bbox 3502 3896 3591 3936; x_wconf 83' lang='lat' dir='ltr'><strong>oc-</strong></span> 
     </span>
    </p>
   </div>
   <div class='ocr_carea' id='block_1_87' title="bbox 1934 3956 3592 4031">
    <p class='ocr_par' dir='ltr' id='par_1_87' title="bbox 1934 3956 3592 4031">
     <span class='ocr_line' id='line_1_88' title="bbox 1934 3956 3592 4031; baseline 0.008 -19"><span class='ocrx_word' id='word_1_591' title='bbox 1934 3956 2312 4012; x_wconf 87' lang='lat' dir='ltr'><strong>cidentalium</strong></span> <span class='ocrx_word' id='word_1_592' title='bbox 2333 3958 2635 4031; x_wconf 88' lang='lat' dir='ltr'><strong>regionum</strong></span> <span class='ocrx_word' id='word_1_593' title='bbox 2656 3960 3179 4030; x_wconf 80' lang='lat' dir='ltr'><strong>antistitibus,eum</strong></span> <span class='ocrx_word' id='word_1_594' title='bbox 3200 3973 3592 4024; x_wconf 88' lang='lat' dir='ltr'><strong>consonanter</strong></span> 
     </span>
    </p>
   </div>
   <div class='ocr_carea' id='block_1_88' title="bbox 1935 4045 3592 4126">
    <p class='ocr_par' dir='ltr' id='par_1_88' title="bbox 1935 4045 3592 4126">
     <span class='ocr_line' id='line_1_89' title="bbox 1935 4045 3592 4126; baseline 0.008 -27"><span class='ocrx_word' id='word_1_595' title='bbox 1935 4045 2581 4103; x_wconf 84' lang='lat' dir='ltr'><strong>anathematizavimus.</strong></span> <span class='ocrx_word' id='word_1_596' title='bbox 2599 4048 2847 4106; x_wconf 90' lang='lat' dir='ltr'><strong>Proinde</strong></span> <span class='ocrx_word' id='word_1_597' title='bbox 2869 4052 3187 4123; x_wconf 83' lang='lat' dir='ltr'><strong>provideat,</strong></span> <span class='ocrx_word' id='word_1_598' title='bbox 3203 4058 3260 4110; x_wconf 91' lang='lat' dir='ltr'><strong>et</strong></span> <span class='ocrx_word' id='word_1_599' title='bbox 3289 4061 3592 4126; x_wconf 86' lang='lat' dir='ltr'><strong>precaveat</strong></span> 
     </span>
    </p>
   </div>
   <div class='ocr_carea' id='block_1_89' title="bbox 1934 4135 3590 4216">
    <p class='ocr_par' dir='ltr' id='par_1_89' title="bbox 1934 4135 3590 4216">
     <span class='ocr_line' id='line_1_90' title="bbox 1934 4135 3590 4216; baseline 0.008 -29"><span class='ocrx_word' id='word_1_600' title='bbox 1934 4135 2247 4206; x_wconf 87' lang='lat' dir='ltr'><strong>prudentia</strong></span> <span class='ocrx_word' id='word_1_601' title='bbox 2275 4138 2398 4201; x_wconf 86' lang='lat' dir='ltr'><strong>tua,</strong></span> <span class='ocrx_word' id='word_1_602' title='bbox 2422 4135 2788 4207; x_wconf 79' lang='lat' dir='ltr'><strong>charissima,</strong></span> <span class='ocrx_word' id='word_1_603' title='bbox 2813 4157 2884 4195; x_wconf 90' lang='lat' dir='ltr'><strong>ne</strong></span> <span class='ocrx_word' id='word_1_604' title='bbox 2911 4142 3307 4198; x_wconf 90' lang='lat' dir='ltr'><strong>communicet</strong></span> <span class='ocrx_word' id='word_1_605' title='bbox 3338 4145 3590 4216; x_wconf 87' lang='lat' dir='ltr'><strong>peccatis</strong></span> 
     </span>
    </p>
   </div>
   <div class='ocr_carea' id='block_1_90' title="bbox 1935 4222 3590 4297">
    <p class='ocr_par' dir='ltr' id='par_1_90' title="bbox 1935 4222 3590 4297">
     <span class='ocr_line' id='line_1_91' title="bbox 1935 4222 3590 4297; baseline 0.007 -19"><span class='ocrx_word' id='word_1_606' title='bbox 1935 4222 2161 4291; x_wconf 88' lang='lat' dir='ltr'><strong>alienis,</strong></span> <span class='ocrx_word' id='word_1_607' title='bbox 2177 4241 2242 4280; x_wconf 89' lang='lat' dir='ltr'><strong>ac</strong></span> <span class='ocrx_word' id='word_1_608' title='bbox 2265 4241 2367 4297; x_wconf 90' lang='lat' dir='ltr'><strong>per</strong></span> <span class='ocrx_word' id='word_1_609' title='bbox 2395 4225 2505 4280; x_wconf 91' lang='lat' dir='ltr'><strong>hoc</strong></span> <span class='ocrx_word' id='word_1_610' title='bbox 2525 4226 2766 4283; x_wconf 89' lang='lat' dir='ltr'><strong>alterius</strong></span> <span class='ocrx_word' id='word_1_611' title='bbox 2798 4229 3100 4286; x_wconf 89' lang='lat' dir='ltr'><strong>irretiatur</strong></span> <span class='ocrx_word' id='word_1_612' title='bbox 3120 4232 3367 4288; x_wconf 85' lang='lat' dir='ltr'><strong>nexibus</strong></span> <span class='ocrx_word' id='word_1_613' title='bbox 3386 4232 3590 4290; x_wconf 88' lang='lat' dir='ltr'><strong>vincu-</strong></span> 
     </span>
    </p>
   </div>
   <div class='ocr_carea' id='block_1_91' title="bbox 1935 4311 3591 4387">
    <p class='ocr_par' dir='ltr' id='par_1_91' title="bbox 1935 4311 3591 4387">
     <span class='ocr_line' id='line_1_92' title="bbox 1935 4311 3591 4387; baseline 0.007 -20"><span class='ocrx_word' id='word_1_614' title='bbox 1935 4311 2127 4368; x_wconf 89' lang='lat' dir='ltr'><strong>lorum</strong></span> <span class='ocrx_word' id='word_1_615' title='bbox 2148 4329 2160 4366; x_wconf 88' lang='lat'>:</span> <span class='ocrx_word' id='word_1_616' title='bbox 2184 4314 2325 4384; x_wconf 89' lang='lat' dir='ltr'><strong>quin</strong></span> <span class='ocrx_word' id='word_1_617' title='bbox 2341 4313 2537 4384; x_wconf 88' lang='lat' dir='ltr'><strong>potius</strong></span> <span class='ocrx_word' id='word_1_618' title='bbox 2559 4313 2608 4370; x_wconf 92' lang='lat' dir='ltr'><strong>si</strong></span> <span class='ocrx_word' id='word_1_619' title='bbox 2631 4319 2822 4387; x_wconf 88' lang='lat' dir='ltr'><strong>potest</strong></span> <span class='ocrx_word' id='word_1_620' title='bbox 2836 4316 3101 4374; x_wconf 84' lang='lat' dir='ltr'><strong>Ecclesiae</strong></span> <span class='ocrx_word' id='word_1_621' title='bbox 3118 4319 3220 4375; x_wconf 93' lang='lat' dir='ltr'><strong>Dei</strong></span> <span class='ocrx_word' id='word_1_622' title='bbox 3239 4321 3591 4379; x_wconf 86' lang='lat' dir='ltr'><strong>subveniens</strong></span> 
     </span>
    </p>
   </div>
   <div class='ocr_carea' id='block_1_92' title="bbox 1935 4399 3593 4480">
    <p class='ocr_par' dir='ltr' id='par_1_92' title="bbox 1935 4399 3593 4480">
     <span class='ocr_line' id='line_1_93' title="bbox 1935 4399 3593 4480; baseline 0.007 -24"><span class='ocrx_word' id='word_1_623' title='bbox 1935 4418 2041 4473; x_wconf 90' lang='lat' dir='ltr'><strong>pro</strong></span> <span class='ocrx_word' id='word_1_624' title='bbox 2073 4399 2403 4474; x_wconf 88' lang='lat' dir='ltr'><strong>repellendo</strong></span> <span class='ocrx_word' id='word_1_625' title='bbox 2435 4402 2658 4459; x_wconf 83' lang='lat' dir='ltr'><strong>mcecho</strong></span> <span class='ocrx_word' id='word_1_626' title='bbox 2702 4408 2759 4459; x_wconf 91' lang='lat' dir='ltr'><strong>et</strong></span> <span class='ocrx_word' id='word_1_627' title='bbox 2796 4407 3120 4462; x_wconf 89' lang='lat' dir='ltr'><strong>revocando</strong></span> <span class='ocrx_word' id='word_1_628' title='bbox 3158 4407 3419 4480; x_wconf 85' lang='lat' dir='ltr'><strong>legitimo</strong></span> <span class='ocrx_word' id='word_1_629' title='bbox 3450 4410 3593 4467; x_wconf 87' lang='lat' dir='ltr'><strong>dare</strong></span> 
     </span>
    </p>
   </div>
   <div class='ocr_carea' id='block_1_93' title="bbox 1936 4490 3592 4563">
    <p class='ocr_par' dir='ltr' id='par_1_93' title="bbox 1936 4490 3592 4563">
     <span class='ocr_line' id='line_1_94' title="bbox 1936 4490 3592 4563; baseline 0.008 -18"><span class='ocrx_word' id='word_1_630' title='bbox 1936 4506 2194 4563; x_wconf 90' lang='lat' dir='ltr'><strong>operam,</strong></span> <span class='ocrx_word' id='word_1_631' title='bbox 2218 4490 2401 4546; x_wconf 88' lang='lat' dir='ltr'><strong>bene:</strong></span> <span class='ocrx_word' id='word_1_632' title='bbox 2429 4490 2519 4546; x_wconf 91' lang='lat' dir='ltr'><strong>sin</strong></span> <span class='ocrx_word' id='word_1_633' title='bbox 2542 4496 2737 4549; x_wconf 90' lang='lat' dir='ltr'><strong>autem</strong></span> <span class='ocrx_word' id='word_1_634' title='bbox 2761 4493 2849 4549; x_wconf 92' lang='lat' dir='ltr'><strong>vel</strong></span> <span class='ocrx_word' id='word_1_635' title='bbox 2872 4495 3104 4557; x_wconf 85' lang='lat' dir='ltr'><strong>salvans</strong></span> <span class='ocrx_word' id='word_1_636' title='bbox 3127 4495 3309 4554; x_wconf 87' lang='lat' dir='ltr'><strong>salvet</strong></span> <span class='ocrx_word' id='word_1_637' title='bbox 3329 4499 3592 4557; x_wconf 88' lang='lat' dir='ltr'><strong>animam</strong></span> 
     </span>
    </p>
   </div>
   <div class='ocr_carea' id='block_1_94' title="bbox 1937 4580 3596 4656">
    <p class='ocr_par' dir='ltr' id='par_1_94' title="bbox 1937 4580 3596 4656">
     <span class='ocr_line' id='line_1_95' title="bbox 1937 4580 3596 4656; baseline 0.006 -21"><span class='ocrx_word' id='word_1_638' title='bbox 1937 4596 2128 4650; x_wconf 90' lang='lat' dir='ltr'><strong>suam,</strong></span> <span class='ocrx_word' id='word_1_639' title='bbox 2169 4582 2226 4635; x_wconf 91' lang='lat' dir='ltr'><strong>et</strong></span> <span class='ocrx_word' id='word_1_640' title='bbox 2274 4580 2598 4635; x_wconf 91' lang='lat' dir='ltr'><strong>secundum</strong></span> <span class='ocrx_word' id='word_1_641' title='bbox 2652 4580 2798 4637; x_wconf 93' lang='lat' dir='ltr'><strong>illud</strong></span> <span class='ocrx_word' id='word_1_642' title='bbox 2848 4583 3258 4656; x_wconf 90' lang='lat' dir='ltr'><strong>propheticum</strong></span> <span class='ocrx_word' id='word_1_643' title='bbox 3292 4603 3306 4642; x_wconf 85' lang='lat'><strong>:</strong></span> <span class='ocrx_word' id='word_1_644' title='bbox 3342 4588 3500 4644; x_wconf 73' lang='lat' dir='ltr'><strong>Exite</strong></span> <span class='ocrx_word' id='word_1_645' title='bbox 3528 4588 3596 4645; x_wconf 83' lang='lat' dir='ltr'><strong>de</strong></span> 
     </span>
    </p>
   </div>
   <div class='ocr_carea' id='block_1_95' title="bbox 242 4668 3589 4757">
    <p class='ocr_par' dir='ltr' id='par_1_95' title="bbox 242 4668 3589 4757">
     <span class='ocr_line' id='line_1_96' title="bbox 242 4668 3589 4757; baseline -0.001 -20"><span class='ocrx_word' id='word_1_646' title='bbox 242 4681 533 4743; x_wconf 77' lang='lat' dir='ltr'><strong>NICOLAUS</strong></span> <span class='ocrx_word' id='word_1_647' title='bbox 554 4677 1097 4752; x_wconf 90' lang='lat' dir='ltr'><strong>episcopus,servus</strong></span> <span class='ocrx_word' id='word_1_648' title='bbox 1119 4691 1419 4745; x_wconf 75' lang='lat' dir='ltr'><strong>servorum</strong></span> <span class='ocrx_word' id='word_1_649' title='bbox 1437 4673 1828 4748; x_wconf 86' lang='lat' dir='ltr'><strong>Dei,singulis</strong></span> <span class='ocrx_word' id='word_1_650' title='bbox 1864 4693 1911 4757; x_wconf 77' lang='grc' dir='ltr'><strong>Ι)</strong></span> <span class='ocrx_word' id='word_1_651' title='bbox 1938 4668 2116 4743; x_wconf 81' lang='lat' dir='ltr'><strong>medio</strong></span> <span class='ocrx_word' id='word_1_652' title='bbox 2163 4683 2370 4733; x_wconf 86' lang='lat' dir='ltr'><strong>eorum,</strong></span> <span class='ocrx_word' id='word_1_653' title='bbox 2420 4675 2471 4723; x_wconf 86' lang='lat' dir='ltr'><strong>et</strong></span> <span class='ocrx_word' id='word_1_654' title='bbox 2509 4669 2785 4739; x_wconf 87' lang='lat' dir='ltr'><strong>pollutum</strong></span> <span class='ocrx_word' id='word_1_655' title='bbox 2836 4672 3009 4728; x_wconf 87' lang='lat' dir='ltr'><strong>nolite</strong></span> <span class='ocrx_word' id='word_1_656' title='bbox 3055 4681 3276 4744; x_wconf 84' lang='lat' dir='ltr'><strong>tangere</strong></span> <span class='ocrx_word' id='word_1_657' title='bbox 3308 4676 3434 4748; x_wconf 79' lang='lat' dir='ltr'><strong>(Isa.</strong></span> <span class='ocrx_word' id='word_1_658' title='bbox 3468 4681 3589 4745; x_wconf 73' lang='grc' dir='ltr'><strong>ιιι).</strong></span> 
     </span>
    </p>
   </div>
   <div class='ocr_carea' id='block_1_96' title="bbox 169 4756 1831 4842">
    <p class='ocr_par' dir='ltr' id='par_1_96' title="bbox 169 4756 1831 4842">
     <span class='ocr_line' id='line_1_97' title="bbox 169 4756 1831 4842; baseline -0.003 -17"><span class='ocrx_word' id='word_1_659' title='bbox 169 4769 534 4842; x_wconf 86' lang='lat' dir='ltr'><strong>quibusdam</strong></span> <span class='ocrx_word' id='word_1_660' title='bbox 549 4761 1512 4835; x_wconf 85' lang='lat' dir='ltr'><strong>senatoribusConstantinopoleos</strong></span> <span class='ocrx_word' id='word_1_661' title='bbox 1526 4779 1560 4818; x_wconf 89' lang='lat' dir='ltr'><strong>a</strong></span> <span class='ocrx_word' id='word_1_662' title='bbox 1570 4756 1831 4835; x_wconf 89' lang='lat' dir='ltr'><strong>paribus.</strong></span> 
     </span>
    </p>
   </div>
   <div class='ocr_carea' id='block_1_97' title="bbox 246 4852 1835 4926">
    <p class='ocr_par' dir='ltr' id='par_1_97' title="bbox 246 4852 1835 4926">
     <span class='ocr_line' id='line_1_98' title="bbox 246 4852 1835 4926; baseline -0.004 -12"><span class='ocrx_word' id='word_1_663' title='bbox 246 4858 536 4914; x_wconf 90' lang='lat' dir='ltr'><strong>Fidelium</strong></span> <span class='ocrx_word' id='word_1_664' title='bbox 581 4855 883 4923; x_wconf 88' lang='lat' dir='ltr'><strong>relatione,</strong></span> <span class='ocrx_word' id='word_1_665' title='bbox 917 4852 1019 4926; x_wconf 90' lang='lat' dir='ltr'><strong>qui</strong></span> <span class='ocrx_word' id='word_1_666' title='bbox 1059 4852 1132 4908; x_wconf 92' lang='lat' dir='ltr'><strong>ad</strong></span> <span class='ocrx_word' id='word_1_667' title='bbox 1174 4855 1511 4906; x_wconf 90' lang='lat' dir='ltr'><strong>sanctorum</strong></span> <span class='ocrx_word' id='word_1_668' title='bbox 1543 4853 1835 4924; x_wconf 89' lang='lat' dir='ltr'><strong>apostolo-</strong></span> 
     </span>
    </p>
   </div>
   <div class='ocr_carea' id='block_1_98' title="bbox 169 4926 1836 5015">
    <p class='ocr_par' dir='ltr' id='par_1_98' title="bbox 169 4926 1836 5015">
     <span class='ocr_line' id='line_1_99' title="bbox 169 4926 1836 5015; baseline -0.004 -13"><span class='ocrx_word' id='word_1_669' title='bbox 169 4962 305 5002; x_wconf 90' lang='lat' dir='ltr'><strong>rum</strong></span> <span class='ocrx_word' id='word_1_670' title='bbox 333 4926 542 5001; x_wconf 83' lang='lat' dir='ltr'><strong>limina</strong></span> <span class='ocrx_word' id='word_1_671' title='bbox 562 4942 842 5001; x_wconf 84' lang='lat' dir='ltr'><strong>orationis</strong></span> <span class='ocrx_word' id='word_1_672' title='bbox 865 4940 1054 5015; x_wconf 87' lang='lat' dir='ltr'><strong>gratia</strong></span> <span class='ocrx_word' id='word_1_673' title='bbox 1072 4939 1334 5006; x_wconf 90' lang='lat' dir='ltr'><strong>veniunt,</strong></span> <span class='ocrx_word' id='word_1_674' title='bbox 1353 4938 1696 5011; x_wconf 86' lang='lat' dir='ltr'><strong>agnovimus</strong></span> <span class='ocrx_word' id='word_1_675' title='bbox 1718 4939 1836 5013; x_wconf 85' lang='lat' dir='ltr'><strong>glo-</strong></span> 
     </span>
    </p>
   </div>
   <div class='ocr_carea' id='block_1_99' title="bbox 170 5027 1836 5101">
    <p class='ocr_par' dir='ltr' id='par_1_99' title="bbox 170 5027 1836 5101">
     <span class='ocr_line' id='line_1_100' title="bbox 170 5027 1836 5101; baseline -0.004 -11"><span class='ocrx_word' id='word_1_676' title='bbox 170 5035 325 5090; x_wconf 87' lang='lat' dir='ltr'><strong>riam</strong></span> <span class='ocrx_word' id='word_1_677' title='bbox 350 5039 516 5091; x_wconf 89' lang='lat' dir='ltr'><strong>tuam</strong></span> <span class='ocrx_word' id='word_1_678' title='bbox 537 5034 600 5089; x_wconf 90' lang='lat' dir='ltr'><strong>in</strong></span> <span class='ocrx_word' id='word_1_679' title='bbox 623 5033 725 5089; x_wconf 91' lang='lat' dir='ltr'><strong>Dei</strong></span> <span class='ocrx_word' id='word_1_680' title='bbox 746 5048 875 5088; x_wconf 90' lang='lat' dir='ltr'><strong>esse</strong></span> <span class='ocrx_word' id='word_1_681' title='bbox 907 5030 1117 5086; x_wconf 87' lang='lat' dir='ltr'><strong>timore</strong></span> <span class='ocrx_word' id='word_1_682' title='bbox 1144 5027 1362 5101; x_wconf 89' lang='lat' dir='ltr'><strong>pariter</strong></span> <span class='ocrx_word' id='word_1_683' title='bbox 1383 5031 1439 5082; x_wconf 89' lang='lat' dir='ltr'><strong>et</strong></span> <span class='ocrx_word' id='word_1_684' title='bbox 1458 5044 1656 5084; x_wconf 90' lang='lat' dir='ltr'><strong>amore</strong></span> <span class='ocrx_word' id='word_1_685' title='bbox 1681 5045 1836 5084; x_wconf 89' lang='lat' dir='ltr'><strong>sem-</strong></span> 
     </span>
    </p>
   </div>
   <div class='ocr_carea' id='block_1_100' title="bbox 174 5117 1838 5197">
    <p class='ocr_par' dir='ltr' id='par_1_100' title="bbox 174 5117 1838 5197">
     <span class='ocr_line' id='line_1_101' title="bbox 174 5117 1838 5197; baseline -0.004 -17"><span class='ocrx_word' id='word_1_686' title='bbox 174 5141 281 5197; x_wconf 88' lang='lat' dir='ltr'><strong>per</strong></span> <span class='ocrx_word' id='word_1_687' title='bbox 309 5124 617 5191; x_wconf 87' lang='lat' dir='ltr'><strong>intentam,</strong></span> <span class='ocrx_word' id='word_1_688' title='bbox 643 5125 703 5177; x_wconf 89' lang='lat' dir='ltr'><strong>et</strong></span> <span class='ocrx_word' id='word_1_689' title='bbox 725 5120 788 5176; x_wconf 89' lang='lat' dir='ltr'><strong>in</strong></span> <span class='ocrx_word' id='word_1_690' title='bbox 813 5120 862 5192; x_wconf 91' lang='lat' dir='ltr'><strong>ej</strong></span> <span class='ocrx_word' id='word_1_691' title='bbox 875 5137 942 5176; x_wconf 93' lang='lat' dir='ltr'><strong>us</strong></span> <span class='ocrx_word' id='word_1_692' title='bbox 982 5117 1271 5175; x_wconf 88' lang='lat' dir='ltr'><strong>famulatu</strong></span> <span class='ocrx_word' id='word_1_693' title='bbox 1304 5132 1561 5181; x_wconf 87' lang='lat' dir='ltr'><strong>summa,</strong></span> <span class='ocrx_word' id='word_1_694' title='bbox 1589 5117 1838 5189; x_wconf 90' lang='lat' dir='ltr'><strong>jugique</strong></span> 
     </span>
    </p>
   </div>
   <div class='ocr_carea' id='block_1_101' title="bbox 177 5204 1835 5282">
    <p class='ocr_par' dir='ltr' id='par_1_101' title="bbox 177 5204 1835 5282">
     <span class='ocr_line' id='line_1_102' title="bbox 177 5204 1835 5282; baseline -0.003 -15"><span class='ocrx_word' id='word_1_695' title='bbox 177 5213 484 5268; x_wconf 86' lang='lat' dir='ltr'><strong>devotione</strong></span> <span class='ocrx_word' id='word_1_696' title='bbox 498 5208 1200 5282; x_wconf 87' lang='lat' dir='ltr'><strong>sollicitam.Quapropter</strong></span> <span class='ocrx_word' id='word_1_697' title='bbox 1217 5207 1329 5262; x_wconf 93' lang='lat' dir='ltr'><strong>Deo</strong></span> <span class='ocrx_word' id='word_1_698' title='bbox 1345 5204 1562 5278; x_wconf 87' lang='lat' dir='ltr'><strong>gratias</strong></span> <span class='ocrx_word' id='word_1_699' title='bbox 1582 5205 1835 5277; x_wconf 88' lang='lat' dir='ltr'><strong>agimus:</strong></span> 
     </span>
    </p>
   </div>
   <div class='ocr_carea' id='block_1_102' title="bbox 178 5282 1835 5371">
    <p class='ocr_par' dir='ltr' id='par_1_102' title="bbox 178 5282 1835 5371">
     <span class='ocr_line' id='line_1_103' title="bbox 178 5282 1835 5371; baseline -0.005 -14"><span class='ocrx_word' id='word_1_700' title='bbox 178 5305 237 5357; x_wconf 90' lang='lat' dir='ltr'><strong>et</strong></span> <span class='ocrx_word' id='word_1_701' title='bbox 256 5305 323 5356; x_wconf 89' lang='lat' dir='ltr'><strong>ut</strong></span> <span class='ocrx_word' id='word_1_702' title='bbox 344 5301 497 5357; x_wconf 90' lang='lat' dir='ltr'><strong>bono</strong></span> <span class='ocrx_word' id='word_1_703' title='bbox 528 5282 723 5356; x_wconf 86' lang='lat' dir='ltr'><strong>studio</strong></span> <span class='ocrx_word' id='word_1_704' title='bbox 747 5297 904 5371; x_wconf 89' lang='lat' dir='ltr'><strong>quod</strong></span> <span class='ocrx_word' id='word_1_705' title='bbox 926 5295 1174 5369; x_wconf 84' lang='lat' dir='ltr'><strong>coepisti,</strong></span> <span class='ocrx_word' id='word_1_706' title='bbox 1197 5292 1688 5368; x_wconf 87' lang='lat' dir='ltr'><strong>perseverantiam</strong></span> <span class='ocrx_word' id='word_1_707' title='bbox 1718 5295 1835 5363; x_wconf 91' lang='lat' dir='ltr'><strong>det,</strong></span> 
     </span>
    </p>
   </div>
   <div class='ocr_carea' id='block_1_103' title="bbox 179 5382 1837 5462">
    <p class='ocr_par' dir='ltr' id='par_1_103' title="bbox 179 5382 1837 5462">
     <span class='ocr_line' id='line_1_104' title="bbox 179 5382 1837 5462; baseline -0.005 -15"><span class='ocrx_word' id='word_1_708' title='bbox 179 5394 359 5462; x_wconf 90' lang='lat' dir='ltr'><strong>atque</strong></span> <span class='ocrx_word' id='word_1_709' title='bbox 379 5389 441 5444; x_wconf 90' lang='lat' dir='ltr'><strong>in</strong></span> <span class='ocrx_word' id='word_1_710' title='bbox 465 5390 660 5445; x_wconf 87' lang='lat' dir='ltr'><strong>futuro</strong></span> <span class='ocrx_word' id='word_1_711' title='bbox 684 5386 922 5459; x_wconf 90' lang='lat' dir='ltr'><strong>dignam</strong></span> <span class='ocrx_word' id='word_1_712' title='bbox 943 5384 1409 5441; x_wconf 89' lang='lat' dir='ltr'><strong>vicissitudinem</strong></span> <span class='ocrx_word' id='word_1_713' title='bbox 1440 5382 1684 5455; x_wconf 90' lang='lat' dir='ltr'><strong>tribuat,</strong></span> <span class='ocrx_word' id='word_1_714' title='bbox 1709 5385 1837 5455; x_wconf 89' lang='lat' dir='ltr'><strong>ejus</strong></span> 
     </span>
    </p>
   </div>
   <div class='ocr_carea' id='block_1_104' title="bbox 179 5470 1838 5548">
    <p class='ocr_par' dir='ltr' id='par_1_104' title="bbox 179 5470 1838 5548">
     <span class='ocr_line' id='line_1_105' title="bbox 179 5470 1838 5548; baseline -0.005 -11"><span class='ocrx_word' id='word_1_715' title='bbox 179 5476 649 5541; x_wconf 87' lang='lat' dir='ltr'><strong>misericordiam</strong></span> <span class='ocrx_word' id='word_1_716' title='bbox 671 5470 1017 5548; x_wconf 88' lang='lat' dir='ltr'><strong>suppliciter</strong></span> <span class='ocrx_word' id='word_1_717' title='bbox 1034 5490 1344 5531; x_wconf 83' lang='lat' dir='ltr'><strong>exoramus</strong></span> <span class='ocrx_word' id='word_1_718' title='bbox 1360 5489 1373 5528; x_wconf 92' lang='lat'>:</span> <span class='ocrx_word' id='word_1_719' title='bbox 1389 5472 1678 5545; x_wconf 69' lang='lat' dir='ltr'><strong>praecipue</strong></span> <span class='ocrx_word' id='word_1_720' title='bbox 1700 5489 1838 5545; x_wconf 83' lang='lat' dir='ltr'><strong>quo-</strong></span> 
     </span>
    </p>
   </div>
   <div class='ocr_carea' id='block_1_105' title="bbox 179 5560 1841 5634">
    <p class='ocr_par' dir='ltr' id='par_1_105' title="bbox 179 5560 1841 5634">
     <span class='ocr_line' id='line_1_106' title="bbox 179 5560 1841 5634; baseline -0.006 -8"><span class='ocrx_word' id='word_1_721' title='bbox 179 5568 346 5628; x_wconf 88' lang='lat' dir='ltr'><strong>niam</strong></span> <span class='ocrx_word' id='word_1_722' title='bbox 390 5565 602 5623; x_wconf 91' lang='lat' dir='ltr'><strong>diceris</strong></span> <span class='ocrx_word' id='word_1_723' title='bbox 652 5562 902 5621; x_wconf 76' lang='lat' dir='ltr'><strong>miserisa</strong></span> <span class='ocrx_word' id='word_1_724' title='bbox 934 5560 1710 5634; x_wconf 88' lang='lat' dir='ltr'><strong>Constantinopolitanorum</strong></span> <span class='ocrx_word' id='word_1_725' title='bbox 1742 5562 1841 5617; x_wconf 88' lang='lat' dir='ltr'><strong>Ec-</strong></span> 
     </span>
    </p>
   </div>
   <div class='ocr_carea' id='block_1_106' title="bbox 1946 4758 3591 4836">
    <p class='ocr_par' dir='ltr' id='par_1_106' title="bbox 1946 4758 3591 4836">
     <span class='ocr_line' id='line_1_107' title="bbox 1946 4758 3591 4836; baseline 0.007 -24"><span class='ocrx_word' id='word_1_726' title='bbox 1946 4758 2193 4829; x_wconf 87' lang='lat' dir='ltr'><strong>Legatos</strong></span> <span class='ocrx_word' id='word_1_727' title='bbox 2215 4760 2510 4828; x_wconf 68' lang='lat' dir='ltr'><strong>praeterea,</strong></span> <span class='ocrx_word' id='word_1_728' title='bbox 2535 4774 2684 4828; x_wconf 93' lang='lat' dir='ltr'><strong>quos</strong></span> <span class='ocrx_word' id='word_1_729' title='bbox 2706 4758 3273 4835; x_wconf 87' lang='lat' dir='ltr'><strong>Constantinopolim</strong></span> <span class='ocrx_word' id='word_1_730' title='bbox 3295 4765 3591 4836; x_wconf 87' lang='lat' dir='ltr'><strong>misimus,</strong></span> 
     </span>
    </p>
   </div>
   <div class='ocr_carea' id='block_1_107' title="bbox 1944 4844 3593 4923">
    <p class='ocr_par' dir='ltr' id='par_1_107' title="bbox 1944 4844 3593 4923">
     <span class='ocr_line' id='line_1_108' title="bbox 1944 4844 3593 4923; baseline 0.007 -26"><span class='ocrx_word' id='word_1_731' title='bbox 1944 4860 2048 4915; x_wconf 90' lang='lat' dir='ltr'><strong>pro</strong></span> <span class='ocrx_word' id='word_1_732' title='bbox 2080 4844 2209 4914; x_wconf 91' lang='lat' dir='ltr'><strong>ejus</strong></span> <span class='ocrx_word' id='word_1_733' title='bbox 2239 4858 2456 4911; x_wconf 86' lang='lat' dir='ltr'><strong>amore,</strong></span> <span class='ocrx_word' id='word_1_734' title='bbox 2481 4859 2514 4898; x_wconf 90' lang='lat' dir='ltr'><strong>a</strong></span> <span class='ocrx_word' id='word_1_735' title='bbox 2546 4845 2716 4915; x_wconf 86' lang='lat' dir='ltr'><strong>cujus</strong></span> <span class='ocrx_word' id='word_1_736' title='bbox 2759 4848 2896 4903; x_wconf 92' lang='lat' dir='ltr'><strong>sede</strong></span> <span class='ocrx_word' id='word_1_737' title='bbox 2926 4849 3168 4920; x_wconf 83' lang='lat' dir='ltr'><strong>profecti</strong></span> <span class='ocrx_word' id='word_1_738' title='bbox 3198 4856 3356 4919; x_wconf 90' lang='lat' dir='ltr'><strong>sunt,</strong></span> <span class='ocrx_word' id='word_1_739' title='bbox 3384 4851 3445 4908; x_wconf 91' lang='lat' dir='ltr'><strong>in</strong></span> <span class='ocrx_word' id='word_1_740' title='bbox 3477 4869 3593 4923; x_wconf 90' lang='lat' dir='ltr'><strong>quo</strong></span> 
     </span>
    </p>
   </div>
   <div class='ocr_carea' id='block_1_108' title="bbox 1945 4932 3596 5010">
    <p class='ocr_par' dir='ltr' id='par_1_108' title="bbox 1945 4932 3596 5010">
     <span class='ocr_line' id='line_1_109' title="bbox 1945 4932 3596 5010; baseline 0.005 -22"><span class='ocrx_word' id='word_1_741' title='bbox 1945 4950 2007 4988; x_wconf 89' lang='lat' dir='ltr'><strong>se</strong></span> <span class='ocrx_word' id='word_1_742' title='bbox 2029 4932 2253 4988; x_wconf 90' lang='lat' dir='ltr'><strong>occasio</strong></span> <span class='ocrx_word' id='word_1_743' title='bbox 2280 4932 2611 5004; x_wconf 80' lang='lat' dir='ltr'><strong>praebuerit,</strong></span> <span class='ocrx_word' id='word_1_744' title='bbox 2638 4933 2889 5008; x_wconf 86' lang='lat' dir='ltr'><strong>benigne</strong></span> <span class='ocrx_word' id='word_1_745' title='bbox 2912 4938 3192 5010; x_wconf 91' lang='lat' dir='ltr'><strong>subsequi</strong></span> <span class='ocrx_word' id='word_1_746' title='bbox 3214 4939 3468 4995; x_wconf 90' lang='lat' dir='ltr'><strong>charitas</strong></span> <span class='ocrx_word' id='word_1_747' title='bbox 3492 4945 3596 4996; x_wconf 87' lang='lat' dir='ltr'><strong>tua</strong></span> 
     </span>
    </p>
   </div>
   <div class='ocr_carea' id='block_1_109' title="bbox 1945 5019 3592 5100">
    <p class='ocr_par' dir='ltr' id='par_1_109' title="bbox 1945 5019 3592 5100">
     <span class='ocr_line' id='line_1_110' title="bbox 1945 5019 3592 5100; baseline 0.004 -23"><span class='ocrx_word' id='word_1_748' title='bbox 1945 5021 2295 5077; x_wconf 89' lang='lat' dir='ltr'><strong>contendat:</strong></span> <span class='ocrx_word' id='word_1_749' title='bbox 2324 5019 2593 5077; x_wconf 89' lang='lat' dir='ltr'><strong>videlicet</strong></span> <span class='ocrx_word' id='word_1_750' title='bbox 2628 5026 2693 5077; x_wconf 90' lang='lat' dir='ltr'><strong>ut</strong></span> <span class='ocrx_word' id='word_1_751' title='bbox 2739 5024 2989 5096; x_wconf 90' lang='lat' dir='ltr'><strong>propitio</strong></span> <span class='ocrx_word' id='word_1_752' title='bbox 3011 5025 3237 5083; x_wconf 89' lang='lat' dir='ltr'><strong>Christo</strong></span> <span class='ocrx_word' id='word_1_753' title='bbox 3276 5032 3333 5083; x_wconf 91' lang='lat' dir='ltr'><strong>et</strong></span> <span class='ocrx_word' id='word_1_754' title='bbox 3379 5027 3592 5100; x_wconf 86' lang='lat' dir='ltr'><strong>legatio</strong></span> 
     </span>
    </p>
   </div>
   <div class='ocr_carea' id='block_1_110' title="bbox 1946 5109 3596 5188">
    <p class='ocr_par' dir='ltr' id='par_1_110' title="bbox 1946 5109 3596 5188">
     <span class='ocr_line' id='line_1_111' title="bbox 1946 5109 3596 5188; baseline 0.005 -22"><span class='ocrx_word' id='word_1_755' title='bbox 1946 5127 2150 5166; x_wconf 89' lang='lat' dir='ltr'><strong>eorum</strong></span> <span class='ocrx_word' id='word_1_756' title='bbox 2172 5110 2375 5165; x_wconf 81' lang='lat' dir='ltr'><strong>efﬁcax</strong></span> <span class='ocrx_word' id='word_1_757' title='bbox 2399 5109 2704 5179; x_wconf 84' lang='lat' dir='ltr'><strong>habeatur,</strong></span> <span class='ocrx_word' id='word_1_758' title='bbox 2720 5115 2776 5167; x_wconf 87' lang='lat' dir='ltr'><strong>et</strong></span> <span class='ocrx_word' id='word_1_759' title='bbox 2796 5111 2908 5183; x_wconf 91' lang='lat' dir='ltr'><strong>ipsi</strong></span> <span class='ocrx_word' id='word_1_760' title='bbox 2931 5113 3056 5169; x_wconf 89' lang='lat' dir='ltr'><strong>sine</strong></span> <span class='ocrx_word' id='word_1_761' title='bbox 3077 5113 3311 5173; x_wconf 70' lang='lat' dir='ltr'><strong>laesione</strong></span> <span class='ocrx_word' id='word_1_762' title='bbox 3331 5115 3596 5188; x_wconf 88' lang='lat' dir='ltr'><strong>qualibet</strong></span> 
     </span>
    </p>
   </div>
   <div class='ocr_carea' id='block_1_111' title="bbox 1948 5196 2743 5255">
    <p class='ocr_par' dir='ltr' id='par_1_111' title="bbox 1948 5196 2743 5255">
     <span class='ocr_line' id='line_1_112' title="bbox 1948 5196 2743 5255; baseline -0.001 0"><span class='ocrx_word' id='word_1_763' title='bbox 1948 5200 2019 5255; x_wconf 90' lang='lat' dir='ltr'><strong>ad</strong></span> <span class='ocrx_word' id='word_1_764' title='bbox 2052 5216 2158 5255; x_wconf 92' lang='lat' dir='ltr'><strong>nos</strong></span> <span class='ocrx_word' id='word_1_765' title='bbox 2188 5202 2570 5254; x_wconf 88' lang='lat' dir='ltr'><strong>revertantur.</strong></span> <span class='ocrx_word' id='word_1_766' title='bbox 2730 5196 2743 5205; x_wconf 38' lang='grc' dir='ltr'>ί</span> 
     </span>
    </p>
   </div>
   <div class='ocr_carea' id='block_1_112' title="bbox 2018 5286 3591 5367">
    <p class='ocr_par' dir='ltr' id='par_1_112' title="bbox 2018 5286 3591 5367">
     <span class='ocr_line' id='line_1_113' title="bbox 2018 5286 3591 5367; baseline 0.006 -24"><span class='ocrx_word' id='word_1_767' title='bbox 2018 5289 2173 5344; x_wconf 91' lang='lat' dir='ltr'><strong>Deus</strong></span> <span class='ocrx_word' id='word_1_768' title='bbox 2202 5286 2574 5360; x_wconf 90' lang='lat' dir='ltr'><strong>omnipotens</strong></span> <span class='ocrx_word' id='word_1_769' title='bbox 2602 5291 2659 5343; x_wconf 91' lang='lat' dir='ltr'><strong>et</strong></span> <span class='ocrx_word' id='word_1_770' title='bbox 2688 5287 3175 5360; x_wconf 81' lang='lat' dir='ltr'><strong>pietatem,atque</strong></span> <span class='ocrx_word' id='word_1_771' title='bbox 3199 5293 3591 5367; x_wconf 89' lang='lat' dir='ltr'><strong>dilectionem,</strong></span> 
     </span>
    </p>
   </div>
   <div class='ocr_carea' id='block_1_113' title="bbox 1948 5376 3596 5457">
    <p class='ocr_par' dir='ltr' id='par_1_113' title="bbox 1948 5376 3596 5457">
     <span class='ocr_line' id='line_1_114' title="bbox 1948 5376 3596 5457; baseline 0.006 -25"><span class='ocrx_word' id='word_1_772' title='bbox 1948 5395 2127 5450; x_wconf 91' lang='lat' dir='ltr'><strong>quam</strong></span> <span class='ocrx_word' id='word_1_773' title='bbox 2148 5381 2204 5433; x_wconf 88' lang='lat' dir='ltr'><strong>te</strong></span> <span class='ocrx_word' id='word_1_774' title='bbox 2225 5378 2381 5433; x_wconf 89' lang='lat' dir='ltr'><strong>circa</strong></span> <span class='ocrx_word' id='word_1_775' title='bbox 2397 5379 2607 5432; x_wconf 76' lang='lat' dir='ltr'><strong>sanctae</strong></span> <span class='ocrx_word' id='word_1_776' title='bbox 2624 5376 2891 5434; x_wconf 66' lang='lat' dir='ltr'><strong>Ecclesiae</strong></span> <span class='ocrx_word' id='word_1_777' title='bbox 2909 5383 3127 5436; x_wconf 88' lang='lat' dir='ltr'><strong>statum</strong></span> <span class='ocrx_word' id='word_1_778' title='bbox 3147 5381 3302 5439; x_wconf 89' lang='lat' dir='ltr'><strong>fama</strong></span> <span class='ocrx_word' id='word_1_779' title='bbox 3319 5384 3596 5457; x_wconf 83' lang='lat' dir='ltr'><strong>frequens</strong></span> 
     </span>
    </p>
   </div>
   <div class='ocr_carea' id='block_1_114' title="bbox 1947 5464 3598 5545">
    <p class='ocr_par' dir='ltr' id='par_1_114' title="bbox 1947 5464 3598 5545">
     <span class='ocr_line' id='line_1_115' title="bbox 1947 5464 3598 5545; baseline 0.005 -23"><span class='ocrx_word' id='word_1_780' title='bbox 1947 5466 2162 5522; x_wconf 88' lang='lat' dir='ltr'><strong>habere</strong></span> <span class='ocrx_word' id='word_1_781' title='bbox 2191 5468 2461 5534; x_wconf 87' lang='lat' dir='ltr'><strong>testatur,</strong></span> <span class='ocrx_word' id='word_1_782' title='bbox 2491 5464 2550 5521; x_wconf 91' lang='lat' dir='ltr'><strong>in</strong></span> <span class='ocrx_word' id='word_1_783' title='bbox 2595 5467 2925 5536; x_wconf 66' lang='lat' dir='ltr'><strong>praecordiis</strong></span> <span class='ocrx_word' id='word_1_784' title='bbox 2954 5468 3074 5525; x_wconf 90' lang='lat' dir='ltr'><strong>tuis</strong></span> <span class='ocrx_word' id='word_1_785' title='bbox 3104 5486 3209 5542; x_wconf 91' lang='lat' dir='ltr'><strong>per</strong></span> <span class='ocrx_word' id='word_1_786' title='bbox 3238 5472 3514 5545; x_wconf 89' lang='lat' dir='ltr'><strong>amplius,</strong></span> <span class='ocrx_word' id='word_1_787' title='bbox 3540 5477 3598 5530; x_wconf 91' lang='lat' dir='ltr'><strong>et</strong></span> 
     </span>
    </p>
   </div>
   <div class='ocr_carea' id='block_1_115' title="bbox 1948 5555 3596 5636">
    <p class='ocr_par' dir='ltr' id='par_1_115' title="bbox 1948 5555 3596 5636">
     <span class='ocr_line' id='line_1_116' title="bbox 1948 5555 3596 5636; baseline 0.004 -24"><span class='ocrx_word' id='word_1_788' title='bbox 1948 5556 2264 5630; x_wconf 82' lang='lat' dir='ltr'><strong>perfectius</strong></span> <span class='ocrx_word' id='word_1_789' title='bbox 2292 5556 2540 5627; x_wconf 86' lang='lat' dir='ltr'><strong>augeat:</strong></span> <span class='ocrx_word' id='word_1_790' title='bbox 2564 5556 2621 5617; x_wconf 82' lang='lat' dir='ltr'><strong>et</strong></span> <span class='ocrx_word' id='word_1_791' title='bbox 2641 5556 2860 5627; x_wconf 84' lang='lat' dir='ltr'><strong>te,quae</strong></span> <span class='ocrx_word' id='word_1_792' title='bbox 2886 5555 3162 5628; x_wconf 88' lang='lat' dir='ltr'><strong>diximus,</strong></span> <span class='ocrx_word' id='word_1_793' title='bbox 3187 5559 3433 5618; x_wconf 88' lang='lat' dir='ltr'><strong>sollicite</strong></span> <span class='ocrx_word' id='word_1_794' title='bbox 3462 5579 3596 5636; x_wconf 91' lang='lat' dir='ltr'><strong>pro-</strong></span> 
     </span>
    </p>
   </div>
   <div class='ocr_carea' id='block_1_116' title="bbox 258 5734 1816 5823">
    <p class='ocr_par' dir='ltr' id='par_1_116' title="bbox 258 5740 1816 5823">
     <span class='ocr_line' id='line_1_117' title="bbox 258 5740 1816 5823; baseline -0.004 -18"><span class='ocrx_word' id='word_1_795' title='bbox 258 5748 335 5822; x_wconf 90' lang='lat' dir='ltr'><strong>(a)</strong></span> <span class='ocrx_word' id='word_1_796' title='bbox 365 5746 591 5823; x_wconf 79' lang='lat' dir='ltr'><strong>Citatur</strong></span> <span class='ocrx_word' id='word_1_797' title='bbox 620 5745 681 5804; x_wconf 87' lang='lat' dir='ltr'><strong>in</strong></span> <span class='ocrx_word' id='word_1_798' title='bbox 712 5741 957 5805; x_wconf 90' lang='lat' dir='ltr'><strong>concilio</strong></span> <span class='ocrx_word' id='word_1_799' title='bbox 985 5758 1111 5813; x_wconf 85' lang='lat' dir='ltr'><strong>vm,</strong></span> <span class='ocrx_word' id='word_1_800' title='bbox 1142 5740 1246 5800; x_wconf 86' lang='lat' dir='ltr'><strong>sed</strong></span> <span class='ocrx_word' id='word_1_801' title='bbox 1279 5741 1473 5801; x_wconf 72' lang='lat' dir='ltr'><strong>Graece</strong></span> <span class='ocrx_word' id='word_1_802' title='bbox 1505 5758 1620 5802; x_wconf 90' lang='lat' dir='ltr'><strong>non</strong></span> <span class='ocrx_word' id='word_1_803' title='bbox 1648 5744 1816 5800; x_wconf 55' lang='lat' dir='ltr'><strong>exsta‘</strong></span> 
     </span>
    </p>
   </div>
   <div class='ocr_carea' id='block_1_117' title="bbox 1931 5734 3436 5823">
    <p class='ocr_par' dir='ltr' id='par_1_117' title="bbox 1931 5734 3436 5820">
     <span class='ocr_line' id='line_1_118' title="bbox 1931 5734 3436 5820; baseline -0.002 -20"><span class='ocrx_word' id='word_1_804' title='bbox 1931 5737 2174 5814; x_wconf 71' lang='lat' dir='ltr'><strong>iscripta</strong></span> <span class='ocrx_word' id='word_1_805' title='bbox 2199 5734 2280 5795; x_wconf 83' lang='lat' dir='ltr'><strong>ibi</strong></span> <span class='ocrx_word' id='word_1_806' title='bbox 2311 5737 2523 5796; x_wconf 90' lang='lat' dir='ltr'><strong>dicitur</strong></span> <span class='ocrx_word' id='word_1_807' title='bbox 2553 5746 2670 5813; x_wconf 84' lang='grc' dir='ltr'>πρὸς</span> <span class='ocrx_word' id='word_1_808' title='bbox 2699 5743 2812 5805; x_wconf 83' lang='grc' dir='ltr'><strong>τούς</strong></span> <span class='ocrx_word' id='word_1_809' title='bbox 2843 5746 3213 5815; x_wconf 73' lang='grc' dir='ltr'><strong>συγκλητικθύς·</strong></span> <span class='ocrx_word' id='word_1_810' title='bbox 3245 5739 3436 5820; x_wconf 58' lang='grc' dir='ltr'><strong>ΗΑΒΙ),</strong></span> 
     </span>
    </p>
   </div>
   <div class='ocr_carea' id='block_1_118' title="bbox 3602 5740 3629 5759">
    <p class='ocr_par' dir='ltr' id='par_1_118' title="bbox 3602 5740 3629 5759">
     <span class='ocr_line' id='line_1_119' title="bbox 3602 5740 3629 5759; baseline 0 0"><span class='ocrx_word' id='word_1_811' title='bbox 3602 5740 3629 5759; x_wconf 64' lang='lat' dir='ltr'><strong>d-</strong></span> 
     </span>
    </p>
   </div>
  </div>
