4138 6460
624 438 769 499 1091

1993 422 2306 490 NICOLAI
2349 425 2578 489 PAP/E
2618 428 2667 488 Ι.

3903 422 4034 484 1092

621 573 961 643 sequentem
983 567 1081 623 hic
1103 566 1204 622 diu
1237 563 1538 639 praesentis
1562 561 1852 619 felicitatis
1882 577 2125 617 munere
2145 576 2275 633 per-
2301 560 2359 629 Α
2389 577 2589 633 persas
2620 564 2676 617 et
2706 560 3042 635 dissipatas,
3074 559 3160 618 vel
3201 558 3520 633 quominus
3550 540 4034 615 confirmat-emus

619 660 732 716 frui
766 658 956 724 faciat,
979 662 1037 713 et
1067 657 1278 712 futurae
1324 652 1703 709 beatitudinis
1735 651 1974 724 praemia
2005 650 2129 706 sine
2162 649 2278 705 fine

618 750 919 807 concedat.

1378 832 1515 888 CVI.

1024 944 1098 981 AD
1140 943 1175 987 U
1184 940 1423 980 NIVERSO
1433 940 1461 979 S
1499 937 1837 977 CATHOLICOS
1847 962 1857 973 .

1259 1014 1445 1083 (Anno
1480 1010 1628 1082 866.)

614 1110 742 1163 Acta
766 1109 840 1179 (ιι)
862 1108 1069 1175 lgnatii
1096 1113 1147 1160 et
1176 1104 1365 1179 Potitii
1390 1101 1741 1179 demonstrat,
1775 1107 1825 1179 et
1847 1097 2103 1179 ordinem
2133 1104 2270 1151 tem-

981 1192 1180 1249 porum
1208 1175 1565 1247 epistolarum
1585 1171 1896 1243 prescribit.

1124 1264 1312 1337 [Apud
1346 1260 1557 1328 Mansi,
1594 1259 1753 1330 ibid]

680 1378 968 1432 NICOLAUS
989 1373 1301 1446 cpiscopus
1319 1372 1530 1425 sancta:
1551 1364 1846 1421 catholicae
1864 1368 1920 1419 et
1937 1362 2267 1436 apostolicae

608 1468 884 1522 Romanae
932 1461 1220 1528 Ecclesiae,
1256 1459 1532 1515 omnibus
1563 1473 1707 1512 vera:
1758 1452 2060 1526 religionis
2092 1452 2266 1506 mini-

606 1556 765 1623 stris,
791 1571 857 1609 ac
888 1551 1175 1609 universis
1216 1545 1553 1604 orthodoxis
1586 1543 1719 1600 fidei
1761 1542 2106 1607 cultoribus,
2130 1559 2265 1596 san-

605 1643 890 1701 ctissimis
931 1640 1202 1697 videlicet
1231 1644 1290 1694 et
1335 1633 1840 1693 reverendissimis
1892 1630 2262 1704 patriarchis,

604 1731 1101 1804 metropolitis,§et
1131 1727 1375 1799 reliquis
1406 1724 1717 1797 episcopis,
1742 1726 1915 1793 atque
1938 1720 2167 1776 cunctis
2199 1720 2263 1773 f1-

604 1822 837 1879 delibus
869 1820 1222 1877 catholicam
1271 1817 1555 1871 duntaxat
1594 1829 1729 1868 cum
1763 1812 1896 1867 sede
1928 1809 2079 1865 beati
2112 1809 2262 1863 Petri

602 1913 883 1985 pietatem
934 1906 1318 1972 sectantibus,
1350 1919 1672 1975 sanamque
1721 1899 2045 1956 doctrinam
2098 1897 2265 1953 nobi-

600 2018 769 2059 scum
813 1997 1283 2063 defendentibus,
1308 2011 1412 2067 per
1450 1993 1647 2048 Asiam
1680 1990 1902 2047 scilicet
1930 1994 1986 2044 et
2018 1987 2259 2060 Libyam

600 2090 956 2147 constitutis.

671 2184 805 2247 Quae
854 2178 1010 2251 apud
1050 2170 1761 2245 Constantinopolitanam
1820 2168 2029 2223 urbem
2083 2164 2258 2239 paulo

598 2274 732 2327 ante
764 2273 931 2342 gesta
961 2265 1193 2333 sint,vel
1240 2264 1416 2320 etiam
1468 2277 1625 2316 nunc
1664 2262 1962 2332 gerantur,
1987 2254 2259 2311 sanctita-

594 2366 738 2427 tem,
760 2377 860 2414 seu
896 2356 1235 2429 religionem
1259 2358 1668 2418 vestram,non
1697 2348 1993 2403 credimus
2022 2344 2255 2417 ignora-

597 2467 688 2517 re;
714 2450 811 2504 sed
839 2446 1091 2519 qualiter
1112 2443 1232 2499 zelo
1255 2441 1421 2497 zelati
1456 2457 1558 2512 pro
1586 2440 1760 2493 domo
1784 2437 1880 2491 Dei
1907 2433 2253 2490 sollicitudi-

595 2556 731 2595 nem
779 2536 1045 2593 omnium
1092 2531 1485 2588 Ecelesiarum
1534 2527 1859 2584 secundum
1908 2522 2253 2597 Apostolum

595 2627 1074 2683 circumferentes
1103 2623 1178 2690 (II
1200 2623 1325 2676 Cor.
1346 2618 1451 2689 x1),
1483 2635 1590 2672 nos
1634 2617 1704 2670 de
1744 2615 1839 2669 his
1879 2614 2253 2685 disposuera-

596 2733 751 2780 mus,
777 2714 1028 2769 breviter
1047 2709 1316 2765 charitati
1340 2712 1543 2762 vestra:
1567 2705 1659 2760 his
1682 2702 1866 2758 nostri
1890 2700 2253 2774 apostolatus

595 2804 805 2860 litteris
862 2802 1226 2857 intimamus.
1271 2798 1341 2852 Et
1399 2813 1470 2850 ne
1528 2793 1697 2850 aliter
1753 2792 1989 2847 sincerae
2045 2796 2252 2846 vestrae

593 2893 777 2949 menti
811 2889 1045 2948 suaderi
1077 2892 1354 2952 tentetur,
1386 2883 1471 2940 vel
1505 2882 1674 2938 aliter
1706 2882 1859 2954 quod
1892 2879 2121 2953 egimus
2151 2897 2249 2934 vo-

592 2983 681 3039 bis
714 2984 1084 3055 suggeratur,
1116 2975 1302 3033 veraci
1338 2974 1616 3031 relatione
1647 2975 1703 3027 et
1734 2969 2123 3043 prmsentibus
2146 2986 2249 3025 vos

591 3072 801 3127 litteris
833 3072 1164 3126 edocemus.
1190 3067 1373 3139 Igitur
1402 3068 1714 3136 postquam
1742 3060 1982 3132 quidam
2016 3057 2248 3114 invidias

590 3160 816 3216 facibus
837 3158 1088 3225 accensi,
1114 3161 1172 3211 et
1202 3153 1487 3227 superbiae
1525 3155 1676 3208 fastu
1717 3155 2057 3222 arroganter
2086 3147 2242 3218 elati,

588 3267 751 3306 more
780 3250 1117 3306 Judzeorum
1151 3250 1354 3301 contra
1384 3248 1673 3316 pastorem
1708 3238 2008 3311 preprium
2044 3237 2245 3292 insur-

587 3342 943 3405 rexerunt,et
965 3334 1359 3409 patriarcham
1384 3327 2060 3402 suum(commiuistrum
2082 3326 2239 3381 vide-
2272 3308 2315 3373 (ἶ

586 3429 723 3485 licet
754 3432 1021 3483 nostrum
1053 3424 1349 3497 Ignatium
1382 3419 1770 3478 sanctissimzn
1802 3417 2051 3489 przefatae
2082 3414 2243 3470 urbis

586 3516 932 3588 antistitem)
965 3516 1035 3571 ab
1058 3513 1305 3570 ecclesia
1334 3511 1482 3584 ipsa,
1508 3509 1599 3564 cui
1623 3510 1759 3580 jure
1790 3506 2137 3588 prmsidebat
2165 3510 2245 3577 ty-

585 3607 825 3662 rannice
854 3605 1223 3677 projecerunt
1246 3618 1259 3657 :
1285 3618 1350 3656 ac
1375 3600 1645 3654 Photium
1670 3578 2075 3669 quemdam‘ex
2098 3596 2239 3664 foro,

586 3712 653 3751 ac
685 3694 946 3750 smculari
981 3691 1209 3758 militia,
1239 3695 1296 3745 et
1317 3690 1543 3755 habitu,
1564 3692 1736 3759 atque
1759 3704 1791 3741 a
1814 3684 2088 3757 palatinis
2112 3684 2244 3738 aedi-

586 3785 699 3839 bus
730 3784 1007 3838 eductum
1039 3798 1105 3836 ac
1155 3779 1349 3835 subito
1398 3782 1769 3833 tonsuratum
1803 3775 1991 3830 eidem
2042 3778 2245 3828 contra

586 3889 787 3929 sacros
826 3887 1079 3926 canones
1118 3867 1386 3925 Ecclesiae
1435 3869 1837 3940 praefecerunt.
1865 3865 2029 3919 Tunc
2070 3862 2245 3935 coepit

586 3961 933 4018 scandalum
966 3964 1023 4016 et
1053 3958 1310 4015 sehisma
1344 3958 1401 4012 in
1426 3959 1552 4028 jam
1585 3955 1740 4010 dicta
1769 3954 1932 4021 urbe,
1960 3958 2018 4009 et
2046 3953 2104 4007 in
2139 3953 2240 4008 ad-

577 4051 918 4125 jacentibus
967 4048 1079 4105 sibi
1124 4046 1480 4112 civitatibus,
1508 4062 1619 4100 non
1651 4043 1945 4099 modicum
1974 4042 2188 4098 oboriri
2225 4059 2238 4096 :

584 4140 717 4196 aliis
735 4139 971 4212 quidem
986 4136 1173 4194 Photii
1193 4135 1614 4209 promotionem
1632 4130 2242 4201 defendentibus,aliis

584 4235 782 4286 autem
803 4229 955 4285 hanc
969 4232 1250 4299 tanquam
1270 4224 1595 4281 inconvicto
1609 4228 1664 4279 et
1681 4223 1997 4294 superstite
2013 4222 2240 4293 lgnatio

584 4319 798 4375 factam
846 4316 1055 4373 merito
1104 4315 1555 4372 detestantibus.
1591 4314 1755 4369 Tunc
1803 4311 1947 4367 inito
1997 4310 2239 4367 consilio

584 4410 904 4481 imperator
934 4404 1202 4473 Michael,
1238 4403 1338 4477 qui
1368 4407 1425 4459 et
1462 4402 1587 4474 ipse
1618 4401 1818 4457 Bordaa
1853 4400 2083 4472 patricii
2113 4418 2240 4456 ver-

584 4498 756 4553 sutiis
788 4514 1003 4552 suasus
1036 4494 1222 4550 Photii
1267 4493 1415 4566 parti
1459 4492 1708 4556 favebat,
1732 4490 1805 4546 ad
1846 4489 2238 4561 apostolatum

584 4590 853 4641 nostrum
884 4584 1092 4657 legatis
1141 4600 1275 4638 cum
1324 4581 1589 4654 epistolis
1637 4579 1968 4647 destinatis,
1993 4596 2236 4635 accusa-

2387 650 2447 705 in
2472 652 2583 706 ﬁde
2608 656 2663 707 et
2685 651 2854 707 bonis
2872 651 3140 707 moribus
3161 650 3369 707 fratres
3391 653 3622 704 nostros
3643 653 3701 703 et
3727 644 4033 719 proximos.

2387 742 2455 796 Et
2481 742 2618 814 quia
2658 742 2809 796 inter
2855 745 3083 808 caetera,
3105 758 3232 813 quae
3272 740 3343 796 de
3374 738 3694 795 schismate
3715 738 3863 808 jam
3912 735 4036 789 facto

2386 829 3046 903 Constantinopolitana
3080 828 3370 897 Ecclesiae,
3395 828 3455 883 hi
3485 828 3586 900 qui
3615 825 3795 882 missi
3831 826 4037 880 fuerant

2380 921 2772 988 testabantur,
2802 920 3057 975 maxime
3088 919 3351 975 eamdem
3384 916 3707 973 Ecclesiam
3744 916 3828 970 ab
3862 915 4036 969 Iceno-

2384 1011 2611 1068 machis
2628 1010 2941 1067 redivivam
2962 1009 3394 1064 contentionem
3414 1006 3821 1064 excitantibus
3841 1020 4035 1060 assere-

2382 1102 2526 1157 bant
2552 1100 2767 1167 vexari,
2791 1098 3208 1171 Christumque
3237 1115 3341 1170 per
3370 1096 3603 1170 singula
3633 1093 4033 1151 conventicula

2380 1190 2777 1264 blasphemari
2797 1207 2809 1244 :
2825 1190 2973 1244 duos
2987 1187 3392 1260 episcoporum
3408 1186 3507 1259 qui
3522 1185 3852 1241 nobiscum
3868 1192 4031 1247 erant,

2381 1280 2599 1352 quique
2621 1280 2690 1334 ad
2715 1278 2825 1334 hoc
2844 1281 3074 1332 tantum
3109 1276 3439 1331 faciendum
3465 1292 3613 1348 opus
3640 1273 3852 1329 idonei
3887 1271 4031 1326 nobis

2378 1387 2506 1427 esse
2535 1368 2885 1424 videbantur
2913 1364 3302 1440 (Rodoaldum
3344 1363 3564 1420 scilicet
3587 1368 3646 1419 et
3672 1361 4031 1427 Zachariam)

2379 1476 2497 1515 una
2526 1475 2661 1514 cum
2692 1455 2969 1522 Ecclesia,
2994 1472 3121 1527 qua
3153 1454 3307 1526 apud
3351 1471 3454 1509 nos
3495 1458 3604 1520 est,
3641 1452 3813 1507 datis
3846 1451 4033 1506 litteris

2377 1545 2969 1619 Constantinopolim,
2992 1548 3226 1600 tantum
3260 1543 3539 1599 nimirum
3568 1540 3892 1614 piaculum
3923 1557 4030 1595 exe-

2377 1641 2630 1705 crantes,
2654 1654 2684 1692 e
2714 1635 2895 1691 latere
2927 1638 3126 1691 nostro
3154 1633 3513 1689 direximus:
3541 1631 3691 1687 nihil
3722 1631 3820 1687 eis
3864 1630 4037 1701 injun-

2375 1730 2601 1799 gentes,
2640 1726 2752 1781 nisi
2816 1729 2881 1779 ut
2936 1723 3345 1778 tantummodo
3405 1738 3615 1777 causas
3674 1721 3929 1795 lgnatii,
3954 1721 4033 1792 qui

2375 1820 2509 1873 ante
2540 1816 2610 1871 de
2639 1813 2896 1871 Ecclesia
2928 1811 3156 1884 pulsus,
3182 1829 3359 1884 quam
3392 1810 3465 1866 ab
3494 1809 3691 1882 aliquo
3730 1815 4032 1867 accusatus

2376 1906 2697 1973 exstiterat,
2723 1903 3033 1975 diligenter
3052 1901 3470 1974 investigarent
3494 1917 3507 1954 :
3533 1905 3588 1955 et
3610 1899 3746 1955 sedi
3771 1898 4032 1971 apostoli-

2376 2012 2453 2051 cae
2484 1994 2657 2067 plena
2688 1998 2744 2048 et
2771 1991 2959 2047 veraci
2993 1990 3270 2046 relatione
3320 1990 3619 2045 referrent.
3652 1989 3870 2045 Photii
3918 2007 4028 2044 vero

2368 2083 2868 2140 consecrationem
2918 2098 3032 2137 non
3074 2079 3267 2135 solum
3299 2078 3542 2135 minime
3598 2079 4036 2136 admittendam.

2367 2190 2496 2230 esse
2518 2172 3119 2240 decrevimus,verum
3158 2170 3335 2224 etiam
3367 2167 3512 2241 ipsis
3544 2168 3767 2242 legatis
3802 2168 4025 2231 nostris,

2367 2280 2439 2319 ne
2463 2279 2596 2317 cum
2621 2260 2739 2328 illo,
2765 2261 2878 2316 nisi
2907 2259 3075 2332 quasi
3098 2276 3230 2314 cum
3254 2257 3426 2326 laico,
3450 2275 3635 2330 usque
3658 2260 3737 2314 ad
3768 2259 4026 2314 notitiam

2366 2357 2627 2409 nostram
2652 2347 3533 2420 communicarentfrequenliac
3546 2347 4026 2419 omnimodajus-

2365 2442 2528 2498 sione
2550 2440 2956 2514 praecipimus:
2983 2437 3173 2494 solum
3198 2437 3421 2493 scilicet
3441 2438 3662 2493 eisdem
3686 2437 4026 2494 venerabili-

2366 2531 2475 2586 bus
2511 2529 2737 2585 Domini
2779 2527 2964 2584 nostri
3001 2528 3142 2583 Jesu
3177 2526 3413 2593 Christi,
3440 2528 3686 2599 ejusque
3727 2526 4023 2599 genitricis

2364 2637 2600 2692 semper
2618 2617 2862 2691 virginis
2885 2616 3101 2687 Mariae,
3126 2634 3192 2672 ac
3214 2622 3550 2673 sanctorum
3585 2616 3795 2688 ipsius
3829 2616 4021 2688 imagi-

2362 2709 2538 2765 nibus
2560 2707 2848 2781 quidquid
2863 2707 3107 2779 quaastio
3130 2706 3545 2777 atl'erret,juste
3563 2723 3630 2761 ac
3649 2706 3755 2778 pie
3780 2705 4020 2761 diffinire

2358 2799 2655 2854 licentiam
2688 2798 2913 2852 dantes.
2945 2797 3020 2851 At
3041 2795 3125 2850 illi
3147 2799 3373 2860 euntes,
3400 2796 3611 2868 spretis
3644 2797 3909 2851 monitis
3930 2812 4017 2849 no-

2359 2888 2520 2954 stris,
2549 2886 2901 2958 contemptis
2948 2883 3212 2957 epistolis
3243 2884 3352 2940 sibi
3386 2902 3418 2939 a
3451 2884 3618 2940 nobis
3664 2901 3883 2941 coram
3916 2890 4017 2940 tota

2356 2976 2614 3032 Ecclesia
2658 2980 2859 3031 nostra
2906 2974 3081 3040 datis,
3107 2974 3224 3029 imo
3258 2973 3582 3046 postposito
3629 2974 3863 3031 timore
3912 2974 4013 3035 Dei,

2356 3066 2529 3123 sicuti
2555 3069 2757 3138 postea
2775 3063 3007 3129 claruit,
3023 3063 3083 3118 in
3100 3063 3457 3119 contrarium
3474 3068 3790 3119 verterunt
3807 3064 4010 3125 omnia,

2355 3173 2483 3229 quae
2517 3155 2629 3212 sibi
2660 3156 2892 3210 fuerant
2924 3153 3229 3225 imperata.
3267 3153 3522 3224 Denique
3550 3157 3608 3209 et
3636 3169 3783 3208 cum
3825 3154 4013 3209 Photio

2354 3246 2638 3310 adultero,
2655 3260 2720 3299 ac
2742 3241 3007 3298 Ecclesiae
3032 3242 3316 3309 invasere,
3343 3247 3516 3313 atque
3532 3241 4009 3316 neophyto,quod

2355 3335 2468 3390 sibi
2503 3332 2910 3405 multipliciter
2933 3331 3294 3404 prohibitum
3324 3331 3531 3399 fuerat,
3554 3330 3612 3385 in
3638 3338 4013 3388 sacrosancta

2355 3421 2633 3497 mysteria
2657 3421 3257 3488 communicaverunt,
3282 3424 3339 3475 et
3368 3420 3660 3492 Ignatium
3692 3422 3899 3477 virum
3932 3438 4011 3477 se-

2353 3530 2509 3581 nem,
2526 3516 2584 3567 et
2605 3499 2896 3579 sanctum,
2914 3527 2978 3566 ac
3000 3527 3103 3583 per
3123 3510 3432 3565 duodecim
3457 3526 3643 3565 annos
3671 3509 4012 3567 innocenter

2354 3601 2671 3657 Ecclesiam
2696 3600 2795 3655 Dei
2825 3602 3212 3672 regentem,et
3242 3597 3548 3654 nobiscum
3591 3602 3651 3654 et
3680 3601 4007 3662 vobiscum,

2354 3698 2527 3764 atque
2550 3708 2685 3747 cum
2710 3689 3025 3745 universali
3051 3693 3106 3745 et
3127 3688 3448 3746 orthodoxa
3464 3687 3728 3745 Ecclesia
3753 3708 4005 3747 commu-

2352 3782 2671 3847 nicantem,
2691 3781 3024 3835 Graecorum
3057 3778 3291 3833 factioni
3325 3777 3856 3850 perniciosissimae
3887 3796 4004 3835 con-

2352 3871 2659 3927 cinnantes
2700 3870 3145 3938 damnaverunt,
3186 3871 3243 3923 et
3291 3866 3765 3925 sacerdotalibus
3817 3868 4003 3924 infulis

2351 3959 2739 4032 exspoliatum
2773 3959 2844 4013 ab
2872 3956 3140 4013 Ecclesiae
3171 3956 3455 4029 regimine
3499 3956 3692 4012 modis
3737 3958 4003 4014 omnibus

2351 4049 2717 4122 expulerunt.
2748 4050 2883 4113 Quae
2915 4050 3127 4103 sanctae
3154 4050 3359 4101 vestrae
3392 4045 3450 4100 in
3480 4044 3715 4102 Christo
3754 4046 4000 4103 fraterni-

2350 4138 2478 4208 tati,
2494 4142 2550 4193 et
2570 4138 2675 4210 pia:
2711 4133 3097 4209 generalitati,
3113 4134 3253 4207 quia
3276 4137 3479 4190 contra
3503 4138 3777 4192 nostram
3805 4136 3999 4191 fuerint

2350 4233 2513 4301 gesta
2535 4226 2977 4298 dispositionem
2988 4225 3346 4295 jamdudum
3369 4223 3865 4296 significavimus.
3882 4225 3995 4281 Por-

2351 4334 2412 4372 ro
2444 4316 2665 4387 praefati
2698 4313 2865 4370 missi
2899 4311 3083 4368 nostri
3104 4313 3343 4368 tandem
3373 4312 3610 4382 reversi,
3634 4312 3723 4368 nil
3749 4314 3909 4370 aliud
3930 4329 3997 4367 re-

2350 4406 2712 4475 nuntiavere,
2737 4403 2851 4459 nisi
2874 4403 3207 4475 depositum
3231 4400 3522 4475 Ignatium
3553 4406 3611 4457 et
3639 4402 3921 4460 Photium
3948 4402 3993 4457 in

2349 4496 2486 4551 sede
2507 4491 3152 4565 ConstantinOpolitana
3182 4492 3503 4546 firmatum.
3531 4490 3664 4547 Post
3694 4492 3856 4550 duos
3882 4507 3994 4549 vero

2349 4585 2473 4640 dies
2504 4583 2732 4655 legatus
2765 4599 2798 4638 a
2829 4581 2999 4637 nobis
3037 4579 3379 4653 imperialis,
3404 4578 3640 4636 nomine
3682 4581 3828 4648 Leo,
3861 4600 3892 4637 a
3919 4597 3993 4636 se-

582 4675 773 4731 tiones
804 4674 1089 4745 quasdam
1135 4673 1413 4727 adversus
1472 4670 1765 4744 lgnatium
1818 4669 2237 4743 deferentibus,
2269 4677 2317 4742 Β
2349 4673 2525 4729 cretis
2584 4676 2917 4743 susceptus,
2938 4670 3053 4725 duo
3099 4669 3399 4725 volumina
3456 4668 3669 4725 obtulit
3705 4687 3720 4727 :
3760 4685 3990 4744 quorum

582 4762 750 4836 petiit
772 4767 835 4816 ut
858 4779 890 4816 a
912 4762 1049 4817 sedc
1070 4760 1387 4832 apostolica
1408 4760 1622 4815 missos
1639 4760 1934 4825 daremus,
1951 4759 2051 4830 qui
2073 4776 2238 4815 scan-

582 4851 717 4907 dala
737 4851 840 4906 illa
859 4851 1151 4915 sedarent,
1176 4854 1232 4903 et
1253 4848 1573 4904 schismata
1596 4848 1970 4921 dissiparent.
1991 4850 2115 4914 Quo
2138 4866 2237 4905 au-

582 4941 722 5008 dito,
757 4939 1037 5012 quoniam
1072 4936 1245 5009 (sicut
1274 4954 1308 4993 a
1347 4937 1462 4992 Deo
1518 4937 1802 5008 inspirata
1829 4942 2022 4993 vestra
2076 4938 2236 4992 novit

581 5027 913 5099 prudentia)
937 5029 1281 5082 cunctarum
1310 5024 1527 5080 Christi
1550 5025 1743 5080 ovium
1775 5042 1914 5079 cura
1945 5024 2232 5081 constrin-

582 5116 937 5187 gimur,cum
961 5115 1115 5170 vices
1136 5113 1324 5187 ipsius
1355 5113 1637 5185 gerimus,
1658 5114 1756 5184 qui
1780 5112 2115 5185 specialiter
2145 5112 2235 5169 di-

578 5202 799 5259 vinitus
837 5203 1084 5259 dicitur:
1111 5204 1278 5259 Pasce
1324 5218 1444 5259 oves
1487 5219 1637 5257 meas
1665 5202 1841 5271 (Joan.
1869 5201 2004 5273 xxx).
2030 5202 2098 5257 Et
2126 5202 2232 5259 ite-

582 5308 714 5347 rum
739 5309 751 5345 :
784 5294 878 5359 Tu,
899 5291 1112 5363 inquit,
1127 5292 1427 5364 aliquando
1446 5308 1541 5347 con
1552 5307 1733 5347 versus
1752 5292 2016 5361 conﬁrma
2034 5293 2234 5362 fratres

581 5389 701 5437 tuos
723 5381 878 5453 (Luc.
901 5382 1039 5451 χχιι)
1066 5398 1079 5436 :
1105 5398 1221 5436 non
1245 5381 1548 5453 potuimus
1580 5378 1973 5450 dissimulare,
1998 5397 2114 5436 non
2137 5397 2234 5452 po-

582 5471 807 5526 tuimus
839 5470 1481 5543 negligere,quominus
1520 5470 1897 5525 visitaremus
1926 5487 2079 5537 oves,
2115 5469 2232 5527 dis-

653 5579 750 5649 (a)
803 5579 929 5632 llaec
995 5575 1241 5648 epistola
1301 5576 1539 5633 insertis
1597 5576 1925 5632 litterarum
1984 5576 2232 5632 aliarum

581 5649 862 5731 exemplis
904 5649 1199 5731 disjuncta
1253 5652 1342 5731 est
1399 5649 1457 5703 in
1520 5653 1917 5731 tresnpartoﬁ;
1982 5664 2231 5718 quarum

576 5720 767 5791 prima
784 5720 912 5791 haec
943 5726 1032 5776 est
1069 5720 1130 5791 in
1172 5720 1376 5775 ordine
1398 5725 1606 5791 nostro
1638 5720 1755 5774 CVI
1785 5720 1968 5791 edita;
1998 5720 2235 5776 secunda

623 5790 1019 5875 unanltl‘ichaeli
1049 5790 1767 5875 .imperatori‘perperam
1795 5790 2080 5875 inscripta
2122 5796 2231 5861 est,

631 5809 709 5846 ιιω
758 5809 1019 5875 Mlcqaell
1049 5809 1410 5875 .lmpBI‘RLOI‘l
1454 5809 1762 5873 perperam
1795 5809 1972 5847 lnSCI‘l
2021 5809 2080 5849 ιο.
2122 5809 2231 5861 θεῖ,

631 5861 775 5921 LVII
803 5860 1017 5942 legitur
1046 5878 1108 5923 tu
1139 5866 1341 5923 nostra
1376 5862 1628 5926 editione
1659 5866 1715 5924 et
1751 5862 1959 5943 incipit
1978 5809 2079 5926 Eis
2106 5883 2233 5928 ver-

2349 4779 2533 4818 unum
2558 4759 2941 4833 depositionis
2964 4757 3172 4831 lgnatii
3195 4763 3361 4831 gesta
3379 4757 3739 4828 continebat,
3756 4760 3989 4817 alterum

2348 4857 2545 4908 autem
2578 4851 2647 4906 de
2678 4848 2897 4906 sanctis
2927 4847 3183 4904 habebat
3215 4847 3574 4920 imaginibus
3606 4852 3765 4904 acta.
3796 4847 3988 4906 Detulit

2346 4946 2622 5014 praeterea
2654 4940 2807 4994 idem
2841 4939 2953 4993 Leo
2980 4936 3315 5008 imperiales
3345 4935 3566 4993 litteras
3597 4937 3981 5010 deprecantes.

2346 5035 2636 5103 quatenus
2669 5033 2725 5084 et
2754 5028 2814 5082 in
2847 5025 3208 5099 depositione
3238 5026 3466 5098 lgnatii,
3514 5032 3569 5082 et
3601 5026 3660 5082 in
3694 5030 3983 5085 conﬁrma-

2343 5120 2502 5174 tione
2531 5116 2744 5183 Photii,
2773 5132 3127 5173 consensum
3159 5114 3550 5187 praeberemus
3579 5119 3637 5171 et
3665 5117 3980 5175 subscribe-

2343 5224 2563 5263 remus.
2594 5208 2668 5261 At
2700 5222 2806 5260 nos
2851 5203 3050 5260 divina
3104 5204 3348 5259 docente
3397 5203 3603 5277 gratia,
3637 5205 3791 5262 dum
3848 5206 3978 5262 idem

2344 5297 2577 5351 adesset
2622 5296 2873 5367 legatus,
2896 5297 3211 5349 convocata
3259 5296 3381 5349 tota
3409 5310 3536 5366 qua
3583 5295 3747 5366 apud
3782 5313 3885 5352 nos
3909 5295 3978 5349 est

2343 5384 2618 5452 Ecclesia,
2654 5382 3019 5438 decrevimus
3064 5386 3121 5438 et
3149 5382 3487 5451 statuimus,
3523 5386 3699 5456 atque
3756 5382 3973 5459 professi

2344 5492 2553 5531 sumus
2585 5489 2780 5529 coram
2814 5473 2962 5545 ipso,
2986 5475 3043 5528 et
3081 5488 3276 5527 coram
3319 5471 3573 5529 Ecclesia
3610 5472 3743 5542 Dei,
3769 5476 3911 5532 sicut
3933 5474 3974 5525 et

2343 5581 2434 5636 bis
2469 5599 2481 5636 :
2516 5583 2610 5636 llis
2642 5583 2719 5635 ita
2745 5597 2802 5635 se
2831 5579 3184 5647 habentibus;
3223 5580 3381 5635 tertia
3410 5579 3708 5635 invenitur
3749 5583 3858 5639 sub
3885 5582 3972 5635 fine

2346 5653 2632 5734 ιτδχξνιι
2691 5652 2762 5706 ad
2809 5651 2945 5734 haec
2990 5652 3206 5734 verba:
3245 5652 3364 5734 haec
3422 5651 3887 5734 quidemhusque
3919 5649 3970 5730 ad

2344 5723 2464 5798 illa,
2495 5727 2614 5798 [0133
2638 5722 3033 5798 prxpidimys;
3055 5722 3200 5798 Quae
3229 5725 3396 5798 sunt,
3417 5720 3649 5798 ultima_
3670 5720 3857 5798 hujus
3883 5720 3970 5794 epi~

2340 5793 2539 5931 22:113.;
2562 5793 2718 5853 Eoi'r.
2751 5794 2887 5853 Post
2914 5793 3063 5854 Jaﬂ‘e
3088 5794 3149 5853 in
3178 5794 3420 5871 Regem:
3447 5793 3790 5880 Pontiﬁcum
3812 5793 3970 5861 RW'
