4138 6472
558 415 718 477 1095

1774 450 1787 465 .
1884 501 1897 514 .
1935 402 2246 469 meoin
2289 400 2522 470 eam
2563 400 2614 471 1.
2686 350 2693 353 ’

3839 396 4009 467 1096

557 544 857 619 Apostolo,
879 559 1054 600 omne
1083 539 1475 616 quodcunque
1494 539 1807 598 fecerimus
1832 540 1893 595 in
1908 540 2089 596 verbo
2111 543 2215 597 aut
2240 536 2297 607 Α
2328 538 2463 596 licet
2493 539 2722 597 concilii
2756 540 2869 612 sui,
2903 539 3062 598 sedis
3093 536 3421 614 apostolica:
3452 538 3662 596 visioni
3686 538 4011 595 subtraxe-

560 637 619 692 in
638 632 1037 707 opere,omnia
1056 632 1117 687 in
1141 631 1377 687 nomine
1390 629 1621 686 Domini
1637 630 1669 685 J
1675 646 1778 685 esu
1803 629 2067 684 facienda
2082 645 2223 701 prae-

560 724 811 796 cipiente
835 723 976 790 (Col.
1002 722 1111 792 In),
1136 720 1286 775 ritus
1318 718 1753 775 ecclesiasticus
1784 718 1845 772 in
1874 708 2220 789 colligendis

560 811 829 870 conciliis
861 810 921 866 id
947 810 1296 877 observet,et
1322 807 1383 863 in
1414 807 1525 863 hoc
1554 805 2061 872 duntaxat,abdito
2084 823 2218 878 per-

560 903 831 959 mittente
862 899 1058 955 divino
1079 896 1507 971 judicio,fuerit
1528 896 1883 969 printermiss
1930 912 1987 950 m
2016 911 2029 949 :
2055 911 2221 950 cons—

560 998 650 1047 tat
674 989 874 1063 procul
907 988 1105 1054 dubio,
1140 1004 1257 1042 non
1290 1002 1389 1042 eos
1418 985 1479 1041 in
1511 985 1749 1042 nomine
1797 983 2029 1040 Domini
2080 1001 2219 1039 con-

563 1084 831 1154 gregatos
861 1076 1175 1144 exstitisse,
1210 1093 1276 1131 ac
1302 1093 1407 1149 per
1433 1075 1543 1131 hoc
1574 1092 1709 1131 eum
1743 1073 1986 1130 minime
2032 1072 2093 1128 in
2126 1073 2215 1128 sui

562 1169 755 1234 medio
776 1165 1185 1238 habuisse,qui
1207 1163 1322 1221 tale
1343 1164 1659 1221 concilium
1676 1164 1794 1219 imo
1815 1161 2219 1219 conventicula

559 1274 669 1313 sua
698 1258 769 1313 de
790 1274 892 1311 san
901 1254 1181 1328 guinibus
1203 1259 1408 1310 contra
1429 1253 1797 1326 psalmistam
1830 1267 2216 1324 congregave-

559 1350 696 1402 runt
715 1344 894 1415 (Psal.
918 1344 1134 1415 xm),et
1155 1344 1452 1416 quoddam
1479 1340 1696 1397 animal
1718 1340 1953 1407 imitati,
1978 1338 2216 1395 nonnisi

556 1434 861 1491 exstinctis
882 1433 1134 1506 propriis
1148 1431 1286 1488 flliis
1304 1447 1477 1504 posse
1499 1429 1819 1487 subsistere
1840 1431 2211 1501 putaverunt.

627 1524 761 1580 Jam
791 1540 947 1589 vero,
982 1520 1028 1576 si
1060 1521 1219 1577 idem
1249 1519 1566 1576 concilium
1598 1518 1672 1574 ab
1711 1516 2033 1590 apostolica
2079 1516 2216 1572 sede

558 1613 743 1668 fuisse
774 1610 1159 1684 praetenditur
1186 1610 1601 1681 approbatum,
1621 1606 2124 1679 quemadmodum
2156 1604 2214 1660 id

555 1705 791 1758 versuta
814 1700 988 1755 fuerit
1013 1698 1379 1753 cavillatione
1413 1698 1485 1752 ab
1508 1696 1829 1767 apostolica
1849 1696 1987 1751 sede
2017 1711 2215 1767 perce-

556 1795 747 1864 ptum,
782 1787 1130 1845 fraternitati
1160 1792 1363 1843 vestrae
1396 1787 1642 1841 breviter
1662 1785 2028 1841 intimamus.
2050 1783 2218 1839 Deni-

556 1896 674 1952 que
730 1879 909 1935 frater
952 1882 1009 1933 et
1058 1876 1439 1949 coepiscopus
1489 1879 1691 1931 noster
1741 1874 2112 1940 Hincmarus,
2145 1873 2215 1928 de

556 1966 898 2024 memoratis
944 1965 1191 2033 clericis,
1218 1965 1430 2021 Wlado
1487 1963 1710 2020 scilicet
1754 1967 1812 2019 et
1853 1961 2095 2035 collegis
2125 1961 2212 2034 ip-

553 2057 702 2124 sius,
733 2056 889 2128 quod
922 2055 1032 2111 sibi
1062 2054 1253 2111 visum
1286 2058 1394 2120 est,
1427 2056 1835 2109 consummato
1877 2068 2013 2107 mox
2060 2068 2213 2123 prae-

552 2145 771 2203 cessori
802 2161 931 2201 meo
954 2145 1134 2200 beatae
1160 2142 1578 2199 recordationis
1620 2142 1796 2197 Leoni
1829 2139 2063 2213 praesuli
2094 2156 2211 2196 non

552 2235 735 2292 semel
764 2233 1059 2307 supplices
1090 2232 1318 2288 litteras
1368 2232 1548 2299 misit,
1582 2236 1872 2303 quatenus
1896 2230 2048 2284 idem
2072 2245 2210 2284 con-

552 2325 752 2380 cilium
785 2324 1119 2396 approbans
1149 2321 1493 2377 auctoritate
1525 2320 1846 2393 apostolica
1889 2319 2206 2374 roboraret.

552 2414 714 2478 Quod
744 2412 840 2467 ille
874 2428 987 2467 non
1022 2411 1213 2466 solum
1248 2411 1491 2466 minime
1522 2409 1751 2475 annuit,
1785 2425 1987 2463 verum
2027 2406 2207 2461 etiam

553 2520 723 2575 agere
753 2501 1000 2557 sollicite
1030 2500 1239 2568 tenuit,
1275 2499 1476 2555 dicens
1528 2498 1742 2553 idcirco
1790 2514 1851 2553 se
1898 2496 2211 2568 petitiones

551 2593 681 2663 ejus
712 2606 811 2662 pro
841 2588 1249 2645 confirmanda
1279 2588 1524 2660 synodo,
1556 2587 1617 2641 in
1650 2602 1768 2658 qua
1789 2583 2038 2656 depositi
2068 2601 2211 2655 prae-

554 2680 654 2735 fati
686 2679 793 2733 viri
824 2679 1074 2744 fuerant,
1109 2677 1508 2748 suspendisse,
1541 2691 1608 2731 eo
1639 2674 1793 2746 quod
1826 2691 1928 2746 per
1979 2672 2209 2745 aliquos

552 2786 621 2825 ex
648 2769 744 2824 his
775 2766 1086 2840 episcOpis,
1120 2765 1219 2839 qui
1247 2766 1471 2839 synodo
1505 2765 1862 2829 resederant,
1886 2767 1951 2818 ut
1980 2762 2210 2818 dubita-

550 2857 631 2914 tio
664 2857 811 2913 foret
841 2856 1126 2912 radicitus
1158 2855 1379 2920 evulsa,
1413 2857 1634 2910 statuta
1682 2853 1974 2925 ejusdem'
2000 2851 2207 2925 synodi

550 2946 847 3003 destinare
878 2945 1180 3001 debuisset
1213 2961 1225 3000 :
1261 2943 1547 3017 praacipue
1579 2959 1712 2998 cum
1762 2941 1979 2997 ibidem
2031 2939 2207 3013 legati

548 3036 707 3093 sedis
756 3033 1088 3106 apostolicae
1134 3037 1449 3105 praesentes
1490 3049 1604 3088 non
1637 3032 1871 3087 fuerint.
1902 3033 2206 3086 Postremo

548 3141 617 3181 eo
646 3124 803 3196 quod
835 3122 1080 3195 hi,quos
1110 3122 1206 3179 ille
1236 3122 1581 3178 auctoritate
1621 3120 1828 3194 synodi
1874 3119 2212 3176 afﬁrmabat

547 3214 868 3286 depositos,
907 3229 1009 3285 per
1037 3210 1303 3285 proprias
1333 3211 1559 3267 litteras
1589 3212 1788 3266 sedem
1822 3208 2204 3282 apostolicam

2328 630 2621 695 rat,ctiam
2654 647 2824 685 suam
2859 629 3169 686 audientiae
3191 630 3262 685 ab
3295 646 3360 685 eo
3391 628 3711 700 designata:
3743 642 4011 701 presen-

2328 718 2472 773 tiam
2502 718 3137 791 subducens,probavit
3167 718 3237 774 de
3269 735 3331 774 se
3351 716 3453 772 illa
3472 733 3599 789 qua
3625 717 3795 772 dicta
3820 720 4007 772 sunt:

2324 806 2594 863 videlicet
2623 808 2779 880 quod
2810 807 2927 864 tale
2957 807 3274 864 concilium
3308 804 3800 878 statuerit,quale
3833 821 4013 876 supe-

2328 895 2453 951 rius
2483 895 2732 951 strictim
2762 900 3154 953 monstratum
3178 900 3287 952 est.
3304 900 3531 951 Interea
3552 912 3619 952 eo
3640 894 3765 951 voti
3790 894 4011 949 effectu

2326 985 2627 1053 frustrato,
2660 984 2993 1057 apostolicae
3024 985 3183 1042 sedis
3213 984 3471 1057 pontifex
3493 985 3633 1052 Leo,
3657 984 3766 1057 qui
3799 982 4013 1038 fratris

2327 1072 2623 1129 Hincmari
2657 1074 3023 1148 propositum
3051 1078 3308 1143 noverat,
3346 1075 3418 1130 ab
3451 1073 3560 1129 hac
3592 1073 3730 1129 luce
3763 1072 4011 1129 subtra-

2324 1167 2455 1218 ctus
2484 1167 2592 1219 est.
2627 1163 2891 1236 Cumque
2920 1166 3135 1218 sancta:
3167 1163 3464 1218 memoriae
3494 1161 3893 1227 Benedictus,
3925 1161 4013 1215 vir

2325 1249 2700 1322 apostolicus,
2734 1252 2783 1307 ei
2818 1251 3203 1307 successisset
3231 1250 3292 1305 in
3331 1250 3536 1307 ordine
3582 1251 4009 1323 pontiﬁcatus,

2325 1354 2532 1395 rursus
2579 1339 2930 1395 reverendus
2977 1339 3327 1395 Hincmarus
3372 1356 3537 1394 arma
3583 1343 3925 1413 praeparat,
3957 1344 4011 1395 et

2323 1428 2513 1483 eidem
2546 1444 2779 1483 summo
2809 1427 3366 1507 praesuli,ta_nquam
3399 1446 3646 1485 suarum
3680 1429 4012 1502 inexperto

2322 1517 2988 1585 versutiarum,latentcr
3015 1517 3269 1591 subripit
3292 1523 3348 1575 et
3367 1518 3426 1573 in
3448 1517 3577 1591 ipso
3601 1520 4015 1575 consecratio-

2325 1605 2418 1662 nis
2443 1607 2571 1678 ejus
2604 1606 2890 1679 principio
2920 1608 3148 1674 suadet,
3182 1612 3249 1663 ut
3280 1607 3593 1663 concilium
3639 1609 3911 1680 quidem
3940 1610 4010 1664 ad

2322 1698 2523 1751 votum
2557 1694 2734 1752 unius
2764 1695 3024 1752 hominis
3054 1701 3472 1770 congregatum
3522 1697 3801 1753 ﬁrmaret
3837 1715 3853 1752 :
3894 1715 4015 1753 non

2323 1788 2518 1841 tamen
2552 1785 2603 1840 ei
2637 1784 2754 1841 ullo
2786 1786 2960 1842 modo
2991 1786 3218 1859 subripi
3249 1791 3351 1842 aut
3382 1787 3617 1843 suaderi
3650 1788 3963 1860 potuit,ut
3985 1805 4018 1844 a

2316 1875 2492 1945 justzs
2535 1873 2906 1931 diffinitionis
2965 1880 3022 1932 et
3069 1875 3502 1933 discretissime
3560 1877 4014 1934 moderationis

2325 1963 2559 2020 tramite
2580 1963 2666 2019 vel
2700 1963 3133 2037 aliquantulum
3165 1963 3485 2021 declinaret
3517 1970 4013 2039 :verumtamen,

2323 2051 2476 2107 sicut
2502 2052 2695 2108 videre
2729 2058 2838 2119 est,
2870 2057 2927 2109 et
2958 2054 3068 2125 ipsi
3095 2053 3223 2124 jam
3256 2054 3499 2110 forsitan
3533 2056 3905 2128 agnovistis,
3934 2056 4015 2112 ita

2322 2157 2425 2213 per
2455 2142 2749 2213 quoddam
2784 2142 2833 2198 ei
2867 2141 3235 2216 privilegium
3266 2159 3610 2201 concessum
3642 2144 3825 2203 illius
3874 2164 4013 2203 con-

2319 2230 2439 2285 cilii
2468 2231 3149 2305 roboravitinstitutum,
3182 2236 3247 2287 ut
3271 2233 3641 2290 auctoritatis
3683 2252 4009 2292 summam

2320 2319 2444 2374 sedi
2474 2319 2803 2393 apostolica
2836 2325 3175 2390 reservaret,
3204 2326 3262 2377 et
3291 2327 3357 2377 ut
3383 2322 3547 2378 vobis
3584 2323 3720 2393 jam
3756 2326 4012 2397 scripsi-

2320 2425 2473 2477 mus,
2509 2409 2591 2464 ita
2613 2409 2819 2465 tribuit
2847 2409 3128 2466 honorem
3163 2410 3348 2482 alteri,
3383 2417 3449 2467 ut
3497 2413 3609 2467 sibi
3661 2415 3841 2485 quod
3902 2416 4007 2471 tri-

2319 2497 2537 2553 buebat
2564 2515 2679 2553 non
2712 2499 2990 2555 demeret.
3012 2499 3176 2556 Unde
3206 2505 3401 2556 actum
3435 2506 3613 2569 est,ut
3639 2504 3816 2575 quod
3846 2505 4004 2561 male

2316 2585 2564 2657 petitum
2596 2587 2804 2654 fuerat,
2837 2587 3081 2659 Spiritu,
3116 2588 3361 2646 docente
3390 2590 3513 2656 Dei,
3544 2591 3697 2647 bene
3745 2594 4005 2665 sapiens

2316 2674 2530 2746 praesul
2561 2678 2920 2746 concederet,
2955 2683 3011 2733 et
3040 2677 3186 2733 nihil
3218 2680 3521 2750 proficeret
3562 2680 3853 2737 humana
3905 2701 4005 2739 su-

2319 2764 2565 2837 breptio,
2599 2766 2699 2822 u-bi
2734 2771 2937 2838 pectus
2968 2767 3114 2822 tanti
3146 2767 3439 2840 pontificis
3470 2770 3670 2825 divina
3725 2772 4009 2844 replebat

2317 2853 2535 2909 inlusio
2562 2871 2575 2909 :
2601 2870 2707 2909 nec
2740 2856 2971 2912 obesset
3000 2856 3312 2925 cuiusdam
3344 2856 3671 2923 suasio,ubi
3698 2859 4009 2916 antistitis

2316 2943 2505 2999 sancti
2535 2944 2793 3015 prudens
2822 2943 3074 3000 obviavit
3097 2949 3156 3000 et
3186 2944 3707 3017 providentissima
3725 2950 4011 3005 modera-

2315 3032 2396 3087 tio
2432 3050 2444 3087 :
2481 3033 2622 3088 dum
2680 3033 2741 3088 in
2799 3033 2925 3106 ipso
2975 3033 3277 3107 privilegio
3306 3038 3567 3091 tenorem
3601 3038 4006 3109 praemiserit,

2316 3123 2472 3194 quod
2506 3123 2591 3178 sic
2621 3123 2918 3179 decretum
2945 3128 3034 3179 est
3064 3124 3136 3179 ab
3168 3140 3235 3180 eo
3290 3125 3584 3182 manenda
3628 3125 4010 3186 inconvulsa

2316 3228 2443 3284 quae
2476 3212 2901 3285 petebantur,si
2934 3213 3016 3268 ita
3041 3218 3241 3269 essent
3271 3230 3374 3285 per
3394 3215 3609 3281 omnia,
3629 3232 3769 3287 quae
3794 3218 3881 3274 de
3908 3219 4009 3274 illa

452 3308 453 3313 “
547 3302 988 3376 appellaverint,
1022 3306 1079 3356 et
1126 3301 1339 3357 vellent
1386 3317 1495 3356 sua
1543 3317 1604 3356 se
1650 3298 1970 3372 apostolica
2010 3297 2202 3354 audiri
2233 3289 2277 3356 C
2317 3302 2538 3373 synodo
2569 3301 2679 3357 sibi
2713 3319 2747 3357 a
2777 3302 2951 3358 fratre
2983 3307 3181 3359 nostro
3204 3303 3514 3359 Hincmaro
3546 3305 4004 3364 referebantur.

550 3391 881 3465 praesentia,
914 3396 970 3446 et
998 3395 1157 3457 tunc,
1192 3389 1241 3446 si
1273 3388 1595 3461 culpabiles
1631 3388 2053 3450 invenirentur,
2089 3404 2204 3443 non

550 3482 877 3537 abnuerent
904 3479 1248 3536 canonicam
1280 3478 1571 3535 snstinere
1598 3494 1927 3534 censuram.
1962 3478 2073 3534 Sed
2106 3492 2205 3532 ve-

545 3570 828 3626 nerabilis
857 3568 1434 3636 Hincmarus,sciens
1464 3568 1673 3639 utique
1694 3566 2009 3623 concilium
2033 3565 2200 3632 illud,

543 3664 611 3715 ut
638 3676 820 3732 supra
840 3663 1145 3715 ostensum
1168 3656 1841 3729 est,reprehensionibus
1864 3672 1978 3712 non
1998 3654 2203 3728 paucis

542 3751 1047 3820 respersum,acta
1075 3746 1312 3818 quidem
1334 3745 1495 3801 illius
1526 3763 1628 3818 per
1657 3746 1953 3803 neminem
1984 3746 2203 3817 episco-

544 3854 777 3909 porum,
811 3836 912 3907 qui
941 3836 1035 3892 his
1084 3836 1494 3902 interfuerunt,
1532 3835 1881 3891 destinavit:
1910 3839 1975 3890 ut
2002 3840 2201 3890 tamen

542 3926 1140 3991 firmarentur,denuo
1168 3925 1439 3997 precibus
1462 3941 1633 3996 agere
1665 3941 1780 3979 non
1802 3923 2070 3980 cessavit.
2089 3923 2199 3978 Sed

539 4016 899 4086 dejectorum
930 4013 1139 4069 iterato
1158 4011 1413 4069 clamore
1443 4013 1809 4069 crebescente
1830 4011 2197 4080 clericorum,

539 4121 646 4160 nec
678 4104 762 4161 sic
792 4105 948 4176 quod
987 4103 1295 4176 petebatur
1323 4100 1639 4158 laudabilis
1683 4101 1895 4173 praesul
1927 4100 2197 4157 indulsit.

540 4194 817 4266 Praecepit
847 4198 1045 4249 autem
1078 4208 1181 4265 per
1210 4190 1459 4247 alteram
1489 4208 1607 4247 suae
1630 4190 1950 4247 sanctionis
1981 4189 2201 4262 episto-

538 4282 679 4351 lam,
714 4288 779 4338 ut
798 4283 954 4338 idem
985 4282 1165 4338 frater
1196 4282 1551 4337 Hincmarus
1600 4280 1672 4335 ad
1722 4278 2035 4335 concilium
2063 4295 2199 4335 cum

540 4371 658 4428 illis
679 4372 1117 4440 occurreret,ad
1146 4371 1302 4444 quod
1324 4386 1499 4427 suum
1532 4369 1657 4441 ipse
1677 4368 2199 4441 legatum,Petrum

538 4459 809 4517 videlicet
835 4459 1180 4533 episcopum
1211 4459 1614 4532 Spoletanum,
1634 4475 1664 4513 e
1693 4457 1875 4513 latere
1905 4473 2013 4513 suo
2044 4456 2199 4513 dire-

539 4553 722 4616 xerat,
756 4549 829 4604 ad
860 4549 1261 4605 renovandum
1294 4546 1560 4603 videlicet
1581 4545 1876 4617 judicium
1905 4546 2026 4601 vice
2066 4562 2196 4614 sua,

538 4642 595 4692 et
641 4636 1008 4709 congregatis
1057 4654 1287 4703 rursus,
1313 4635 1607 4708 episcopis
1664 4636 1737 4690 ad
1796 4635 2192 4707 depositorum
2227 4663 2274 4728 Β

538 4725 1006 4796 reclamantium,
1030 4725 1345 4781 auxiliante
1377 4725 1645 4791 Domino,
1689 4724 2097 4780 trutinandum
2129 4741 2196 4780 ac

540 4814 889 4888 sopiendum
923 4816 1242 4887 negotium.
1277 4814 1361 4869 Ita
1391 4818 1456 4869 ut
1486 4814 1535 4869 si
1568 4814 1788 4869 eisdem
1816 4814 2059 4885 dejectis
2079 4812 2192 4869 cle-

538 4902 677 4959 ricis
708 4902 1068 4975 contigisset,
1103 4907 1168 4957 ut
1198 4892 1261 4957 iri
1289 4901 1417 4973 ipsa
1445 4902 1788 4958 debuissent
1832 4902 2194 4975 depositione

537 4992 870 5064 persistere,
894 4996 952 5048 et
980 4991 1214 5048 obedire
1246 4991 1929 5063 renuissent,sedemque
1961 4998 2193 5065 aposto-

539 5080 712 5136 licam
742 5080 955 5137 iterum
988 5081 1363 5153 expetissent,
1398 5097 1469 5135 ne
1501 5080 1657 5136 sedis
1702 5081 2032 5152 apostolicae
2079 5081 2195 5137 dis-

2314 3390 2669 3463 Interposuit
2686 3391 2843 3447 enim
2862 3392 3175 3465 ancipitem
3198 3393 3257 3447 in
3281 3410 3347 3449 eo
3364 3394 3724 3451 sententiam
3746 3396 4003 3454 dicens:

2314 3479 2375 3537 Si
2404 3480 2486 3535 ita
2516 3484 2605 3536 est
2633 3486 2951 3553 nostroque
2981 3485 3045 3537 ut
3072 3481 3311 3554 scriptis
3342 3482 3686 3556 praesulatui
3742 3482 4005 3544 intima-

2313 3570 2410 3635 sti,
2434 3573 2491 3625 et
2518 3573 2817 3642 gestorum
2850 3569 2998 3626 serie
3034 3570 3467 3640 demonstrasti,
3502 3576 3662 3630 ratas
3716 3577 4000 3645 easdem,

2313 3657 2455 3729 quin
2488 3657 3223 3730 difﬁnitiones,apostolica
3252 3659 3702 3732 promulgamus
3726 3663 3869 3719 tore
3904 3681 4003 3720 au-

2312 3746 2595 3802 czoritate.
2613 3746 2773 3802 Licet
2796 3747 2922 3820 ipse
2939 3747 3118 3818 hujus
3134 3748 3356 3804 tenoris
3377 3748 3919 3808 circumstantiam
3935 3754 4001 3808 de

2312 3835 2506 3891 collati
2535 3836 2819 3909 privilegii
2852 3840 3012 3892 textu
3054 3837 3371 3909 excipiens,
3402 3842 3461 3894 et
3498 3843 3719 3895 nostra:
3768 3842 3999 3899 visioni

2311 3924 2675 3991 subduxerit,
2709 3928 2765 3979 et
2793 3924 3042 3981 aliorum
3074 3924 3298 3981 notioni
3328 3926 3999 3986 subtraxeritJnters-e-

2310 4030 2445 4069 rens
2475 4012 2717 4085 insuper
2745 4029 2874 4085 qum
2904 4014 3060 4070 idem
3092 4031 3364 4071 summus
3395 4015 3655 4087 pontifex
3687 4022 3804 4073 aut
3836 4037 3994 4076 nun-

2310 4119 2511 4175 quam,
2536 4106 2639 4158 aut
2666 4102 2832 4159 aliter
2861 4107 3151 4159 sanxerat.
3183 4103 3311 4176 Ipse
3341 4120 3595 4176 namque
3621 4105 3701 4162 de
3754 4124 3996 4166 memo-

2310 4191 2455 4247 ratis
2484 4191 2941 4248 difﬁnitionibus
2972 4192 3153 4248 dixit:
3180 4193 3359 4249 Ratas
3378 4193 3613 4250 easdem
3646 4199 3995 4269 apostolica

2308 4279 2757 4355 promulgamus
2779 4282 2899 4338 fore
2920 4281 3713 4356 auctoritatem,semperque
3735 4301 3994 4345 manere

2308 4370 2647 4437 statuimus,
2680 4373 2739 4425 et
2766 4370 3054 4442 sequenti,
3089 4386 3217 4443 quas
3247 4371 3375 4444 ipse
3403 4372 3641 4444 quidem
3676 4374 3871 4433 aliter
3889 4395 3992 4451 po-

2308 4458 2448 4527 suit,
2465 4459 2643 4515 frater
2669 4475 2801 4515 vere
2831 4459 3183 4516 Hincmarus
3217 4461 3487 4532 quaedam
3516 4461 3775 4531 addens,
3814 4466 3992 4539 plura

2308 4548 2685 4616 subtrahens,
2718 4547 2810 4604 vel
2843 4553 3238 4618 commutans,
3272 4549 3445 4606 aliter
3473 4557 3845 4623 prosecutus
3877 4562 3986 4613 est.

2308 4638 2417 4694 Sed
2452 4637 2645 4693 adhuc
2674 4641 2731 4693 et
2758 4637 2819 4693 in
2853 4637 2969 4694 alio
2997 4638 3147 4695 mira
3176 4637 3372 4695 fratris
3409 4639 3715 4697 Hincmari
3768 4661 3989 4702 rursus

2306 4726 2530 4783 accedit
2559 4726 2870 4795 astutia,et
2900 4726 3010 4783 soli
3042 4728 3279 4800 proprio
3298 4732 3431 4785 voto
3462 4728 3664 4787 favens
3686 4747 3755 4788 se
3780 4732 3986 4790 immi-

2304 4821 2426 4873 scet
2446 4815 2775 4888 prudentia.
2792 4816 3053 4888 Denique
3084 4832 3219 4872 cum
3250 4817 3581 4890 apostolicae
3608 4822 3672 4875 et
3704 4836 3983 4881 reveren-

2304 4906 2389 4961 dae
2422 4903 2716 4960 memoriis
2765 4905 3037 4962 decessor
3084 4910 3283 4962 noster
3321 4923 3475 4979 papa
3520 4908 3893 4969 Benedictus
3935 4914 3981 4969 ei

2304 4993 2702 5066 privilegium,
2733 4995 2804 5050 de
2835 5011 2951 5065 quo
2982 5011 3140 5050 nunc
3170 4995 3449 5062 diximus,
3481 4996 3873 5071 contulisset,
3908 5004 3982 5058 ita

2304 5101 2429 5156 quae
2462 5083 2522 5138 in
2553 5100 2619 5139 eo
2653 5084 3029 5139 continentur
3057 5083 3332 5152 firmavit,
3354 5089 3419 5140 ut
3449 5101 3819 5159 suspensam
3845 5109 3980 5148 seno

540 5168 861 5225 solveretur
889 5170 1281 5242 privilegium,
1315 5168 1433 5225 illis
1464 5170 1536 5225 ad
1583 5186 1711 5225 eam
1758 5168 2029 5225 veniendi
2075 5186 2192 5225 non
2301 5172 2546 5228 tentiam
2570 5172 2665 5228 his
2679 5174 3039 5245 jungeret,et
3057 5177 3123 5228 ut
3143 5189 3245 5244 per
3265 5173 3466 5231 omnia
3484 5176 3606 5231 sedi
3629 5181 3978 5249 apostolica

542 5262 854 5329 negaretur
880 5258 1133 5315 licentia.
1170 5260 1316 5314 Cum
1350 5258 1565 5331 quibus
1596 5258 1873 5330 praecepit
1918 5263 1983 5313 ut
2023 5258 2202 5314 frater

542 5345 912 5414 Hincmarus,
932 5348 1019 5404 vel
1052 5348 1271 5404 missus
1302 5350 1431 5420 ejus
1458 5348 1719 5404 veniret:
1754 5350 2045 5419 quatenus
2063 5364 2197 5403 cum

540 5434 822 5491 fratribus
880 5436 1005 5492 suis
1055 5436 1344 5509 episcopis
1398 5452 1634 5509 aaquum
1686 5437 1759 5491 de
1788 5434 1881 5493 his
1903 5435 2196 5507 judicium

540 5525 802 5581 conferre
832 5525 1182 5597 potuissent,
1215 5530 1273 5582 et
1320 5531 1568 5598 utraque
1617 5529 1782 5598 parte
1819 5525 2196 5582 conveniente

540 5629 750 5670 causas
774 5631 976 5670 eorum
1000 5616 1203 5672 eadem
1227 5616 1394 5672 sedes
1417 5620 1621 5672 sancta
1642 5613 1921 5672 canonice
1956 5615 2196 5672 deﬁnis-

541 5704 650 5761 set.
670 5701 889 5761 Verum
917 5702 1036 5776 ille,
1069 5702 1171 5779 qui
1211 5703 1375 5779 prius
1404 5704 1735 5781 episcopus,
1759 5702 2015 5778 legatum
2043 5704 2197 5763 vide-

2309 5278 2418 5317 sua
2447 5261 2767 5334 privilegia,
2802 5262 2955 5317 sicut
2974 5263 3102 5334 jam
3134 5263 3238 5318 fati
3268 5268 3568 5332 sumus,et
3596 5271 3977 5327 auctoritatis

2306 5350 2552 5423 propriae
2566 5351 2706 5422 jura
2727 5351 2925 5423 (quem
2943 5352 3001 5406 in
3025 5351 3135 5407 hoc
3153 5356 3213 5408 et
3242 5369 3349 5409 nos
3370 5369 3603 5426 quoque
3637 5359 3841 5415 secuti
3884 5378 3974 5416 su-

2308 5440 2462 5507 mus)
2494 5438 2859 5496 inviolabilia
2886 5444 3211 5498 reservaret
3241 5457 3255 5498 :
3289 5441 3674 5515 interponens
3693 5454 3975 5519 praeterea

2306 5528 2492 5585 nodos
2514 5528 2910 5586 anathematis
2926 5529 2986 5585 in
3015 5530 3358 5604 eos,quibus
3382 5532 3834 5605 prohibendum
3857 5556 3974 5596 cen-

2304 5618 2531 5687 suit,ne
2563 5618 2812 5691 quilibet
2845 5624 3050 5677 contra
3078 5620 3283 5677 eadem
3310 5621 3591 5680 canonica
3618 5628 3968 5699 constituta,

2302 5711 2360 5766 et
2387 5708 2619 5767 decreta
2648 5707 2993 5784 pontificum
3024 5709 3424 5780 Romanorum
3460 5711 3860 5790 pertinaciter
3885 5718 3971 5779 ob-
