4138 6480
193 426 226 482 4
236 422 360 488 097

1421 416 1828 490 EPISTOLJE
1866 424 1973 489 ΕΤ
2015 424 2378 488 DECRETA
2393 471 2407 487 .

3464 430 3621 494 1098

187 558 411 615 viasset
438 575 454 614 :
488 557 547 615 id
578 561 689 627 est,
721 575 795 616 ne
825 558 961 632 quis
1003 558 1093 616 vel
1140 563 1343 617 contra
1379 559 1501 629 illa,
1536 577 1665 633 quae
1692 557 1855 616 fratri
1883 559 1939 629 Α
1968 558 2807 629 tos;ubinulla,sicuteisdem
2822 559 3033 618 litteris
3048 561 3616 635 vestrisreperimus,

188 648 513 705 Hincmaro
532 653 921 716 concesserat,
952 648 1041 705 vel
1072 666 1201 722 quae
1231 650 1354 707 sedi
1388 650 1634 723 propriae
1667 667 1851 705 reser-

185 741 379 807 varat,
413 753 585 810 agere
622 738 1019 795 tentavissset.
1055 740 1167 795 Sed
1194 739 1311 809 ille,
1344 757 1473 812 quae
1506 739 1717 795 horum
1745 756 1851 797 suo

186 825 388 882 libitui
419 825 611 883 favere
641 827 963 900 conspexit,
982 828 1247 884 omnium
1280 829 1498 885 notitiae
1528 828 1803 901 patefecit
1833 845 1847 885 :

182 932 325 987 quae
374 919 571 971 auten
620 915 777 972 sedis
826 920 967 972 sunt
1010 917 1340 990 apostolica;
1388 923 1680 974 reservata
1703 918 1847 991 juri,

188 1008 543 1060 cunctorum
576 1004 798 1061 notioni
829 1005 1129 1062 subduxit.
1164 1008 1484 1063 Testantur
1513 1007 1621 1063 hoc
1650 1024 1849 1064 exem-

188 1093 383 1166 plaria
411 1094 677 1166 ejusdem
709 1093 1162 1167 privilegii,quaa
1193 1096 1266 1150 ab
1294 1111 1361 1152 eo
1392 1100 1531 1153 sunt
1551 1098 1622 1153 ad
1647 1098 1843 1153 sedem

187 1181 575 1255 apostolicam
608 1181 834 1239 diverso
862 1186 1124 1255 tempore
1153 1183 1356 1240 missa.
1387 1186 1682 1250 Quantum
1712 1202 1846 1242 vero

183 1271 328 1327 talis
357 1270 710 1344 scriptorum
731 1272 1067 1345 depravatio
1089 1290 1153 1328 ac
1176 1273 1466 1329 mutilatio
1494 1278 1716 1343 noceat,
1732 1275 1845 1347 ipsi

173 1361 311 1433 jam
353 1360 628 1434 potuistis
671 1361 988 1428 advertere,
1020 1362 1121 1434 qui
1171 1364 1229 1417 in
1281 1363 1524 1418 concilio
1581 1363 1843 1420 videntes

184 1451 458 1523 quaedam
490 1449 679 1523 ipsius
709 1450 1033 1517 constituti,
1062 1451 1235 1507 sicuti
1266 1455 1457 1507 vestro
1479 1451 1664 1507 relatu
1697 1452 1843 1508 didi-

183 1537 400 1607 cimus,
435 1540 704 1611 quaedam
738 1555 873 1595 vero
920 1556 1038 1594 non
1085 1540 1373 1608 videntes,
1401 1544 1654 1613 coeptum
1688 1538 1842 1599 circa

184 1644 502 1701 oppressos
532 1628 695 1701 pium
726 1628 987 1685 laborem
1013 1627 1274 1684 deterriti
1296 1628 1494 1685 minus
1515 1631 1837 1702 perfectum

181 1717 520 1774 deseruisse
566 1734 723 1773 nunc
769 1716 1283 1791 dignosceremini,
1318 1717 1429 1774 nisi
1481 1719 1697 1775 uestris
1741 1718 1837 1775 in-

168 1806 389 1862 structi
421 1805 682 1875 monitis,
706 1810 764 1862 et
793 1806 1013 1865 nostris
1046 1805 1262 1863 ibidem
1293 1808 1598 1864 confortati
1623 1808 1834 1866 litteris

165 1894 612 1952 inveniremini.
634 1895 874 1952 Miserat
901 1896 1061 1952 enim
1092 1913 1243 1970 saepe
1265 1902 1625 1953 memoratus
1650 1898 1831 1955 antis-

161 1984 545 2058 tes,egregiaa
573 1984 996 2041 recordationis
1018 1985 1310 2042 decessori
1334 2003 1462 2042 meo
1484 2002 1588 2058 per
1608 1987 1827 2060 scripta

156 2090 297 2138 sua,
315 2074 471 2145 quod
485 2074 662 2129 iidem
677 2072 870 2130 clerici
886 2075 957 2129 ad
980 2074 1203 2131 vicinos
1224 2074 1530 2148 episcopos
1551 2091 1823 2147 provoca-

153 2163 374 2230 verint,
399 2167 604 2219 contra
628 2180 690 2218 se
722 2162 988 2219 libellum
1020 2163 1500 2237 proclamationis
1530 2165 1819 2234 dederint,

148 2252 399 2325 judices
425 2251 539 2308 sibi
569 2252 683 2326 ipsi
733 2250 1036 2326 elegerint,
1070 2256 1127 2309 et
1157 2258 1383 2321 caetera,
1417 2271 1545 2326 quae
1577 2253 1820 2327 longum

155 2344 254 2396 est
286 2356 618 2410 numerare,
655 2340 1103 2414 signiﬁcans.At
1129 2340 1228 2398 ille
1258 2342 1542 2399 divinitus
1570 2342 1821 2415 inspira-

155 2432 284 2498 tus,
309 2428 361 2485 ei
397 2431 763 2487 rescribens:
799 2430 879 2499 Si,
912 2431 1125 2504 inquit,
1158 2431 1239 2488 ita
1267 2436 1376 2500 est,
1408 2436 1724 2505 nostroque
1754 2437 1820 2488 ut

155 2517 399 2590 scriptis
420 2517 762 2591 praesulatui
794 2520 1101 2590 intimasti,
1132 2524 1189 2576 et
1218 2525 1517 2593 gestorum
1548 2521 1696 2577 serie
1726 2521 1820 2577 de-

158 2608 510 2664 monstrasti
542 2608 722 2681 (quod
743 2609 923 2665 frater
952 2610 1260 2666 Hicmarus
1290 2610 1361 2666 de
1390 2614 1550 2666 textu
1583 2610 1815 2683 penitus

153 2695 384 2766 erasit),
409 2700 565 2754 ratas
587 2698 823 2754 easdem
852 2699 1230 2768 (subauditur
1258 2698 1658 2771 difﬁnitiones)
1682 2716 1817 2772 apo-

154 2784 371 2842 stolica
400 2785 869 2859 promulgamus,
886 2803 1002 2842 non
1024 2787 1082 2842 in
1107 2787 1404 2855 omnibus,
1430 2793 1496 2843 ut
1514 2787 1639 2860 ipse
1656 2789 1816 2844 addi-

152 2874 271 2940 dit,
296 2874 417 2930 fore
440 2875 803 2943 auctoritate,
833 2892 1179 2949 semperque
1208 2894 1445 2933 manere
1474 2877 1809 2934 statuimus.

151 2962 379 3020 Deinde
396 2965 779 3036 subjunctum
802 2970 909 3033 est,
927 2966 1084 3038 quod
1101 2966 1226 3038 ipse
1244 2966 1414 3038 longe
1435 2967 1606 3022 aliter
1627 2971 1814 3023 muta.

147 3052 240 3110 vit
270 3053 553 3125 scribens,
588 3058 652 3109 ut
677 3053 812 3110 inde
843 3055 1089 3127 quaestio
1117 3055 1298 3111 nullis
1331 3055 1648 3127 aliquando
1670 3060 1812 3111 tem-

148 3141 401 3216 poribus
432 3143 676 3199 oriatur.
707 3143 873 3199 Nunc
924 3147 1118 3199 autem
1168 3161 1302 3199 cum
1346 3145 1428 3200 ita
1454 3162 1571 3200 non
1605 3144 1807 3212 fuisse,

148 3236 278 3287 tam
303 3248 337 3288 a
358 3231 551 3299 nobis,
577 3249 756 3305 quam
782 3250 817 3288 a
846 3237 1047 3289 sancto
1078 3232 1323 3289 concilio
1351 3237 1544 3289 vestro
1574 3235 1808 3290 exstite-

1963 649 2306 723 disceptatio
2337 650 2602 722 provenit
2634 666 2648 705 :
2683 650 2868 716 nulla,
2903 650 3055 706 sicut
3099 654 3370 723 putatum
3402 651 3612 720 fuerat,

1961 738 2211 795 varietas
2268 739 2386 795 alia
2440 744 2614 812 atque
2670 740 2786 795 alia
2844 740 3286 796 defendentium
3351 741 3611 798 accidit:

1960 826 2162 883 nullus
2189 831 2512 894 accusator,
2536 827 2736 883 nullus
2768 828 3189 884 condemnator
3204 833 3469 901 repertus
3487 835 3607 886 est:

1960 917 2062 972 sed
2094 920 2442 972 cunctorum
2472 934 2592 972 una
2637 917 2959 989 eademque
2999 918 3310 986 sententia,
3344 922 3520 990 atque
3548 918 3609 974 in

1957 1004 2327 1061 restitutione
2374 1005 2638 1078 ipsorum
2690 1006 2962 1063 difﬁnitio
3001 1006 3230 1075 claruit,
3266 1006 3490 1063 eisdem
3516 1007 3611 1063 in-

1957 1094 2148 1150 noxiis
2179 1111 2211 1150 a
2241 1099 2586 1151 cunctorum
2645 1095 3031 1152 unanimitate
3091 1095 3283 1151 modis
3329 1097 3610 1153 omnibus

1955 1183 2312 1255 approbatis.
2338 1185 2685 1256 Quanquam
2710 1201 2812 1240 vos
2841 1201 2950 1241 nos
2980 1183 3215 1257 egeritis
3246 1183 3606 1253 solemniter,

1954 1270 2200 1327 minime
2240 1273 2565 1328 secundum
2613 1274 2770 1345 quod
2820 1290 2927 1329 nos
2981 1273 3449 1339 decreveramus,
3481 1273 3608 1333 sedi

1952 1360 2283 1432 apostolicae
2313 1360 2488 1434 plena
2536 1361 2816 1418 relatione
2865 1362 3162 1418 actionum
3212 1361 3423 1417 seriem
3455 1379 3606 1419 rese-

1951 1453 2148 1505 rantes
2173 1466 2186 1506 :
2221 1451 2365 1507 adeo
2396 1455 2462 1506 ut
2489 1452 2913 1524 propemodum
2944 1450 3134 1524 ipsius
3163 1450 3341 1507 vestri
3370 1450 3603 1507 concilii

1949 1538 2131 1611 gestis
2149 1538 2484 1612 incognitis,
2501 1541 2572 1596 ad
2591 1541 2678 1596 dif
2677 1541 3001 1597 ﬁniendum
3017 1541 3160 1613 quid
3178 1541 3249 1598 de
3261 1558 3412 1613 saepe
3423 1539 3603 1597 dicto-

1948 1644 2079 1683 rum
2098 1627 2444 1685 clericorum
2464 1633 2620 1686 statu
2653 1647 2798 1702 pene
2829 1631 3280 1702 retraheremur,
3299 1629 3412 1686 nisi
3433 1629 3600 1687 labor

1946 1717 2445 1788 praedecessorum
2458 1719 2977 1791 nostrorum,apud
2994 1736 3103 1775 nos
3120 1719 3179 1775 in
3199 1736 3392 1774 rerum
3410 1723 3599 1792 gesta-

1944 1822 2077 1862 rum
2130 1807 2440 1880 scripturis
2487 1809 2779 1877 inventus,
2813 1825 2920 1864 nos
2950 1808 3022 1865 ad
3055 1825 3118 1864 se
3145 1808 3383 1865 tandem
3424 1808 3596 1881 perﬁ-

1941 1892 2217 1951 ciendum
2248 1895 2498 1968 pleniter
2526 1897 2865 1953 animasset.
2901 1897 3193 1955 Debuistis
3222 1897 3403 1965 enim,
3421 1896 3596 1968 quid-

1939 1984 2082 2055 quid
2105 1984 2176 2041 de
2196 1985 2454 2042 Ebbonis
2484 1986 2828 2058 dejectione,
2851 1986 3222 2055 relevatione,
3249 1987 3464 2042 horum
3485 1986 3597 2043 cle-

1906 2072 2189 2131 _ricorum
2219 2073 2605 2146 promotione,
2621 2078 2677 2130 et
2698 2073 2885 2148 ipsius
2903 2075 3161 2131 Ebbonis
3179 2075 3389 2131 iterata
3409 2075 3597 2148 repul-

1933 2161 2116 2231 sione,
2180 2163 2253 2218 ad
2311 2161 2611 2236 aliamque
2690 2163 2998 2220 ecclesiam
3068 2163 3442 2236 migratione,
3502 2163 3593 2220 vel

1931 2250 2325 2323 undecunque
2373 2251 2455 2308 ibi
2504 2252 2811 2326 quippiam
2869 2253 3217 2310 ventilatum
3269 2258 3378 2322 est,
3411 2253 3589 2313 nobis

1932 2340 2151 2413 scripto
2181 2340 2565 2409 unanimiter,
2594 2341 2860 2414 pleniter,
2889 2359 2954 2399 ac
2985 2340 3236 2398 ﬁdeliter
3264 2341 3540 2399 intimare
3569 2359 3585 2400 :

1928 2444 2045 2484 non
2068 2428 2261 2484 solum
2283 2434 2479 2486 autem
2503 2431 2674 2487 nobis
2696 2430 2990 2500 intimare,
3010 2446 3215 2487 verum
3246 2430 3421 2488 etiam
3454 2446 3582 2488 mo-

1927 2518 2228 2574 numentis
2250 2519 2536 2575 insertum
2556 2520 2627 2576 ad
2651 2519 2967 2592 pleniorem
2985 2536 3164 2592 penes
3182 2536 3289 2577 nos
3305 2519 3579 2578 notitiam

1924 2611 1980 2663 et
2000 2607 2412 2664 certitudinem
2439 2626 2751 2665 reservare.
2778 2609 2889 2666 Sed
2921 2609 3061 2681 quia
3086 2608 3195 2665 hoc
3217 2608 3579 2683 negligentia.

1924 2697 2389 2767 praetermissum
2406 2703 2513 2767 est,
2532 2697 2741 2754 saltem
2764 2715 2918 2753 nunc
2943 2698 3103 2753 omni
3126 2697 3429 2772 diligentia
3447 2716 3581 2771 pro-.

1923 2790 2142 2856 curate,
2180 2790 2246 2842 ut
2283 2804 2647 2860 quiscunque
2678 2804 2856 2860 super
2887 2787 2996 2843 hac
3025 2804 3087 2843 re
3118 2787 3356 2861 scripta,
3388 2792 3510 2844 tam
3541 2806 3576 2845 a

1922 2875 2094 2931 nobis
2112 2876 2276 2947 prius
2293 2880 2349 2931 et
2364 2893 2540 2943 nunc,
2563 2893 2742 2949 quam
2760 2894 2794 2932 a
2808 2876 2971 2933 vobis
3000 2877 3159 2934 edita
3179 2877 3573 2949 reperiuntur,

1921 2967 1979 3019 et
1999 2965 2140 3036 quid
2172 2964 2309 3019 hinc
2343 2964 2724 3037 coepiscopus
2753 2966 3128 3034 Hincmarus,
3160 2970 3217 3022 et
3247 2965 3331 3020 illi
3363 2967 3571 3037 dejecti

1921 3052 2113 3108 clerici
2132 3053 2256 3108 sedi
2272 3053 2605 3125 apostolicae
2623 3055 3027 3127 suggesserint
3046 3058 3222 3127 atque
3244 3054 3568 3124 retulerint,

1916 3141 2262 3198 involumen
2276 3159 2460 3198 unum
2479 3143 2682 3199 ordine
2702 3160 2819 3215 quo
2841 3142 3026 3199 missa
3045 3148 3184 3200 sunt
3204 3144 3569 3218 redigantur,

1917 3234 1974 3286 et
2001 3232 2330 3303 apostolicae
2362 3232 2506 3300 sedi,
2543 3237 2608 3287 ut
2636 3237 2971 3305 competens
3002 3236 3111 3301 est,
3157 3234 3325 3290 vobis
3363 3250 3568 3289 eorum

148 3319 231 3376 rit
262 3302 729 3393 comprobatum,
764 3321 919 3393 quod
952 3326 1327 3395 suggesserat
1357 3323 1642 3378 meritoin
1676 3323 1807 3378 irri-
1838 3302 1881 3375 C
1918 3302 2350 3391 exemplaribus
2382 3321 2961 3389 reservatis,summo
2984 3322 3180 3379 studio
3211 3322 3564 3396 dirigantur.

147 3415 283 3464 tum
304 3411 546 3466 ductum
569 3411 853 3483 est,quod
884 3414 1087 3467 contra
1116 3411 1370 3483 dejectos
1390 3429 1505 3468 non
1530 3412 1811 3486 simplici-

145 3502 246 3555 ter
289 3500 720 3572 impetraverat.
755 3500 866 3556 Sed
927 3500 998 3556 ad
1058 3501 1421 3574 propositum
1476 3503 1808 3558 redeamus.

155 3588 349 3660 Igitur
376 3590 617 3645 tandem
660 3589 976 3662 aliquando
1007 3589 1234 3646 clericis
1264 3607 1417 3664 saepe
1446 3592 1806 3660 memoratis,

154 3676 260 3750 qui
305 3690 539 3750 semper
568 3679 640 3733 ad
673 3678 1052 3751 apostolicam
1101 3680 1299 3735 sedem
1350 3679 1808 3753 appellaverunt,

154 3765 519 3823 etiamn‘obis
538 3766 747 3823 litteris
770 3768 894 3824 suis
917 3784 1021 3840 pro
1037 3769 1359 3840 dejectione
1379 3786 1487 3825 sua
1510 3770 1813 3842 quaerimo-

156 3855 320 3912 niam
351 3857 797 3930 exponentibus,
830 3872 945 3913 non
978 3857 1089 3913 fuit
1113 3856 1679 3926 dissimulandi,non
1700 3859 1811 3916 fuit

158 3944 331 4002 nobis
361 3946 594 4002 tacendi
640 3944 901 4014 libertas,
933 3946 1148 4019 quibus
1178 3949 1367 4019 major
1394 3948 1623 4004 cunctis
1653 3947 1812 4004 Chri-

158 4035 363 4091 stianae
394 4034 695 4108 religionis
746 4035 906 4091 zelus
937 4035 1247 4091 incumbit.
1279 4039 1358 4092 Ac
1388 4037 1518 4092 ideo
1549 4038 1807 4109 primum

157 4123 401 4197 quidem
436 4123 599 4180 fratri
629 4127 686 4181 et
715 4123 1056 4197 coepiscopo
1087 4128 1286 4181 nostro
1316 4125 1629 4182 Hincmaro
1651 4126 1811 4183 misi-

156 4230 315 4280 mus,
348 4213 434 4268 uti
482 4216 972 4270 commemoratos
1010 4213 1185 4282 viros,
1221 4214 1518 4270 Wlfadum
1564 4215 1806 4284 scilicet,

154 4301 529 4376 collegasque
557 4302 770 4375 ipsius,
801 4301 1074 4360 clementi
1115 4303 1312 4359 animo
1353 4304 1613 4360 studeret
1642 4307 1714 4362 ad
1747 4322 1811 4362 se

154 4406 444 4461 revocare,
469 4392 851 4465 depositaque
867 4391 1028 4448 omni
1048 4392 1316 4449 funditus
1336 4392 1811 4463 animositate,de

153 4481 527 4537 restitutione
548 4481 812 4554 ipsorum
832 4497 1031 4538 secum
1053 4483 1305 4538 fraterne
1324 4486 1810 4557 tractaret,atque

154 4569 612 4626 misericorditer
652 4587 1064 4628 consummare
1109 4572 1503 4639 contenderet,
1545 4572 1808 4646 alioquin

1918 3409 2079 3473 Quod
2123 3425 2259 3464 cum
2310 3409 2619 3482 diligenter
2666 3414 2863 3466 actum
2912 3411 3107 3479 fuerit,
3139 3415 3280 3467 tunc
3310 3412 3568 3484 profecto

1918 3499 2086 3571 plene
2100 3498 2255 3554 scire
2277 3516 2594 3571 possumus
2624 3505 2835 3556 cuncta
2861 3518 2961 3556 vos
2978 3500 3038 3555 in
3061 3500 3304 3557 concilio
3329 3505 3567 3557 strenue

1918 3588 2213 3660 peregisse
2245 3605 2259 3642 :
2293 3592 2350 3645 et
2379 3590 2532 3661 quod
2565 3589 2847 3645 hactenus
2877 3588 3168 3646 omissum
3197 3594 3307 3657 est,
3338 3589 3451 3646 hoc
3479 3606 3568 3645 or-

1919 3677 2055 3733 dine
2085 3677 2316 3734 Christo
2339 3679 2585 3750 juvante
2633 3678 3092 3751 recuperabitur.
3126 3679 3189 3735 In
3223 3696 3338 3751 quo
3367 3683 3566 3735 tamen

1918 3767 2143 3838 agendo
2173 3767 2562 3823 venerabilem
2592 3768 2897 3823 Wlfadum
2945 3785 3061 3841 pra:
3105 3768 3330 3825 caeteris
3374 3769 3567 3824 abun-

1919 3855 2243 3912 dantiorem
2303 3857 2571 3913 convenit
2625 3874 2829 3913 curam
2877 3857 3153 3930 arripere.
3185 3857 3406 3914 Deinde
3433 3874 3569 3914 vero

1916 3944 2189 4002 volumus
2208 3963 2313 4002 vos
2331 3962 2461 4002 esse
2489 3945 2789 4014 sollicitos,
2815 3950 2879 4002 ut
2898 3946 2947 4003 si
2969 3947 3040 4003 de
3065 3950 3270 4003 caetero
3291 3946 3406 4004 tale
3424 3947 3568 4020 quid

1918 4035 2063 4092 forte
2096 4034 2407 4108 contigerit
2436 4035 2685 4102 evenire,
2718 4053 2823 4108 pro
2854 4052 2969 4107 quo
3000 4039 3349 4091 conventum
3382 4035 3442 4090 in
3471 4052 3567 4091 re-

1917 4124 2194 4197 gionibus
2222 4124 2433 4181 vestris
2464 4124 2591 4180 fieri
2621 4124 2989 4181 sacerdotum
3016 4124 3567 4197 precipiamus,hoc
3640 4128 3645 4133 ’

1915 4212 2070 4269 inter
2119 4218 2329 4270 caetera
2376 4213 2520 4269 nulli
2563 4213 2798 4286 penitus
2830 4213 3106 4269 oblivioni
3135 4212 3382 4269 tradatis
3415 4230 3428 4268 :
3463 4214 3566 4270 sed

1916 4307 2050 4375 post
2076 4303 2277 4359 omnia
2305 4303 2361 4358 id
2396 4319 2564 4376 agere
2597 4304 2889 4374 majorum
2935 4319 3096 4359 more
3134 4300 3566 4359 studiosissime

1917 4392 2222 4466 satagatis.
2254 4393 2488 4448 Arridet
2517 4395 2713 4448 autem
2756 4391 2894 4447 huic
2928 4391 3334 4448 unanimitatis
3362 4396 3565 4447 vestras

1917 4481 2221 4538 sententiae
2233 4486 2409 4554 atque
2423 4481 2759 4536 difflnitioni
2773 4481 2948 4537 etiam
2964 4480 3159 4537 fratris
3170 4485 3228 4536 et
3239 4480 3568 4554 coepiscopi

1916 4571 2099 4628 nostri
2130 4569 2425 4626 Hincmari
2460 4569 2775 4642 professio:
2798 4570 2935 4643 quia
2957 4588 3074 4627 non
3107 4570 3299 4627 solum
3330 4571 3566 4628 eosdem

155 4658 229 4715 ad
261 4658 577 4715 concilium
606 4657 932 4726 vobiscum,
967 4660 1184 4732 quibus
1214 4666 1271 4718 et
1302 4679 1408 4718 nos
1439 4678 1672 4734 quoque
1702 4681 1808 4736 pro
1839 4684 1885 4747 Β
1916 4662 2145 4727 fratres,
2177 4664 2236 4715 et
2268 4664 2442 4715 antea
2470 4676 2532 4715 se
2563 4659 2809 4715 minime
2839 4660 2912 4716 ab
2944 4659 3134 4716 officio
3163 4660 3566 4733 suspendisse,

153 4748 266 4806 hoc
297 4748 425 4821 ipso
472 4748 842 4822 scripsimus,
876 4748 1054 4806 simul
1111 4754 1480 4820 occurreret;
1514 4756 1808 4823 quatenus

156 4850 361 4893 omnes
383 4838 443 4893 in
465 4855 651 4895 unum
673 4839 1320 4907 convenientes,causas
1336 4842 1675 4898 eorumdem
1689 4840 1810 4898 cle-

154 4927 411 4983 ricorum
469 4929 901 4998 examinaretis,
933 4932 992 4985 et
1047 4944 1164 4984 non
1224 4929 1423 5002 aliqua
1479 4935 1811 5003 emergente

155 5016 598 5089 disceptatione,
624 5019 739 5075 Deo
764 5036 879 5091 prae
909 5018 1095 5075 oculis
1121 5018 1340 5087 habito,
1361 5019 1695 5076 difﬁniretis
1720 5038 1731 5074 :
1758 5020 1809 5075 si

152 5122 287 5161 vero
320 5106 594 5178 quaelibet
641 5108 794 5163 inter
838 5111 1036 5180 partes
1082 5107 1426 5179 disceptatio
1458 5110 1807 5180 proveniret,

152 5197 222 5250 ad
250 5196 451 5251 sedem
469 5196 850 5269 apostolicam
874 5203 1139 5254 nostrum
1167 5203 1528 5270 susceptura:
1558 5199 1809 5271 speciale

148 5284 436 5356 judicium
470 5302 730 5358 personae
759 5286 914 5342 vices
959 5292 1226 5344 tenentes
1274 5287 1584 5359 utriusque
1608 5288 1807 5345 lateris

150 5374 548 5431 convenirent.
600 5377 724 5441 Quo
778 5376 879 5430 Dei
937 5377 1136 5448 gratim
1186 5377 1492 5449 juvamine
1552 5382 1807 5450 peracto,

152 5464 529 5536 suscepimus
560 5478 719 5520 nunc
748 5464 973 5521 litteras
1011 5466 1435 5538 amplectenda
1481 5466 1810 5524 dilectionis

156 5552 425 5608 omnium
447 5558 727 5621 vestrum,
752 5553 1232 5611 manifestissime
1256 5555 1686 5629 signiﬁcantes,
1698 5572 1817 5613 cre-

160 5643 265 5699 bro
308 5647 662 5700 memoratos
705 5642 947 5701 clericos
969 5660 1003 5700 a
1023 5643 1203 5700 totius
1234 5661 1493 5704 consona
1518 5663 1654 5704 voce
1681 5663 1817 5703 con-

166 5731 284 5792 cilii
307 5731 518 5808 dignos
534 5734 825 5809 graduum
847 5740 1092 5791 suorum
1125 5735 1450 5810 receptio‘ne
1480 5737 1817 5813 pronuntia-

489 5861 752 5927 PATROL.
798 5863 977 5927 CXIX
991 5907 1006 5926 .

1913 4751 2003 4808 vel
2024 4750 2346 4823 judicasse,
2372 4749 2820 4821 autagradibus
2851 4749 3113 4821 ejecisse,
3135 4750 3254 4805 sive
3284 4750 3346 4805 in
3378 4748 3569 4821 repul-

1918 4841 2082 4897 sione
2112 4840 2374 4912 ipsorum
2407 4837 2861 4911 subscripsisse;
2884 4856 3085 4896 verum
3117 4839 3292 4895 etiam
3322 4842 3379 4895 et
3411 4855 3569 4893 nunc

1918 4931 1990 4986 ad
2024 4930 2335 5003 synodum,
2370 4928 2527 4984 sicut
2553 4945 2662 4984 nos
2694 4928 3100 5001 praecepimus,
3134 4926 3493 4994 convenisse,
3512 4930 3571 4981 et

1919 5020 2011 5075 his
2043 5036 2169 5090 quas
2201 5019 2273 5074 de
2303 5018 2671 5074 restitutione
2729 5018 2964 5074 illorum
3025 5016 3216 5073 caeteri
3274 5014 3569 5071 antistites

1918 5112 2363 5178 consenserunt,
2386 5106 2757 5179 paratissime
2778 5106 3143 5176 annuisse,et
3165 5106 3568 5175 obtemperare

1919 5214 2155 5253 curasse
2177 5201 2449 5264 testatur,
2473 5196 2644 5267 cujus
2659 5195 2833 5250 etiam
2853 5211 3064 5249 nomen
3086 5194 3142 5248 in
3163 5192 3411 5266 epistola
3433 5210 3569 5266 syn-

1917 5287 2084 5343 odica
2114 5287 2293 5354 (sicut
2320 5290 2522 5341 nostra
2552 5283 2755 5341 relatio
2786 5283 3050 5352 indicat),
3071 5301 3190 5339 una
3219 5300 3355 5338 cum
3388 5283 3572 5338 nomi-

1919 5377 2096 5431 nibus
2125 5374 2356 5443 vestris,
2392 5375 2491 5447 qui
2520 5373 2695 5430 simul
2741 5372 3081 5429 convcnisse
3129 5371 3569 5445 dignoscimini,

1918 5466 2140 5538 pariter
2167 5464 2493 5536 ascriptum
2523 5463 2829 5520 inventum
2850 5467 2956 5519 est.
2980 5462 3126 5518 Illud
3156 5466 3352 5518 tamen
3384 5460 3572 5516 ridere

1924 5554 2277 5626 libuit,quod
2298 5554 2452 5608 idem
2472 5553 2716 5610 antistes
2735 5554 2937 5610 crebro
2954 5557 3307 5608 memoratos
3330 5549 3572 5607 clericos

1923 5644 1997 5703 ab
2027 5644 2217 5700 ofﬁcio
2247 5660 2309 5699 se
2339 5641 2583 5697 minime
2614 5643 3014 5716 suspendisse,
3042 5640 3131 5699 vel
3145 5641 3577 5715 judicasse,aut

1926 5755 1960 5794 a
1980 5734 2260 5812 gradibus
2282 5731 2524 5811 ejecisse
2539 5731 2756 5789 fatetur
2778 5749 2791 5788 :
2816 5733 3142 5807 praesertim
3162 5748 3297 5790 cum
3318 5731 3442 5790 haec
3458 5734 3577 5791 non

3179 5861 3257 5925 35
