4138 6458
602 378 759 441 1099

1976 373 2291 439 NICOLAI
2335 373 2566 434 PAP/E
2611 369 2659 434 Ι.

3895 377 4023 437 1100

588 513 829 570 veritate
860 512 1008 568 fulta
1030 513 1234 570 multis
1257 530 1387 571 esse
1413 513 1696 587 probatur
1717 513 1978 581 indiciis,
2002 521 2128 586 quas
2152 530 2249 568 su-
2281 509 2336 574 A
2364 508 2502 564 bere
2532 507 2771 564 Clericos
2803 508 2874 564 ab
2901 507 3211 564 ordinibus
3244 507 3371 565 Silis
3401 508 3685 565 οεωοηίοθ
3719 509 3914 565 misse
3945 512 4020 566 ἅθ’

599 603 795 676 perius
837 604 1187 660 summatim
1233 603 1559 677 tetigimus,
1592 609 1650 660 et
1681 621 1838 660 nunc
1871 620 1938 661 ea
1966 602 2052 659 vel
2087 603 2260 676 plura

600 708 1062 750 commemorare
1118 693 1314 748 studio
1363 693 1667 750 brevitatis
1719 693 2076 750 omittimus.
2110 693 2258 748 Nam

601 781 716 838 nisi
736 781 834 838 ille
856 800 976 850 eos,
992 782 1170 838 etiam
1188 786 1320 838 ante
1342 799 1577 838 omnem
1596 783 2046 852 audientiam,et
2067 782 2258 838 adhuc

605 888 742 927 cum
774 873 846 927 ad
879 889 942 928 se
970 889 1086 928 non
1123 876 1490 939 accusantes,
1525 873 1628 928 sed
1662 872 2124 929 misericordiam
2156 888 2258 944 po-

607 960 894 1018 stulantes
915 961 1287 1028 accesserint,
1313 963 1384 1018 ab
1417 961 1610 1019 ofﬁcio
1642 962 1982 1035 suspendit:
2009 963 2149 1034 quid
2172 964 2262 1017 est

609 1051 763 1121 quod
789 1051 846 1104 in
867 1050 1014 1106 actis
1045 1051 1275 1106 concilii
1304 1051 1418 1121 sui,
1446 1053 1600 1124 quod
1631 1051 1756 1125 ipse
1787 1053 1858 1108 ad
1893 1053 2090 1108 sedem
2121 1068 2259 1123 apo-

608 1137 875 1193 stolicam
897 1139 1081 1207 misit,
1107 1140 1179 1194 ab
1202 1156 1268 1195 eo
1297 1141 1572 1212 suspensi
1597 1142 1670 1196 ab
1703 1140 1894 1196 ofﬁcio
1927 1140 2110 1195 fuisse
2137 1155 2257 1194 me-

608 1227 951 1284 morantur?
963 1225 1180 1300 quibus
1193 1246 1329 1284 cum
1353 1233 1552 1284 tacens
1571 1229 1720 1284 nihil
1734 1231 1860 1302 ipse
1875 1228 2258 1302 responderit,

605 1316 743 1388 quid
768 1316 951 1386 aliud,
976 1318 1091 1374 nisi
1110 1336 1246 1375 vera
1267 1335 1366 1374 cos
1388 1323 1750 1390 prosecutos,
1779 1319 2012 1374 silentio
2037 1336 2142 1374 suo
2163 1317 2262 1372 tri-

602 1405 732 1462 buit
760 1410 1030 1480 patenter
1058 1408 1355 1482 intelligi?
1387 1410 1457 1465 Et
1485 1426 1515 1464 e
1546 1409 1774 1466 diverso
1807 1408 1890 1464 illi
1938 1425 2116 1481 super
2144 1424 2258 1480 quo

603 1496 871 1569 querelas
907 1515 1047 1554 suas
1085 1499 1287 1554 crebro
1322 1499 1475 1555 dicto
1508 1503 1721 1555 sancta:
1757 1499 2052 1555 memoriae
2081 1497 2258 1553 Leoni

603 1603 766 1658 papa:
795 1587 1152 1643 mittebant?
1182 1587 1266 1644 vel
1301 1605 1498 1660 quem,
1520 1589 1634 1644 nisi
1667 1605 1824 1657 eum,
1847 1605 2023 1644 suum
2048 1587 2262 1659 impul-

605 1692 799 1731 sorem
831 1694 864 1732 a
893 1677 1175 1749 gradibus
1214 1678 1487 1750 propriis,
1519 1682 1576 1734 et
1605 1678 1886 1734 infestum
1918 1677 2052 1746 sibi,
2085 1693 2259 1750 quem

607 1765 762 1820 circa
774 1765 1024 1820 seveluti
1040 1770 1267 1838 patrem
1291 1767 1614 1840 benignum
1637 1768 1927 1824 debebant
1947 1782 2259 1840 cognosce-

607 1871 688 1921 re,
704 1854 993 1927 frequenti
1016 1854 1294 1912 relatione
1317 1857 1688 1929 pandebant?
1706 1862 2007 1913 Postremo
2026 1856 2138 1912 nisi
2161 1854 2261 1911 ille

606 1943 665 1997 in
687 1943 1011 2016 dejectione
1035 1945 1299 2017 ipsorum
1323 1946 1816 2018 subscripsit,imo
1840 1947 1953 2002 nisi
1977 1945 2157 2002 totius
2171 1947 2263 2001 de-

603 2033 914 2107 positionis
936 2052 1140 2091 eorum
1163 2036 1373 2092 seriem
1396 2035 1522 2108 ipse
1543 2037 1800 2109 scripsit,
1829 2037 1970 2109 quid
1995 2036 2261 2108 estquod

601 2124 654 2180 ei
687 2124 745 2178 in
789 2125 1039 2181 subinde
1092 2130 1415 2182 memorato
1478 2125 1800 2199 privilegio,
1837 2128 1992 2199 quod
2045 2125 2157 2181 sibi
2188 2125 2262 2180 ab

601 2213 924 2285 apostolica
945 2215 1083 2271 sede
1106 2215 1367 2271 roborari
1389 2216 1575 2288 petiit,
1601 2216 1783 2270 beatae
1831 2215 2130 2271 memoria:
2161 2215 2260 2270 de-

601 2319 799 2359 cessor
819 2321 988 2360 meus
1010 2305 1080 2359 ad
1104 2321 1238 2360 eum
1259 2304 1527 2378 loquens,
1552 2307 1709 2377 quod
1734 2305 1858 2377 ipse
1881 2304 2263 2360 difﬁnitiones

600 2390 733 2448 illas
756 2393 814 2448 in
837 2394 1059 2465 synodo
1083 2411 1217 2450 cum
1241 2394 1463 2451 caeteris
1486 2395 1778 2468 episcopis
1802 2394 2065 2461 collecta,
2093 2395 2265 2466 juxta

602 2481 946 2538 relationem
967 2484 1171 2556 utique
1195 2501 1362 2540 suam
1383 2485 1637 2557 propriis
1660 2485 1860 2558 digitis
1885 2483 2261 2552 roboraverit,

604 2572 994 2628 manifestat?
1026 2573 1187 2636 Quod
1221 2572 1270 2628 si
1302 2573 1463 2639 dicit,
1484 2591 1792 2646 nunquam
1822 2589 1884 2630 se
1916 2574 1976 2628 in
2009 2573 2110 2628 illa
2135 2590 2266 2645 syn-

606 2662 716 2716 odo
748 2661 1192 2733 subscripsisse,
1225 2678 1361 2734 ergo
1423 2679 1526 2718 nec
1587 2663 1860 2719 decessor
1909 2667 2106 2718 noster
2155 2661 2264 2717 ali-

604 2766 785 2822 quam
815 2749 868 2805 ei
901 2751 1188 2822 synodum
1223 2750 1522 2823 privilegio
1555 2769 1660 2807 suo
1706 2752 2010 2807 ﬁrmavit?
2047 2750 2265 2823 quippe

614 2857 749 2896 cum
781 2839 907 2912 ipse
937 2857 1086 2912 eam,
1119 2856 1296 2912 quam
1329 2841 1672 2896 auctoritate
1701 2840 2019 2912 apostolica
2049 2840 2269 2896 stabili-

613 2929 712 2997 vit,
745 2929 999 3002 propriis
1051 2928 1251 3002 digitis
1302 2929 1490 3002 ipsius
1551 2931 1885 2986 roboratam
1937 2929 2267 3003 specialiter

611 3019 796 3074 fuisse
827 3022 1265 3074 commemoret.
1301 3017 1486 3090 Igitur
1529 3019 1736 3074 fratres
1768 3017 2123 3086 charissimi,
2158 3035 2264 3074 nos

610 3109 666 3163 in
691 3108 1062 3180 praefatorum
1095 3107 1441 3164 clericorum
1474 3109 1845 3164 restitutione
1878 3108 2116 3180 gradus,
2143 3124 2265 3162 om-

609 3197 785 3255 nibus
800 3197 1084 3254 hactenus
1106 3198 1469 3270 argumentis
1493 3197 1600 3253 rite
1619 3197 1896 3265 collectis,
1917 3201 1973 3254 et
1994 3197 2259 3253 omnium

2359 597 2546 668 jcctos
2572 615 2585 665 ;
2617 597 2700 652 ita
2729 601 2794 652 ut
2823 598 3112 670 quidquid
3140 598 3317 654 habet
3347 597 3820 667 calumniarum,
3857 617 4020 672 prose

2368 686 2585 757 quendi
2606 689 2662 742 et
2678 687 3033 759 exsequendi
3063 687 3175 743 sibi
3209 688 3286 744 sit
3313 686 3553 745 omnino
3585 688 4022 754 facultas.Quod

2368 774 2417 830 si
2439 776 2621 831 totius
2651 775 2831 848 hujus
2854 776 2992 832 anni
3015 777 3263 833 circuitu
3288 777 3538 851 dilapso,
3553 783 3770 836 contra
3802 795 3906 835 eos
3923 780 4024 836 nul-

2368 864 2486 920 lam
2501 865 2732 937 justam
2755 867 2910 938 apud
2945 867 3144 923 sedem
3177 868 3560 941 apostolicam
3593 869 4025 940 querimoniam

2367 956 2782 1027 composuerit,
2819 973 2925 1012 nec
2967 956 3099 1014 illos
3148 963 3423 1030 appetere
3453 959 3526 1014 de
3557 975 3933 1032 quocunque
3957 961 4023 1016 vel

2369 1045 2778 1117 cujuscunque
2836 1050 3022 1115 reatu,
3083 1047 3170 1102 vel
3217 1063 3480 1116 excessu,
3516 1065 3619 1104 seu
3652 1049 4024 1106 damnatione

2369 1133 2696 1202 studuerit;
2732 1135 2877 1206 ipsis
2911 1135 3148 1207 quidem
3181 1136 3456 1209 deinceps
3488 1137 3548 1192 in
3570 1139 3902 1195 ordinibus
3924 1157 4026 1212 per-

2369 1223 2770 1292 manentibus,
2804 1241 2912 1280 nos
2957 1226 3214 1297 profecto
3259 1225 3405 1280 nulli
3464 1228 3699 1299 corpori
3768 1229 4024 1285 dabimus

2368 1328 2627 1384 operam,
2664 1331 2771 1370 nec
2799 1313 2920 1370 ullo
2953 1319 3124 1387 pacto
3156 1332 3190 1371 a
3221 1332 3459 1371 summa
3489 1317 3880 1374 cessabimus
3912 1319 4026 1374 dili-

2368 1402 2585 1474 gentia,
2620 1403 2802 1458 donec
2832 1408 2934 1459 aut
2962 1403 3088 1477 ipse
3120 1422 3278 1460 nunc
3319 1405 3451 1460 illos
3492 1406 3656 1478 juste
3695 1410 4026 1481 comprobet

2368 1493 2691 1560 restitutos,
2718 1497 2819 1548 aut
2831 1494 2994 1565 juste
3017 1509 3121 1565 per
3140 1511 3201 1550 se
3223 1496 3522 1567 quondam
3550 1499 3845 1553 ostendat
3865 1516 4026 1554 remo—

2367 1582 2478 1635 tos.
2503 1580 2776 1653 Alioquin
2799 1599 2905 1638 nos
2929 1583 3357 1656 subsequenter
3385 1585 3660 1641 exhibere
3696 1588 3915 1659 procul
3946 1590 4027 1643 du-

2368 1670 2465 1725 bio
2487 1671 2774 1738 convenit,
2795 1689 2910 1726 non
2935 1671 3126 1728 solum
3151 1691 3302 1746 saepe
3320 1674 3468 1729 fatos
3485 1674 3737 1731 clericos
3765 1679 4029 1749 prejudi-

2370 1758 2594 1814 cialiter
2610 1760 2833 1832 absque
2855 1778 3074 1817 canone
3096 1763 3168 1818 ab
3185 1763 3376 1818 ofﬁcio
3399 1770 4026 1837 sequestratos,verum

2372 1849 2548 1905 etiam
2580 1849 2974 1907 ordinatorem
3021 1868 3223 1908 eorum
3272 1852 3786 1928 inconvenienter,
3825 1874 3895 1913 ac
3925 1859 4027 1913 sine

2373 1938 2791 2011 consequentia
2822 1939 3239 2012 ecclesiastica,
3272 1942 3556 2015 regimine
3586 1947 3917 2017 prazsulari
3939 1949 4029 2020 pri-

2370 2032 2591 2084 vatum.
2623 2029 2785 2091 Quod
2827 2029 2997 2100 plane
3047 2035 3257 2102 praeter
3287 2049 3422 2087 eum
3453 2032 3679 2106 nullus,
3722 2041 3797 2091 ut
3831 2054 4027 2103 remur,

2373 2118 2612 2173 omnino
2633 2117 2880 2184 dubitat,
2899 2117 3098 2174 nullus
3121 2121 3376 2192 profecto
3399 2139 3513 2176 non
3537 2124 4029 2198 praedicat,quan-

2372 2207 2688 2279 doquidem
2721 2211 2776 2263 et
2806 2208 2976 2268 nobis
3023 2208 3107 2264 ita
3153 2208 3352 2276 claret,
3385 2216 3676 2283 quantum
3728 2220 4026 2272 autumare

2372 2313 2710 2369 possumus,
2746 2297 3245 2368 quemadmodum
3287 2299 3378 2355 his
3409 2301 3509 2372 qui
3541 2300 3602 2355 in
3637 2302 3748 2359 illo
3784 2309 4028 2378 tempore

2372 2390 2583 2458 praesto
2619 2386 2800 2442 fuisse
2830 2393 3253 2444 memorantur.

2444 2474 2594 2530 Illud
2626 2479 2844 2543 tamen,
2871 2475 3224 2546 charissimi,
3253 2482 3738 2550 prmtereundum
3764 2483 3926 2541 inter
3949 2503 4030 2541 ca?-

2372 2568 2498 2620 tera
2520 2566 2639 2621 fore
2662 2582 2777 2620 non
2800 2565 3096 2634 duximus,
3123 2569 3281 2639 quod
3307 2573 3595 2641 quantum
3619 2571 3944 2632 relationis
3964 2594 4032 2631 ve-

2375 2659 2509 2710 straa
2541 2655 2718 2711 series
2750 2654 2963 2724 innuit,
2990 2656 3190 2713 minus
3221 2663 3390 2714 caute
3416 2677 3593 2731 quam
3627 2665 4032 2722 sanximusre—

2375 2744 2604 2817 gularia
2647 2745 2949 2800 constituti
2993 2747 3178 2801 nostri
3212 2749 3466 2804 exsecuti
3502 2749 3635 2806 sitis
3667 2754 3905 2811 edicta.
3939 2757 4031 2811 Nos

2376 2833 2741 2906 quippe,etsi
2767 2833 3189 2906 appellantium
3224 2837 3421 2893 sedem
3454 2839 3862 2910 apostolicam
3896 2844 4031 2900 cleri-

2375 2939 2598 2990 corum,
2620 2926 2676 2978 et
2705 2924 2776 2977 ad
2801 2923 3094 2994 judicium
3127 2926 3254 2995 ejus
3285 2929 3745 2999 provocantium
3783 2949 4027 2998 causam,

2375 3018 2612 3085 propter
2640 3013 3030 3068 amovendum
3054 3030 3088 3068 a
3105 3015 3270 3071 vobis
3292 3015 3623 3087 prolixioris
3645 3017 3932 3078 laborem
3955 3024 4030 3078 iti-

2375 3103 2552 3171 neris,
2578 3101 2696 3156 illic
2718 3101 2928 3171 audiri,
2954 3103 3038 3158 vel
3059 3105 3236 3160 etiam
3268 3105 3508 3161 difﬁniri
3540 3110 4025 3169 statuimusznon

2373 3196 2570 3248 tamen
2585 3208 2944 3264 quemquam
2957 3209 3159 3248 eorum
3176 3196 3656 3269 promovendum,
3673 3201 3777 3256 vel
3798 3204 3876 3258 ad
3901 3204 4027 3258 emi-

604 3291 867 3343 vestrum
897 3287 1134 3343 hortatu
1166 3287 1458 3360 generatis
1480 3287 1758 3343 incitante
1780 3304 2260 3356 consensus,om-
2293 3267 2335 3334 (ἶ
2373 3281 2698 3339 nentiorem
2774 3283 3042 3338 ordinem
3125 3285 3561 3355 provehendum
3638 3279 4025 3358 ἱιίᾶυιείωυε,

605 3376 906 3433 nimodam
919 3376 1350 3432 conniventiam
1364 3377 1618 3449 praebere
1632 3377 1892 3450 potuisse
1908 3376 2259 3450 cognoscite.

605 3466 717 3522 Sed
741 3466 1020 3538 quoniam
1045 3484 1158 3522 non
1183 3467 1508 3522 secundum
1532 3467 1833 3523 decretum
1857 3472 2128 3523 nostrum
2161 3484 2260 3522 co-

605 3573 735 3610 rum
756 3555 1108 3612 examinatio
1132 3573 1293 3612 mera
1315 3560 1370 3611 et
1393 3557 1650 3628 perfecta
1669 3556 1958 3612 discussio
1972 3557 2256 3628 provenit,

603 3659 711 3699 nec
736 3645 1024 3716 promotio
1054 3645 1142 3700 vel
1174 3645 1423 3715 abjectio
1453 3645 1718 3718 ipsorum
1751 3646 1809 3701 in
1843 3645 2106 3719 synodali
2129 3663 2260 3702 con-

601 3737 779 3788 ventu
814 3733 1009 3804 qualis
1040 3733 1232 3803 fuerit,
1259 3734 1483 3806 liquido
1506 3739 1733 3807 reperta
1753 3739 1861 3804 est,
1887 3753 1992 3792 nec
2025 3740 2258 3808 aposto-

603 3821 727 3876 licae
760 3823 883 3877 sedi
919 3821 1232 3878 sufficienti
1268 3824 1454 3879 relatu
1485 3829 1841 3880 monstrata:
1878 3824 2091 3880 idcirco
2123 3841 2259 3896 pau-

603 3910 793 3966 lulum
817 3929 851 3968 a
871 3913 1335 3968 consummanda
1347 3913 1712 3970 restitutione
1729 3913 1992 3986 ipsorum
2018 3913 2254 3970 interim

601 4001 1050 4058 deliberativum
1083 4020 1436 4059 consensum
1469 4007 1734 4058 nostrum
1768 4020 2029 4060 coercere
2055 4022 2256 4060 neces-

603 4091 824 4147 sarium
856 4093 1154 4148 duximus.
1188 4092 1404 4148 Verum
1440 4092 1577 4164 quia
1607 4092 1666 4148 in
1713 4093 2076 4149 decernendo
2107 4098 2163 4149 et
2192 4095 2250 4150 in

591 4181 916 4252 judicando
974 4184 1129 4254 quod
1190 4183 1466 4238 canonice
1523 4181 1909 4238 deliberatum
1956 4187 2064 4251 est,
2096 4201 2161 4239 ac
2192 4185 2252 4239 in

601 4270 980 4326 restituendis
1011 4289 1162 4343 szepe
1192 4271 1366 4326 dictis
1394 4271 1638 4340 clericis,
1665 4276 1840 4344 atque
1869 4271 1928 4327 in
1954 4273 2248 4342 omnibus,

598 4359 716 4415 Deo
747 4362 1035 4433 praeduce,
1069 4362 1222 4417 sicut
1254 4362 1449 4416 decuit
1477 4366 1532 4416 et
1562 4363 1702 4417 ordo
1733 4363 2015 4435 poposcit,
2052 4367 2253 4420 nostra

597 4450 894 4519 praecessit
934 4451 1288 4520 auctoritas;
1324 4451 1674 4508 conveniens
1701 4469 1766 4506 ac
1798 4452 2109 4508 honestum
2140 4459 2248 4522 est,

598 4543 663 4592 ut
676 4540 846 4609 juxta
865 4540 1319 4612 postulationem
1348 4545 1625 4608 vestram,
1659 4545 1870 4597 nostrae
1901 4542 2249 4598 ﬁrmationis

2371 3372 2874 3446 quemadmodum
2903 3388 3059 3427 nunc
3082 3372 3299 3429 factum
3331 3391 3459 3432 esse
3481 3380 3678 3434 vestro
3718 3381 3926 3439 favore
3946 3401 4028 3455 per

2370 3462 2791 3534 scriptavestra
2812 3461 3147 3518 didicimus.
3165 3462 3450 3520 Miramur
3472 3465 3724 3539 insuper
3741 3476 3808 3526 et
3829 3475 4026 3545 quaeri-

2369 3568 2801 3624 mus,qua3nam
2820 3551 2920 3606 illa
2937 3551 3012 3607 sit
3028 3568 3263 3608 summa
3275 3553 3353 3610 rei
3366 3571 3561 3626 ,quam
3575 3573 3682 3612 vos
3704 3567 3931 3618 nostra:
3947 3581 4026 3617 au-

2367 3640 2622 3696 ctoritati
2679 3657 3010 3698 reservasse
3064 3643 3445 3714 praetenditis,
3478 3650 3534 3700 et
3565 3645 3728 3704 hanc
3780 3651 4023 3708 invenire

2369 3748 2484 3786 non
2517 3746 2856 3802 possumus.
2882 3731 3066 3794 Quam
3099 3730 3256 3787 enim
3287 3734 3456 3790 nobis
3505 3752 3825 3796 summam
3862 3759 4021 3798 reser-

2364 3819 2545 3876 vastis
2579 3819 2815 3892 negotii,
2845 3821 3018 3891 cujus
3044 3822 3186 3877 adeo
3218 3822 3394 3878 ﬁnem
3423 3824 3754 3896 perducere
3779 3837 4020 3887 matura-

2367 3909 2494 3978 stis,
2519 3913 2585 3964 ut
2605 3909 2774 3964 nobis
2805 3909 3178 3979 inconsultis,
3203 3912 3378 3968 etiam
3403 3915 3771 3986 pastoralem
3805 3922 4019 3977 restitu-

2364 4001 2440 4055 tis
2461 4000 2723 4055 conferre
2746 3997 3202 4056 sollicitudinem
3233 4003 3574 4074 pateremini
3590 4005 3618 4060 ?
3639 4011 3703 4062 et
3728 4012 3836 4081 qui
3854 4012 3925 4067 ad
3939 4028 4016 4066 eos

2363 4089 2610 4162 pristino
2669 4090 2877 4161 gradui
2932 4090 3334 4147 reformandos
3389 4097 3604 4150 nostra:
3649 4102 4014 4156 auctoritatis.

2363 4179 2629 4251 eguistis,
2653 4179 2723 4233 ad
2752 4181 3216 4251 promovendum
3249 4198 3600 4254 responsum
3632 4193 3916 4246 nostrum
3939 4207 4015 4245 ne-

2363 4285 2660 4340 quaquam
2685 4268 3009 4339 praastolari
3027 4269 3316 4326 duxistis?
3328 4271 3622 4335 Quantum
3644 4283 3860 4334 autem
3879 4279 4010 4334 ﬁlius

2363 4362 2558 4414 noster
2589 4357 2831 4414 Carolus
2861 4358 3152 4431 gloriosus
3182 4377 3279 4416 rex
3311 4361 3368 4415 id
3402 4379 3435 4416 a
3466 4364 3636 4420 nobis
3671 4370 3905 4442 exegit;
3930 4368 4009 4425 sed

2361 4465 2469 4504 nos
2510 4453 2765 4503 vestram
2817 4447 3163 4504 charitatem
3207 4454 3264 4505 et
3303 4450 3850 4527 honoriﬁcentiam,
3885 4476 4009 4531 quos

2351 4538 2479 4609 jam
2529 4537 2834 4593 convenire
2885 4539 3279 4610 jusseramus,
3325 4542 3530 4598 merito
3578 4555 4006 4612 conservantes,

597 4629 852 4698 perfecta
869 4630 1611 4704 subscquaturintegritas,
1632 4647 1697 4686 eo
1721 4632 2004 4687 duntaxat
2025 4633 2248 4700 ordine,
2284 4646 2327 4709 ι)
2359 4626 2519 4682 nullo
2541 4631 2730 4699 pacto,
2756 4627 3103 4700 priusquam
3136 4647 3330 4686 rerum
3362 4631 3533 4687 nobis
3565 4633 3769 4692 exitus
3805 4654 3908 4709 per
3923 4654 4004 4692 ves

597 4719 662 4770 ut
689 4716 1054 4790 frequentius
1110 4720 1366 4775 intimati
1421 4720 1634 4788 clerici,
1671 4720 1772 4792 qui
1813 4722 2249 4778 evidentissimc

592 4804 994 4880 irregulariter
1023 4809 1096 4864 ab
1126 4809 1316 4865 ofﬁcio
1349 4811 1639 4882 graduum
1681 4828 1922 4867 suorum
1972 4813 2246 4885 suspensi

591 4895 772 4953 fuisse
805 4903 1154 4968 noscuntur,
1177 4902 1233 4953 et
1253 4899 1390 4953 hinc
1413 4899 1611 4954 sedem
1644 4901 2025 4972 apostolicam
2050 4903 2243 4975 saepis-

589 4985 736 5043 sime
768 5005 1115 5060 provocasse
1160 4988 1460 5044 nonnullis
1504 4988 1736 5045 indiciis
1767 4992 2241 5062 comprobantur,

588 5081 721 5130 ante
753 5077 951 5132 omnia
999 5079 1262 5150 pristinis
1308 5079 1588 5151 gradibus
1619 5083 1675 5134 et
1705 5080 1912 5135 ofﬁciis
1946 5081 2240 5136 reformati

588 5166 930 5234 consistant,
958 5167 1037 5221 ita
1069 5171 1132 5223 ut
1158 5167 1452 5240 prioribus
1475 5167 1683 5222 redditi
1707 5169 1987 5240 gradibus
2010 5173 2066 5224 et
2086 5170 2238 5224 ordi-

587 5252 780 5316 nibus,
807 5261 862 5310 et
886 5259 1320 5327 quodammodo
1343 5256 1469 5313 suis
1491 5258 1766 5313 omnibus
1785 5257 2061 5324 revestiti,
2085 5259 2235 5315 vires

583 5341 864 5400 adversus
895 5345 1241 5416 impetentcs
1265 5365 1325 5401 se
1350 5346 1607 5415 integras
1630 5347 1904 5402 habeant.
1931 5347 2054 5402 Non
2077 5348 2234 5404 enim

581 5428 825 5486 inermis
857 5448 990 5487 cum
1025 5439 1247 5489 armato
1281 5434 1388 5490 rite
1419 5433 1756 5489 conﬂictum
1810 5434 1956 5490 inire
2002 5437 2231 5507 poterit.

577 5519 802 5582 Quibus
835 5521 1103 5577 videlicet
1133 5524 1415 5595 gradibus
1447 5541 1509 5578 ac
1544 5524 1753 5579 ofﬁciis
1776 5524 2104 5582 fruentibus
2126 5526 2230 5594 eis,

575 5608 741 5663 fratri
771 5615 827 5664 et
860 5611 1204 5684 coepiSGOpo
1252 5617 1449 5667 nostro
1497 5613 1803 5668 [lincmaro
1852 5613 2084 5671 licentia
2133 5616 2228 5685 sit,

576 5695 731 5755 intra
745 5698 924 5758 totius
946 5701 1124 5775 hujus
1146 5702 1484 5776 capedinem
1507 5703 1668 5775 anni,
1689 5719 1839 5777 saepe
1861 5704 2047 5763 dictos
2070 5706 2230 5765 exhi-

2360 4717 2699 4788 pateﬁeriet,
2728 4733 3082 4773 consensum
3111 4718 3169 4773 in
3195 4719 3304 4775 hoc
3337 4721 3685 4792 praebituros
3715 4744 3948 4799 semper
3965 4725 4002 4780 ei

2355 4805 2797 4877 rescripsimus;
2822 4807 2998 4878 quod,
3017 4809 3242 4876 fratres,
3259 4809 3467 4866 saltem
3483 4812 3552 4866 ad
3569 4813 3759 4871 vicem
3779 4818 4002 4873 minime

2355 4895 2770 4962 custodientes,
2811 4895 2986 4951 laudo
3033 4914 3153 4967 vos,
3199 4900 3299 4954 sed
3358 4899 3417 4954 in
3472 4900 3580 4956 hoc
3639 4919 3767 4960 non
3822 4905 3996 4961 laudo.

2354 4985 2528 5041 Porro
2552 4985 2600 5040 si
2624 4985 2917 5058 quispiam
2952 4989 3148 5044 sedem
3183 4990 3582 5061 apostolicam,
3612 5009 3722 5064 per
3745 4996 3995 5068 Sergium

2353 5079 2567 5132 sanctze
2592 5075 2884 5131 memoria:
2909 5094 3142 5149 papam,
3160 5079 3456 5135 Ebbonem
3482 5084 3792 5153 quondam
3827 5084 3995 5141 archi—

2351 5165 2691 5237 episcopum
2713 5165 3023 5238 indignum
3041 5168 3724 5229 clericalicommunioue
3749 5175 3992 5231 sanxisse

2346 5255 2628 5326 perhibet,
2664 5255 2886 5311 noverit
2920 5257 3197 5328 quoniam
3229 5258 3406 5316 talem
3456 5261 3625 5317 sedes
3681 5263 3989 5336 apostolica

2345 5344 2549 5399 debuit
2565 5345 2884 5412 Ebbonem,
2904 5346 3088 5402 donec
3107 5349 3370 5421 synodali
3389 5352 3520 5422 ejus
3537 5355 3816 5409 examine
3836 5370 3987 5410 causa

2344 5433 2756 5502 discuteretur,
2781 5434 3014 5504 habere,
3047 5437 3280 5510 qualem
3316 5440 3386 5496 ab
3414 5440 3545 5498 aliis
3577 5441 3859 5500 habitum
3890 5460 3982 5499 non

2342 5522 2667 5596 ignorabat.
2695 5524 2997 5581 Statutum
3035 5528 3250 5602 quippe
3272 5529 3331 5585 in
3355 5548 3569 5604 magna
3590 5536 3647 5588 et
3669 5535 3981 5591 veneranda

2343 5613 2576 5669 Nicaena
2605 5615 2826 5684 synodo
2859 5613 3097 5688 legerat,
3129 5623 3194 5674 ut
3225 5621 3296 5675 de
3329 5620 3422 5678 his
3454 5622 3553 5694 qui
3580 5627 3981 5681 communione

2342 5703 2665 5780 privantur,
2689 5721 2793 5762 seu
2815 5721 2884 5762 ex
2911 5705 3082 5780 clero,
3107 5726 3209 5767 seu
3241 5727 3310 5770 ex
3338 5711 3485 5770 laico
3514 5713 3745 5785 ordine,
3782 5715 3979 5790 episco-
