4138 6466
190 468 346 534 1109

1407 468 1810 532 ΕΡΙδΤΟΙιΛΕ
1853 468 1954 531 ET
1996 470 2385 535 DECRETA.

3447 474 3607 540 mo

183 603 329 662 teris
361 602 641 660 fratribus
669 605 726 659 et
755 599 1114 677 coepiscopis
1151 599 1272 659 tuis
1309 601 1370 659 in
1411 602 1691 677 synodica
1718 601 1839 676 epi-
1868 602 1927 672 Α
1955 620 2061 662 nec
2091 607 2381 679 promotio
2404 606 2493 666 vel
2523 607 2770 683 abjectio
2800 606 3066 683 ipsorum
3098 608 3160 667 in
3191 609 3456 685 synodali
3477 628 3614 669 con-

183 694 357 762 stola,
381 711 561 767 quam
589 692 662 749 ad
689 693 886 749 sedem
913 692 1291 766 apostolicam
1315 693 1706 749 communiter
1734 692 1841 748 mi-

182 784 369 852 sistis,
397 783 698 841 Ebbonem
749 781 935 839 solam
976 783 1153 855 [forte,
1206 782 1418 852 solum,
1454 784 1661 854 Hann]
1688 783 1839 838 iram

182 874 469 949 principis
502 873 559 928 in
602 890 711 928 sua
741 870 1135 945 qualicunque
1166 872 1322 928 dicta
1350 872 1726 928 damnatione
1754 871 1841 927 in-

183 963 442 1023 currisse
489 961 835 1035 proﬁtearis.
860 960 1077 1017 Verum
1122 961 1172 1017 si
1215 961 1298 1017 ita
1344 978 1539 1018 sacros
1587 970 1842 1018 eanones

182 1050 543 1122 intellexisti,
576 1067 711 1106 cum
743 1050 876 1106 illos
922 1050 1226 1122 judicasti,
1250 1049 1458 1106 saltem
1505 1050 1613 1107 hoc
1643 1050 1840 1123 ipsum

183 1142 430 1209 diceres,
446 1146 503 1196 et
523 1140 679 1214 quod
704 1139 841 1196 hinc
862 1157 969 1195 nos
990 1139 1452 1212 censuissemus,
1475 1144 1541 1196 ut
1566 1144 1700 1213 pote
1723 1156 1843 1195 ma-

180 1231 334 1304 joris
365 1229 753 1299 auctoritatis,
778 1229 1049 1302 amplecti
1082 1230 1483 1285 contenderes.
1515 1230 1623 1286 Per
1659 1228 1840 1285 talem

185 1319 346 1377 enim
370 1320 822 1390 confessionem,
835 1336 1012 1391 quam
1030 1320 1191 1375 Ebbo
1208 1319 1416 1375 fecisse
1435 1318 1836 1392 pratenditur,

181 1428 357 1488 nemo
387 1408 678 1466 canonica
718 1409 1083 1465 damnationi
1125 1408 1456 1481 subjicitur.
1487 1409 1652 1474 Quod
1692 1409 1739 1465 si
1774 1412 1838 1464 tu

181 1504 365 1569 taces,
398 1517 505 1556 nos
536 1499 705 1556 silere
736 1517 852 1555 non
883 1516 1221 1571 possumus,
1241 1503 1299 1555 et
1330 1498 1483 1571 quod
1515 1516 1720 1556 omnes
1750 1497 1841 1553 in-

175 1589 415 1662 justum
464 1589 741 1657 fatentur,
775 1588 899 1661 ipse
937 1589 1191 1659 justum,
1216 1587 1598 1661 quantislibet
1653 1586 1839 1644 utaris

180 1680 573 1754 argumentis,
591 1679 838 1752 probare
869 1695 985 1734 non
1016 1677 1256 1750 poteris.
1291 1678 1453 1742 Quod
1485 1677 1534 1733 si
1565 1677 1840 1734 formida-

185 1773 319 1825 tum
352 1773 460 1837 est,
488 1785 561 1824 ne
590 1768 811 1839 injusta
854 1767 1153 1824 damnatio
1199 1784 1400 1823 eorum
1432 1767 1491 1822 in
1524 1767 1839 1823 discrimen

178 1859 537 1916 redundaret
560 1856 836 1926 auctoris,
858 1861 917 1912 et
937 1857 1068 1913 ideo
1095 1857 1250 1929 quod
1273 1857 1490 1929 injuste
1521 1856 1694 1912 fuerit
1713 1874 1840 1930 pro-

175 1949 302 2006 lata
331 1952 611 2019 taceatur,
642 1964 759 2002 non
789 1963 1117 2020 congruum
1152 1946 1337 2001 initur
1366 1945 1699 2002 consilium.
1737 1947 1837 2002 Fa-
1867 1980 1916 2045 B

177 2038 355 2095 cilius
387 2036 603 2110 quippe
620 2035 850 2091 veniam
882 2036 1017 2107 quis
1040 2034 1294 2101 veritate,
1319 2051 1496 2106 quam
1527 2034 1837 2106 exquisitis

179 2132 242 2184 et
272 2128 471 2183 minus
503 2125 656 2199 aptis
709 2123 1221 2181 adinventionibus
1276 2124 1571 2196 impetrat.
1596 2124 1837 2179 Prascr-

179 2217 293 2273 tim
341 2233 476 2273 cum
513 2214 726 2271 veritas
772 2214 999 2282 liberet,
1042 2212 1414 2269 mendacium
1445 2229 1578 2269 vero
1610 2213 1833 2286 perdat,

182 2307 441 2364 maxime
460 2322 593 2361 cum
614 2321 731 2360 non
757 2303 834 2359 sit
857 2302 1208 2372 timendum,
1231 2303 1333 2359 ubi
1362 2302 1542 2359 timor
1562 2318 1677 2357 non
1706 2306 1795 2358 est
1819 2320 1832 2357 :

182 2414 294 2453 nec
325 2394 630 2470 agnoveris
659 2411 767 2450 nos
804 2392 984 2449 talem
1034 2391 1190 2448 circa
1218 2395 1275 2448 te
1305 2396 1533 2465 gestare
1583 2390 1838 2447 dilectio-

184 2486 282 2543 nis
313 2486 607 2551 affectum,
631 2486 698 2539 ut
744 2482 884 2555 quid
925 2486 983 2538 te
1028 2481 1278 2538 velimus
1332 2482 1627 2538 incurrere
1657 2481 1837 2536 detri-

183 2576 391 2643 menti,
415 2591 550 2630 cum
581 2572 779 2646 potius
807 2571 892 2627 tui
925 2588 1156 2644 semper
1185 2570 1335 2627 avidi
1374 2570 1661 2626 fuerimus
1692 2587 1836 2644 aug-

183 2664 550 2722 menti.Nam
574 2666 630 2718 et
650 2660 907 2718 Ebbonis
929 2677 1126 2728 causa,
1146 2664 1203 2716 et
1218 2660 1467 2716 istorum
1489 2659 1835 2716 clericorum

181 2753 506 2828 negotium,
531 2769 660 2825 qua
692 2751 882 2823 prima
908 2749 1288 2818 transierunt,
1314 2754 1379 2805 ut
1408 2749 1514 2805 tibi
1547 2749 1836 2806 cautelam

181 2862 301 2901 non
323 2842 641 2899 discrimen
662 2840 946 2906 tribuant,
966 2837 1335 2895 anhelamus.
1366 2838 1599 2913 Regiam
1621 2838 1838 2912 quippe

177 2934 337 2990 viam
358 2935 647 2996 tenentes,
664 2929 748 2985 sic
777 2928 895 2985 illis
925 2929 1203 3001 prodesse
1227 2928 1611 2998 decrevimus,
1630 2932 1696 2984 ut
1722 2934 1835 2984 tua

183 3022 478 3080 sanctitati
530 3020 735 3076 obesse
786 3018 948 3075 nullo
1000 3018 1174 3073 modo
1221 3017 1600 3073 videremur:
1634 3017 1836 3090 sicque

180 3129 420 3169 rursum
453 3109 827 3167 securitatem
861 3106 967 3163 tibi
1005 3124 1183 3179 super
1230 3106 1339 3162 hoc
1388 3107 1738 3180 prabemus,
1773 3109 1838 3162 ut

183 3200 411 3260 clericis
430 3200 630 3256 crebro
650 3197 822 3254 dictis
841 3196 994 3252 hanc
1015 3195 1351 3252 nullatenus
1372 3196 1726 3253 adimamus.
1751 3197 1836 3251 Ad

184 3291 466 3350 ultimum
496 3306 652 3355 vero,
685 3286 948 3359 epistola,
973 3304 1099 3359 qua
1132 3286 1300 3341 nobis
1319 3302 1355 3341 a
1381 3289 1437 3340 te
1468 3302 1624 3341 nunc
1654 3285 1839 3341 missa

1946 700 2123 751 ventu
2149 698 2340 769 qualis
2359 699 2532 755 fuerit
2552 699 2777 773 liquido
2808 704 3039 773 reperta
3066 704 3175 769 est,
3200 718 3305 757 nec
3335 701 3610 775 apostoli-

1948 801 2027 841 ca
2059 786 2182 841 sedi
2215 788 2531 844 sufﬁcienti
2559 787 2744 844 relatu
2775 793 3122 859 monstrata,
3145 789 3360 847 idcirco
3394 790 3605 863 paulu-

1948 873 2071 930 lum
2104 892 2139 931 a
2167 878 2635 934 consummanda
2671 878 3040 936 restitutione
3072 878 3337 951 ipsorum
3365 879 3602 937 interim

1950 963 2397 1021 deliberativum
2425 983 2779 1024 consensum
2810 971 3079 1024 nostrum
3112 972 3602 1043 coercererneces-

1949 1054 2173 1110 sarium
2205 1056 2500 1112 duximus.
2523 1056 2739 1113 Verum
2772 1058 2911 1131 quia
2948 1057 3007 1113 in
3047 1058 3430 1126 decernendo,
3454 1063 3513 1114 et
3541 1058 3602 1114 in

1940 1142 2265 1214 judicando
2282 1147 2438 1216 quod
2456 1146 2734 1202 canonice
2748 1146 3135 1203 deliberatum
3152 1151 3260 1217 est,
3276 1164 3341 1202 ac
3363 1147 3423 1203 in
3441 1147 3605 1203 resti-

1948 1233 2183 1289 tuendis
2215 1251 2366 1308 sape
2397 1235 2570 1292 dictis
2602 1234 2848 1303 clericis,
2873 1239 3049 1308 atquc
3074 1236 3132 1291 in
3163 1236 3460 1305 omnibus,
3483 1237 3601 1292 Deo

1948 1323 2237 1395 praduce,
2253 1324 2405 1380 sicut
2428 1324 2641 1393 decuit,
2677 1330 2734 1382 et
2772 1326 2913 1381 ordo
2935 1325 3220 1398 poposcit,
3239 1328 3441 1381 nostra
3461 1342 3603 1398 pra-

1949 1412 2125 1467 cessit
2154 1413 2471 1469 auctoritas
2505 1430 2517 1468 :
2553 1414 2903 1470 conveniens
2943 1431 3008 1469 ac
3052 1413 3363 1470 honestum
3396 1418 3504 1482 est,
3538 1418 3604 1470 ut

1941 1501 2111 1572 juxta
2160 1501 2614 1573 postulationem
2657 1506 2932 1572 vestram,
2987 1506 3199 1559 nostra
3249 1502 3600 1559 ﬁrmationis

1948 1589 2203 1663 perfecta
2219 1591 2616 1663 subsequatur
2639 1591 2974 1666 integritas:
2991 1609 3057 1648 eo
3073 1592 3358 1648 duntaxat
3372 1593 3601 1660 ordine,

1951 1683 2014 1735 ut
2052 1679 2416 1752 frequentius
2464 1681 2720 1738 intimati
2752 1681 2967 1751 clerici,
3013 1680 3113 1754 qui
3160 1680 3600 1738 evidentissima

1947 1768 2347 1842 irregulariter
2375 1771 2449 1826 ab
2498 1771 2689 1827 ofﬁcio
2728 1772 3020 1844 graduum
3052 1788 3298 1827 suorum
3328 1770 3600 1843 suspensi

1948 1857 2130 1914 fuisse
2157 1863 2501 1929 noscuntur,
2525 1864 2581 1916 et
2610 1860 2747 1915 hinc
2770 1861 2969 1916 sedem
3000 1859 3380 1933 apostolicam
3405 1860 3601 1933 sapis-

1947 1946 2095 2003 sime
2125 1965 2470 2021 provocasse
2499 1948 2801 2005 nonnullis
2840 1949 3073 2005 indiciis
3104 1949 3597 2022 comprobantur;

1945 2041 2079 2093 ante
2110 2038 2308 2093 omnia
2339 2037 2606 2109 pristinis
2646 2038 2926 2112 gradibus
2958 2044 3014 2094 et
3043 2039 3253 2094 ofﬁciis
3302 2037 3600 2094 reformati

1946 2127 2310 2183 consistant:
2336 2127 2415 2182 ita
2446 2131 2509 2182 ut
2539 2126 2835 2200 prioribus
2864 2127 3076 2183 redditi
3106 2128 3387 2200 gradibus
3418 2131 3474 2183 et
3505 2144 3598 2182 or-

1945 2214 2202 2284 dinibus,
2228 2219 2285 2272 et
2315 2217 2569 2287 quodam
2601 2217 2774 2272 modo
2819 2216 2945 2272 suis
2993 2217 3270 2272 omnibus
3317 2215 3596 2286 revestiti,

1943 2304 2096 2361 vires
2119 2306 2400 2361 adversus
2427 2306 2775 2378 impetentes
2798 2323 2860 2362 se
2889 2306 3149 2377 integras
3180 2305 3455 2361 habeant.
3472 2304 3600 2361 Non

1945 2394 2102 2449 enim
2132 2393 2377 2450 inermis
2410 2411 2544 2451 cum
2577 2399 2801 2451 armato
2828 2394 2936 2451 rite
2956 2394 3297 2451 conflictum
3318 2393 3466 2450 inire
3496 2411 3602 2467 po-

1946 2486 2081 2539 test.
2107 2483 2329 2550 Quibus
2350 2483 2619 2540 videlicet
2647 2485 2929 2558 gradibus
2952 2500 3017 2539 ac
3040 2483 3247 2539 ofﬁciis
3271 2482 3601 2539 fruentibus

1944 2572 2030 2628 eis
2060 2571 2409 2628 fraternitati
2450 2576 2565 2628 tua
2611 2573 2852 2628 licentia
2881 2572 2978 2639 sit,
3009 2572 3165 2627 intra
3208 2573 3390 2628 totius
3419 2571 3600 2643 hujus

1945 2662 2286 2734 capedinem
2309 2661 2447 2718 anni
2470 2679 2622 2734 sape
2646 2661 2831 2718 dictos
2857 2661 3129 2718 exhibere
3149 2660 3389 2717 clericos
3410 2661 3482 2717 ab
3505 2677 3596 2716 or-

1946 2750 2184 2806 dinibus
2202 2750 2327 2806 suis
2341 2751 2616 2807 canonice
2634 2751 2817 2808 fuisse
2827 2752 3083 2824 dejectos
3099 2768 3111 2806 :
3128 2750 3211 2805 ita
3226 2753 3292 2805 ut
3307 2748 3599 2822 quidquid

1944 2838 2127 2896 habes
2149 2839 2427 2895 adversus
2448 2856 2547 2896 eos
2567 2839 2996 2896 calumniarum
3013 2838 3405 2910 prosequendi
3426 2842 3483 2894 et
3501 2854 3598 2894 ex-

1945 2928 2230 3001 sequendi
2255 2929 2361 2984 tibi
2386 2929 2464 2984 sit
2485 2930 2725 2985 omnino
2746 2927 3013 2985 facultas.
3034 2928 3196 2994 Quod
3219 2927 3269 2983 si
3291 2927 3470 2983 totius
3490 2926 3599 2982 hu-

1936 3019 2039 3090 jus
2072 3017 2209 3073 anni
2235 3017 2752 3089 circuitu'dilapso,
2777 3020 2980 3073 contra
3000 3033 3099 3073 eos
3120 3015 3344 3072 nullam
3369 3017 3597 3088 justam

1944 3108 2100 3180 apud
2133 3107 2331 3162 sedem
2363 3105 2742 3179 apostolicam
2774 3105 3220 3178 quarimoniam
3261 3121 3602 3177 composue-

1946 3195 2172 3259 ris,nec
2200 3193 2331 3251 illos
2362 3199 2633 3268 appetere
2664 3196 2734 3250 de
2775 3211 3129 3267 quocunque
3160 3193 3247 3251 vel
3281 3196 3599 3266 cujuscun-

1949 3302 2062 3357 que
2079 3288 2243 3340 reatu
2258 3283 2343 3340 vel
2362 3300 2601 3340 excessu
2620 3301 2721 3340 seu
2741 3284 3117 3340 damnatione
3134 3282 3605 3356 studueris,ipsis

184 3380 423 3448 dicitur,
448 3382 649 3434 utrum
690 3381 794 3432 tua
822 3375 1016 3442 fuerit,
1049 3374 1460 3430 convenienter
1488 3373 1834 3448 ambigitur;
1868 3349 1911 3416 (ἶ
1949 3373 2187 3445 quidem
2206 3371 2478 3446 deinceps
2501 3372 2625 3428 suis
2643 3372 2950 3429 ordinibus
2970 3371 3604 3446 permanentibus,non

184 3488 325 3528 cum
356 3485 461 3524 nec
491 3467 749 3541 legatum
781 3470 972 3533 tuum,
997 3464 1098 3538 qui
1126 3464 1278 3520 hanc
1304 3481 1339 3520 a
1368 3468 1425 3519 te
1452 3463 1622 3519 nobis
1650 3468 1840 3521 trans-

183 3558 433 3617 missam
464 3556 731 3625 ediceret,
757 3553 1056 3624 direxeris,
1090 3571 1196 3610 nec
1225 3570 1352 3610 eam
1386 3553 1582 3627 sigillo
1612 3557 1712 3609 tuo
1744 3570 1840 3609 se-

185 3649 450 3704 cundum
471 3661 695 3702 morem
719 3644 953 3716 signare
973 3643 1291 3699 studueris.
1316 3642 1479 3698 Unde
1502 3642 1839 3698 mirandum

184 3740 295 3806 est,
320 3752 455 3794 cum
485 3735 546 3790 in
577 3733 963 3806 dejectionem
994 3733 1258 3806 ipsorum
1287 3732 1630 3789 clericorum
1661 3732 1839 3789 etiam

182 3826 458 3885 volumen
514 3842 630 3880 non
680 3824 851 3879 breve
891 3822 1311 3895 composueris,
1348 3822 1730 3894 quamobrem
1778 3822 1838 3878 in

184 3914 618 3973 restitutionem
632 3912 837 3971 saltem
856 3928 1035 3968 unam
1053 3910 1362 3984 eplstolam
1376 3910 1703 3983 simplicem
1722 3929 1839 3967 non

184 4003 460 4062 edideris.
497 4003 559 4059 In
604 4019 720 4076 quo
768 4005 1031 4074 apparet,
1067 4003 1356 4072 quantum
1385 3998 1467 4054 ibi
1496 3998 1836 4068 alacritatis,

186 4097 476 4168 quantum
507 4093 603 4149 hic
630 4090 868 4147 desidia
900 4088 1160 4146 studium
1192 4088 1384 4144 fuerit.
1414 4088 1688 4155 Quamvis
1716 4088 1840 4145 hac

186 4201 260 4241 ne
283 4200 391 4239 nos
413 4179 709 4238 arbitreris
731 4180 803 4235 ad
826 4177 1142 4234 discrimen
1165 4176 1465 4251 quodlibet
1488 4180 1600 4233 tua
1622 4178 1840 4233 sancti-

183 4272 326 4329 tatis
362 4270 449 4327 vel
480 4268 782 4344 dignitatis
812 4281 1213 4341 exaggerasse,
1247 4283 1381 4322 cum
1432 4265 1676 4322 meliora
1712 4284 1842 4323 esse

185 4361 430 4419 vulnera
451 4359 955 4435 diligentis,quam
977 4355 1348 4413 fraudulenta
1364 4355 1478 4411 odii
1503 4355 1704 4412 oscula
1725 4374 1841 4413 non

189 4451 420 4508 nescias
456 4468 468 4506 :
503 4450 604 4506 sed
634 4465 705 4504 ne
735 4448 878 4503 adeo
916 4447 976 4502 in
1008 4444 1445 4519 privilegiorum
1475 4449 1713 4501 tuorum
1743 4446 1841 4502 de-

189 4541 515 4599 fensionem
544 4537 631 4595 vel
675 4535 985 4592 elationem
1016 4535 1462 4591 immoderatius
1491 4534 1754 4607 erigaris,
1780 4538 1846 4590 ut

190 4628 519 4703 apostolicae
552 4626 709 4684 sedis
730 4627 871 4698 jura
895 4625 1308 4697 quoquomodo
1337 4627 1555 4680 temere
1583 4623 1846 4696 tetigisse

1946 3461 2374 3534 proiecto‘nulli
2404 3462 2623 3534 torpori
2648 3461 2923 3517 dabimus
2945 3477 3326 3533 operam,nec
3351 3460 3471 3516 ullo
3503 3478 3606 3533 pa-

1949 3555 2039 3607 cto
2070 3569 2105 3607 a
2133 3567 2372 3607 summa
2409 3551 2773 3607 cessabimus
2822 3550 3151 3624 diligentia,
3175 3551 3360 3607 donec
3408 3555 3511 3606 aut
3537 3554 3603 3605 tu

1940 3640 2103 3712 juste
2125 3657 2281 3696 nunc
2307 3639 2439 3695 illos
2460 3640 2804 3712 comprobes
2839 3641 3162 3706 restitutos,
3185 3642 3286 3695 aut
3305 3640 3468 3711 juste
3498 3655 3603 3710 per

1947 3733 2004 3785 te
2027 3730 2326 3802 quondam
2347 3730 2624 3786 ostendas
2644 3732 2920 3787 remotos.
2950 3728 3225 3802 Alioquin
3256 3746 3365 3784 nos
3397 3727 3599 3784 subse-

1948 3824 2194 3891 quenter
2212 3817 2482 3874 exhibere
2511 3816 2713 3891 procul
2744 3818 2920 3875 dubio
2952 3820 3236 3887 convenit,
3259 3835 3374 3874 non
3403 3816 3598 3873 solum

1948 3924 2100 3980 sape
2117 3908 2267 3963 fatos
2284 3906 2526 3963 clericos
2549 3908 2682 3980 praj
2694 3906 3023 3963 udicialiter
3042 3909 3266 3979 absque
3282 3923 3505 3963 canone
3526 3907 3598 3964 ab

1948 3996 2139 4052 ofﬁcio
2156 4000 2778 4069 sequestratos,verum
2795 3997 2969 4053 etiam
2984 3996 3379 4053 ordinatorem
3397 4012 3601 4052 eorum

1947 4085 2422 4141 inconvenienter
2460 4102 2526 4142 ac
2569 4086 2696 4141 sine
2740 4086 3163 4159 consequentia
3208 4083 3603 4141 ecclesiastica

1949 4174 2234 4247 regimine
2265 4173 2565 4248 prasulari
2595 4174 2915 4247 privatum:
2938 4175 3093 4247 quod
3116 4173 3288 4247 plane
3307 4176 3515 4246 prater
3545 4176 3603 4228 te

1950 4262 2170 4331 nullus,
2196 4267 2260 4318 ut
2303 4280 2519 4331 remur,
2538 4248 2786 4318 'omnino
2828 4263 3081 4332 dubitat,
3105 4261 3305 4318 nullus
3344 4262 3601 4334 profecto

1949 4370 2067 4409 non
2099 4352 2395 4425 pradicet,
2429 4352 2909 4424 quandoquidem
2950 4356 3006 4408 et
3050 4352 3218 4409 nobis
3270 4352 3353 4407 ita
3400 4350 3600 4418 claret,

1953 4445 2240 4515 quantum
2273 4444 2580 4497 autumare
2619 4457 2959 4512 possumus,
2983 4440 3479 4514 quemadmodum
3508 4438 3601 4495 his

1952 4531 2052 4603 qui
2084 4531 2183 4586 illo
2214 4530 2272 4584 in
2304 4534 2563 4602 tempore
2593 4534 2801 4601 praesto
2831 4530 3014 4586 fuisse
3043 4533 3466 4586 memorantur.
3495 4529 3604 4584 Po-

1952 4625 2171 4676 stremo
2198 4619 2346 4675 scire
2375 4623 2428 4675 te
2448 4619 2740 4686 volumus,
2756 4621 2973 4676 nostris
2995 4620 3237 4677 auribus
3262 4619 3604 4675 intimatum

188 4717 442 4775 videaris
464 4716 624 4787 (dist.
647 4718 681 4771 8
706 4732 718 4770 :
757 4715 901 4771 Mala
928 4713 1298 4782 consuetudo).
1323 4714 1470 4768 Nam
1524 4712 1679 4769 mala
1705 4730 1846 4768 con-
1879 4720 1924 4787 ι)
1954 4726 2104 4780 esse,
2134 4708 2559 4764 fraternitatem
2590 4712 2754 4764 tuam
2785 4726 2902 4765 non
2934 4710 3112 4766 certis
3142 4708 3527 4783 temporibus,
3551 4711 3609 4763 et

192 4808 469 4876 suetudo,
491 4823 617 4880 qua
644 4822 762 4862 non
795 4802 1014 4872 minus,
1038 4819 1216 4874 quam
1247 4802 1577 4875 perniciosa
1606 4819 1845 4875 corrup-

191 4898 308 4956 tela
334 4884 573 4954 v‘itanda
602 4899 710 4963 est,
745 4893 859 4949 nisi
909 4891 1084 4949 citius
1131 4891 1414 4947 radicitus
1455 4891 1751 4961 evellatur,
1785 4892 1846 4948 in

193 4986 630 5062 privilegiorum
652 4986 756 5058 jus
785 4984 858 5039 ab
904 4980 1191 5054 improbis
1229 4979 1674 5037 assumiturzet
1701 4980 1847 5037 inci-

192 5078 365 5151 piunt
395 5073 898 5149 pravaricationes
927 5076 986 5128 et
1013 5069 1185 5127 varia
1216 5070 1726 5143 prasumptioncs,
1750 5088 1848 5126 ce-

192 5165 429 5225 lerrime
473 5180 589 5219 non
640 5179 987 5235 compressa
1046 5177 1149 5233 pro
1199 5158 1431 5231 legibus
1477 5159 1761 5225 venerari,
1795 5163 1852 5215 et

194 5254 635 5330 privilegiorum
677 5268 838 5307 more
885 5254 1165 5324 perpetuo
1196 5247 1495 5305 celebrari.
1529 5248 1714 5320 Igitur
1744 5266 1851 5304 nos

194 5345 258 5401 in
290 5344 666 5417 prafatorum
690 5334 1033 5396 clericorum
1064 5337 1433 5395 restitutione
1463 5336 1700 5410 gradus,
1725 5353 1851 5392 om-

199 5433 376 5491 nibus
398 5432 687 5487 hactenus
708 5428 1069 5502 argumentis
1092 5428 1201 5483 rite
1222 5426 1499 5495 collectis,
1515 5431 1573 5481 et
1588 5425 1852 5481 omnium

196 5526 460 5581 vestrum
481 5520 718 5578 hortatu
741 5516 1030 5592 generalis
1055 5518 1333 5573 incitante
1357 5533 1701 5587 consensus,
1725 5533 1855 5571 om-

1949 4800 2120 4872 juxta
2140 4814 2364 4854 morem
2388 4797 2517 4853 aliis
2538 4798 3004 4871 metropolitanis
3026 4798 3387 4855 antistitibus
3408 4797 3609 4853 deﬁni-

1954 4889 2050 4957 tis,
2075 4887 2249 4961 pallio
2275 4904 2309 4943 a
2333 4888 2469 4943 sede
2495 4887 2812 4960 apostolica
2832 4905 3106 4945 concesso
3127 4888 3232 4944 uti.
3256 4887 3418 4954 Quod
3437 4884 3605 4941 valde

1955 4975 2308 5051 displicet,si
2338 4977 2394 5032 id
2427 4995 2461 5032 a
2490 4977 2798 5033 sanctitate
2828 4982 2929 5033 tua
2959 4977 3131 5033 fuerit
3155 4974 3301 5032 elate
3328 4974 3604 5031 commis-

1957 5084 2112 5134 sum,
2129 5071 2193 5122 ut
2213 5065 2565 5123 humilitatis
2587 5066 2765 5122 oblita
2785 5067 3011 5123 caeteris
3036 5065 3312 5121 fratribus
3333 5064 3457 5121 suis
3480 5068 3604 5120 stu-

1959 5157 2091 5213 deat
2111 5154 2292 5212 videri
2318 5156 2655 5212 sublimior:
2677 5156 2944 5228 quamvis
2974 5156 3083 5211 hoc
3116 5172 3232 5210 non
3262 5156 3336 5211 ad
3366 5153 3604 5209 inanem

1958 5246 2206 5319 gloriam
2238 5246 2520 5301 utendum
2554 5245 2648 5314 sit,
2682 5246 2782 5301 sed
2823 5246 2896 5301 ad
2937 5249 3209 5301 ornatum
3258 5248 3605 5301 cunctarum

1959 5334 2241 5390 virtutum
2266 5335 2638 5407 gestandum.
2654 5334 2816 5401 Quod
2836 5334 2984 5390 bene
3004 5337 3264 5406 tempore
3285 5350 3400 5405 quo
3418 5332 3609 5405 ipsius

1963 5424 2122 5497 pallii
2147 5441 2322 5479 usum
2346 5441 2379 5478 a
2399 5425 2537 5479 sede
2568 5423 2885 5496 apostolica
2911 5422 3240 5496 percepisti,
3257 5422 3471 5494 scripto
3503 5438 3611 5494 pa-

1964 5513 2115 5587 gina
2144 5530 2304 5568 more
2353 5512 2522 5568 solito
2554 5513 2659 5569 tibi
2691 5517 2992 5569 ostensum
3044 5516 3215 5585 atque
3273 5514 3611 5584 perceptum

1965 5604 2269 5674 cst.Cujus
2301 5619 2446 5657 usus
2478 5602 2526 5657 si
2558 5602 2904 5659 fraternitati
2927 5607 3039 5658 tua
3070 5619 3104 5657 a
3132 5602 3268 5658 sedc
3299 5600 3619 5673 apostolica

1968 5693 2128 5750 omni
2160 5697 2420 5763 tempore
2450 5708 2766 5748 concessus
2795 5697 2902 5763 est,
2924 5691 3058 5749 licet
3088 5691 3164 5748 sit
3192 5694 3403 5765 prater
3423 5689 3618 5746 Eccle-

1971 5782 2068 5839 sia
2090 5781 2575 5838 consuetudinem
2597 5787 2929 5856 perceptus,
2953 5800 3020 5840 ac
3042 5800 3145 5856 per
3171 5781 3280 5839 hoc
3305 5780 3618 5838 rationabi-

202 5613 506 5670 nimodam
527 5606 959 5667 conniventiam
986 5606 1240 5678 prabcre
1266 5606 1527 5678 potuisse
1550 5622 1853 5679 cognosco.

203 5704 316 5760 Sed
340 5699 618 5776 quoniam
652 5715 770 5755 non
801 5694 1126 5753 secundum
1148 5696 1447 5751 decretum
1469 5700 1735 5751 nostrum
1757 5713 1858 5751 eo-

204 5809 336 5850 rum
355 5789 711 5848 examinatio
733 5804 897 5845 mera
914 5789 972 5842 et
996 5784 1248 5858 perfecta
1269 5784 1557 5842 discussio
1575 5785 1859 5859 provenit,
