4138 6462
555 433 707 494 1111

1923 440 2240 503 NICOLAI
2262 427 2515 505 ῬΑΡΛΕ
2557 444 2607 504 Ι.

3851 449 4017 510 iiii

552 562 689 622 liter
710 564 1073 624 amittendus
1097 566 1257 642 (nam
1286 568 1653 644 privilegium
1685 575 1966 641 meretur,
1988 577 2055 629 ut
2084 590 2216 630 san-
2241 574 2298 642 Α
2325 573 2451 631 lieae
2480 574 2791 646 institutis,
2819 577 2907 634 vel
2948 577 3023 634 ab
3066 577 3400 637 obedientia
3449 595 3631 654 quam
3681 578 4020 655 exigimus,

555 659 687 712 ctus
708 672 862 728 papa
881 657 1225 730 Simplicius
1257 659 1906 735 scribit,amittere,qui
1935 680 2217 720 concessa

554 745 669 801 sibi
686 746 956 801 abutitur
976 749 1303 820 potestate),
1317 753 1515 805 tamen
1534 750 1624 806 his
1643 752 1861 809 nostris
1876 753 2214 809 admonitus

555 840 959 907 competenter
978 837 1278 906 affatibus,
1305 840 1474 896 stude
1496 840 1577 897 ita
1607 843 1870 898 modeste
1899 843 2008 900 hoc
2036 844 2218 913 uti,ut

556 941 662 981 nec
702 924 877 1001 elatio
912 927 1124 983 mentis
1155 927 1412 996 invadat,
1439 947 1545 986 nec
1578 932 1868 1002 jactantia
1895 933 2081 1001 inﬂet,
2110 952 2216 991 nec

555 1031 708 1070 vana
736 1014 920 1087 gloria
947 1015 1234 1085 vulneret,
1259 1035 1364 1074 nec
1388 1020 1609 1075 nodum
1643 1023 1892 1094 propriae
1913 1022 2216 1096 dignitatis

556 1104 814 1170 excedat,
839 1121 943 1160 nec
973 1107 1381 1178 temperantia,
1405 1110 1532 1165 sine
1572 1126 1689 1177 qua
1719 1116 1936 1167 caetera:
1970 1113 2217 1171 virtutes

555 1191 905 1264 imperfecta;
941 1194 1585 1263 eonsistunt,oblivioni
1618 1201 1905 1257 tradatur.
1929 1202 2216 1275 Optamus

551 1280 979 1339 fraternitatem
1002 1290 1256 1341 vestram
1288 1305 1443 1343 nunc
1475 1293 1533 1344 et
1563 1306 1797 1362 semper
1826 1291 1973 1348 bene
2000 1293 2212 1350 valere.

554 1370 701 1426 Data
726 1389 829 1427 vm
862 1373 1001 1429 Idus
1030 1374 1389 1445 Decembris,
1417 1376 1736 1435 indictione
1763 1398 1854 1435 xv.

1320 1485 1452 1541 CIX.

1065 1591 1140 1628 AD
1179 1590 1452 1631 CAROLUM
1493 1594 1683 1633 REGEM
1692 1621 1704 1633 .

1203 1666 1392 1737 (Anno
1420 1668 1571 1739 866.)

555 1749 861 1821 Respondet
881 1750 952 1806 ad
970 1755 1275 1824 superiores
1292 1755 1409 1827 ejus
1432 1757 1640 1814 litteras
1658 1759 1723 1815 de
1744 1762 1909 1829 gestis
1928 1763 1989 1817 in
2008 1763 2213 1835 synodo

1184 1828 1585 1882 Suessionensz‘.

1228 1842 1585 1884 uesszonensz.

1074 1915 1259 1987 [Apud
1294 1916 1502 1985 Mansi,
1537 1918 1698 1994 ibat]

626 1999 917 2058 NICOLAUS
947 2002 1279 2077 episcopus,
1308 2023 1511 2064 servus
1534 2026 1833 2067 servorum
1857 2012 1981 2085 Dei,
2004 2012 2213 2071 dilecte

551 2090 673 2146 filio
703 2091 934 2147 Canem
965 2092 1222 2167 glorioso
1254 2096 1397 2169 regi.

564 2226 571 2227 κ
622 2179 768 2235 Cum
789 2181 969 2237 talem
992 2199 1054 2238 se
1075 2183 1269 2256 gloria
1288 2190 1476 2243 vertra
1496 2189 1650 2246 circa
1674 2209 1781 2247 nos
1803 2208 2038 2265 semper
2056 2193 2214 2250 exhi-

550 2269 782 2335 beat,et
818 2271 1222 2345 frequentibus
1253 2275 1339 2331 vel
1388 2276 1603 2335 litteris
1633 2280 1723 2336 vel
1761 2280 1969 2355 legatis
2008 2285 2210 2340 missis

549 2375 689 2432 erga
703 2361 1070 2432 pontiﬁcium
1090 2368 1359 2421 nostrum
1377 2367 1592 2423 devotae
1611 2368 1965 2427 visitationis
1983 2372 2207 2429 cultum

547 2447 875 2520 impendat,
903 2453 961 2507 et
988 2453 1239 2508 decretis
1288 2457 1506 2513 nostris
1551 2459 1899 2515 obedientiae
1929 2460 2211 2519 sublimia

549 2536 702 2593 colla
730 2541 983 2611 gratanti
1015 2540 1291 2599 facilitate
1320 2545 1664 2603 submittat:
1704 2550 1940 2606 nonnisi
1970 2552 2208 2609 beatum

550 2625 788 2682 Petrum
821 2629 1151 2700 apostolum
1192 2632 1531 2690 dilectorem
1563 2654 1758 2706 suum,
1793 2640 1963 2711 cujus
2012 2640 2207 2698 locum

550 2714 778 2770 meritis
818 2717 1032 2789 oppido
1071 2718 1472 2792 discrepantes
1510 2724 2005 2800 observamusﬂin
2037 2731 2208 2788 nobis

548 2804 839 2862 honorare
866 2823 928 2862 se
954 2808 1126 2864 debet
1157 2827 1261 2882 pro
1281 2815 1437 2868 certo
1459 2830 1810 2887 cognoscere
1838 2836 1850 2873 :
1876 2818 1994 2876 imo
2021 2821 2205 2878 Deum

546 2892 608 2949 in
642 2911 748 2950 suo
781 2896 1044 2967 apostolo
1063 2900 1462 2974 venerari,qui
1485 2907 1543 2959 et
1569 2907 1792 2963 sanctis
1823 2909 1948 2966 suis
1980 2914 2205 2969 tantam

543 2982 794 3056 gloriam
828 2985 1120 3054 tribuit,et
1149 3006 1257 3045 nos
1289 2990 1703 3051 sollicitudinis
1725 3013 1927 3054 eorum
1946 2999 2206 3059 haeredes

544 3088 612 3127 ac
634 3088 1007 3130 successores
1028 3093 1158 3133 esse
1184 3080 1506 3137 constituit.
1521 3084 1631 3139 Sed
1655 3088 1713 3141 et
1740 3103 1848 3143 nos
1879 3089 2204 3161 gratiarum

543 3159 803 3217 actiones
831 3164 1155 3236 condignas
1202 3174 1486 3241 promptze
1517 3172 1806 3230 devotioni
1827 3159 2028 3233 vestrae
2059 3180 2204 3235 refe-

543 3254 759 3319 rentes,
777 3251 964 3309 multo
989 3256 1178 3328 magis
1204 3258 1331 3329 ejus
1357 3260 1810 3334 omnipotentiae,
1828 3284 1929 3339 per
1950 3285 2127 3340 quem
2148 3275 2205 3325 et

2242 1958 2290 2024 B

2327 665 2696 722 avertissent.
2723 667 2848 724 Non
2868 668 3025 724 enim
3048 685 3155 725 nos
3176 669 3635 726 inobedientiam
3662 670 4023 744 praedicavi-

2327 770 2482 825 mus,
2505 755 2593 811 vel
2626 773 2697 812 ne
2728 757 3234 831 obtemperaretur
3270 760 3519 816 decretis
3558 760 3728 817 sedis
3770 766 4021 834 aposto-

2326 842 2447 899 licaa
2498 844 2875 904 deﬁnivimus
2909 864 2922 903 :
2958 865 3095 904 cum
3136 849 3333 920 potius
3370 849 3597 906 eisdem
3636 852 4022 907 testantibus

2326 932 2668 1007 privilegiis,
2697 935 2856 993 salvo
2890 938 3178 994 Romanis
3210 938 3369 995 sedis
3409 939 3471 994 in
3510 940 3809 997 omnibus
3832 942 4021 1013 jussu

2326 1028 2505 1096 atque
2529 1024 2776 1095 judicio,
2803 1027 3115 1099 synodum,
3152 1044 3329 1100 quam
3360 1027 3457 1084 ille
3488 1045 3593 1100 pro
3642 1028 4019 1086 clericorum

2326 1112 2649 1184 dejectione
2689 1120 3150 1172 memoratorum
3182 1116 3514 1191 collegerat,
3542 1117 3858 1176 stabiliter
3887 1138 4021 1176 esse

2327 1203 2681 1258 manendam
2724 1204 3133 1261 eensuerimus
3168 1222 3181 1260 :
3215 1210 3273 1261 et
3301 1223 3369 1262 ea
3419 1206 3769 1264 conditione
3820 1210 4020 1281 ipsius

2325 1290 2613 1365 privilegii
2634 1297 2897 1349 tenorem
2920 1293 2971 1349 ei
3002 1294 3520 1363 ﬁrmaverimus,si
3551 1314 3885 1370 nunquam
3920 1299 4021 1356 ille

2326 1397 2361 1435 a
2386 1381 2543 1438 sedis
2576 1383 2908 1454 apostolicae
2939 1385 3427 1457 praceptionibus
3479 1386 3685 1460 aliquo
3740 1394 4020 1461 tempore

2323 1469 2736 1543 discrepasset.
2763 1473 3003 1530 Frustra
3023 1489 3159 1549 ergo
3178 1473 3482 1549 privilegia
3501 1492 3536 1531 a
3557 1476 3709 1533 sede
3731 1478 3854 1535 sibi
3886 1496 4024 1552 apo-

2324 1559 2531 1616 stolica
2556 1578 2853 1630 concessa,
2878 1579 2950 1618 ne
2972 1564 3305 1622 sanctiones
3324 1564 3552 1638 explere
3575 1570 3837 1625 nostras
3860 1584 4025 1626 acce-

2323 1646 2556 1719 leraret,
2575 1655 2869 1708 asseverat
2889 1651 3242 1725 impedisse:
3269 1671 3405 1711 cum
3427 1658 3664 1717 constet
3687 1657 3937 1730 potius,
3960 1665 4023 1715 ut

2322 1738 2589 1811 ipsorum
2611 1743 2803 1796 textus
2824 1740 3244 1815 insinuat,quo
3269 1744 3458 1818 magis
3486 1745 3557 1802 ad
3591 1747 4020 1807 obediendum

2322 1827 2494 1885 nobis
2525 1828 2896 1900 acceleraret,
2924 1847 2992 1887 ea
3021 1831 3179 1888 hunc
3209 1832 3621 1906 multipliciter
3649 1836 4023 1895 admonuis-

2323 1933 2386 1973 se
2412 1934 2426 1973 :
2461 1922 2638 1991 atque
2667 1917 2717 1975 si
2746 1923 2893 1988 rata,
2911 1937 3040 1992 quae
3071 1920 3187 1978 sibi
3216 1921 3429 1979 collata
3458 1923 3729 1993 fuerant,
3754 1927 3931 1983 circa
3961 1945 4023 1985 se

2323 2006 2539 2063 sentire
2566 2007 2866 2078 voluisset,
2903 2010 2976 2066 ad
3007 2011 3535 2084 obtemperandum
3564 2013 3891 2075 institutis
3924 2036 4025 2074 no-

2323 2096 2463 2151 stris
2495 2113 2557 2152 se
2587 2097 2687 2153 illa
2717 2098 2950 2171 plenius
2989 2116 3058 2156 ac
3094 2100 3494 2158 abundantius
3525 2102 3854 2163 incitasse.
3887 2107 4024 2165 Glo-

2321 2185 2665 2245 riosissimze
2687 2193 2964 2261 presteres
2994 2188 3265 2247 charitati
3289 2195 3492 2247 vestrm
3514 2193 3720 2250 denuo
3750 2213 3869 2269 pro
3901 2197 4023 2254 Bal-

2321 2274 2503 2331 duino
2531 2277 2754 2349 gratias
2784 2278 3037 2351 agimus,
3063 2280 3256 2337 denuo
3298 2280 3451 2338 circa
3485 2299 3622 2339 eum
3661 2285 4019 2345 exhibitura

2320 2367 2555 2420 tantum
2589 2365 2867 2423 inclinem
2887 2372 3091 2424 vestras
3122 2369 3446 2427 devotionis
3476 2372 3770 2431 affectum
3800 2373 4020 2437 lauda-

2320 2455 2678 2523 mus,denuo
2702 2457 2856 2529 quod
2887 2458 3070 2527 deest,
3106 2457 3319 2517 oblatis
3347 2477 3451 2533 pro
3482 2477 3549 2518 eo
3594 2463 4021 2535 petitionibus

2292 2614 2293 2617 η
2320 2543 2559 2611 nostris,
2592 2546 2851 2618 suppleri
2882 2564 2985 2619 per
3012 2548 3249 2620 pietatis
3277 2554 3479 2607 vestrae
3510 2552 4018 2614 munificentiam

2319 2633 2722 2706 deprecamur.
2755 2635 2994 2692 Justum
3021 2636 3180 2693 enim
3201 2641 3310 2707 est,
3337 2642 3402 2693 ut
3431 2639 3885 2716 bonum,quod
3916 2664 4018 2719 pro

2317 2721 2640 2779 divinitatis
2663 2729 2931 2797 respectu
2952 2725 3123 2782 nobis
3142 2726 3681 2787 intervenientibus
3702 2735 4017 2808 empistis,

2318 2816 2384 2868 ut
2404 2812 2746 2869 obedientim
2768 2831 2834 2870 ae
2848 2815 3204 2888 dapsilitatis
3224 2821 3634 2892 vestrm,atque
3657 2820 4016 2882 clementia

2317 2917 2541 2958 merces
2560 2902 2817 2975 perfecta
2837 2904 2913 2959 sit
2929 2921 3341 2963 consummare
3367 2907 3644 2966 benevole
3671 2915 4013 2987 satagatis.

2315 2991 2398 3048 De
2418 2996 2644 3059 caetero,
2660 2992 3028 3062 charissime,
3044 2994 3180 3068 vigil
3206 3000 3351 3075 esto,
3367 3002 3423 3053 et
3443 2997 3698 3055 solerter
3720 3000 4016 3061 intentus

2314 3081 2471 3138 circa
2500 3086 2765 3138 sanetam
2800 3083 3125 3142 Romanam
3158 3084 3494 3156 Ecclesiam,
3519 3092 3578 3144 et
3604 3105 3757 3162 erga
3792 3095 4015 3151 sedem

2314 3169 2720 3241 apostolicam,
2744 3172 3247 3243 quemadmodum
3282 3174 3385 3231 Dei
3414 3175 3677 3234 cultores
3710 3189 4018 3253 parentes

2312 3265 2539 3316 vestros
2560 3260 2853 3317 exstitisse
2882 3262 3165 3319 nonnulla
3185 3263 3402 3337 scripta
3425 3269 3481 3322 et
3509 3268 3886 3340 probabiles
3909 3273 4017 3328 viri

548 3357 652 3412 pro
667 3343 837 3414 cujus
856 3343 1091 3401 nomine
1108 3346 1249 3402 talia
1272 3355 1571 3420 gerantur,
1593 3352 1796 3411 laudes
1819 3337 2055 3415 assidue
2074 3377 2202 3432 per-

2319 3351 2637 3405 testantur:
2664 3350 2943 3422 quoniam
2976 3352 3091 3409 illa:
3114 3354 3349 3426 penitus
3379 3337 3576 3425 vestri,
3600 3357 4016 3419 dilectarum-

541 3431 767 3488 solvere
788 3451 905 3488 non
928 3451 1249 3493 cessamus.
1269 3439 1350 3495 De
1371 3443 1687 3508 caetero,tili
1707 3431 2210 3521 charissime,gra-

544 3523 630 3575 tes
658 3521 764 3593 piae
790 3522 1138 3596 benignitati
1159 3531 1363 3583 vestrae
1388 3531 2084 3606 rependimus,quoniam
2117 3544 2205 3594 to~

537 3612 669 3664 tum
692 3611 1053 3669 desiderium
1078 3632 1253 3671 suum
1271 3616 1552 3691 colligens
1574 3621 1634 3676 in
1662 3624 2020 3694 dejeetorum
2044 3627 2207 3684 cleri-

539 3714 744 3754 corum
785 3704 1188 3775 recuperando
1240 3709 1420 3776 statu,
1451 3711 1680 3767 studuit
1726 3712 1920 3771 delere
1968 3734 2201 3787 noxam,

536 3803 717 3856 quam
742 3787 803 3843 in
825 3790 1191 3863 depositione
1218 3794 1481 3868 ipsorum
1505 3816 1857 3859 consensum
1889 3806 2204 3878 prasbendo

536 3880 929 3934 contraxerat.
950 3880 1021 3935 Et
1045 3882 1344 3940 credimus
1375 3889 1531 3958 quod
1572 3896 1807 3962 superet
1837 3910 2063 3952 merces
2084 3896 2204 3954 ala-

533 3964 966 4040 critatis,quam
987 3987 1147 4027 nunc
1166 3972 1458 4031 habuistis
1480 3977 1539 4032 in
1560 3981 1908 4052 receptione,
1923 3984 2203 4043 delictum

533 4055 688 4126 quod
704 4057 1136 4117 commiseratis
1153 4062 1211 4117 in
1227 4079 1427 4120 eorum
1445 4066 1670 4124 dudum
1686 4071 2021 4143 repulsione
2038 4092 2050 4131 :
2067 4093 2207 4154 quo_

534 4144 693 4201 niam
713 4145 873 4203 istud
897 4148 995 4204 Dei
1021 4167 1241 4221 amore,
1260 4152 1403 4210 illud
1428 4155 1689 4215 hominis
1706 4144 2207 4240 subreptionepa:

532 4238 754 4291 tratum
772 4238 1309 4299 est.Verumtamen
1332 4244 1723 4315 hortamur,et
1746 4249 1899 4306 sicut
1921 4238 2200 4313 dilectum

535 4323 722 4381 tilium
757 4327 1386 4398 admonemus,cavere
1405 4352 1509 4392 vos
1541 4353 1612 4393 ne
1644 4338 1864 4397 talibus
1890 4343 1962 4399 de
1995 4349 2201 4403 caetero

533 4415 965 4473 conniventiam
989 4418 1159 4477 facile
1192 4423 1467 4480 tribuatis
1492 4443 1505 4481 :
1533 4428 1815 4498 quoniam
1843 4433 1997 4503 quod
2026 4433 2200 4492 hodie

533 4504 942 4573 committitur,
987 4513 1188 4565 utrum
1240 4512 1313 4567 ad
1371 4515 1844 4573 emendationem
1894 4525 2198 4592 pervenire

534 4593 890 4664 quandoque
913 4594 1102 4652 valeat
1123 4599 1448 4671 ignoratur.
1467 4602 1613 4659 Illud
1636 4610 1916 4677 praeterea
1935 4627 2198 4670 comme-

2317 3454 2430 3509 que
2443 3442 2794 3509 vestrorum,
2812 3457 2992 3513 penes
3017 3441 3419 3514 apostolorum
3431 3445 3861 3506 confessiones
3887 3453 4015 3508 nul

2314 3523 2369 3582 lo
2392 3528 2565 3583 modo
2590 3532 2865 3600 poterunt
2887 3529 3167 3587 oblivisci.
3185 3532 3265 3588 De
3285 3532 3572 3590 restitutis
3591 3552 3736 3593 vero
3760 3538 4017 3598 clericis

2316 3617 2457 3688 quid
2500 3618 2952 3687 drcreverimus,
2980 3620 3231 3693 epistola
3272 3626 3474 3678 nostra
3514 3622 3687 3680 fratri
3718 3632 3783 3683 et
3814 3631 4015 3703 coepi-

2316 3722 2492 3779 scopo
2516 3715 2714 3763 nostro
2741 3709 3055 3766 Hincmaro
3081 3710 3267 3767 missa
3295 3711 3536 3768 recitata
3564 3714 3903 3786 sapientia:
3926 3736 4012 3776 ve-

2314 3798 2446 3851 strae
2465 3796 2707 3853 auribus
2724 3797 2936 3869 poterit
2959 3798 3250 3856 intimare.
3267 3800 3550 3873 Optamus
3569 3804 4008 3865 excellentiam

2314 3889 2564 3941 vestram
2588 3885 2649 3941 in
2662 3886 2892 3943 Christo
2910 3905 3066 3944 nunc
3087 3891 3146 3944 et
3158 3906 3390 3962 semper
3413 3889 3560 3951 bene
3573 3891 3807 3966 valere,
3827 3897 4009 3955 dilec-

2313 3975 2541 4033 tissime
2564 3975 2666 4031 ﬁli.
2691 3975 2837 4033 Data
2858 3995 2959 4033 VIII
2984 3978 3121 4034 ldus
3152 3978 3510 4048 Decembris,
3530 3981 3891 4046 indictione
3911 4006 4004 4045 xv.

2370 4137 2443 4210 (a)
2466 4154 2538 4193 AD
2568 4155 2864 4195 W’LFADUM
2895 4156 3678 4284 αῐῗὲηαυλέἓὲῗκεκδεωβτ
3707 4161 3953 4207 SOCIOS.

3025 4228 3140 4266 nno
3284 4255 3296 4265 .

3025 4228 3140 4266 uno
3170 4228 3296 4266 ὅου.

2314 4296 2634 4353 Gratulatur
2656 4297 2720 4353 de
2741 4299 3369 4377 ipsoramreslitatione,
3386 4317 3551 4373 quam
3578 4312 3769 4362 ratam
3803 4308 3996 4377 habet,

2378 4379 2664 4441 monetque
2700 4386 2769 4425 ne
2816 4372 3056 4443 injurias
3084 4371 3442 4440 ulciscantur,
3473 4382 3525 4430 et
3570 4383 3633 4431 ut
3677 4371 3996 4439 Hincmaro

2374 4444 2689 4513 praesertim
2717 4443 3078 4498 reverentiam
3101 4445 3415 4500 exhibeant.

2824 4515 3012 4587 (Apud
3044 4514 3253 4583 Mansi,
3288 4516 3451 4586 ibid.)

2377 4602 2667 4659 NICOLAUS
2708 4604 3041 4676 episcopus,
3066 4622 3270 4661 servus
3311 4624 3610 4663 servorum
3643 4609 3783 4681 Dei,
3823 4632 3993 4673 vene-

533 4696 763 4736 morare
780 4681 1106 4757 libet,quod
1131 4686 1281 4744 inter
1297 4690 1412 4745 alia
1432 4692 1688 4764 epistola;
1705 4702 1910 4755 vestra;
1928 4701 1998 4756 de
2016 4702 2193 4761 fratre
2224 4717 2269 4782 D
2303 4690 2587 4748 rabilibus
2613 4691 2839 4749 clericis
2858 4693 3339 4766 Wlfadoscilicet
3362 4700 3420 4752 et
3449 4698 3679 4755 ceteris
3706 4704 3825 4774 qui
3850 4723 3987 4761 cum

531 4772 589 4825 et
608 4770 952 4845 coepiscopo
984 4780 1182 4832 nostro
1214 4778 1526 4837 Hincmaro
1555 4786 1748 4841 textus
1779 4791 2065 4860 enuntiat,
2102 4793 2188 4848 di-

531 4875 669 4916 cens
690 4860 981 4931 videlicet,
1000 4867 1154 4937 quod
1182 4868 1420 4925 omnino
1450 4881 1876 4946 consequenter
1895 4896 2029 4936 cum
2062 4883 2193 4939 reli-

531 4947 666 5019 quis
710 4954 1229 5013 eonsacerdotibus
1261 4958 1499 5015 omnino
1548 4962 1775 5035 explere
1822 4970 2188 5045 acceleraret,

530 5036 639 5093 nisi
658 5039 827 5110 juxta
850 5042 1218 5115 privilegium
1243 5046 1566 5105 decessoris
1589 5054 1773 5109 nostri
1793 5056 1990 5113 domni
2017 5036 2191 5118 Bene:

532 5125 761 5192 dicti,et
782 5135 1375 5200 nostrum,summam
1394 5138 1563 5195 nobis
1584 5147 1993 5202 reservandam
2017 5152 2189 5222 coepti

530 5214 602 5269 de
622 5218 994 5278 restitutione
1017 5222 1291 5280 docerent
1312 5228 1816 5299 negotii.Quorum
1836 5234 2057 5293 scilicet
2079 5214 2190 5312 pri-

527 5303 876 5377 vilcgiorum
898 5313 1159 5368 tenorem
1188 5315 1235 5371 si
1261 5333 1373 5371 non
1400 5318 1614 5375 suatim
1641 5322 1822 5377 frater
1846 5324 2190 5387 Hincmarus

529 5395 739 5465 partim
759 5397 1086 5468 celasset,et
1106 5405 1534 5479 qua'dam,quze
1558 5409 1675 5465 illic
1697 5411 1990 5471 habentur
2008 5417 2189 5476 inser-

526 5489 607 5546 ta,
632 5487 885 5555 quadam
927 5491 1147 5547 astutia
1184 5495 1502 5566 cognitioni
1544 5504 1844 5558 communi
1890 5514 2179 5579 negasset,

527 5574 821 5631 neminem
857 5583 1135 5649 putamus
1162 5582 1462 5657 privilegia
1491 5593 1693 5644 nostra
1715 5608 1748 5645 a
1771 5591 1929 5647 sedis
1959 5602 2182 5667 aposto-

600 5682 674 5749 (a)
696 5682 779 5761 _Ad
806 5686 1079 5761 ll’tﬁulum
1107 5698 1159 5745 et
1183 5694 1370 5747 socios.
1399 5693 1611 5749 Wll‘adi
1636 5696 1891 5755 vicissim
1921 5706 1976 5757 et
1996 5706 2181 5761 socio-

529 5768 658 5807 rum
692 5753 750 5809 in
782 5753 976 5814 codice
1010 5761 1383 5819 Laudunensi
1414 5770 1601 5823 exstat
1635 5753 1977 5841 epistola
1997 5753 2178 5834 ~Nico-

2298 4798 2366 4837 eo
2392 4782 2618 4837 dudum
2645 4782 2915 4854 depositi,
2944 4800 3100 4839 nunc
3119 4801 3254 4841 vero
3278 4785 3505 4849 decreto
3537 4789 3704 4846 sedis
3734 4800 3987 4865 aposto-

2300 4866 2422 4923 licaa
2445 4885 2510 4924 ac
2532 4868 2797 4941 synodali
2819 4870 3287 4945 promulgatione
3310 4875 3568 4932 restituti
3584 4877 3707 4935 Deo
3731 4888 3985 4949 auctore

2300 4958 2654 5014 consistunt.

2371 5045 2588 5103 Divinas
2618 5047 3013 5106 miserationis
3044 5050 3473 5123 plenitudinem
3495 5056 3809 5117 neminem
3832 5064 3979 5121 velle

2300 5135 2506 5209 perire,
2524 5155 2628 5194 nee
2654 5139 2726 5194 de
2752 5144 2981 5201 sacrato
3002 5158 3249 5197 numero
3269 5144 3466 5216 gregis
3491 5145 3585 5201 sui
3607 5163 3760 5208 casu
3784 5154 3978 5226 quoli-

2299 5225 2395 5281 bet
2419 5227 2704 5298 decidere,
2730 5228 3064 5303 nullus,qui
3098 5231 3332 5289 divitias
3356 5234 3637 5291 bonitatis
3666 5225 3824 5311 ejus,
3844 5261 3977 5302 con.

2298 5314 2536 5384 siderat,
2564 5334 2805 5389 prorsus
2849 5318 3098 5391 ignorat,
3127 5337 3262 5377 cum
3312 5322 3487 5379 etiam
3542 5330 3791 5400 proprio
3826 5333 3971 5391 Filio

2298 5420 2414 5459 non
2447 5407 2788 5479 perpecerit.
2815 5408 2916 5464 sed
2966 5425 3070 5481 pro
3122 5410 3292 5467 nobis
3323 5414 3598 5472 omnibus
3649 5420 3972 5479 tradiderit

2296 5493 2465 5550 illum
2497 5498 2669 5567 (Rom.
2696 5496 2817 5569 vnn)
2846 5514 2859 5553 :
2890 5498 3060 5569 cujus
3091 5500 3233 5569 ovis,
3258 5518 3384 5573 quas
3425 5506 3703 5576 perierat,
3726 5511 3967 5582 pietatis

2296 5582 2558 5640 humeris
2580 5592 2913 5657 reportatur
2933 5588 3003 5643 ad
3028 5605 3296 5664 gregem;
3317 5594 3605 5667 cujusque
3625 5595 3964 5659 clementia:

2291 5690 2537 5760 laum,in
2554 5710 2669 5764 qua
2683 5694 2908 5765 gratias
2919 5696 3187 5768 aguntde
3202 5714 3312 5754 sua
3323 5700 3720 5774 restitutione,
3728 5714 3964 5779 petunt-

2291 5798 2402 5853 que
2426 5785 2489 5837 ut
2512 5782 2624 5838 sibi
2649 5782 2885 5840 altiores
2906 5786 3126 5857 gradus
3148 5788 3387 5859 provehi
3409 5789 3599 5849 liceat.
3630 5792 3761 5852 Jac.
3790 5800 3956 5856 Sina.
