4138 6458
223 451 378 513 1121

1441 446 1848 513 EPISTOLIE
1891 450 1994 512 ET
2038 450 2423 514 DEGltE'I‘A.

3481 457 3638 522 1122

218 582 626 658 praecipientes
653 584 966 657 quatenus,
999 582 1050 639 si
1080 580 1163 639 ita
1189 598 1393 639 verum
1423 585 1512 639 est
1541 586 1606 638 ut
1634 582 1732 639 isti
1782 581 1873 637 di-
1903 585 1955 653 Α
1988 582 2294 640 sollicitius
2324 588 2380 642 et
2405 584 2616 642 melius
2647 586 3027 660 recorrigant.
3041 588 3160 662 Ipsi
3188 606 3423 663 quoque
3447 590 3637 648 archi-

218 673 590 743 cunt,nullus
620 673 954 746 episcopus,
986 672 1074 730 vel
1104 672 1287 731 abbas
1316 689 1420 729 seu
1451 672 1874 730 monachorum

220 763 584 837 reliquorum
616 766 937 819 conventus
954 762 1294 819 monasticis
1306 762 1475 818 illum
1487 762 1708 836 regulis
1729 762 1875 818 invi-

219 857 352 909 tum
384 853 690 925 subjacere
712 850 1043 925 compellat,
1075 868 1265 924 neque
1290 851 1410 908 ullo
1449 853 1622 908 modo
1669 852 1877 907 fratres

219 943 275 1015 ej
285 960 353 998 us
366 959 469 1016 per
487 942 639 997 hanc
660 941 1024 998 occasionem
1045 940 1344 997 licentiam
1363 941 1617 998 habeant
1638 946 1880 1013 paterna
1934 964 1939 969 ·

220 1049 328 1089 seu
358 1035 623 1087 materna
651 1030 819 1086 illum
850 1029 1185 1087 haereditate
1234 1031 1459 1104 privare
1492 1048 1505 1086 :
1539 1032 1642 1087 scd
1693 1047 1880 1103 usque

223 1121 259 1176 d
272 1138 369 1176 um
401 1120 599 1176 divina
628 1119 1011 1192 inspiratione
1032 1125 1419 1192 compunctus
1433 1118 1667 1193 propria
1681 1119 1882 1176 volun-

222 1214 344 1265 tate
376 1208 589 1281 regulzs
621 1225 683 1265 se
714 1209 951 1275 subdat,
984 1208 1155 1263 liceat
1196 1226 1330 1263 eum
1381 1226 1415 1263 a
1462 1208 1779 1264 mundanis
1826 1211 1883 1265 et

223 1297 535 1354 laicalibus
569 1302 861 1354 remotum
894 1296 1296 1354 vocationibus
1326 1297 1413 1353 vel
1446 1297 1694 1370 negotiis
1733 1297 1885 1354 inter

226 1386 535 1461 religiosos
565 1392 621 1443 et
646 1386 1074 1443 ecclesiasticos
1103 1387 1257 1443 viros
1287 1386 1346 1442 in
1374 1388 1656 1443 canonica
1677 1388 1883 1459 degere

225 1477 367 1533 vita.
393 1476 516 1532 Non
548 1477 706 1533 enim
737 1480 1037 1549 putamus,
1071 1476 1226 1547 quod
1256 1475 1429 1543 absit,
1462 1477 1772 1532 canonicos
1795 1492 1885 1531 re-

224 1565 469 1639 ligiosos
498 1582 533 1621 a
563 1569 901 1621 sanctorum
934 1564 1359 1620 monachorum
1388 1565 1517 1621 vitae
1548 1568 1605 1620 et
1645 1581 1882 1620 consor-

226 1655 311 1710 tio
340 1656 703 1727 conjunctos,
740 1653 879 1726 quia
913 1652 1675 1726 unusquisque,secundum
1698 1659 1883 1726 Apos-

227 1743 440 1811 tolum,
474 1743 770 1817 propriam
803 1743 1130 1800 mercedem
1162 1741 1405 1815 accipiet
1446 1744 1768 1799 secundum
1800 1742 1882 1798 la-

229 1833 435 1889 borem
462 1849 659 1889 suum.

938 1919 1177 1977 CXVIII.

425 2028 496 2067 AD
535 2028 764 2067 ADONEI
800 2027 1294 2066 ARCHIEPISCOPUX
1331 2027 1708 2067 VIENNENSEM.

882 2102 1071 2166 (Anno
1103 2100 1252 2173 867.)

233 2196 321 2247 De
348 2192 633 2248 sententiis
662 2198 823 2262 atque
854 2189 1157 2316 interdictis
1202 2190 1346 2246 sedis
1385 2191 1713 2263 apostolica,
1749 2191 1894 2245 inter

996 2278 1028 2316 a
1058 2279 1133 2316 ια.

996 2278 1133 2317 ana.

855 2349 1092 2422 [Mansi,
1125 2348 1287 2423 ibid.]

309 2456 361 2513 1.
394 2456 469 2513 Ut
494 2456 915 2531 archiepiscopi
950 2456 1264 2513 canonicos
1294 2461 1617 2513 conventus
1660 2457 1717 2512 in
1760 2474 1891 2529 pro-

235 2546 445 2602 vinciis
476 2546 589 2602 sibi
620 2546 954 2602 commissis
984 2563 1119 2601 cum
1142 2546 1352 2602 timore
1378 2546 1481 2602 Dei
1511 2547 1760 2615 faciant;
1793 2545 1894 2601 ubi

236 2652 443 2692 omnes
475 2652 607 2691 cum
637 2635 1069 2691 venerabilibus
1100 2635 1390 2707 episcopis
1414 2635 1728 2691 nobiliores
1758 2652 1896 2708 pro-

238 2724 439 2780 vincia:
463 2725 839 2794 conveniant;
862 2725 1061 2797 ibique
1081 2724 1481 2796 integritatem
1504 2725 1637 2780 ﬁdei
1655 2730 1712 2781 et
1731 2741 1900 2781 cano-

237 2812 505 2869 nicarum
528 2813 864 2887 regularum
887 2813 1319 2869 observantiam
1356 2814 1619 2881 audiant,
1634 2817 1692 2869 et
1721 2814 1793 2869 ad
1819 2818 1899 2869 te-

240 2903 501 2957 nendum
527 2919 598 2957 ne
620 2902 884 2958 excusari
903 2902 1150 2975 possint,
1168 2903 1535 2959 subscribere
1556 2904 1896 2959 doceantur.

312 2991 381 3047 II.
406 2991 480 3047 Ut
510 2991 943 3064 metropolitani
974 2992 1231 3064 vigorem
1262 2990 1723 3048 ecclesiasticum
1749 3008 1901 3047 reve-

240 3079 470 3136 rentius
500 3083 751 3152 servent,
784 3084 841 3136 et
871 3079 989 3136 sive
1017 3080 1078 3136 in
1106 3080 1372 3143 vita.sive
1402 3081 1465 3136 in
1495 3080 1763 3136 doctrina
1783 3081 1901 3136 sin-

242 3168 434 3243 gulari
465 3169 808 3225 auctoritate
839 3170 1202 3243 praecellant;
1235 3169 1544 3226 saeculares
1596 3169 1901 3227 discursus

243 3263 302 3312 et
331 3256 562 3330 negotia
589 3258 810 3327 vitent;
840 3257 961 3314 zelo
992 3258 1228 3332 pietatis
1250 3258 1598 3315 inﬂammati
1620 3260 1901 3315 adversus

246 3329 642 3405 mundialium
665 3347 973 3403 hominum
994 3329 1288 3404 malitiam
1308 3349 1515 3404 fortius
1531 3352 1587 3405 et
1601 3348 1795 3404 verius
1818 3348 1903 3404 in-
1933 3329 1975 3397 (ἶ

246 3440 521 3509 surgant;
555 3436 850 3510 principes
884 3437 1045 3510 regni
1080 3437 1373 3494 adulando
1421 3455 1537 3494 non
1588 3437 1902 3510 decipiant,

247 3525 681 3598 provinciarum
713 3543 956 3582 suarum
990 3543 1233 3583 munere
1254 3527 1450 3583 divino
1483 3527 1593 3584 sibi
1624 3528 1902 3584 commis-

248 3631 451 3671 sarum
483 3613 544 3670 in
576 3615 852 3672 omnibus
882 3633 1084 3672 curam
1110 3616 1386 3674 habeant.

326 3704 425 3760 Ill.
460 3703 533 3760 Ut
560 3704 918 3778 suﬂ'raganei
967 3705 1349 3761 reverentiam
1408 3710 1465 3762 et
1518 3707 1908 3764 obedientiam

251 3793 606 3867 condignam
633 3794 1099 3868 metropolitanis
1120 3795 1247 3851 suis
1268 3794 1678 3864 exhibeant,ad
1700 3802 1909 3854 metro-

254 3882 581 3957 politanam
614 3883 813 3940 sedem
844 3884 1178 3940 obedientes
1211 3890 1547 3954 occurrant;
1581 3903 1791 3942 causas
1811 3904 1909 3942 ec-

251 3972 613 4029 clesiasticas
644 3989 779 4029 cum
830 3972 1283 4046 metropolitano
1336 3992 1442 4030 suo
1490 3974 1739 4031 ﬁdeliter
1778 3992 1909 4049 per-

249 4066 526 4131 tractent,
559 4066 615 4119 et
645 4063 717 4118 ab
748 4063 876 4135 ipso
908 4063 1157 4119 formam
1189 4062 1440 4135 qual;ter
1467 4062 1581 4135 ipsi
1627 4063 1689 4119 in
1727 4062 1908 4120 eccle-

254 4151 344 4209 sia
370 4168 478 4207 sua
502 4156 679 4225 agant
708 4152 1016 4224 accipiant.

329 4240 502 4297 lV.Ut
529 4240 947 4314 archiepiscopi
980 4245 1036 4297 et
1065 4241 1321 4315 episcopi
1346 4240 1543 4314 plebes
1573 4242 1661 4299 vel
1692 4243 1912 4316 baptis-

258 4329 442 4386 males
489 4330 766 4387 ecclesias
800 4330 855 4386 in
888 4331 1240 4387 dioecesibus
1290 4331 1415 4388 suis
1464 4348 1623 4387 more
1672 4332 1912 4405 antiquo

258 4420 644 4488 constituant,
668 4423 725 4475 et
754 4419 884 4475 laici
917 4436 951 4475 a
982 4419 1198 4475 talibus
1229 4437 1429 4476 cavere
1458 4421 1804 4490 doceantur;
1840 4422 1911 4477 ad

260 4526 409 4581 quos
462 4508 825 4581 reliquarum
856 4508 1237 4565 ecclesiarum
1269 4509 1422 4564 tituli
1455 4510 1817 4583 pertineant;
1851 4513 1917 4565 ut

258 4598 340 4654 ibi
373 4601 695 4655 conventus
726 4597 1008 4655 celebrior
1035 4598 1386 4671 populorum
1419 4600 1540 4668 fiat,
1568 4602 1624 4655 et
1652 4599 1919 4656 doctrina

1984 674 2241 747 episcopi
2272 679 2329 731 et
2355 674 2613 748 episcopi
2644 675 3023 748 cupiditatem
3046 694 3217 735 suam
3238 680 3642 748 cohibeant,ut

1985 761 2169 818 laicos
2193 763 2571 833 postmodum
2592 764 2666 820 ab
2690 763 2895 820 illicita
2914 767 3369 840 praesumptione
3398 767 3639 826 liberius

1986 850 2274 924 castigare
2303 851 2562 921 valeant;
2598 870 2787 924 neque
2809 853 2966 910 sicut
2997 855 3284 913 hactenus
3314 857 3530 914 factum
3554 862 3644 914 est

1989 940 2062 996 ad
2087 939 2432 996 scandalum
2451 945 2508 997 et
2524 942 2756 999 ruinam
2779 942 3101 999 multorum
3124 944 3315 1002 aliena
3344 953 3641 1019 appetant,

1988 1033 2047 1084 et
2066 1028 2210 1085 locis
2235 1030 2307 1085 ad
2330 1031 2435 1101 jus
2456 1048 2632 1086 suum
2654 1035 2712 1086 et
2735 1032 3140 1104 episcopatum
3165 1051 3278 1090 non
3307 1036 3647 1107 pertinenti-

1990 1118 2101 1174 bus
2132 1118 2419 1175 dominari
2452 1136 2568 1176 non
2597 1120 2995 1192 expostulent;
3028 1122 3130 1178 sed
3161 1125 3419 1181 contenti
3449 1126 3648 1182 termi-

1993 1207 2084 1264 nis
2116 1208 2242 1264 suis
2266 1225 2279 1264 :
2303 1208 2506 1280 sicque
2539 1209 2918 1281 potentialius
2947 1210 3229 1268 laicorum
3260 1214 3565 1270 avaritiam
3590 1220 3650 1272 et

1991 1296 2280 1353 cautelam
2314 1298 2630 1370 reprimere
2661 1302 2953 1371 poterunt.

2062 1386 2244 1443 VI.De
2272 1386 2791 1444 excommunicatis
2817 1388 3050 1460 publice
3077 1395 3314 1464 propter
3342 1393 3645 1465 publicum

1992 1474 2239 1543 crimen,
2270 1478 2335 1530 ut
2362 1492 2466 1547 per
2494 1475 2790 1547 publicam
2822 1476 3227 1549 paenitentiam
3264 1482 3644 1554 recipiantur,

1993 1569 2052 1619 et
2082 1564 2408 1620 secundum
2440 1565 2681 1621 modum
2704 1565 2839 1622 facti
2863 1568 3143 1624 canonica
3161 1569 3503 1627 auctoritate
3524 1573 3647 1627 sin-

1993 1653 2150 1726 gulis
2181 1652 2526 1726 pcenitentia
2548 1655 2946 1728 prolongetur.

2065 1742 2190 1799 VII.
2225 1742 2297 1798 Ut
2326 1760 2444 1799 non
2474 1746 2692 1799 temere
2738 1745 3373 1805 excommunicationes
3404 1750 3549 1806 fiant
3579 1767 3651 1807 ne

1995 1830 2319 1887 auctoritas
2349 1830 2701 1903 episcopalis
2728 1831 2988 1903 vilescat,
3023 1852 3212 1907 neque
3254 1837 3654 1897 absolutiones

1996 1918 2344 1985 inordinate,
2373 1918 2486 1975 nisi
2513 1920 2837 1977 satisfactio
2876 1923 3279 1982 ordinahiliter
3305 1926 3525 2001 regulis
3555 1946 3658 2002 pa-

2000 2012 2156 2063 trum
2188 2009 2561 2065 consentiens
2589 2011 2895 2082 praecedat.

2069 2096 2340 2160 VIII.(25.
2373 2114 2429 2170 q.
2462 2100 2512 2153 2.
2547 2098 2610 2154 Si
2639 2101 2762 2171 quis
2792 2099 2869 2172 ἀ.)
2900 2100 2961 2157 Si
2993 2102 3127 2174 quis
3156 2103 3453 2178 dogmata,
3486 2123 3652 2163 man-

2001 2186 2157 2252 data,
2188 2185 2876 2256 interdicta,sanctiones,
2908 2188 2995 2247 vel
3025 2192 3259 2248 decreta
3303 2211 3409 2267 pro
3460 2196 3657 2252 catho-

1999 2276 2115 2332 lica
2144 2275 2388 2348 fide,pro
2418 2276 2812 2334 ecclesiastica
2839 2279 3169 2353 disciplina,
3177 2299 3282 2354 pro
3303 2285 3657 2341 correctione

2003 2364 2287 2435 ﬁdelium,
2320 2369 2376 2420 et
2403 2382 2508 2437 pro
2538 2368 2946 2424 emendatione
2971 2369 3412 2440 sceleratorum,
3443 2373 3532 2430 vel
3564 2374 3656 2430 in-

2000 2452 2344 2510 terdictione
2374 2454 2928 2525 imminentium,vel
2960 2459 3289 2515 futurorum
3314 2461 3604 2518 malorum
3625 2480 3662 2519 a

2002 2543 2163 2599 sedis
2184 2543 2514 2615 apostolicae
2532 2544 2779 2617 praesule
2797 2545 3113 2603 salubriter
3132 2550 3506 2624 promulgata
3530 2568 3664 2608 con-

2003 2632 2337 2705 tempserit;
2396 2633 2712 2690 anathema
2742 2635 2836 2691 sit.
2866 2638 3000 2705 (Hoc
3026 2654 3150 2693 vero
3177 2647 3514 2710 postremum
3564 2642 3659 2698 de-

2003 2730 2210 2777 cretum
2239 2721 2581 2793 desumptum
2606 2730 2683 2779 est
2711 2740 2781 2779 ex
2808 2725 3047 2796 capitulo
3077 2729 3264 2799 quinto
3304 2730 3533 2785 concilii
3560 2730 3663 2786 Ro-

2003 2812 2162 2866 mani
2188 2811 2289 2866 sub
2317 2810 2502 2867 eodem
2526 2814 2787 2885 pontiﬁce
2813 2815 3045 2871 Nicolao
3073 2832 3220 2872 anno
3239 2818 3347 2873 863
3363 2818 3664 2891 celebrati.)

2745 2945 2932 3000 CXIX.

2134 3051 2204 3089 AD
2242 3050 2278 3088 Η
2305 3049 2592 3089 NCMARUM
2630 3050 3129 3093 ARCHIEPISCOPUM
3168 3055 3545 3097 RHEMBNSBM.

2649 3133 2841 3202 (Anno
2871 3133 3023 3206 867.)

2010 3222 2337 3278 Pwnitentia
2367 3221 2618 3293 injuncta
2655 3222 2745 3277 illi
2791 3224 2909 3350 ($81;
2937 3225 3266 3351 itnonachum
3288 3228 3667 3301 presbyterum

2699 3310 2788 3349 occ
2911 3312 2945 3350 a
2973 3337 2986 3350 .

2699 3310 2986 3350 οσοιαθναι.

2530 3409 2718 3482 [Apud
2749 3410 2958 3481 Mansi,
2987 3411 3148 3484 ibid.]

2083 3524 2354 3581 NICOLAUS
2383 3525 2712 3598 episcopus,
2758 3544 2960 3584 servus
3008 3546 3309 3586 servorum
3358 3530 3481 3600 Dei,
3516 3548 3670 3590 reve-

2013 3614 2351 3670 rentissimo
2373 3618 2428 3670 et
2449 3615 2825 3671 sanctissimo
2846 3617 3124 3674 confratri
3140 3622 3339 3675 nostro
3370 3620 3668 3678 Hmcmno

2015 3702 2474 3777 archiepiscopo.

2087 3792 2311 3855 Quibus
2341 3793 3100 3870 genitibus(a),quantisque
3126 3797 3401 3873 lacrymis
3414 3798 3669 3857 ﬁliorum

2018 3880 2361 3937 discrimina
2389 3886 2669 3954 paternus
2697 3885 2938 3941 affectus
2982 3887 3289 3943 condolere
3337 3887 3543 3959 soleat,
3573 3906 3673 3946 ve-

2020 3988 2152 4026 rum
2174 3970 2352 4027 etiam
2383 3976 2925 4044 oporteat,vestram
2956 3975 3100 4031 satis
3131 3975 3403 4033 novimus
3424 3977 3673 4051 experiri

2019 4059 2413 4132 prudentiam.
2449 4062 2813 4134 Quapropter
2840 4062 3156 4119 infulatum
3206 4065 3383 4121 vestri
3422 4066 3668 4137 ardoris,

2020 4147 2414 4205 ecclesiastico
2447 4148 2598 4205 lacte
2628 4150 2856 4217 nutriti,
2891 4156 2948 4208 et
2968 4152 3039 4207 ad
3072 4151 3292 4209 solidos
3317 4154 3676 4226 praedicatio-

2021 4237 2115 4293 nis
2153 4238 2448 4310 profectus
2493 4238 2779 4310 perducti,
2811 4238 3083 4296 volumus
3131 4258 3307 4297 nosse
3356 4242 3511 4314 quod
3561 4242 3675 4299 iste

2021 4325 2222 4382 Eriath
2244 4326 2317 4381 ad
2345 4325 2744 4399 apostolorum
2776 4327 2984 4383 limina
3014 4329 3677 4403 confugerit,indulgen-

2024 4414 2167 4470 tiam
2198 4414 2549 4487 postulando
2580 4433 2759 4489 super
2786 4434 2854 4472 ea
2885 4433 3063 4489 quam
3094 4418 3342 4475 incurrit
3371 4419 3676 4475 homicidii

2025 4521 2259 4560 noxam.
2294 4505 2537 4561 Ferebat
2572 4523 2637 4562 se
2682 4505 2887 4578 utique
2918 4508 3236 4578 quemdam
3269 4509 3676 4583 presbyterum

2027 4597 2204 4666 atque
2235 4594 2590 4650 monachum
2634 4594 2781 4650 nihil
2825 4611 2962 4651 eum
3012 4600 3199 4652 morte
3248 4597 3495 4670 dignum
3525 4597 3677 4654 occi-

262 4687 398 4743 fidei
416 4704 482 4743 ac
498 4686 955 4743 Christianitatis
976 4687 1037 4742 in
1061 4704 1245 4743 unum
1279 4692 1645 4762 congregatis
1676 4687 1919 4745 liberius
1948 4705 1997 4771 Β
2028 4682 2185 4739 disse
2218 4699 2231 4737 ε
2266 4684 2421 4739 unde
2453 4688 2511 4740 et
2537 4683 2835 4740 humiliter
2861 4686 3208 4742 ostendebat
3233 4703 3297 4742 se
3327 4687 3680 4760 poenitentia

263 4776 630 4849 praedicetur.
1408 4826 1420 4837 .

333 4865 483 4923 V.Ut
513 4865 938 4940 archiepiscOpi
970 4883 1103 4922 cum
1136 4866 1497 4940 coepiscopis
1520 4866 1645 4924 suis
1668 4867 1920 4924 auctori-

264 4959 381 5011 tate
411 4958 644 5028 patrum
676 4959 1015 5011 nostrorum
1044 4955 1256 5011 muniti
1287 4961 1623 5029 procurent,
1644 4961 1710 5013 ut
1740 4956 1922 5014 sacris

266 5044 410 5101 locis
459 5045 648 5118 dignas
697 5062 961 5117 personas
1008 5046 1412 5118 praeferantur,
1447 5051 1503 5102 et
1550 5046 1922 5103 saecularium

266 5132 606 5191 habitacula
633 5133 761 5190 loca
810 5139 924 5191 Deo
975 5134 1167 5190 dicata
1213 5132 1303 5189 vel
1346 5138 1577 5191 sacrata
1608 5152 1722 5190 non
1757 5136 1921 5191 ﬁant'

270 5223 434 5280 Unde
458 5227 514 5280 et
530 5240 637 5279 nos
654 5223 782 5296 pios
803 5223 1098 5296 principes
1122 5222 1222 5279 ubi
1244 5226 1641 5295 opportunum
1669 5224 1780 5278 fuit
1800 5241 1923 5280 mo-

273 5312 601 5381 nuimus,et
629 5316 868 5386 propter
895 5312 1177 5369 honorem
1209 5311 1426 5368 Christi
1459 5311 1761 5368 charitatis
1782 5329 1923 5381 suae,

274 5402 431 5474 quod
461 5402 670 5458 diebus
702 5402 937 5459 illorum
956 5403 1336 5474 depravatum
1356 5405 1413 5456 et
1428 5400 1791 5457 destructum
1816 5405 1925 5470 est,

347 5544 423 5616 (a)
460 5544 667 5613 Quibus
696 5544 1009 5615 gemitibus.
1043 5543 1402 5616 Flodoardus
1432 5542 1655 5616 lib-Am,
1690 5544 1925 5616 cap.23.

276 5614 576 5673 Hincmari
608 5618 677 5673 ad
704 5614 973 5673 diversos
1021 5614 1643 5688 episcoposepistolas
1690 5614 1929 5671 enume-

278 5705 416 5745 rans
442 5689 821 5759 :'H‘ilmerado,
869 5687 1085 5760 inquit,
1132 5687 1506 5755 Anibianensi,
1551 5703 1653 5760 pro
1701 5688 1934 5760 quodam

277 5761 560 5830 manacho,
593 5762 695 5837 qui
712 5762 1096 5838 presbyterum
1124 5767 1176 5817 et
1200 5760 1528 5818 monachum
1556 5761 1617 5817 in?
1662 5768 1932 5820 monaste-

2026 4771 2171 4829 velle
2200 4771 2350 4828 colla
2379 4772 2744 4829 submittere.
2777 4774 3027 4847 Ideoque
3073 4792 3182 4832 nos
3209 4776 3260 4832 ei
3292 4776 3679 4848 injunximus,

2034 4865 2096 4918 ut
2124 4861 2433 4918 duodecim
2461 4879 2753 4919 annorum
2782 4868 2942 4919 meta
2979 4866 3298 4920 terminum
3328 4864 3681 4937 poenitentia

2032 4950 2144 5008 sibi
2176 4951 2451 5023 injunctae
2482 4950 2830 5009 includeret.
2853 4954 3111 5019 Quorum
3140 4952 3332 5009 tribus
3362 4953 3680 5025 prioribus,

2034 5044 2169 5096 ante
2199 5041 2352 5097 fores
2383 5041 2636 5097 ecclesiae
2666 5040 2939 5114 lugendo,
2974 5041 3271 5115 singultus
3299 5042 3523 5098 edendo
3572 5041 3683 5096 mi-

2038 5129 2416 5186 sericordiam
2448 5148 2482 5186 a
2512 5130 2758 5187 Domino
2789 5129 3068 5201 consequi
3096 5131 3371 5186 festinare
3393 5134 3681 5203 procuret.

2035 5220 2251 5283 Quarto
2282 5219 2514 5285 deinde,
2529 5227 2706 5292 atque
2736 5219 2959 5291 quinto,
2992 5218 3143 5274 inter
3168 5219 3467 5275 auditores
3497 5219 3685 5275 omni-

2035 5313 2329 5380 potentem
2360 5324 2596 5365 exorare
2627 5310 2882 5377 studeat,
2917 5308 3138 5380 absque
3169 5308 3431 5380 corporis
3458 5313 3517 5364 et
3552 5325 3687 5365 san-

2037 5397 2232 5471 guinis
2262 5398 2496 5455 Domini
2529 5398 2918 5470 susceptione.
2953 5397 3223 5454 Residuis
3272 5402 3552 5470 prasterea
3598 5414 3687 5455 se-

2037 5546 2121 5600 rio
2149 5543 2326 5599 sancti
2358 5542 2601 5615 Richarii
2626 5540 2822 5615 occidit
2859 5557 2961 5613 pro
3004 5559 3109 5615 quo
3154 5541 3384 5615 domnus
3406 5558 3555 5615 papa
3592 5541 3689 5598 Ni-

2037 5616 2224 5671 cotaus
2254 5617 2461 5670 litteras
2489 5614 2668 5689 eidem
2690 5612 2885 5669 domno
2907 5612 3208 5673 Hincmaro
3228 5612 3504 5673 direxerat
3516 5615 3693 5689 ρωπί-

2039 5689 2226 5746 εεηείῑε
2250 5695 2493 5744 tenorem
2522 5686 2871 5743 continentes.
3262 5708 3267 5713 ·
