4138 6506
495 475 652 538 “23

1875 468 2184 534 NICOLAI
2229 469 2461 533 PAPIE
2503 470 2552 533 Ι.

3766 473 3931 533 1124

493 615 651 684 ptem
684 625 975 666 annorum
1005 604 1333 676 curriculis,
1355 605 1829 662 communionem
1861 604 2150 661 Dominici
2180 606 2236 672 Α
2265 606 2586 678 cupiditate
2616 609 2852 678 peracta
2897 602 3046 662 esse
3072 605 3364 674 videntur,
3396 608 3510 662 tua:
3541 605 3932 662 fraternitatis

492 699 842 756 sacramenti
868 697 1165 770 suscipere
1179 695 1754 752 liceat'celeberrimis
1774 695 1958 751 festivi
1969 699 2153 750 tatum

492 789 722 857 diebus,
774 787 1100 844 oblationes
1159 785 1400 858 quidem
1449 784 1788 841 nullatenus
1835 784 2150 840 offerendo.

486 878 929 945 Verumtamen,
965 875 1242 933 omnibus
1265 874 1562 947 prazdictis
1594 873 2153 947 temporibus,exce-

489 972 589 1041 pto
622 967 1001 1023 festivitatum
1031 965 1261 1032 diebus,
1285 969 1338 1019 et
1373 963 1795 1020 resurrectione
1824 963 2148 1030 Dominica,
2190 982 2196 988 ·

489 1057 769 1114 continue
800 1053 1296 1128 quadragesimali
1330 1071 1492 1110 more
1523 1070 1713 1126 usque
1743 1053 1816 1109 ad
1847 1069 2150 1126 vesperam

479 1147 725 1218 jejunus
755 1145 1178 1218 perseveret.Et
1204 1143 1252 1198 si
1283 1142 1499 1200 alicubi
1530 1147 1898 1216 opportunus
1928 1142 2148 1199 habue-

486 1236 564 1291 rit
593 1236 719 1303 iter,
755 1233 916 1290 nullo
946 1233 1214 1289 vehiculo
1245 1233 1591 1301 deducatur,
1625 1233 1726 1288 sed
1758 1232 2013 1305 pedestri
2054 1232 2147 1287 iti-

486 1341 624 1381 nere
651 1327 872 1380 utatur.
899 1323 1094 1395 Usque
1126 1323 1198 1378 ad
1233 1329 1479 1379 mortem
1511 1321 1763 1395 denique
1795 1321 2147 1394 pcenitentiae

481 1413 612 1484 ejus
644 1410 944 1485 quantitas
976 1410 1209 1467 extendi
1241 1411 1523 1466 debuerat
1574 1427 1586 1465 :
1635 1410 1737 1466 sed
1779 1410 2145 1466 devotionem

481 1503 612 1574 ejus
644 1499 779 1556 fidei
810 1500 1398 1570 considerantes,sive
1432 1499 1572 1572 quia
1602 1500 1673 1554 ad
1705 1499 1986 1572 suffragia
2008 1517 2145 1572 apo-

481 1590 765 1647 stolorum
791 1589 1498 1658 festinaverit,humanius
1519 1605 1651 1644 cum
1671 1587 1770 1644 illo
1787 1589 2142 1661 peregimus.

479 1681 708 1737 Interea
735 1680 1044 1736 hortamur
1073 1682 1276 1746 vos,ut
1305 1678 1778 1735 reverentissimo
1810 1678 2143 1735 Hilmerado

480 1770 777 1842 episcopo,
811 1769 1180 1841 suﬁ‘raganeo
1210 1773 1423 1836 vestro,
1458 1768 1808 1841 praecipiatis
1848 1771 2143 1840 quatenus

481 1859 786 1932 permittat
816 1858 1137 1913 monachos
1165 1857 1503 1913 monasterii
1540 1856 1631 1912 sui
1665 1858 1774 1913 sub
1817 1858 2140 1914 monastico

479 1949 688 2004 habitu
719 1948 913 2020 quiete
945 1948 1171 2020 degere,
1205 1951 1262 2002 et
1293 1946 1646 2019 poenitentia:
1698 1948 1923 2003 fructus
1975 1964 2140 2004 exer-

479 2055 630 2095 cere.
665 2038 780 2093 Hos
809 2037 1008 2108 itaque
1052 2034 1415 2108 apostolatus
1464 2035 1650 2091 nostri
1701 2035 1899 2108 apices
1949 2035 2136 2092 susci-

478 2130 724 2202 pientes,
758 2125 842 2182 ita
871 2124 1121 2198 spiritali
1153 2123 1321 2180 oculo
1351 2124 1530 2180 vitam
1562 2124 1820 2180 futuram
1853 2125 2137 2198 pceniten-

475 2219 569 2274 tiae
598 2216 789 2290 ipsius
823 2215 1118 2278 discutite,
1153 2218 1211 2270 et
1241 2213 1530 2270 catholica
1579 2214 1791 2287 pietate
1839 2232 2014 2271 manu
2048 2215 2137 2270 di-

473 2306 783 2364 scretionis
815 2322 942 2377 quae
975 2303 1295 2376 oportuerit
1321 2303 1857 2376 perpendentes,sic
1879 2321 2013 2360 cum
2036 2303 2136 2359 illo

475 2395 778 2471 peragitis,
809 2398 1103 2467 quatenus
1129 2397 1187 2448 et
1211 2392 1496 2447 canonica
1525 2392 1842 2447 auctoritas
1873 2394 2138 2450 observe-

474 2491 658 2554 tur,et
677 2484 798 2541 ovis
831 2482 1134 2539 Dominica
1163 2480 1414 2554 raptoris
1434 2481 1670 2537 vulnere
1691 2481 1953 2538 sauciata
1975 2482 2136 2540 nullo

473 2571 740 2649 neglectu
777 2572 1180 2646 perdatur,sed
1199 2571 1461 2626 examine
1479 2569 1659 2625 divini
1681 2571 1890 2643 judieii
1911 2572 1982 2627 ad
2008 2573 2138 2629 dex-

473 2670 660 2721 teram
711 2662 921 2718 Christi
976 2661 1406 2716 remuneranda
1450 2659 1798 2715 inveniatur.
1851 2661 2133 2733 Optamus

477 2754 851 2810 sanctitatem
877 2755 1132 2807 vestram
1160 2749 1219 2804 in
1252 2748 1478 2805 Christo
1511 2751 1657 2806 bene
1686 2749 1893 2806 valere.

593 2985 667 3024 AD
707 2982 1054 3024 HINCMARUM
1094 2980 1441 3020 RHEMENSEM
1481 2981 1994 3022 ARCHIEPISCOPUI.

1120 3073 1307 3144 (Anno
1337 3071 1487 3143 867.)

630 3183 922 3238 Accusator
950 3189 1002 3237 et
1032 3186 1316 3235 accusatus
1347 3179 1516 3234 simul
1545 3178 1738 3235 debent
1763 3180 1965 3237 adesse.

911 3285 1111 3355 [Grat.,
1147 3303 1206 3354 Il,
1241 3286 1294 3353 3,
1327 3301 1385 3357 q.
1415 3284 1469 3354 9,
1505 3301 1555 3364 (ξ.
1582 3286 1696 3358 21.]

537 3406 787 3462 Necesse
845 3407 935 3461 est
987 3403 1314 3458 secundum
1358 3418 1660 3457 sacrarum
1686 3403 2127 3476 Scripturarum

467 3497 845 3561 documenta,
881 3509 948 3548 ac
979 3491 1303 3548 secundum
1329 3490 1575 3562 justitiae
1608 3491 1924 3559 tramitem,
1945 3499 2001 3550 et
2032 3513 2126 3552 ac-

461 3589 736 3642 cusatum
760 3587 817 3639 et
848 3585 1244 3638 accusatorem
1278 3579 1456 3634 simul
1489 3581 1778 3647 adesse,et
1799 3600 1976 3638 unam
2001 3602 2130 3656 par-

463 3679 607 3740 tem,
640 3675 1100 3744 quantacunque
1129 3674 1187 3725 et
1217 3668 1616 3740 qualicunque
1647 3671 1890 3742 praedita
1918 3673 1996 3728 sit
2022 3690 2123 3729 au-

463 3763 755 3826 ctoritate,
790 3760 873 3816 sic
904 3776 1147 3832 prorsus
1178 3758 1389 3826 audiri,
1424 3762 1487 3813 ut
1519 3757 1684 3814 alteri
1717 3761 1865 3831 parti
1894 3762 2124 3819 nullum

463 3849 875 3922 praejudicium
905 3848 1216 3921 irrogetur.

1203 3963 1388 4019 CXXI.

585 4073 654 4111 AD
696 4070 1017 4111 HERARDUM
1056 4068 1438 4108 TURONENSEM
1477 4069 1994 4113 ARCHIEPISCOPUM.

821 4155 1265 4226 Fragmentum.
1290 4183 1358 4191 ——
1391 4154 1586 4220 (Anno
1619 4154 1764 4227 867.)

453 4261 840 4318 Restitucndus
869 4267 970 4325 est,
1005 4275 1164 4330 quem
1210 4274 1385 4329 neque
1426 4261 1749 4335 convictum,
1785 4279 1956 4335 neque
1993 4280 2120 4320 con-

862 4335 1069 4404 fessum
1099 4339 1307 4386 constat
1331 4346 1445 4386 esse
1473 4333 1717 4403 ejectum.

980 4435 1169 4508 [Apud
1204 4435 1414 4504 Mansi,
1450 4437 1608 4504 ibid.]

523 4537 596 4610 (v.
629 4554 687 4609 q.
725 4537 774 4590 1.
810 4539 1012 4592 Notum
1049 4535 1168 4602 sit.)
1212 4533 1427 4589 Notum
1483 4534 1558 4590 sil
1607 4539 1718 4591 tua:
1770 4537 2119 4596 fraternitati

452 4627 611 4696 quod
647 4625 758 4680 iste
789 4624 1108 4696 presbyter,
1144 4623 1382 4678 nomine
1413 4622 1871 4697 Christophorus
1911 4628 1981 4684 de
2012 4647 2121 4686 sua

2264 713 2514 752 censura
2544 695 2715 752 celeri
2745 696 3154 752 emendatione
3185 695 3815 769 corrigantur.Scilicet
3843 713 3934 753 re-

2264 786 2563 842 stituendo
2632 785 2890 842 ecclesiae
2966 785 3216 858 propria:
3265 787 3392 857 jam
3450 786 3674 841 dictum
3732 803 3930 842 sacer-

2263 876 2479 943 dotem,
2514 880 2689 948 atque
2721 876 2801 932 rei
2831 876 3124 932 reddendo
3172 880 3276 931 tua
3333 875 3549 948 pietate
3606 877 3929 949 pristinum

2262 981 2437 1037 quem
2495 965 2750 1038 perdidit
2796 965 3100 1032 honorem,
3141 969 3198 1020 et
3246 964 3586 1022 nullatenus
3645 966 3933 1022 canonica

2259 1053 2534 1110 instituta
2582 1054 2837 1126 alicujus
2878 1054 3205 1111 temeritate
3256 1055 3553 1112 contemni
3595 1055 3927 1128 permittas,

2260 1143 2574 1200 facientem
2633 1148 2691 1200 et
2750 1144 3213 1200 consentientem
3262 1162 3370 1218 par
3417 1161 3590 1217 poena
3637 1147 3925 1218 perstrin-

2257 1231 2361 1305 git.

2983 1322 3196 1379 CXXII.

2412 1429 2483 1468 ΑΒ
2526 1429 2857 1469 FROTARIUM
2899 1430 3378 1470 BURDIGALENSEM
3417 1431 3760 1471 EPISCOPUM.

2614 1504 3055 1576 Fragmentum.
3090 1537 3158 1544 —
3187 1506 3377 1572 (Anno
3407 1507 3560 1574 867.)

2253 1592 2606 1648 Inoa-scribus
2653 1609 2845 1647 rerum
2890 1593 3384 1667 ecclesiasticarum
3434 1609 3560 1666 qua:
3594 1595 3922 1667 pcenitentia

2859 1666 2933 1720 sit
2955 1665 3304 1737 imponenda.

2769 1751 2786 1827 f
2790 1754 2958 1826 Apud
2992 1753 3204 1822 Mansi,
3239 1755 3396 1823 ibid.]

2321 1845 2436 1912 (12,
2471 1860 2527 1915 q.
2560 1846 2615 1898 2.
2653 1847 2732 1898 De
2761 1845 2878 1900 viro
2904 1843 3187 1915 nefando.)
3215 1844 3295 1900 De
3325 1844 3448 1900 viro
3478 1845 3917 1911 nefando,Bur—

2252 1933 2444 2006 gando
2477 1931 2845 2005 nomine,qui
2876 1932 3035 1989 rabie
3063 1933 3274 1989 insana
3304 1933 3918 2006 commotus,diaboli-

2252 2021 2336 2078 cis
2363 2039 2424 2077 se
2451 2022 2678 2078 irretire
2703 2020 2931 2094 laqueis
2955 2040 3071 2078 non
3093 2023 3580 2095 dubitavit,atque
3600 2023 3914 2096 gentilium

2249 2129 2411 2167 more
2441 2129 2545 2184 per
2572 2111 2823 2184 abrupta
2853 2112 3081 2180 itinera,
3115 2116 3172 2168 et
3200 2113 3457 2185 compita
3486 2112 3795 2183 insidians,
3810 2131 3912 2172 vo-

2247 2200 2339 2256 bis
2370 2200 2427 2255 in
2459 2199 2716 2256 ecclesiae
2747 2205 2949 2256 vestra:-
2979 2200 3119 2257 villa
3147 2219 3265 2257 una
3293 2219 3427 2258 cum
3451 2200 3679 2259 clericis
3699 2204 3913 2261 vestris

2247 2289 2647 2356 manentibus,
2673 2293 2730 2345 et
2759 2291 3045 2363 populum
3077 2290 3418 2348 salubribus
3469 2291 3761 2350 instruere
3801 2294 3904 2350 do-

2245 2382 2490 2451 gnatum
2522 2378 2764 2435 monitis
2795 2380 3250 2449 decertantibus,
3285 2397 3552 2454 paneque
3581 2381 3908 2455 spiritualis

2245 2468 2403 2524 verbi
2432 2485 2616 2524 vacua
2636 2468 2945 2525 hominum
2969 2471 3147 2526 corda
3165 2471 3766 2544 reﬁcientibus,atque
3787 2472 3909 2529 lau-

2245 2557 2436 2614 dabile
2454 2558 2699 2630 propriae
2722 2558 2934 2615 salutis
2951 2559 3310 2616 desiderium
3332 2560 3679 2617 habentibas
3701 2567 3910 2620 sancta

2245 2646 2644 2719 apostolorum
2677 2647 2828 2703 Petri
2859 2653 2914 2704 et
2943 2647 3106 2704 Pauli
3134 2648 3339 2705 limina
3367 2649 3625 2721 visitare,
3648 2650 3908 2707 collectis

2244 2735 2480 2792 malitiae
2511 2754 2630 2792 suae
2663 2737 3102 2809 sequacibus,et
3133 2739 3464 2812 iniquitatis
3495 2739 3907 2814 complicibus,

2244 2826 2498 2882 nefarias
2529 2825 2885 2894 invasiones,
2918 2832 2975 2884 et
3005 2829 3468 2901 depradationes
3498 2829 3782 2886 violentas
3814 2830 3905 2886 in-

2244 2915 2390 2971 ferre
2415 2916 2774 2972 daemoniaco
2806 2934 2954 2973 ausu
2987 2919 3365 2991 praesumpsit
3393 2936 3405 2975 :
3445 2923 3520 2986 et,
3549 2924 3614 2974 ut
3643 2919 3908 2992 epistolae

2238 3009 2444 3060 vestrae
2492 3009 2685 3062 textus
2735 3005 3048 3079 eloquitur,
3100 3025 3334 3064 sacrum
3386 3008 3584 3080 altare,
3620 3025 3907 3082 sacraque

2240 3093 2530 3150 Dominici
2557 3094 2819 3167 corporis
2849 3100 2906 3151 et
2935 3096 3242 3169 sanguinis
3262 3096 3670 3170 vasa,insuper
3695 3101 3752 3153 et
3773 3115 3906 3153 san-

2239 3187 2399 3238 ctum
2431 3183 2693 3240 chrisma
2723 3183 2962 3257 pollutis
2993 3185 3248 3257 arripere
3271 3186 3745 3259 manibus,quasi
3766 3186 3907 3243 vilia

2239 3276 2295 3328 et
2327 3273 2400 3328 ad
2431 3289 2804 3329 communem
2837 3291 3014 3330 usum
3047 3279 3186 3347 apta
3230 3276 3633 3348 praesumpsit;
3667 3276 3904 3334 dilectio

2158 3361 2200 3430 C
2239 3379 2374 3418 vera
2404 3363 2780 3431 consuluit,si
2811 3362 2957 3436 ipse,
2990 3363 3076 3419 vel
3110 3364 3212 3436 qui
3237 3382 3372 3420 cum
3400 3382 3466 3421 eo
3496 3369 3618 3421 tam
3640 3365 3821 3438 impio
3841 3372 3905 3423 et

2238 3451 2442 3524 iniquo
2474 3451 2691 3509 scelere
2723 3453 2980 3520 fuerunt,
3002 3454 3073 3508 ad
3108 3451 3510 3526 pcenitentiam
3545 3456 3903 3528 quandoque

2237 3541 2426 3614 gratia
2455 3541 2593 3596 tacti
2625 3541 2822 3598 divina
2850 3543 3044 3598 venire
3070 3542 3382 3614 voluerint,
3418 3561 3533 3616 quo
3574 3562 3673 3601 eos
3713 3547 3902 3618 poeni-

2235 3630 2430 3686 tentia:
2480 3630 2713 3686 vinculo
2763 3632 3203 3704 constringatis,
3257 3637 3467 3689 nostrae
3509 3634 3903 3692 institutionis

2236 3737 2550 3776 censuram
2582 3737 2892 3794 exposcere
2922 3721 3196 3778 curastis.
3229 3721 3308 3778 De
3339 3723 3576 3796 quibus,
3612 3725 3660 3780 si
3699 3728 3900 3782 tamen

2235 3809 2317 3866 ita
2345 3810 2901 3881 est,jubemus,cum
2923 3811 2996 3866 ad
3017 3811 3420 3883 paenitentiam
3453 3814 3661 3870 reverti
3686 3813 3902 3871 accele-

2234 3900 2510 3966 iaverint,
2543 3917 2660 3956 uno
2687 3916 2841 3955 anno
2871 3905 3032 3955 extra
3062 3901 3385 3958 Ecclesiam
3417 3903 3516 3958 Dei
3555 3903 3898 3972 consistere,

2233 3989 2405 4061 cujus
2438 3987 2839 4044 sacratissima
2855 4005 2995 4045 vasa
3015 3993 3176 4045 extra
3196 3991 3375 4046 ritum
3400 3991 3534 4047 fidei
3566 3992 3900 4049 christiana:

2233 4078 2562 4152 diripienda
2591 4078 2819 4134 auferre
2851 4095 2967 4134 non
3016 4079 3431 4136 dubitaverint.
3466 4081 3733 4138 Secundo
3761 4100 3899 4140 vero

2233 4185 2408 4234 anno,
2452 4172 2585 4224 ante
2631 4167 2783 4223 fores
2827 4165 3083 4224 ecclesiae
3134 4168 3262 4225 sine
3311 4169 3724 4226 communione
3770 4186 3897 4226 ma-

2232 4261 2426 4313 neant.
2461 4257 2655 4314 Tertio
2685 4274 2819 4313 vero
2852 4275 3027 4328 anno,
3057 4257 3363 4315 ecclesiam
3409 4260 3509 4316 Dei
3559 4259 3898 4334 ingredian-

2231 4351 2345 4415 tur,
2381 4351 2437 4402 et
2465 4347 2620 4403 inter
2665 4346 2971 4404 audientes
3021 4352 3212 4404 astent
3256 4349 3383 4405 sine
3432 4348 3744 4417 oblatione,
3779 4367 3897 4406 non

2231 4437 2659 4493 manducantes
2689 4453 3146 4509 earnem,neque
3168 4437 3436 4494 bibentes
3458 4438 3903 4511 vinum,przeter

2230 4525 2445 4582 natalis
2470 4529 2527 4582 et
2552 4525 2999 4583 resurrectionis
3021 4527 3338 4584 Dominica-'3
3362 4529 3731 4592 dies.Quarto
3751 4546 3899 4602 prae-

2230 4619 2391 4672 terea
2420 4615 2652 4687 anno,si
2683 4615 2777 4673 his
2808 4615 3104 4688 prioribus
3133 4616 3324 4674 tribus
3357 4617 3528 4674 annis
3560 4618 3900 4674 fructuosus

451 4712 730 4785 angustia
759 4713 831 4768 ad
866 4716 1131 4807 nostram
1164 4711 1544 4807 clementiam
1568 4713 2023 4807 lacrymabiliter
2045 4719 2122 4775 sit
2148 4742 2196 4807 D
2230 4705 2405 4807 lucri?
2437 4706 2791 4807 P‘Pn‘itentim
2823 4705 3418 4807 Ῑθδῇνιςοφσξξιηίοηί
3450 4707 3711 4807 θάίξιίυξη
3735 4709 3901 4807 ηδε-ξί-

451 4805 836 4875 conquestus,
863 4801 1068 4856 dicens
1100 4818 1160 4856 se
1185 4800 1348 4857 falsis
1381 4802 1729 4859 criminibus
1760 4805 2116 4882 impetitum,

449 4896 509 4948 et
535 4892 609 4947 ab
640 4889 891 4947 ecclesia
938 4906 1048 4945 sua
1095 4906 1211 4944 non
1265 4890 1620 4960 convictum,
1656 4911 1845 4966 neque
1889 4898 2114 4954 confes-

447 4998 605 5048 sum,
641 4978 1128 5036 irrationabiliter
1154 4978 1339 5035 fuisse
1367 4981 1642 5051 ejectum.
1679 4983 1850 5053 Nam,
1886 4989 1951 5042 ut
1991 4987 2115 5060 ipse

443 5070 643 5141 refert,
675 5074 778 5124 tua
836 5067 1145 5141 diligentia
1200 5085 1305 5140 per
1353 5071 1472 5124 tres
1515 5070 1670 5127 vices
1730 5073 2115 5146 inquisitione

446 5161 618 5227 facta,
654 5157 817 5214 nulla
847 5157 905 5213 in
942 5175 1025 5225 se,
1056 5174 1246 5230 neque
1294 5158 1365 5213 de
1410 5158 1816 5220 fornicationis
1847 5164 2112 5239 crimine,

446 5264 634 5320 neque
664 5247 735 5302 de
770 5247 1070 5302 homicidii
1103 5245 1585 5314 consensione,de
1617 5250 1834 5322 quibus
1871 5253 2111 5326 impete-

445 5335 890 5407 batur,reperiri
924 5335 1114 5407 potuit
1144 5334 1318 5407 culpa
1351 5353 1363 5391 :
1399 5336 1513 5392 nisi
1546 5339 1687 5410 quia
1719 5358 1836 5396 suae
1869 5359 2114 5417 pauper-

442 5427 583 5481 tatis
616 5441 814 5491 causa,
850 5441 976 5496 quae
1008 5424 1376 5496 petebantur,
1409 5432 1515 5482 aut
1548 5430 1875 5488 consentire
1902 5433 2109 5501 noluit,

445 5520 547 5571 aut
577 5513 827 5588 implere
860 5531 975 5569 non
1007 5513 1196 5586 potuit
1229 5531 1242 5570 :
1280 5532 1407 5588 quae
1441 5534 1584 5574 suus
1615 5522 1814 5575 tamen
1861 5523 2110 5582 aemulus

446 5603 754 5661 ultroneus
786 5603 923 5678 egit,
960 5603 1058 5676 qui
1092 5604 1308 5675 injuste
1361 5604 1522 5662 illius
1571 5607 1878 5666 ecclesiam
1909 5613 2107 5684 praeri-

443 5694 592 5764 puit.
664 5693 882 5750 Idcirco
934 5710 1288 5766 magnopere
1345 5712 1659 5754 monemus
1725 5702 2106 5761 reverentiam

442 5783 630 5855 tuam,
664 5789 729 5840 ut
753 5783 930 5841 etiam
983 5801 1133 5859 quis,
1191 5788 1247 5841 te
1291 5784 1438 5845 forte
1480 5786 1806 5863 ignorante,
1842 5791 2107 5854 Gieziaca

2232 4799 2740 4872 tuantur,totaque
2774 4795 2990 4851 mentis
3021 4795 3346 4853 intentione
3377 4797 3735 4870 spondentes
3757 4797 3904 4855 talia

2228 4903 2290 4942 se
2322 4884 2906 4957 ulterius,nunquam
2941 4885 3442 4958 facturos,corpus
3467 4890 3525 4942 et
3545 4887 3896 4960 sanguinem

2225 4975 2458 5031 Domini
2491 4975 2791 5048 suscipere
2811 4980 3176 5031 mereantur:
3198 4980 3254 5031 et
3277 4992 3463 5047 usque
3481 4977 3553 5032 ad
3572 4977 3892 5049 septimum

2225 5082 2470 5133 annum,
2501 5065 2690 5119 tribus
2723 5064 2782 5119 in
2816 5064 3188 5121 hebdomada
3220 5065 3447 5135 diebus,
3469 5065 3594 5122 sine
3626 5082 3729 5122 esu
3764 5082 3894 5122 car-

2227 5154 2391 5209 nium
2425 5157 2483 5208 et
2513 5153 2634 5207 vini
2667 5154 2967 5225 potatione
2999 5159 3278 5211 maneant
3308 5155 3677 5228 poenitentes.

2385 5369 2458 5407 AD
2498 5367 2756 5408 JOANNEM
2795 5369 3294 5409 ARCHIEPISCOPUM
3337 5371 3734 5411 RAVENNATEM.

2597 5441 3036 5513 Fragmentum.
3068 5475 3136 5482 —
3167 5444 3353 5516 (Anno
3379 5444 3530 5517 867.)

2584 5533 2669 5586 De
2695 5531 3018 5587 catechz'smo
3050 5531 3526 5605 baptimndomnz.

2703 5619 2894 5694 [Apud
2926 5625 3184 5690 Ivonem,
3218 5639 3258 5693 ι,
3291 5623 3408 5695 87.]

2289 5709 2575 5766 Νιαοιιυε
2606 5725 2760 5782 papa
2787 5709 2992 5768 JOANNI
3025 5711 3462 5786 archiepiscopo
3494 5712 3802 5772 Ravennae.

2288 5799 2641 5858 Catechismi
2675 5799 3161 5874 baptizandorum
3185 5820 3220 5860 a
3239 5803 3646 5866 sacerdotibus
3676 5806 3883 5867 unius-
