4138 6462
252 398 409 464 1125

1467 400 1878 469 EPISTOLIE
1918 406 2019 470 ET
2064 406 2452 472 DECRETA.

3507 416 3667 481 1126

249 538 541 609 cujusque
569 532 825 593 ecclesiis
855 539 1106 609 possunt
1134 536 1278 606 fieri,
1305 537 1456 594 sicut
1475 539 1535 595 in
1567 543 1773 596 sancta
1793 540 1901 597 hac
1930 543 1981 610 Α
2012 550 2160 600 ctum
2187 560 2370 600 coram
2398 548 2530 601 Deo.
2562 545 2949 603 Pwnitcntz'am
2980 548 3164 621 itaque
3191 565 3293 620 age
3317 550 3386 607 ab
3414 552 3515 608 hac
3562 568 3669 609 ne-

248 625 536 693 Romana,
568 623 661 682 cui
708 624 825 681 Deo
870 629 1106 682 auctore
1149 626 1541 684 ministerium
1586 629 1905 687 famulatus

248 715 438 771 nostri
469 713 1105 781 exhibemus,Ecclesia
1134 716 1473 773 solemniter
1493 718 1618 773 ﬁeri
1643 736 1906 793 compro-

246 804 447 861 batur.

960 902 1191 959 CXXIV.

422 1009 497 1048 AD
533 1008 797 1047 JOANNEM
834 1008 1337 1049 ARCHIEPISCOPUM
1364 1011 1722 1050 RAENNATEM.

890 1083 1078 1151 (Anno
1107 1082 1261 1152 867.)

246 1183 332 1235 De
362 1179 480 1234 illis
509 1179 625 1249 qui,
657 1179 924 1263 uxoribus
949 1179 1357 1263 suisaimissis,
1389 1181 1459 1237 ad
1489 1182 1631 1237 alias
1677 1183 1903 1254 nuptias

905 1259 1251 1307 transierint.

840 1339 982 1411 [Ivo,
1016 1356 1133 1410 VIII,
1163 1342 1314 1412 221.]

319 1464 628 1532 NICOLAUS,
661 1463 1097 1537 archiepiscopo
1129 1464 1434 1522 Ravenna}.

319 1555 399 1610 De
421 1552 710 1611 senatoris
732 1554 1002 1626 conjuge,
1035 1571 1217 1627 quam
1249 1555 1572 1612 adulteram
1608 1572 1738 1612 esse
1758 1556 1900 1612 dici-

240 1643 323 1699 tis
372 1647 431 1699 et
462 1646 699 1716 propter
728 1642 999 1699 adulterii
1035 1648 1265 1700 reatum
1313 1644 1671 1716 disjunctam
1714 1663 1748 1702 a
1776 1646 1900 1701 viro

243 1750 354 1789 suo
372 1750 500 1789 esse
511 1732 924 1804 judicatam,et
946 1732 1352 1789 monachicam
1370 1738 1590 1790 vestem
1607 1734 1897 1804 indutam,

246 1826 425 1895 atque
453 1821 726 1890 velatam,
761 1821 1059 1878 nescimus
1088 1826 1290 1878 utrum
1314 1824 1475 1896 juste
1497 1840 1569 1878 an
1602 1823 1770 1879 aliter
1790 1823 1899 1880 hoc

243 1911 325 1967 sit
353 1912 731 1967 terminatum
759 1911 1083 1983 judicium;
1116 1916 1175 1967 et
1215 1912 1264 1968 si
1311 1912 1578 1969 adultera
1607 1912 1902 1986 apparuit,
1934 1917 1981 1982 B

243 2000 358 2056 hoc
376 2000 565 2074 magis
586 2017 621 2056 a
638 2000 763 2057 viro
785 2017 891 2057 suo
914 2001 1120 2056 debuit
1140 2017 1268 2057 esse
1290 2001 1643 2074 inquisitum
1670 2006 1761 2058 :et
1789 2003 1839 2058 si
1870 2020 1905 2058 a

242 2088 369 2146 viro
413 2106 519 2145 suo
549 2089 900 2161 requisitum
930 2089 1058 2158 fuit,
1078 2089 1489 2163 indagatorum
1517 2089 1607 2147 vel
1630 2091 1903 2162 judicum

246 2178 561 2252 praesentia
589 2178 874 2235 debuerat
900 2178 1297 2235 examinatum
1329 2195 1476 2248 esse,
1510 2184 1685 2252 atque
1705 2180 1903 2236 termi-

246 2272 454 2324 natum
487 2284 500 2322 :
535 2271 593 2324 et
618 2271 752 2341 post
794 2267 1267 2325 terminationem
1318 2272 1375 2325 et
1424 2269 1905 2342 approbationem

246 2360 425 2429 atque
451 2356 1006 2426 manifestationem,
1039 2361 1179 2412 tunc
1208 2361 1310 2413 aut
1339 2357 1510 2431 legali
1542 2357 1765 2414 calculo
1805 2362 1908 2415 aut

246 2446 528 2507 canonico
550 2445 781 2518 judicio
811 2444 1001 2519 ipsius
1051 2463 1240 2502 causae
1291 2446 1591 2502 sententiae
1639 2447 1902 2503 difﬁniri.

249 2536 321 2591 Et
352 2535 403 2591 si
431 2552 537 2591 nec
567 2535 676 2590 hoc
707 2552 813 2591 nec
846 2534 992 2591 illud
1024 2535 1244 2591 factum
1269 2539 1377 2605 est,
1404 2536 1537 2609 quis
1564 2552 1692 2593 eam
1725 2554 1907 2593 ausus

247 2628 340 2682 est
368 2624 644 2699 religiosa
674 2625 916 2681 induere
945 2628 1103 2681 veste
1134 2628 1192 2681 et
1222 2642 1385 2681 sacro
1420 2625 1714 2698 cooperire
1751 2625 1905 2681 vela-

246 2714 453 2771 mine?
482 2715 703 2771 Tamen
725 2713 783 2769 id
811 2713 1092 2771 subtilius
1123 2714 1225 2770 Dei
1249 2731 1365 2787 pra:
1392 2715 1578 2771 oculis
1626 2715 1908 2771 habentes

246 2803 542 2871 timorem,
558 2802 953 2877 prmeipimus,
977 2807 1043 2858 ut
1072 2803 1382 2876 praesentia
1401 2803 1567 2860 missi
1587 2804 1677 2859 vel
1708 2804 1907 2860 vicarii

245 2893 450 2960 vestri,
484 2892 544 2947 in
571 2909 704 2948 vero
735 2891 1001 2948 examine
1023 2896 1305 2965 praesente
1334 2892 1457 2948 viro
1479 2910 1586 2949 suo
1617 2893 1910 2948 examina-

248 2983 335 3038 tio
367 2981 489 3037 iiat.
525 2982 593 3037 Et
622 2981 672 3036 si
702 2982 863 3053 iusta
892 2986 949 3036 et
975 2980 1339 3037 rationabilis
1369 2998 1574 3037 eorum
1604 2999 1784 3038 causa
1814 2998 1910 3054 ap-

252 3070 797 3143 paruerit,maneat.
830 3069 901 3124 Et
928 3067 979 3125 si
1009 3067 1179 3124 aliter
1207 3068 1634 3141 apparuerit,ut
1656 3068 1910 3142 praetuli-

254 3176 414 3228 mus,
430 3159 757 3215 secundum
779 3158 879 3214 Dei
912 3157 1330 3231 omnipotentis
1349 3156 1708 3215 voluntatem
1732 3162 1908 3232 atque

255 3248 531 3304 timorem
564 3263 768 3303 eorum
799 3247 1114 3303 definiatur
1139 3263 1336 3303 causa.

372 3479 444 3518 AD
482 3478 840 3518 ADALWINUM
869 3478 1363 3518 ARCHIEPISCOPUM
1391 3478 1807 3519 JUVANIENSEM.

621 3551 1060 3624 Fragmentum.
1094 3581 1163 3592 ——
1193 3551 1380 3622 (Anno
1412 3550 1561 3623 867.)

232 3628 233 3631 I
262 3642 337 3697 De
368 3640 534 3697 vidua
563 3655 688 3713 qua:
710 3647 832 3712 post
854 3647 1197 3713 assumptum
1223 3641 1735 3713 sanctimonialium
1764 3640 1917 3696 vela-

718 3728 842 3767 men
873 3712 943 3767 ad
971 3713 1194 3784 nuptias
1218 3712 1463 3769 redierit.

782 3810 970 3883 [Apud
1004 3810 1213 3878 Mansi,
1242 3809 1403 3884 ibid.]

337 3928 624 3984 NICOLAUS
653 3926 986 4000 episcopus,
1021 3942 1224 3983 servus
1263 3942 1566 3982 servorum
1612 3925 1728 3993 Dei,
1760 3940 1918 3981 reve-

264 4016 603 4075 rentissimo
624 4019 680 4072 et
700 4015 1075 4072 sanctissimo
1097 4015 1372 4071 confratri
1394 4019 1592 4071 nostro
1603 4016 1919 4070 Ananwmo

264 4109 483 4164 sanctae
501 4104 870 4161 Juvaviensis
892 4102 1163 4160 Ecclesiae
1194 4103 1650 4175 archiepiscopo.

338 4196 500 4262 Quod
532 4198 728 4250 autem
759 4192 1129 4266 interrogasti
1160 4194 1231 4249 de
1258 4191 1476 4248 femina
1497 4209 1623 4264 quas
1646 4196 1780 4265 post
1801 4191 1920 4249 obi-

266 4289 394 4340 tum
426 4283 626 4340 mariti
648 4283 741 4339 sui
774 4281 1035 4338 velamen
1066 4298 1297 4338 sacrum
1327 4297 1506 4354 super
1534 4285 1709 4354 caput
1743 4297 1921 4337 suum

268 4373 634 4446 imposuit,et
664 4372 831 4427 ﬁnxit
859 4388 920 4426 se
937 4371 1048 4426 sub
1064 4371 1269 4427 eodem
1296 4370 1585 4427 velamine
1606 4369 1923 4426 sanctimo-

269 4462 484 4518 nialem
515 4478 662 4529 esse,
698 4464 902 4534 postea
931 4460 1003 4515 ad
1034 4460 1272 4532 nuptias
1303 4459 1496 4527 rediit,
1528 4460 1747 4515 bonum
1778 4458 1923 4514 mihi

267 4550 501 4607 videtur
531 4550 672 4623 quia
698 4565 803 4622 per
833 4547 1167 4621 hypocrisin
1187 4547 1643 4605 ecclesiasticam
1661 4547 1923 4621 regulam

2014 634 2191 705 quitia
2222 640 2337 699 tua,
2367 641 2418 688 et
2448 650 2579 706 roga
2609 639 2806 703 Deum,
2829 643 2891 691 ut
2917 638 3060 709 forte
3086 640 3400 695 remittatur
3429 641 3532 696 tibi
3551 643 3670 699 haec

2010 722 2268 790 cogitatio
2297 721 2472 777 cerdis
2502 724 2603 778 tui.
2618 724 2681 778 In
2706 724 2837 795 felle
2864 726 3013 780 enim
3042 728 3509 797 amaritudinis,et
3528 731 3668 787 obli-

2010 812 2227 883 gatione
2271 812 2588 884 iniquitatis
2635 812 2789 870 video
2830 822 2879 869 te
2926 830 3039 871 esse
3068 816 3203 885 (Act.
3236 833 3358 886 vm,
3389 819 3499 892 20).
3533 819 3668 876 Ideo

2010 898 2178 966 tales,
2210 898 2325 954 nisi
2366 898 2736 973 resipiscunt,
2772 901 3065 974 spirituali
3112 903 3308 976 gladio
3371 912 3670 979 percutere

2012 1004 2343 1045 censemus.
2358 989 2483 1045 Non
2504 990 2662 1045 enim
2694 989 2782 1046 fas
2799 995 2888 1047 est
2908 991 3154 1064 Spiritui
3181 999 3384 1050 sancto
3410 997 3667 1065 mentiri,

2010 1077 2165 1133 sicut
2208 1077 2468 1134 Ananiae
2516 1082 2575 1134 et
2623 1078 2872 1153 Saphira
2919 1081 3150 1137 mentiti
3184 1087 3343 1152 sunt,
3379 1089 3437 1140 et
3467 1086 3669 1142 statim

2009 1166 2329 1239 perierunt.

2721 1257 2953 1314 CXXVI.

2649 1362 2721 1401 AD
2757 1363 3025 1403 EUMDEM.

2365 1433 2804 1507 Fragmentum.
2840 1467 2909 1478 -—-
2934 1437 3120 1509 (Anno
3150 1438 3301 1511 867.)

2617 1523 2760 1598 [Ivo,
2790 1541 2872 1593 x1,
2909 1526 3056 1601 104.]

2078 1611 2285 1668 Clerici
2317 1613 2417 1685 qui
2450 1612 2508 1667 in
2544 1612 2941 1671 adolescentia
2970 1633 3005 1671 a
3033 1616 3398 1675 daemonibus
3429 1635 3673 1693 cognos-

2008 1704 2223 1756 cuntur
2241 1701 2577 1770 obsessi,ad
2609 1703 2973 1775 superiorem
3006 1705 3156 1761 sacri
3200 1706 3501 1780 regiminis
3533 1725 3671 1782 gra-

2007 1790 2148 1845 dum
2181 1792 2455 1847 accedere
2487 1808 2601 1847 non
2631 1796 2902 1865 possunt.

2717 1900 2977 1957 CXXVII.

2654 2005 2728 2044 AD
2759 2006 3026 2045 EUMDEM.

2652 2079 2838 2147 (Anno
2868 2079 3019 2151 867.)

2015 2163 2164 2231 Quod
2214 2165 2494 2236 episcopus
2546 2165 2633 2220 vel
2680 2166 2912 2222 clericus
2968 2168 3124 2224 nullo
3175 2168 3332 2225 modo
3392 2173 3675 2228 venationi

2602 2236 2789 2293 debeat
2815 2239 3089 2295 insistere.

2643 2326 2779 2393 [lvo,
2811 2344 2866 2395 v,
2902 2328 3053 2400 353.]

2084 2413 2372 2469 NICOLAUS
2402 2414 2718 2473 ADALWINO
2747 2415 3082 2472 Juvaviensi
3114 2418 3572 2493 archiepiscopo.

2085 2503 2484 2571 Quorumdam
2499 2502 2781 2559 relatione
2799 2503 3061 2560 fidelium
3085 2506 3329 2563 auribus
3351 2509 3570 2565 nostris
3587 2508 3674 2565 in-

2013 2591 2289 2647 timatum
2320 2596 2409 2646 est
2430 2592 2586 2664 quod
2620 2593 2946 2650 Lanfrcdus
2970 2594 3410 2668 episcopus,qui
3432 2601 3490 2652 et
3507 2598 3675 2669 juve-

2016 2680 2109 2735 nis
2139 2696 2268 2736 esse
2301 2679 2536 2749 dicitur,
2569 2680 2862 2737 venationi
2894 2682 2972 2738 sit
3002 2683 3434 2748 deditus.Quod
3464 2685 3673 2742 vitium

2017 2769 2303 2841 plurimos
2315 2769 2492 2824 etiam
2515 2769 2585 2825 de
2608 2769 2858 2826 clericali
2882 2770 3144 2845 catalogo
3164 2788 3378 2846 genere
3390 2773 3677 2831 duntaxat

2016 2858 2337 2914 Germanos
2369 2862 2426 2914 et
2446 2857 2641 2914 Gallos
2671 2857 3052 2916 irreverentes
3074 2861 3162 2934 υἱ,
3187 2863 3534 2934 reverentes]
3562 2863 3674 2918 im-

2016 2947 2215 3020 plicat.
2247 2946 2465 3002 Verum
2494 2946 2626 3014 iste,
2660 2948 2709 3002 si
2737 2947 2853 3004 ista
2881 2953 2971 3004 est
3001 2953 3066 3005 ut
3092 2949 3447 3021 audivimus,
3463 2952 3674 3008 merito

2008 3034 2244 3107 juvenis
2265 3034 2605 3108 dicitur,qui
2617 3035 2980 3107 juvenilibus
2998 3036 3309 3094 desideriis
3326 3045 3671 3112 occupatus,

2016 3123 2183 3180 nulla
2209 3141 2418 3180 senum
2448 3125 2733 3197 gravitate
2762 3125 3207 3199 constringitur.

2089 3212 2238 3269 Item.
2272 3212 2316 3268 Ο
2347 3212 2624 3269 miseram
2654 3213 2835 3269 vitam
2856 3213 3168 3271 hominum
3203 3219 3260 3271 et
3289 3217 3545 3273 maxime
3576 3234 3676 3274 sa-

1939 3285 1981 3352 C
2019 3301 2351 3358 cerdotuml
2377 3301 2498 3376 qui,
2533 3303 2675 3358 dum
2699 3302 3003 3359 lucrandis
3030 3303 3306 3362 ﬁdelibus
3336 3305 3555 3362 debent
3584 3306 3677 3362 in-

2026 3390 2251 3458 sistere,
2276 3390 2560 3447 venandis
2591 3391 2728 3448 feris
2766 3392 3138 3462 incumbunt,
3171 3398 3231 3450 et
3279 3411 3427 3467 quos
3474 3411 3681 3468 capere

2027 3482 2256 3550 oportet
2284 3477 2572 3546 homines,
2607 3479 2850 3551 capiunt
2869 3495 3005 3536 aves
3033 3483 3092 3536 et
3122 3481 3369 3549 bestias;
3402 3481 3505 3553 qui
3534 3482 3679 3537 dum

2027 3566 2316 3621 mortibus
2349 3568 2587 3623 student
2615 3567 3219 3636 animantium,vitam
3250 3586 3493 3626 suarum
3515 3570 3682 3625 amit-

2025 3658 2161 3711 tunt
2191 3655 2553 3712 animarum!
2587 3656 2631 3713 Ο
2660 3656 2954 3714 infelicem
3003 3658 3186 3714 vitam
3231 3675 3409 3732 super
3446 3675 3682 3715 omnem

2025 3743 2245 3799 vitam?
2266 3745 2412 3800 Nam
2435 3744 2494 3800 in
2526 3761 2642 3817 quo
2664 3746 2854 3819 magis
2874 3747 3127 3821 quisque
3158 3748 3412 3804 carnalis
3441 3751 3686 3821 apparet

2028 3850 2206 3906 quam
2235 3832 2296 3888 in
2324 3832 2430 3889 tali
2455 3832 2614 3889 vita?
2634 3835 2990 3892 Venatorum
3023 3836 3182 3893 enim
3212 3836 3331 3893 vita
3369 3835 3453 3892 nil
3478 3841 3688 3909 praeter

2027 3939 2233 3978 carnes
2263 3922 2438 3995 capit,
2472 3922 2533 3978 in
2556 3940 2673 3995 qua
2709 3924 2853 3980 dum
2884 3924 3135 3998 quisque
3178 3926 3507 3998 permansit
3534 3942 3685 3982 nun-

2028 4028 2207 4084 quam
2219 4013 2500 4084 probatus
2513 4021 2594 4068 esl
2605 4056 2618 4069 .
2633 4013 2877 4081 Nam,ut
2897 4014 3103 4070 beatus
3120 4014 3265 4071 dixit
3275 4014 3685 4088 Hieronymus.

2024 4105 2355 4157 venatorem
2376 4118 2680 4174 nunquam
2696 4101 2948 4175 legimus
2962 4103 3359 4159 sanctum.Va=.
3377 4104 3478 4176 buj
3490 4120 3685 4160 usmo-

2027 4190 2087 4245 di
2122 4188 2493 4261 praesulibus,
2526 4190 2628 4262 qui
2660 4191 2803 4245 dum
2837 4191 3052 4247 debent
3084 4191 3341 4260 Petrum,
3369 4193 3687 4260 Andream,

2027 4278 2312 4335 Jacobum
2334 4282 2391 4334 et
2408 4279 2942 4351 Joannem,quibus
2965 4296 3000 4335 a
3025 4279 3274 4334 Domino
3308 4280 3535 4335 dictum
3557 4284 3645 4337 est
3670 4298 3683 4337 :

2028 4367 2235 4423 Venite
2283 4372 2416 4440 post
2460 4384 2573 4439 me,
2609 4367 2818 4424 faciam
2864 4385 2965 4424 vos
3019 4368 3340 4440 piscatores
3377 4367 3688 4424 hominum

2030 4458 2238 4527 (Matth.
2269 4474 2326 4513 IV
2344 4465 2395 4514 et
2425 4462 2599 4515 Marc.
2624 4457 2687 4530 1),
2724 4457 2795 4513 ad
2828 4457 3220 4514 imitationem
3252 4473 3421 4514 suam
3452 4456 3686 4530 eligere,

2034 4562 2286 4619 quorum
2317 4550 2375 4602 et
2400 4545 2674 4619 discipuli
2707 4551 2879 4602 sunt:
2914 4547 3102 4620 magis
3146 4546 3401 4603 Nemrod
3430 4548 3597 4617 (Gen.
3630 4549 3690 4616 x)

270 4639 622 4697 conturbare
651 4637 854 4710 voluit,
882 4642 939 4694 et
970 4654 1086 4693 non
1117 4636 1378 4711 legitime
1408 4637 1469 4692 in
1502 4639 1629 4692 voto
1661 4652 1767 4692 suo
1792 4653 1925 4709 per-
1951 4662 2000 4727 Β
2034 4641 2092 4690 et
2149 4634 2457 4691 lsmaelem
2505 4635 2654 4707 (Gen.
2687 4635 2828 4706 xxr),
2880 4639 3056 4708 atque
3109 4635 3264 4692 Esau
3313 4636 3468 4706 (Gen.
3500 4651 3613 4691 xxv
3639 4642 3692 4691 et

270 4726 514 4796 mansit,
533 4730 592 4782 ut
612 4725 1015 4799 pcenitentiam
1046 4730 1181 4799 agat
1200 4725 1270 4781 de
1301 4724 1574 4800 illusione
1588 4724 1927 4796 nefanda,et
1951 4723 1989 4727 ’
2034 4725 2209 4797 xxvn)
2239 4724 2517 4797 reprobos
2548 4723 2876 4793 imitantur,
2905 4724 3006 4796 qui
3036 4724 3382 4797 hujusmodi
3414 4724 3690 4780 adinven-

270 4820 596 4872 revertatur
621 4816 691 4871 ad
721 4815 782 4871 id
813 4815 969 4888 quod
1007 4815 1339 4887 sp0pondit,
1356 4818 1413 4870 et
1442 4815 1502 4869 in
1529 4830 1693 4871 sacro
1723 4830 1927 4869 mona-

271 4905 447 4963 sterio
478 4904 953 4961 inchoavit.Nam
985 4903 1035 4960 si
1056 4902 1528 4959 consenserimus
1555 4903 1711 4976 quod
1733 4902 1931 4959 omnia

268 4998 640 5051 sacramenta
657 4992 1055 5050 ecclesiastica
1082 4992 1337 5064 quisque
1366 4997 1542 5065 prout
1565 4991 1692 5048 vult
1720 4991 1925 5065 ﬁngat,

270 5090 328 5142 et
356 5102 473 5140 non
497 5100 629 5140 vere
654 5082 1047 5152 faciat,omnis
1063 5082 1204 5137 ordo
1224 5080 1654 5137 ecclesiasticus
1686 5086 1775 5137 est
1811 5085 1931 5136 tur-

272 5176 590 5242 batus,nec
621 5172 920 5231 catholicae
951 5172 1086 5229 ﬁdei
1102 5172 1244 5244 jura
1272 5170 1738 5240 consistunt,nec
1761 5186 1931 5226 cano-

272 5281 379 5321 nes
411 5264 562 5320 sacri
592 5262 700 5319 rite
730 5263 1133 5329 observantur.
1153 5260 1301 5327 Quid
1332 5260 1488 5316 enim
1510 5259 1730 5331 profuit
1747 5259 1933 5315 Simo-

274 5354 335 5409 ni
354 5357 520 5426 Mago
550 5353 913 5426 baptismum
957 5338 1191 5406 sacrum
1239 5350 1371 5406 ﬁcte
1416 5348 1733 5421 suscipere,
1765 5353 1824 5405 et
1867 5347 1928 5403 in

274 5441 711 5503 Christianitate
740 5457 1193 5516 permansurum
1241 5456 1304 5495 se
1353 5438 1614 5505 finxisse,
1643 5454 1777 5494 cum
1826 5454 1931 5509 per

273 5531 850 5606 apostolum,fraude
879 5531 1009 5602 ejus
1037 5530 1289 5598 decreta,
1324 5529 1479 5602 quod
1521 5527 1633 5584 sibi
1663 5527 1927 5582 futurum

274 5626 451 5690 esset,
483 5621 941 5696 praenuntiatum
999 5619 1125 5676 est?
1154 5618 1250 5674 Ait
1299 5618 1458 5675 enim
1492 5634 1505 5674 :
1538 5618 1783 5674 Pecunia
1831 5624 1929 5673 tua

274 5720 451 5775 tecum
492 5712 568 5771 sit
607 5712 669 5769 in
709 5711 1018 5786 perditione
1045 5726 1065 5767 :
1095 5723 1186 5767 eor
1213 5708 1362 5767 enim
1390 5716 1547 5767 tuum
1572 5722 1683 5767 non
1712 5714 1792 5765 est
1833 5722 1925 5766 re-

2036 4812 2296 4871 tionibus
2327 4812 2667 4870 incubuisse
2697 4813 3046 4869 referuntur.
3066 4813 3462 4870 Nihilominus
3492 4817 3690 4869 autem

2038 4903 2109 4958 de
2157 4901 2267 4957 hoc
2314 4900 2584 4975 episcopo
2645 4901 2896 4958 relatum
2948 4906 3037 4958 est
3094 4901 3445 4975 apostolatui
3490 4905 3691 4957 nostro

2037 4991 2194 5064 quod
2224 5007 2359 5045 cum
2392 4991 2647 5063 quadam
2696 4990 2819 5046 ﬁlia
2860 5008 2969 5047 sua
3014 4991 3464 5046 immoderatam
3494 4992 3691 5045 teneat

2038 5078 2521 5151 familiaritatem,
2543 5083 2601 5135 et
2630 5079 2703 5136 ob
2734 5079 2793 5134 id
2825 5078 2981 5134 mala
3006 5079 3165 5134 fama
3202 5078 3255 5134 ei
3285 5082 3415 5134 orta
3445 5078 3555 5134 sit:
3585 5094 3690 5151 pro

2039 5187 2158 5242 qua
2186 5186 2247 5225 re
2278 5186 2313 5224 a
2342 5169 2651 5225 sanctitate
2680 5171 2785 5225 tua
2812 5168 3153 5240 caeterisque
3183 5167 3544 5241 coepiscopis
3565 5166 3691 5224 suis

2039 5257 2431 5315 commonitus
2462 5274 2528 5314 ac
2553 5261 2854 5330 correptus
2882 5261 2990 5325 est,
3008 5257 3108 5312 sed
3142 5255 3482 5312 nullatenus
3500 5273 3696 5312 emen-

2040 5350 2232 5404 datus.
2248 5349 2383 5414 Quae
2400 5364 2493 5403 res
2522 5347 2582 5402 in
2614 5346 2724 5403 hoc
2746 5345 2999 5403 maxime
3028 5344 3320 5419 displicet,
3337 5348 3395 5401 et
3410 5345 3602 5419 magis
3624 5360 3692 5401 ac

2039 5431 2254 5510 magis
2279 5437 2350 5491 de
2382 5452 2442 5492 se
2472 5435 2818 5492 deteriorem
2849 5434 3043 5492 reddit
3071 5433 3427 5507 opinionem.
3462 5438 3530 5489 In
3577 5450 3695 5507 quo

2039 5524 2391 5581 beatitudini
2414 5528 2527 5580 tuae
2549 5527 2605 5579 et
2616 5523 3095 5596 coepiscoporum
3110 5539 3352 5580 suorum
3368 5521 3697 5579 rationibus

2041 5631 2157 5671 non
2189 5614 2387 5671 obedit
2415 5617 2474 5669 et
2500 5628 2604 5685 per
2631 5612 3089 5669 inobedientiam
3118 5613 3178 5668 in
3223 5612 3457 5686 culpam
3503 5615 3698 5685 proto-

2035 5704 2212 5783 plasti
2235 5703 2535 5763 relabitur.
2552 5703 2795 5779 Oportet
2810 5719 2949 5778 ergo
2969 5704 3394 5765 fraternitatem
3414 5707 3578 5762 tuam
3611 5719 3703 5783 sy-
