4138 6468
468 428 624 497 ίίὲτ

1842 402 2162 473 NICOLAI
2202 398 2437 467 PAPIE
2478 402 2528 464 Ι.

3736 376 3914 445 “28

466 570 578 627 nod
588 567 679 624 ale
708 579 844 624 cum
860 552 1154 635 episcopis
1177 561 1235 614 et
1261 550 1648 626 suffraganeis
1668 547 1787 604 tuis
1809 561 2125 603 convocare
2154 546 2210 611 Α
2239 544 2297 596 et
2327 538 2667 595 accusatore
2686 531 2843 606 quod
2864 529 3157 602 objecerat
3172 517 3909 597 comprobanteplericum

467 621 805 723 contulium,
837 621 1083 710 et‘hunc
1112 621 1476 705 salutaribus
1501 638 1752 713 eloquiis
1783 636 2127 710 episcopum
2239 629 2429 703 privat
2456 624 2693 701 pr0prio
2722 621 2931 697 gradu.

467 745 798 817 convenire,
814 748 989 815 atque
1010 739 1096 795 illi
1128 733 1407 812 pastorali
1437 729 1784 817 auctoritate
1816 725 2131 799 pracipere

469 843 766 911 quatenus
781 815 854 890 ﬁet
882 831 954 888 ab
977 828 1243 886 omnium
1265 823 1592 880 bestiarum
1620 822 1681 875 et
1698 815 2005 873 volucrum
2033 829 2129 869 ve-

469 905 707 985 natione
736 923 972 998 penitus
1000 918 1231 976 alienus
1259 915 1489 980 existat,
1524 915 1699 982 atque
1740 905 2133 963 immoderata

471 1017 609 1074 filiae
639 996 762 1071 suae
788 1009 1185 1068 familiaritate
1207 1003 1594 1075 semetipsum
1617 996 1956 1054 omnimodo
1978 1009 2136 1050 coer-

471 1103 795 1171 ceat.Quod
819 1101 870 1158 si
896 1114 1099 1173 parere
1129 1091 1569 1166 contempserit,
1585 1093 1643 1145 et
1672 1090 1794 1144 tam
1824 1101 1930 1158 pro
1957 1100 2132 1139 vena-

470 1196 653 1253 tionis
683 1189 1075 1250 declinatione
1105 1202 1285 1258 quam
1314 1199 1417 1257 pro
1447 1179 1840 1236 immoderata
1858 1173 1991 1230 ﬁlim
2014 1188 2132 1229 sum

468 1284 708 1342 vitanda
728 1276 1197 1343 conversatione;
1217 1273 1383 1329 vobis
1413 1267 1870 1333 admonentibus
1898 1261 2135 1321 obedire

472 1372 787 1441 distulerit,
812 1388 848 1427 a
874 1372 1065 1425 vestro
1099 1363 1343 1438 collegio
1365 1355 1910 1418 excommunicatus
1940 1353 2138 1409 absce-

473 1465 592 1521 dat.
626 1463 788 1531 Quod
823 1460 871 1516 si
904 1459 964 1514 in
995 1457 1107 1513 hoc
1136 1459 1454 1511 contumax
1480 1450 1672 1506 adhuc
1713 1444 2069 1519 apparuerit,
2102 1459 2137 1497 a

474 1552 807 1610 ministerio
840 1563 1072 1605 cessare
1102 1542 1357 1601 debebit.

1166 1685 1458 1744 CXXVIII.

1121 1795 1194 1834 AD
1234 1791 1496 1833 EUMDEM.

1126 1879 1313 1949 (Anno
1349 1871 1497 1944 867.)

480 1985 738 2057 EpiseOpo
764 1980 1111 2057 infirmante,
1132 1975 1250 2030 nisi
1275 1972 1341 2028 de
1368 1972 1470 2057 hoc
1495 1969 1627 2057 rita,
1638 1965 1983 2057 migraverit,
2003 1964 2143 2057 alter

549 2035 1076 2183 glirséubst'ituamr,
1100 2035 1180 2102 ἠε
1228 2043 1505 2101 commissi
1550 2035 1745 2096 talenti
1786 2035 2143 2110 pulchritudo

669 2142 705 2181 a
728 2141 817 2180 ur.

552 2251 837 2308 NICOLAUS
864 2248 1182 2303 ADALWINO
1209 2238 1543 2298 Juvaviensi
1576 2234 2034 2308 archiepiscopo.

555 2338 864 2396 Pontiﬁces
892 2334 993 2409 qui
1023 2333 1223 2405 aliqua
1270 2332 1631 2402 occupantur
1677 2323 2018 2380 inﬁrmitate
2056 2320 2144 2377 vel

482 2428 851 2504 aegritudine,
884 2421 1199 2497 abjiciendi
1232 2437 1349 2476 non
1381 2421 1542 2484 sunt,
1579 2432 1685 2472 nec
1716 2413 1862 2470 alios
1910 2412 1973 2467 in
2018 2410 2145 2468 loco

482 2534 689 2575 eorum
719 2512 1048 2572 consecrari
1081 2513 1331 2584 oportet,
1375 2506 1489 2564 nisi
1518 2522 1587 2561 ex
1617 2504 1727 2560 hac
1757 2501 1978 2558 fuerint
2017 2499 2147 2555 luce

484 2606 793 2664 subtracti.
828 2602 992 2670 Quod
1025 2601 1075 2657 si
1107 2601 1180 2656 de
1210 2595 1537 2654 ministerio
1568 2593 1680 2651 sibi
1712 2607 1988 2648 concesso
2008 2606 2147 2645 con-

487 2698 835 2769 queruntur,
861 2709 989 2765 quae
1021 2689 1181 2745 licita
1206 2691 1347 2743 sunt
1376 2684 1711 2741 sacerdotes
1758 2679 2047 2754 expleant.
2081 2683 2147 2734 In

486 2785 581 2841 his
604 2801 740 2841 vero
771 2800 901 2856 quae
943 2779 1028 2838 eis
1076 2792 1430 2852 praesumere
1475 2791 1592 2829 non
1638 2771 1790 2838 licet,
1820 2769 2147 2825 vicinorum

487 2890 677 2948 usque
706 2874 779 2929 ad
831 2867 1295 2944 recuperandam
1346 2863 1661 2921 sanitatem
1709 2860 2145 2933 episcoporum,

486 2947 706 3020 auailia
763 2961 1189 3033 subrogantur;
1220 2960 1278 3013 et
1321 2955 1431 3010 hoc
1474 2968 1611 3008 cum
1657 2949 1897 3006 cautela:
1950 2947 2149 3005 studio

489 3056 827 3126 peragatur,
851 3067 924 3106 ne
955 3066 1058 3122 per
1086 3044 1456 3121 necessitatis
1478 3040 1844 3099 occasionem
1872 3053 2152 3112 presum-

489 3140 709 3216 ptionis
738 3138 987 3213 pullulet
1007 3131 1558 3207 ambitio.Episcopi
1578 3148 1712 3187 vero
1734 3128 1835 3202 qui
1864 3126 2153 3184 Dominici

488 3231 685 3306 gregis
716 3232 1106 3302 susceperunt
1134 3242 1338 3284 curam
1372 3228 1548 3296 atque
1568 3217 2050 3285 sollicitudinem,
2078 3216 2151 3272 ab

2973 715 3179 774 CXXX.

2882 835 2955 874 AD
2986 831 3254 873 EUMDEM.

2884 918 3073 988 (Anno
3104 910 3257 984 867.)

2239 1025 2303 1080 Si
2333 1025 2489 1080 homo
2536 1020 2744 1093 aliquis
2787 1017 2924 1074 duas
2972 1012 3291 1093 spirituales
3336 1013 3657 1066 commatres
3705 1004 3919 1060 habere

2973 1086 3173 1141 valeat.

2873 1185 3012 1267 [Ivo,
3045 1201 3086 1252 ι,
3120 1182 3265 1249 437.]

2314 1301 2602 1356 NICOLAUS
2640 1302 2933 1353 SOLOMONI
2962 1287 3396 1348 Constantiensi
3428 1285 3723 1358 episcopo.

2316 1388 2662 1446 Sciscitatur
2683 1403 2716 1441 a
2736 1384 2904 1441 nobis
2927 1380 3413 1438 sanctitasvestra
3430 1376 3478 1432 si
3497 1373 3714 1447 aliquis
3728 1372 3917 1427 homo

2246 1481 2394 1535 duas
2421 1475 3089 1550 spiritales'commatres
3119 1469 3337 1525 habere
3358 1464 3753 1534 valeat,unam
3778 1465 3923 1533 post

2246 1566 2514 1637 alteram.
2546 1565 2611 1621 In
2645 1580 2758 1637 quo
2815 1558 3151 1618 fraternitas
3194 1561 3299 1612 tua
3345 1552 3691 1612 meminisse
3737 1550 3922 1606 debet

2247 1657 2535 1729 scriptum
2583 1671 2713 1710 esse
2748 1654 2977 1709 :Erunt
3023 1649 3130 1705 duo
3178 1649 3241 1703 in
3286 1661 3453 1702 carne
3489 1659 3605 1699 una
3633 1640 3791 1710 (Gen.
3827 1638 3918 1711 ιι).

2249 1749 2457 1819 Itaque
2487 1760 2622 1801 cum
2653 1744 2882 1799 constet
2908 1740 3048 1814 quia
3074 1737 3163 1793 vir
3192 1740 3250 1793 et
3277 1752 3425 1791 uxor
3471 1749 3592 1788 una
3638 1747 3776 1788 caro
3809 1744 3922 1802 per

2249 1834 2610 1893 connubium
2642 1829 2998 1897 efficiuntur,
3013 1830 3197 1884 restat
3225 1824 3507 1882 nimirum
3537 1822 3731 1877 virum
3755 1835 3918 1876 com-

2170 1926 2219 1991 B
2250 1929 2475 1999 patrem
2507 1920 2787 1980 constitui
2820 1919 2902 1976 illi
2934 1916 3167 1974 mulieri
3198 1913 3293 1972 cui
3322 1914 3382 1969 in
3416 1910 3798 1969 matrimonio
3833 1925 3924 1965 as-

2252 1998 2492 2086 sumpta
2520 2029 2667 2069 uxor
2694 2013 3018 2067 commater
3043 2022 3172 2063 esse
3208 2003 3518 2060 videbatur
3548 2018 3561 2058 :
3596 2004 3654 2057 et
3698 1998 3925 2055 idcirco

2253 2105 2390 2160 licet
2418 2102 2610 2159 virum
2643 2099 2729 2156 illi
2760 2098 2991 2156 feminea
3023 2114 3139 2153 non
3172 2108 3345 2169 posse
3384 2091 3558 2166 jungi
3605 2091 3667 2146 in
3707 2086 3928 2161 copula

2253 2211 2381 2267 qua;
2411 2195 2737 2249 commater
2765 2193 2890 2246 erat
2920 2189 3071 2260 ejus,
3098 2201 3233 2242 cum
3265 2199 3385 2256 qua
3415 2181 3571 2237 idem
3594 2197 3714 2235 una
3733 2178 3932 2234 fuerat

2253 2300 2387 2341 caro
2418 2283 2682 2339 ell'ectus.

2969 2374 3198 2431 CXXXI.

2897 2493 2969 2532 AD
3009 2489 3275 2530 EUMDEM.

2614 2578 3054 2651 Fragmentum.
3089 2604 3157 2614 —
3189 2572 3375 2645 (Anno
3407 2567 3556 2641 867.)

2370 2679 2446 2734 De
2471 2676 2791 2750 paenitentia
2818 2671 3237 2747 parricidarum
3265 2677 3316 2726 et
3345 2670 3806 2725 incestuosorum.

2879 2771 3021 2837 [Ivo,
3052 2787 3110 2838 Χ,
3144 2768 3290 2836 485.]

2328 2876 2619 2933 Nummus
2657 2872 2953 2929 SOLOMONI
2982 2864 3411 2924 Constantiensi
3442 2863 3738 2937 episcopo.

2328 2965 2573 3022 Constat
2602 2959 2948 3035 parricidas,
2982 2956 3332 3021 fratricidas,
3366 2958 3425 3011 et
3451 2953 3824 3009 incestuosos
3855 2948 3926 3005 de

2259 3055 2475 3128 quibus
2520 3050 2782 3110 consulis
2813 3054 3015 3106 utrum
3067 3046 3299 3120 possint
3325 3041 3602 3117 conjugio
3632 3036 3921 3113 capulari,

2259 3142 2664 3219 paenitentiam
2685 3156 2878 3213 agere,
2893 3142 2953 3194 et
2970 3137 3101 3193 ideo
3121 3132 3239 3191 non
3263 3150 3437 3207 posse
3457 3129 3677 3188 carnali
3698 3125 3926 3202 copula

2254 3218 2449 3307 jungi.
2481 3235 2637 3297 Quos
2667 3233 2897 3303 oportet
2926 3228 2987 3284 in
3016 3225 3289 3282 castitate
3313 3222 3590 3279 omnibus
3626 3218 3762 3275 vita:
3808 3230 3926 3272 sua

490 3319 1007 3378 αάωίοίείηῖίοηθ
1046 3332 1250 3373 eorum
1298 3312 1597 3369 discedere
1646 3326 1762 3365 n0“
1808 3310 2054 3380 oportet:
2088 3308 2156 3361 ιη
2184 3300 2227 3369 C
2262 3300 2626 3397 permanere,
2659 3300 2877 3375 mentis
2926 3321 2985 3372 et
3030 3312 3313 3387 corporis,
3354 3314 3582 3368 servata
3640 3308 3931 3364 duntaxat

490 3410 712 3484 accepti
740 3408 946 3464 talenti
978 3404 1353 3480 pulchritudo
1384 3418 1500 3458 non
1531 3399 1816 3465 deleatur,
1849 3397 1953 3453 sed
1974 3399 2155 3452 certa.—

490 3501 651 3556 mine
676 3512 881 3556 eorum
913 3495 1231 3553 salubriter
1261 3496 1545 3566 augeatur
1575 3494 1634 3545 et
1660 3487 2009 3561 triplicetur.

632 3740 706 3778 AD
739 3737 1085 3779 SALOMONEM
1114 3732 1440 3774 EPISCOPUM
1478 3727 2004 3769 CONSTANTIENSEM.

856 3821 1297 3892 Fragmentum.
1330 3845 1398 3855 --
1426 3816 1619 3882 (Anno
1644 3813 1798 3881 867.)

495 3919 646 3992 Quod
670 3935 830 3976 nemo
858 3914 1232 3997 damnandus.
1252 3915 1325 3970 sit
1531 3918 1719 3982 sponte
1749 3914 2041 3981 co-n/essus,
2072 3906 2157 3962 vel

1030 3992 1289 4044 canonice
1318 3992 1618 4041 cmwtctus.

1118 4086 1258 4158 [Ivo,
1289 4102 1366 4152 vn,
1403 4082 1548 4154 122.]

564 4218 838 4275 Nicoums
876 4215 1160 4272 SALouom
1191 4207 1626 4267 Constantiensi
1656 4206 1948 4281 episcopo.

566 4308 878 4380 Presbyter
890 4304 981 4361 vel
1001 4303 1286 4360 diaconus
1306 4316 1482 4373 quem
1500 4297 1715 4355 asseris
1737 4296 1988 4353 crimina
2003 4294 2158 4352 nolle

492 4396 729 4471 publice
763 4394 1049 4460 confiteri,
1092 4392 1193 4448 sed
1224 4390 1371 4447 velle
1402 4405 1537 4445 cum
1564 4390 1932 4444 sacramento
1963 4385 2158 4441 defen-

492 4488 631 4543 dere
651 4490 801 4553 se,et
828 4489 1027 4540 tamen
1049 4487 1255 4538 notum
1287 4484 1378 4536 est
1407 4479 1679 4551 episcopo
1707 4492 1837 4531 essc
1867 4473 2061 4531 scelus
2084 4476 2157 4531 ab

494 4577 625 4649 ipso
654 4577 1200 4648 perpetratum,non
1232 4573 1425 4643 potest
1454 4582 1558 4641 per
1587 4565 1847 4638 aliquam
1878 4564 2158 4638 poeniten-

2262 3416 2499 3486 propter
2527 3407 2994 3466 misericordiam
3025 3403 3204 3460 etiam
3237 3402 3393 3458 circa
3421 3400 3530 3456 hos
3557 3398 3712 3454 beati
3763 3410 3926 3470 papa:

2264 3502 2475 3558 Leonis
2504 3498 2784 3556 vicesima
2813 3491 3025 3569 q‘uarta
3053 3490 3444 3549 Decretalium
3470 3486 3693 3562 regula.

2967 3619 3218 3677 CLXXII.

2387 3744 2457 3783 AD
2498 3738 2900 3782 SOLANITANUM
2929 3720 3014 3776 vel
3046 3731 3425 3775 SOLEMONIUM
3456 3729 3804 3769 EPISCOPUM.

2588 3832 2595 3839 ‘
2624 3824 3064 3896 Fragmentum.
3099 3848 3167 3858 -
3201 3816 3389 3890 (Anno
3417 3815 3570 3883 867.)

2898 3919 3041 3989 [Ivo,
3075 3933 3118 3985 ι,
3151 3916 3299 3983 136.]

2336 4031 2627 4087 NICOLAUS
2659 4028 2990 4085 Sonamouio
3021 4023 3316 4097 episcopo.

2336 4121 2521 4177 Nosse
2550 4117 2850 4174 desideras
2882 4118 3083 4172 utrum
3117 4111 3331 4168 mulier
3359 4126 3488 4183 quae
3509 4108 3617 4165 viri
3648 4106 3838 4164 filium
3858 4118 3924 4160 ex

2267 4210 2383 4266 alia
2412 4208 2537 4264 ﬁlia
2564 4206 2831 4281 genitum
2865 4206 2937 4261 de
2968 4219 3136 4260 sacro
3165 4202 3324 4258 fonte
3352 4198 3649 4265 levaverit,
3674 4202 3926 4271 postmo-

2267 4300 2410 4356 dum
2441 4297 2630 4372 possit
2654 4313 2789 4352 cum
2838 4294 3046 4351 eodem
3095 4292 3220 4348 viro
3265 4287 3568 4363 copulari?
3596 4287 3753 4353 Quos
3801 4285 3925 4340 ideo

2259 4388 2431 4463 jungi
2456 4403 2627 4460 posse
2658 4383 3050 4452 decernimus,
3085 4382 3225 4455 quia
3252 4380 3577 4437 secundum
3609 4392 3812 4434 sacros
3839 4389 3921 4430 οδε

2268 4495 2451 4536 nones
2485 4476 2600 4533 nisi
2652 4475 2963 4532 amborum
3012 4486 3305 4528 consensu
3350 4468 3575 4525 nullius
3629 4461 3924 4539 religionis

2267 4569 2508 4626 obtentu
2542 4565 2713 4622 debet
2742 4564 2957 4635 conjux
2985 4560 3282 4617 dimittere
3311 4558 3644 4631 conjugem.
3679 4552 3926 4611 Pertinet

491 4639 635 4721 tiam
655 4639 1006 4719 sacerdotali
1026 4659 1115 4717 vel
1146 4639 1434 4716 dia—conali
1455 4639 1653 4714 officio
1685 4655 1882 4728 potiri.
1903 4655 2015 4711 Sed
2046 4654 2157 4710 mi-
2189 4680 2235 4745 D
2268 4663 2463 4716 autem
2498 4657 2570 4712 ad
2598 4655 2808 4729 ingens
2840 4651 3040 4708 uxoris
3073 4649 3337 4718 exitium,
3358 4665 3488 4721 quae
3518 4646 3747 4702 habens
3795 4639 3923 4737 odio

493 4749 1415 4824 randum,siipseconfessusnon
1434 4745 1934 4818 fuerit,quomodo
1952 4749 2156 4801 notum
2189 4725 2233 4745 υ
2266 4748 2458 4804 virum
2483 4744 2574 4802 vel
2614 4725 3021 4799 inﬁrmitatem
3053 4738 3181 4810 ejus
3212 4755 3328 4794 non
3347 4725 3919 4806 considerans,quasi

492 4842 682 4916 possit
710 4858 840 4899 esse
871 4840 1141 4913 episcopo
1190 4836 1387 4895 scelus
1436 4837 1507 4893 ab
1557 4836 1685 4908 ipso
1734 4839 2155 4908 perpetratum,

493 4931 609 4988 nisi
641 4934 979 4988 accusatore
1010 4929 1156 4985 forte
1187 4928 1399 4983 idoneo
1430 4942 1533 4998 per
1562 4929 1743 4981 testes
1774 4925 2015 4981 idoneos
2056 4942 2158 4998 ap-

491 5022 797 5094 probante.
813 5020 978 5076 Unde
999 5019 1047 5074 si
1081 5017 1454 5073 examinante
1475 5016 1749 5088 episcopo
1772 5031 2011 5071 causam
2036 5030 2160 5086 pre-

492 5112 709 5185 sbyteri
741 5110 829 5166 vel
862 5108 1115 5176 diaconi,
1137 5124 1248 5162 non
1283 5105 1458 5161 fuerit
1478 5122 1582 5177 per
1601 5104 1843 5160 testium
1876 5104 2159 5176 approba-

490 5201 713 5257 tionem
740 5199 838 5255 ille
871 5199 1175 5272 presbyter
1204 5196 1291 5252 vel
1324 5195 1607 5251 diaconus
1658 5195 1807 5250 forte
1836 5194 2155 5261 convictus,

492 5306 605 5347 non
641 5295 732 5345 est
764 5287 956 5343 scelus
990 5287 1262 5359 episcopo
1289 5284 1548 5357 legitime
1570 5282 2155 5353 manifestatum,nisi

492 5378 798 5454 presbyter
815 5376 903 5433 vel
926 5377 1209 5433 diaconus
1234 5392 1344 5431 sua
1367 5378 1572 5447 sponte
1595 5371 1788 5430 scelus
1808 5373 2003 5445 ipsum
2025 5390 2158 5429 con-

490 5472 745 5527 ﬁteatur.
774 5467 937 5534 Quod
971 5466 1085 5522 nisi
1117 5463 1584 5533 fecerit,interim
1617 5479 1734 5518 non
1755 5462 2028 5519 videmus
2051 5480 2156 5519 suo

491 5561 705 5617 debere
752 5558 1161 5631 presbyterum
1187 5554 1276 5611 vel
1327 5554 1643 5611 diaconum
1686 5552 1882 5609 officio
1918 5553 2153 5625 privari.

490 5647 627 5704 Sola
652 5664 789 5721 ergo
821 5649 1144 5720 spontanee
1172 5643 1485 5711 confessio,
1510 5648 1568 5699 et
1597 5642 1919 5700 canonicus
1949 5659 2157 5700 nume-

494 5752 598 5795 rus
622 5738 713 5796 vel
761 5737 1021 5813 qualitas
1060 5734 1324 5808 testium,
1349 5733 1799 5793 decernentibus
1841 5731 2152 5812 episcopis,

2268 4854 2447 4894 causa
2476 4833 2713 4909 pietatis
2745 4833 3022 4905 operatur
3046 4828 3408 4901 impietatem
3443 4842 3456 4880 :
3491 4823 3745 4881 maxime
3792 4828 3919 4877 cum

2268 4925 2569 5000 praecipiat
2595 4920 2911 4996 Apostolus
2947 4937 2960 4975 :
2994 4920 3198 4986 Nolite,
3232 4916 3529 4990 inquiens,
3551 4912 3816 4988 fraudare
3847 4909 3921 4964 in-

2266 4998 2590 5083 iiicemmise
2618 5030 2689 5069 ex
2710 5026 2975 5068 consensu
3004 5008 3075 5065 ad
3105 5018 3314 5080 tempus
3346 5013 3408 5063 ut
3434 5004 3632 5061 vacetis
3651 4998 3918 5060 orationi:

2265 5115 2318 5163 et
2346 5110 2546 5162 iterum
2566 5102 2914 5160 revertimini
2932 5101 2993 5155 in
3016 5099 3352 5171 idipsumme
3373 5104 3537 5152 tentet
3555 5110 3646 5151 vos
3672 5092 3917 5154 Satanas,

2260 5204 2485 5270 propter
2515 5191 2975 5250 incontinentiam
3005 5196 3238 5244 vestram
3267 5188 3315 5255 (Ι
3343 5186 3465 5242 Cor.
3515 5188 3634 5253 vn).
3686 5182 3834 5255 Ergo
3873 5173 3917 5230 si

2266 5303 2380 5343 non
2413 5302 2481 5341 ex
2510 5298 2798 5341 consensu
2834 5279 3145 5350 utriusque
3175 5276 3445 5350 conjugis
3476 5275 3587 5331 hoc
3626 5289 3756 5329 esse
3804 5270 3917 5325 fac-

2266 5382 2392 5432 tum
2428 5375 2730 5447 probatur,
2765 5387 2880 5426 non
2911 5368 3259 5423 fraudentur
3286 5365 3558 5434 invicem,
3592 5362 3696 5420 sed
3745 5370 3917 5417 rever-

2267 5471 2468 5523 tantur
2498 5464 2558 5519 in
2590 5462 2851 5534 idipsum
2878 5475 2890 5513 :
2917 5457 3243 5530 praesertim
3293 5468 3441 5512 cum'
3478 5453 3636 5510 dicat
3677 5450 3916 5524 Aposto-

2267 5556 2363 5612 lus
2389 5573 2402 5610 :
2432 5553 2585 5609 Uxor
2604 5553 2696 5607 sui
2722 5548 2969 5622 corporis
2993 5553 3313 5621 potestatem
3339 5561 3452 5603 non
3482 5544 3661 5612 habet,
3691 5540 3783 5599 sed
3810 5537 3915 5600 vir;

2267 5646 2352 5703 sic
2370 5646 2461 5701 vir
2473 5648 2792 5717 potestatem
2820 5654 2929 5695 non
2972 5637 3130 5695 habet
3156 5638 3248 5694 sui
3288 5636 3556 5710 corporis,
3585 5632 3680 5691 sed
3727 5626 3916 5689 mulier

2265 5734 2467 5815 (tota).
