4138 6530
0 1476 25 1513 LI.

0 1568 30 1602 Ξ

0 1642 29 1691 έ.

0 1746 29 1783 ξ

0 1928 29 1964 a

0 2122 29 2142 γε

0 2198 25 2233 ἑξ

0 2288 28 2325 Ξῖ

0 2378 25 2414 Ei:

0 2469 29 2505 Γ.

0 2558 27 2595 ii

2 2646 25 2683 ὃ

0 2738 25 2771 με

0 2828 25 2865 i'

0 2916 25 2954 ﬁ

0 3007 38 3042 ιι

0 3099 23 3133 η,

0 3188 23 3224 Et

0 3278 26 3313 ξιξ.

0 3366 24 3404 ειι

0 3455 23 3494 tl

0 3545 17 3582 tl.

0 3636 21 3673 ἰν

0 3730 17 3747 π.

370 472 527 534 1445
1586 479 1993 542 apls'roma
2037 480 2138 541 ET
2180 479 2566 543 causam.
3004 438 3010 443 ’
3628 466 3785 547 me

366 596 660 680 frigescat,
693 607 811 665 imo
861 608 1023 698 nullo
1064 614 1233 685 pacto
1292 615 1582 686 tepescat;
1641 614 1741 670 sed
1800 613 2016 688 potius,
2049 614 2102 682 Α
2136 613 2644 686 scripserimus,in
2664 611 2910 688 epistola
2930 631 3108 689 quam
3125 613 3209 673 eis
3228 611 3784 697 misimus,potestis

369 701 657 769 quantum
686 697 840 756 vires
870 697 1100 758 caelitus
1132 701 1352 760 collatae
1384 705 1741 775 ministrant,
1778 706 2019 763 nullate-

369 801 482 839 nus
512 785 564 841 ei
604 803 810 843 nocere
863 806 1213 863 quocunque
1260 792 1493 865 gemina
1526 796 1704 867 [forte,
1738 797 2015 868 genuina,

364 870 579 949 Hann]
601 875 859 933 charitas
877 885 1070 936 vestra
1093 881 1393 953 permittat
1423 883 1679 957 ingenio,
1695 901 1786 950 ne,
1803 884 1852 940 si
1875 886 2018 942 forte

368 963 691 1037 quidquam
714 965 968 1024 laesionis
990 968 1282 1037 inciderit,
1307 972 1419 1044 ipsi
1442 989 1544 1045 pro
1566 973 1666 1029 illa
1687 973 1747 1029 in
1772 975 2016 1031 terribili

366 1050 561 1107 divino
600 1054 826 1126 judicio
858 1057 1148 1129 cogamini
1200 1060 1440 1116 reddere
1488 1062 1810 1132 rationem;
1845 1066 2016 1138 cujus

365 1157 493 1210 nos,
508 1144 787 1214 tanquam
803 1145 939 1213 Deo,
956 1145 1125 1201 sicuti
1147 1149 1543 1220 praediximus,
1560 1153 2012 1225 contemplante,

362 1228 526 1286 illam
556 1230 679 1287 vice
711 1232 994 1308 principis
1025 1237 1447 1308 apostolorum,
1476 1241 1645 1311 cujus
1675 1242 2015 1312 praesidium

362 1319 587 1386 ascivit,
613 1320 952 1381 salvandam
983 1325 1213 1380 tuitioni
1248 1328 1673 1386 commisimus.
1710 1331 1794 1385 Ad
1838 1337 2015 1387 extre-

363 1423 528 1463 mum
550 1426 702 1478 vero,
719 1415 775 1466 et
798 1414 1034 1484 quando
1066 1415 1182 1487 iam
1207 1415 1369 1472 nulla
1391 1418 1695 1487 securitas,
1720 1423 1775 1475 et
1806 1420 2017 1476 immu-

362 1495 567 1553 uitatis
582 1499 731 1571 ejus,
748 1501 902 1574 quod
919 1506 1220 1575 gementes
1242 1504 1517 1574 dicimus,
1535 1506 1779 1563 inveniri
1803 1511 2015 1581 poterit

361 1587 899 1664 remedium,atque
919 1592 1236 1650 imminens
1258 1594 1369 1651 sibi
1395 1595 1721 1654 certissimo
1742 1600 2015 1671 praevide-

363 1677 463 1731 tur
490 1674 786 1749 interitus,
811 1680 1047 1755 recipite
1077 1681 1239 1737 illam
1270 1684 1341 1739 ad
1371 1701 1492 1752 vos,
1519 1689 1576 1740 et
1605 1703 1913 1761 quousque
1944 1689 2014 1745 de

360 1779 431 1821 ea
461 1767 617 1839 quod
665 1767 953 1826 Dominus
1002 1770 1338 1828 revelaverit
1376 1773 1694 1843 ordinetur,
1731 1776 1788 1831 in
1834 1795 2012 1851 regno

357 1858 552 1911 vestro
584 1856 786 1928 fovete,
811 1876 878 1915 ac
917 1860 967 1915 ei
999 1860 1172 1917 solita
1220 1860 1451 1934 pietatis
1498 1868 1698 1919 vestrae
1732 1866 2013 1923 beneﬁcia

360 1943 694 2051 ministrate
718 1963 730 2002 :
755 1950 813 2003 et
842 1947 923 2004 ita
947 1949 1206 2051 demum,
1232 1950 1281 2006 si
1309 1951 1448 2051 quid
1480 1951 1565 2007 illi
1596 1953 1891 2026 objicitu‘r,
1917 1974 2014 2012 au-
2044 1985 2093 2051 Β

358 2032 631 2090 ctoritate
680 2041 882 2093 nostra
929 2040 1334 2111 praeveniente,
1368 2039 1558 2114 ipsius
1591 2043 1783 2103 aemuli
1815 2062 2014 2118 prose-

359 2127 638 2194 quantur.
665 2125 776 2181 Sed
808 2132 1003 2184 notate
1043 2129 1321 2201 quoniam
1353 2134 1492 2185 tunc
1539 2130 1661 2188 haec
1712 2133 1835 2188 fieri
1885 2149 2016 2207 per-

361 2210 676 2283 mittimus,
702 2230 837 2271 cum
887 2233 921 2272 a
967 2218 1279 2291 prudentia
1308 2224 1518 2290 vestra,
1541 2218 1629 2276 vel
1678 2238 1881 2278 eorum
1914 2223 2014 2297 qui

362 2301 673 2359 nobiscum
722 2305 980 2378 sapiunt,
1003 2306 1168 2363 nulla
1196 2325 1332 2380 spes
1380 2308 1588 2365 salutis
1635 2310 2015 2386 Theutbergaa

364 2406 666 2449 remanere
697 2395 1021 2467 praescitur.
1046 2397 1326 2452 Prazterea
1366 2397 1483 2453 sive
1515 2399 1586 2454 de
1618 2400 1873 2474 conjugii
1910 2401 2016 2456 fre-

368 2477 523 2548 dere,
549 2479 667 2536 sive
697 2481 768 2537 de
798 2482 1067 2539 adulterii
1100 2484 1342 2541 crimine
1365 2486 1658 2557 judicium
1692 2488 1769 2543 sit
1798 2489 2019 2562 agitan-

334 2650 339 2655 ‘
367 2567 531 2637 dum,
557 2569 719 2627 nulla
748 2572 896 2628 ratio
934 2574 1155 2645 patitur
1182 2574 1610 2648 Theutbergam
1643 2594 1777 2633 cum
1809 2578 2018 2635 Lotha-

368 2656 454 2714 rio
501 2676 671 2730 posse
720 2659 965 2735 legalem
995 2661 1145 2718 inire
1175 2662 1634 2733 conﬂictum,vel
1686 2665 2014 2739 legitimum

367 2749 769 2804 controversiae
791 2751 987 2807 subire
1018 2756 1331 2818 certamen,
1358 2753 1470 2810 nisi
1501 2754 1665 2827 prius
1688 2757 1758 2811 ad
1782 2760 2016 2828 tempus

364 2834 541 2891 fuerit
571 2855 689 2892 sue
722 2841 996 2912 potestati
1038 2842 1285 2914 reddita,
1314 2847 1371 2899 et
1400 2844 1852 2917 consanguineis
1883 2863 2014 2918 pro-

364 2923 507 2998 priis
528 2924 708 2982 libere
731 2929 969 2985 sociata.
987 2930 1144 2986 Inter
1164 2948 1310 3004 quos
1332 2933 1507 2988 etiam
1530 2932 1693 2989 locus
1716 2934 2015 3007 providen-

362 3014 475 3070 dus
497 3016 682 3091 est,in
700 3035 813 3090 quo
832 3018 993 3074 nulla
1010 3018 1184 3076 sitvis
1202 3020 1600 3078 multitudinis
1618 3023 2009 3094 formidanda,

359 3106 416 3158 et
438 3120 550 3159 non
575 3104 651 3160 sit
673 3105 911 3163 difficile
942 3111 1119 3164 testes
1152 3109 1591 3181 producere,vel
1623 3116 1857 3168 caeteras
1883 3129 2009 3185 per-

359 3209 701 3266 sonas,quae
728 3199 849 3251 tam
880 3214 913 3252 a
942 3196 1163 3253 sanctis
1199 3199 1542 3266 canonibus,
1567 3217 1745 3273 quam
1778 3219 1812 3258 a
1839 3219 2010 3258 vene-

2132 719 2445 776 agnoscere
2472 720 2484 758 :
2520 705 2804 776 cujusque
2837 705 3255 778 transcriptum
3288 706 3585 779 exemplar
3609 724 3785 764 vene-

2128 792 2331 847 randis
2361 792 2726 849 antistitibus
2775 794 2833 848 in
2886 810 3063 865 regno
3093 798 3283 850 vestro
3332 794 3649 852 Ecclesiam
3680 797 3782 854 Dei

2127 880 2595 950 gubernantibus
2623 886 2816 938 vestra
2842 882 3023 938 tribui
3067 883 3253 956 gloria
3286 883 3478 939 faciat.
3504 885 3783 943 Praeterea

2127 985 2426 1041 rogamus,
2450 975 2515 1025 ut
2546 976 2735 1029 vestra
2782 970 3116 1027 sublimitas
3144 972 3270 1027 sine
3310 973 3469 1028 omni
3502 972 3782 1031 dilatione

2126 1061 2712 1130 praesentem,crebro
2740 1059 2879 1115 dicti
2913 1061 3065 1133 regis
3085 1060 3341 1115 Lotharii
3374 1062 3613 1117 nomine
3641 1063 3784 1118 titu-

2084 1159 2088 1162 ‘
2126 1145 2329 1213 latam,
2352 1164 2455 1219 per
2485 1147 2714 1204 fidelem
2748 1166 2813 1204 ac
2854 1149 3201 1221 prudentem
3243 1149 3431 1205 virum
3467 1150 3656 1206 eidem
3688 1152 3783 1207 de-

2126 1235 2345 1291 stinare
2378 1241 2630 1293 maturet
2659 1238 2993 1310 epistolam,
3021 1239 3191 1309 cujus
3222 1238 3519 1311 exemplar
3549 1255 3679 1295 eccc
3701 1241 3787 1297 di-

2125 1322 2360 1379 lectioni
2386 1328 2587 1380 vestrae
2607 1324 3069 1381 transmisimus.
3103 1325 3364 1398 ldipsum
3385 1325 3561 1382 etiam
3586 1343 3688 1382 vos
3710 1328 3781 1384 de

2121 1411 2223 1467 illa
2255 1429 2530 1485 rogamus
2571 1431 2760 1488 agere,
2796 1432 2975 1487 quam
3034 1414 3384 1487 praesulibus
3442 1416 3572 1487 ejus
3615 1416 3780 1489 regni

2122 1501 2584 1558 transmisimus.
2608 1504 2722 1559 Sed
2753 1503 3059 1560 sciendum
3103 1508 3191 1560 est
3230 1503 3507 1577 quoniam
3537 1503 3778 1577 quidam

2122 1590 2352 1647 timoris
2385 1597 2485 1647 aut
2514 1593 2727 1649 favoris
2758 1609 2936 1649 causa
2970 1596 3233 1649 nostram
3266 1592 3564 1666 suscipere
3594 1593 3782 1666 parvi-

2123 1680 2387 1753 pendunt
2436 1681 2784 1755 epistolam:
2820 1681 3060 1755 quidam
3080 1698 3217 1738 vero
3264 1681 3600 1755 suscipiunt
3646 1683 3781 1756 qui-

2123 1768 2279 1834 dem,
2304 1769 2403 1825 sed
2435 1769 2632 1842 palam
2664 1771 3067 1826 demonstrare
3097 1771 3443 1840 formidant;
3475 1768 3567 1827 vel
3600 1771 3778 1829 etiam

2125 1856 2397 1914 Lothario
2420 1858 2646 1931 placere
2666 1860 2945 1927 volentes,
2968 1857 3122 1915 hanc
3144 1858 3392 1915 aliorum
3412 1857 3636 1916 visione
3655 1876 3784 1932 per-

2121 1945 2512 2004 niciosissime
2542 1947 2791 2020 privent.
2818 1948 3180 2021 Quapropter
3214 1947 3423 2030 obnixe
3469 1965 3782 2021 precamur

2126 2038 2193 2092 ut
2222 2052 2325 2108 per
2344 2036 2521 2093 talem
2544 2038 2810 2093 eamdem
2832 2038 3139 2110 epistolam
3162 2042 3426 2094 nostram
3446 2038 3637 2093 virum
3651 2038 3779 2110 jam

2125 2124 2448 2195 designatis
2489 2126 2850 2183 antistitibus
2880 2130 3071 2182 vestra
3110 2125 3397 2199 sapientia
3433 2126 3648 2193 mittat,
3674 2126 3778 2198 qui

2125 2213 2445 2284 prudenter
2475 2213 2770 2282 incedens,
2803 2212 3031 2269 nullum
3065 2228 3307 2285 prorsus
3337 2228 3540 2268 eorum
3570 2216 3780 2284 praete-

2125 2304 2269 2367 reat,
2300 2301 2391 2356 cui
2422 2301 2575 2357 hanc
2606 2318 2720 2356 non
2753 2300 3066 2357 tradidisse
3088 2317 3437 2373 quocunque
3458 2301 3633 2356 modo
3664 2299 3779 2357 cla-

2126 2394 2334 2445 rescat.
2357 2394 2480 2456 Quo
2531 2395 2700 2447 caute
2752 2407 2821 2447 ac
2867 2391 3267 2447 indifferenter
3294 2394 3444 2456 acto,
3474 2390 3577 2462 qui
3623 2389 3778 2446 hanc

2126 2479 2468 2551 susceperit,
2490 2480 2578 2535 vel
2610 2496 2726 2535 non
2758 2479 3101 2552 susceperit,
3144 2496 3247 2551 per
3296 2478 3598 2534 charitatis
3646 2494 3776 2535 ves-

2123 2566 2226 2619 trae
2260 2565 2517 2637 legatum
2556 2566 2645 2623 vel
2703 2567 2927 2623 litteras
2980 2566 3247 2640 protinus
3304 2584 3371 2623 ac
3426 2566 3773 2634 certissime,

2126 2654 2226 2709 sed
2258 2654 2507 2726 pleniter
2549 2656 2720 2713 nobis
2766 2656 3066 2730 poscimus
3128 2655 3409 2712 intimari.
3436 2656 3586 2712 Nam
3638 2655 3778 2712 licet

2125 2758 2329 2799 omnes
2359 2743 2642 2817 arguendi
2674 2744 2793 2799 sint
2829 2745 2904 2800 ob
2954 2744 3150 2799 nimiae
3197 2759 3467 2816 soporem
3514 2742 3774 2811 desidias,

2125 2831 2311 2887 multo
2359 2837 2555 2888 tamen
2614 2833 2698 2889 illi
2751 2833 3008 2890 severius
3065 2833 3404 2906 increpandi
3432 2831 3521 2888 vel
3570 2848 3775 2905 percu-

2122 2919 2305 2976 tiendi
2337 2922 2687 2991 consistunt,
2713 2922 2811 2994 qui
2846 2923 3016 2978 toties
3044 2923 3220 2977 etiam
3247 2939 3282 2978 a
3305 2922 3475 2977 nobis
3505 2922 3648 2977 moti
3680 2938 3776 2977 ex-

2122 3009 2289 3065 citari
2321 3011 2593 3082 pestifero
2634 3010 2885 3083 torporis
2929 3028 3135 3066 somno
3167 3009 3428 3083 depressi
3455 3011 3772 3081 refugiunt.

2121 3099 2233 3154 Sed
2264 3100 2610 3172 priusquam
2636 3100 2920 3155 veraciter
2945 3099 3052 3156 hos
3085 3115 3503 3172 agnoscamus,
3524 3096 3672 3153 nihil
3702 3098 3776 3154 de

2119 3186 2215 3242 his
2239 3188 2606 3244 definitivum
2628 3184 2950 3245 deliberem
2972 3205 3214 3261 prorsus
3241 3187 3527 3255 absentia,
3551 3204 3653 3243 seu
3676 3203 3776 3260 po-

358 3281 560 3337 randis
586 3282 866 3341 Romanis
884 3285 1135 3359 legibus,
1154 3285 1211 3341 in
1236 3285 1576 3359 hujusmodi
1601 3290 2010 3347 controversiis
2118 3276 2237 3331 tius
2261 3277 2610 3350 ignorantia,
2628 3277 2865 3348 ,ἱυεῑίιίει
2883 3276 3775 3350 dictante:13‘3"“iuit-Optimi“s

359 3369 756 3443 requiruntur.
775 3374 985 3429 verum
1016 3374 1139 3430 haec
1168 3393 1284 3431 non
1318 3380 1383 3432 ut
1414 3378 1557 3432 {iam
1586 3378 2007 3452 decimumqua
2039 3361 2081 3429 C
2119 3364 2366 3437 gloriam
2395 3371 2645 3421 vestram
2670 3367 2727 3421 in
2750 3366 2976 3422 Christo
3003 3383 3159 3421 nunc
3179 3369 3237 3421 et
3257 3382 3491 3438 semper
3515 3365 3661 3420 bene
3681 3381 3773 3420 va-

358 3458 485 3514 sine
515 3460 744 3517 decreto
775 3462 863 3518 vel
894 3463 1258 3520 ordinatione
1302 3470 1507 3522 nostra
1534 3466 1658 3523 ﬁeri
1692 3485 1807 3523 non
1839 3485 2011 3540 posse

358 3566 539 3621 supra
567 3550 878 3607 docuimus
910 3569 923 3608 :
959 3553 1061 3608 sed
1093 3556 1157 3608 ut
1186 3555 1568 3611 ostendamus
1598 3572 1774 3629 quem
1809 3556 2007 3630 legum

359 3637 695 3694 conﬂictum
719 3639 1033 3700 Lotharius
1056 3643 1332 3716 congredi
1365 3660 1537 3715 posse
1566 3649 1857 3713 autumat,
1873 3663 2007 3703 cum

356 3743 691 3800 personam,
708 3746 884 3801 quam
915 3728 976 3785 in
1010 3730 1134 3787 suis
1161 3731 1561 3804 penetralibus
1591 3734 1851 3805 quotidie
1871 3735 2011 3791 fati-

357 3820 474 3890 gat,
510 3818 770 3891 quotidie
826 3819 1090 3889 conterit,
1123 3821 1357 3893 quando
1406 3820 1531 3877 vult
1590 3823 1662 3878 ad
1712 3823 2007 3896 judicium

355 3904 570 3975 educit,
593 3907 828 3978 quando
875 3907 999 3963 vult
1051 3909 1122 3964 ad
1182 3907 1440 3965 claustra
1488 3911 1733 3978 reducit,
1768 3917 1825 3968 et
1872 3931 2006 3969 cum

353 3994 567 4050 educta
586 3995 781 4065 fuerit,
806 3995 919 4052 nisi
950 4013 1019 4053 ea
1048 3997 1388 4072 profiteatur
1407 4016 1536 4072 qua:
1565 3998 1691 4071 ipse
1720 4018 2007 4074 praecepe-

355 4086 465 4150 rat,
481 4082 614 4156 quis
645 4087 735 4140 est
765 4084 866 4157 qui
897 4085 1088 4141 dicere
1126 4085 1313 4158 possit
1342 4087 1580 4158 quantis
1621 4088 1793 4144 malis
1823 4089 2003 4146 intro-

354 4171 529 4227 ducta
544 4172 949 4230 submittitur?
966 4173 1201 4248 Proprie
1221 4175 1403 4249 igitur
1417 4174 1670 4232 libertati
1688 4178 2003 4248 committi,

353 4254 411 4317 et
439 4261 512 4316 ab
551 4261 710 4317 omni
741 4262 1120 4335 oppressione
1170 4281 1237 4319 ac
1295 4267 1580 4338 potestate
1636 4265 1846 4339 ipsius,
1870 4284 2004 4323 cum

353 4366 468 4422 quo
499 4348 683 4406 initur
713 4351 1040 4420 conﬂictus,
1064 4356 1291 4424 oportet
1320 4351 1577 4420 liberari,
1602 4359 1775 4428 atque
1798 4355 1856 4410 in
1880 4355 2005 4412 suis

351 4435 594 4494 licenter
623 4438 729 4508 uti,
751 4442 810 4494 et
839 4444 1143 4513 suspectas
1192 4457 1474 4513 personas
1524 4443 1792 4499 convenit
1820 4444 2004 4499 decli-

352 4543 511 4595 nare,
529 4544 655 4600 quaa
687 4545 749 4583 se
778 4529 851 4583 ab
872 4528 1116 4600 objectis
1138 4530 1443 4586 ostendere
1469 4531 1633 4603 cupit
1653 4531 2002 4591 immunem.

351 4614 464 4671 Sed
477 4615 606 4686 jam
628 4615 810 4683 ut,f11i
828 4615 1195 4685 charissima,
1219 4617 1475 4691 epistolae
1490 4619 1665 4674 linem
1688 4638 2003 4692 ponamus,

351 4720 584 4793 semper
612 4723 712 4761 vos
740 4704 884 4761 illud
917 4707 1072 4778 quod
1103 4707 1174 4762 de
1207 4707 1353 4764 bene
1384 4711 1661 4781 operante
1690 4709 1862 4766 beato
1892 4710 2002 4767 Job
2033 4728 2080 4795 Ι)

350 4788 532 4867 supra
551 4795 1161 4865 commemoravimus,
1182 4796 1453 4865 recolere,
1478 4814 1709 4870 semper
1736 4799 1796 4854 in
1823 4816 2003 4856 causa

349 4882 670 4955 sapedictee
710 4883 922 4957 reginze
965 4883 1183 4941 habere
1213 4902 1327 4957 pra:
1359 4884 1544 4942 oculis
1574 4886 2000 4946 admonemus:

350 4960 489 5045 quia
517 4970 737 5028 frustra
766 4972 1061 5029 laudabile
1091 4972 1231 5047 quid
1262 4974 1505 5047 geritur,
1540 4975 1588 5030 si
1621 4978 1847 5033 cunctis
1879 4978 2000 5034 die-

321 5061 462 5141 .bus
512 5060 729 5133 quibus
775 5062 936 5131 vivit,
977 5061 1087 5118 hoc
1134 5080 1252 5118 non
1301 5063 1640 5136 exsequitur
1685 5070 1999 5139 operator:

349 5154 525 5223 atque
556 5149 855 5206 incassum
883 5151 943 5207 in
976 5151 1165 5208 stadio
1215 5150 1416 5219 currit,
1434 5151 1535 5224 qui
1578 5157 1895 5227 antequam
1928 5157 2000 5211 ad

348 5236 723 5313 designatum
754 5240 1052 5313 perveniat
1087 5240 1282 5301 locum
1321 5241 1671 5298 succumbit.
1706 5243 2000 5315 Scriptum

349 5327 566 5401 quippe
597 5331 722 5385 est:
751 5328 837 5386 Vas
867 5330 965 5402 qui
994 5327 1354 5402 perdiderunt
1398 5331 1784 5386 sustinentium
1811 5332 1998 5404 (Eccli.

348 5417 428 5491 ιι).
465 5417 561 5473 Vas
589 5425 769 5475 autem
817 5421 897 5474 sic
939 5420 1162 5487 currite,
1195 5427 1258 5474 ut
1299 5418 1763 5492 eomprehendatis
1792 5423 1851 5489 (Ι
1877 5420 1996 5477 Cor.

349 5507 444 5578 ix).
471 5507 608 5573 Quae
643 5511 924 5580 praeterea
943 5507 1013 5562 de
1041 5505 1365 5563 W’aldrada
1390 5506 1618 5564 moecha
1665 5511 1723 5564 et
1769 5525 1997 5565 excom-

347 5595 648 5651 municata
695 5595 1141 5664 decreverimus,
1167 5614 1266 5652 vos
1309 5614 1425 5652 non
1476 5595 1641 5652 latet.
1666 5598 1800 5664 Quae
1840 5615 1993 5667 vero,

344 5685 626 5758 quoniam
648 5684 818 5741 nobis
840 5702 956 5740 non
980 5684 1375 5742 annuentihus
1406 5684 1466 5741 in
1488 5683 1738 5742 Galliam
1765 5684 1995 5743 habita—

340 5778 476 5831 tura
504 5764 819 5848 repedavit,
849 5790 1024 5847 super
1071 5791 1139 5831 ea
1185 5774 1473 5848 episcopis
1524 5774 1685 5848 regni
1734 5775 1995 5833 Lotharii

2119 3453 2650 3520 lere,dilectissime
2671 3454 2773 3511 ﬁli.
2797 3456 2945 3511 Data
2961 3472 3062 3511 vm
3083 3454 3371 3511 Kalendas
3400 3453 3770 3522 Februarias,

2116 3543 2435 3600 indictione
2459 3561 2552 3600 xv.
2926 3550 2931 3559 ’
3588 3546 3589 3549 “

2834 3641 3065 3698 CXLIX.

2592 3749 2666 3787 AD
2706 3748 3037 3788 LOTHARIUM
3076 3747 3270 3786 REGEM
3277 3772 3290 3785 .

2755 3824 2944 3891 (Anno
2979 3821 3130 3894 867.)

2118 3912 2275 3984 Quod
2311 3912 2637 3982 Theutberga
2685 3911 2848 3969 taedio
2881 3912 3437 3984 aﬂictionumqeontra
3485 3926 3544 3965 se
3594 3911 3772 3980 ipsam

2184 3984 2419 4050 scribat;
2444 3991 2700 4040 caeterum
2718 3984 2945 4039 dissotvi
2970 3983 3086 4054 ejus
3114 3982 3432 4053 eonjugium
3456 3997 3570 4054 nan
3596 3996 3768 4052 posse,

2184 4056 2300 4111 nisi
2329 4055 2618 4111 Lotharius
2645 4055 2897 4112 caelibem
2921 4052 3128 4127 quoque
3150 4052 3322 4109 vitam
3347 4052 3625 4124 spondeat.

2187 4171 2480 4227 Lo'rnamo
2552 4169 2805 4243 glorioso
2864 4169 3015 4242 [edit.
3076 4169 3253 4238 Rom,
3319 4165 3770 4241 gloriosissimo]

2114 4276 2236 4315 rem
2245 4302 2256 4315 .

2179 4276 2418 4415 audito,
2442 4351 2762 4403 revertente
2792 4346 2976 4403 misso
3008 4350 3229 4413 nostro,
3254 4343 3632 4401 correctionis
3655 4347 3770 4400 tum

2113 4440 2179 4492 ut
2199 4436 2279 4493 ita
2299 4436 2567 4492 dicamus
2589 4435 3011 4509 initio,gratias
3033 4435 3148 4491 Deo
3171 4432 3494 4507 condignas
3515 4432 3767 4506 egimus,

2114 4531 2171 4583 et
2202 4529 2268 4581 ut
2295 4525 2402 4581 tibi
2434 4542 2667 4598 quoque
2705 4529 2901 4597 grates
2939 4522 3342 4596 competibiles
3394 4523 3766 4590 referremus,

2114 4616 2378 4673 animum
2419 4614 2896 4687 praeparavimus.
2929 4614 3067 4683 Sed,
3097 4612 3247 4669 heu!
3290 4613 3536 4668 adversa
3562 4612 3772 4668 nuntia

2112 4704 2407 4762 venientia
2418 4704 2595 4774 hujus
2607 4702 2952 4758 intentionis
2964 4706 3178 4758 nostra:
3190 4701 3489 4775 proposito
3507 4699 3773 4757 celeriter

2110 4794 2438 4851 obviarunt.
2462 4794 2830 4864 Quapropter
2856 4789 3146 4865 compulsi
3175 4807 3385 4847 sumus
3415 4793 3643 4846 mutare
3673 4805 3768 4845 vo-

2114 4900 2260 4952 cem,
2287 4886 2344 4938 et
2374 4883 2475 4954 qui
2498 4882 2569 4937 ad
2594 4880 2920 4954 gratiarum
2952 4881 3210 4936 actiones
3232 4896 3298 4936 os
3320 4880 3541 4953 aperire
3571 4878 3767 4950 dispo-

2112 4987 2439 5039 sueramus,
2465 4970 2525 5024 in
2548 4968 2743 5025 luctus
2765 4974 2820 5025 et
2840 4969 3267 5042 increpationes
3291 4967 3485 5023 adhuc
3504 4966 3766 5022 ofﬁcium

2110 5060 2325 5134 linguae
2358 5059 2540 5115 coacti
2573 5057 2905 5131 dirigimus.
2940 5057 3243 5130 Siquidem
3275 5054 3584 5128 epistolam
3610 5071 3766 5111 nunc

2111 5148 2505 5224 suggestionis
2536 5146 2917 5218 Theutbergze
2948 5145 3211 5219 gloriosae
3247 5144 3461 5217 reginae
3492 5143 3764 5211 missam,

2111 5237 2506 5296 deferentibus
2535 5235 2741 5309 legatis
2787 5236 2935 5306 ejus,
2971 5233 3566 5305 suscepimus.quam
3615 5230 3765 5287 nihil

2107 5329 2382 5384 intimare
2411 5324 2737 5399 reperimus
2775 5321 3005 5389 litteris,
3033 5322 3146 5377 nisi
3180 5322 3338 5394 quod
3378 5321 3464 5376 illi
3505 5337 3764 5377 asserere

2108 5418 2457 5473 videbantur
2484 5413 2697 5470 verbis.
2729 5412 2946 5468 Verum
2988 5410 3050 5465 in
3093 5414 3341 5482 utroque
3373 5408 3762 5482 obstupefacti

2107 5507 2326 5581 pariter
2354 5508 2412 5559 et
2441 5502 2638 5559 mirati
2665 5518 2874 5558 sumus
2899 5517 2914 5557 :
2945 5503 3119 5572 atque
3147 5502 3270 5554 tam
3293 5502 3528 5571 repente
3551 5496 3685 5570 styli
3707 5502 3766 5553 et

2106 5593 2405 5668 petitionis
2436 5595 2673 5646 mutatae
2715 5606 2925 5646 sensus
2966 5587 3415 5662 aprpenrlentes,
3450 5585 3597 5642 nihil
3644 5584 3762 5642 tale

2105 5685 2269 5741 illam
2300 5681 2469 5738 nobis
2499 5679 2805 5735 intimasse
2846 5695 3078 5751 quoque
3110 5678 3232 5750 [al.,
3257 5692 3512 5750 quoquo,
3546 5675 3757 5748 Hann]

2104 5780 2364 5847 tempore
2405 5767 2775 5827 recoluimus.
2801 5767 3104 5841 Siquidem
3130 5784 3265 5825 cum
3306 5767 3376 5824 ad
3419 5764 3759 5824 relationem
