  <div class='ocr_page' id='page_1' title='image "/cluster/home/n/w/nwhite01/storage/ocr_20150623/119/umn.319510024774125/611.png"; bbox 0 0 4138 6494; ppageno 0'>
   <div class='ocr_carea' id='block_1_1' title="bbox 394 395 2064 468">
    <p class='ocr_par' dir='ltr' id='par_1_1' title="bbox 394 395 2064 467">
     <span class='ocr_line' id='line_1_1' title="bbox 394 395 2064 467; baseline -0.001 -2"><span class='ocrx_word' id='word_1_1' title='bbox 394 395 555 465; x_wconf 73' lang='grc'><strong>1147</strong></span> <span class='ocrx_word' id='word_1_2' title='bbox 1773 402 2064 467; x_wconf 67' lang='grc' dir='ltr'><strong>ΝΙΟΟΒΑῙ</strong></span> 
     </span>
    </p>
   </div>
   <div class='ocr_carea' id='block_1_2' title="bbox 2174 395 3831 468">
    <p class='ocr_par' dir='ltr' id='par_1_2' title="bbox 2174 400 3831 468">
     <span class='ocr_line' id='line_1_2' title="bbox 2174 400 3831 468; baseline 0 -2"><span class='ocrx_word' id='word_1_3' title='bbox 2174 400 2362 467; x_wconf 75' lang='grc' dir='ltr'><strong>ἈΡιΕ</strong></span> <span class='ocrx_word' id='word_1_4' title='bbox 2402 403 2453 468; x_wconf 93' lang='grc' dir='ltr'><strong>Ῑ.</strong></span> <span class='ocrx_word' id='word_1_5' title='bbox 3667 400 3831 467; x_wconf 72' lang='grc'><strong>1148</strong></span> 
     </span>
    </p>
   </div>
   <div class='ocr_carea' id='block_1_3' title="bbox 393 533 3831 615">
    <p class='ocr_par' dir='ltr' id='par_1_3' title="bbox 393 533 3831 615">
     <span class='ocr_line' id='line_1_3' title="bbox 393 533 3831 615; baseline 0 -22"><span class='ocrx_word' id='word_1_6' title='bbox 393 533 661 593; x_wconf 90' lang='lat' dir='ltr'><strong>omnium</strong></span> <span class='ocrx_word' id='word_1_7' title='bbox 692 550 861 610; x_wconf 88' lang='lat' dir='ltr'><strong>pene,</strong></span> <span class='ocrx_word' id='word_1_8' title='bbox 876 533 987 610; x_wconf 56' lang='lat' dir='ltr'><strong>&#39;qui</strong></span> <span class='ocrx_word' id='word_1_9' title='bbox 1012 553 1085 595; x_wconf 83' lang='lat' dir='ltr'><strong>ex</strong></span> <span class='ocrx_word' id='word_1_10' title='bbox 1114 536 1433 596; x_wconf 82' lang='lat' dir='ltr'><strong>Gallicanis</strong></span> <span class='ocrx_word' id='word_1_11' title='bbox 1471 542 1531 596; x_wconf 85' lang='lat' dir='ltr'><strong>et</strong></span> <span class='ocrx_word' id='word_1_12' title='bbox 1566 539 1930 598; x_wconf 82' lang='lat' dir='ltr'><strong>Germanicis</strong></span> <span class='ocrx_word' id='word_1_13' title='bbox 1961 556 2051 597; x_wconf 90' lang='lat' dir='ltr'><strong>re-</strong></span> <span class='ocrx_word' id='word_1_14' title='bbox 2078 538 2136 606; x_wconf 77' lang='grc' dir='ltr'><strong>Α</strong></span> <span class='ocrx_word' id='word_1_15' title='bbox 2165 542 2417 609; x_wconf 89' lang='lat' dir='ltr'><strong>mortua,</strong></span> <span class='ocrx_word' id='word_1_16' title='bbox 2457 543 2522 596; x_wconf 90' lang='lat' dir='ltr'><strong>tu</strong></span> <span class='ocrx_word' id='word_1_17' title='bbox 2562 538 2743 596; x_wconf 91' lang='lat' dir='ltr'><strong>nullis</strong></span> <span class='ocrx_word' id='word_1_18' title='bbox 2784 536 3035 615; x_wconf 82' lang='lat' dir='ltr'><strong>legibus,</strong></span> <span class='ocrx_word' id='word_1_19' title='bbox 3068 537 3247 597; x_wconf 91' lang='lat' dir='ltr'><strong>nullis</strong></span> <span class='ocrx_word' id='word_1_20' title='bbox 3294 536 3514 613; x_wconf 89' lang='lat' dir='ltr'><strong>regulis</strong></span> <span class='ocrx_word' id='word_1_21' title='bbox 3560 554 3831 612; x_wconf 81' lang='lat' dir='ltr'><strong>unquam</strong></span> 
     </span>
    </p>
   </div>
   <div class='ocr_carea' id='block_1_4' title="bbox 394 625 2057 702">
    <p class='ocr_par' dir='ltr' id='par_1_4' title="bbox 394 625 2057 702">
     <span class='ocr_line' id='line_1_4' title="bbox 394 625 2057 702; baseline 0.004 -21"><span class='ocrx_word' id='word_1_22' title='bbox 394 625 671 699; x_wconf 88' lang='lat' dir='ltr'><strong>giouibus</strong></span> <span class='ocrx_word' id='word_1_23' title='bbox 695 627 941 683; x_wconf 82' lang='lat' dir='ltr'><strong>Romam</strong></span> <span class='ocrx_word' id='word_1_24' title='bbox 964 628 1248 684; x_wconf 90' lang='lat' dir='ltr'><strong>orationis</strong></span> <span class='ocrx_word' id='word_1_25' title='bbox 1279 630 1469 701; x_wconf 90' lang='lat' dir='ltr'><strong>gratia</strong></span> <span class='ocrx_word' id='word_1_26' title='bbox 1495 630 1759 702; x_wconf 89' lang='lat' dir='ltr'><strong>veniunt,</strong></span> <span class='ocrx_word' id='word_1_27' title='bbox 1786 631 1874 687; x_wconf 87' lang='lat' dir='ltr'><strong>vel</strong></span> <span class='ocrx_word' id='word_1_28' title='bbox 1908 630 2057 687; x_wconf 90' lang='lat' dir='ltr'><strong>mul-</strong></span> 
     </span>
    </p>
   </div>
   <div class='ocr_carea' id='block_1_5' title="bbox 395 714 2053 789">
    <p class='ocr_par' dir='ltr' id='par_1_5' title="bbox 395 714 2053 789">
     <span class='ocr_line' id='line_1_5' title="bbox 395 714 2053 789; baseline 0.003 -17"><span class='ocrx_word' id='word_1_29' title='bbox 395 718 591 772; x_wconf 86' lang='lat' dir='ltr'><strong>torum</strong></span> <span class='ocrx_word' id='word_1_30' title='bbox 623 714 742 771; x_wconf 91' lang='lat' dir='ltr'><strong>illic</strong></span> <span class='ocrx_word' id='word_1_31' title='bbox 772 716 1132 789; x_wconf 82' lang='lat' dir='ltr'><strong>degentium,</strong></span> <span class='ocrx_word' id='word_1_32' title='bbox 1158 718 1359 775; x_wconf 89' lang='lat' dir='ltr'><strong>oculos</strong></span> <span class='ocrx_word' id='word_1_33' title='bbox 1409 716 1625 776; x_wconf 81' lang='lat' dir='ltr'><strong>mentis</strong></span> <span class='ocrx_word' id='word_1_34' title='bbox 1678 720 2053 789; x_wconf 85' lang='lat' dir='ltr'><strong>inﬂectimus,</strong></span> 
     </span>
    </p>
   </div>
   <div class='ocr_carea' id='block_1_6' title="bbox 395 802 2057 882">
    <p class='ocr_par' dir='ltr' id='par_1_6' title="bbox 395 802 2057 882">
     <span class='ocr_line' id='line_1_6' title="bbox 395 802 2057 882; baseline 0.005 -24"><span class='ocrx_word' id='word_1_35' title='bbox 395 802 724 876; x_wconf 89' lang='lat' dir='ltr'><strong>plurimum</strong></span> <span class='ocrx_word' id='word_1_36' title='bbox 743 804 961 861; x_wconf 78' lang='lat' dir='ltr'><strong>distare</strong></span> <span class='ocrx_word' id='word_1_37' title='bbox 980 806 1396 878; x_wconf 88' lang='lat' dir='ltr'><strong>conspicimus,</strong></span> <span class='ocrx_word' id='word_1_38' title='bbox 1413 810 1568 880; x_wconf 92' lang='lat' dir='ltr'><strong>quod</strong></span> <span class='ocrx_word' id='word_1_39' title='bbox 1589 809 1719 882; x_wconf 90' lang='lat' dir='ltr'><strong>ipsa</strong></span> <span class='ocrx_word' id='word_1_40' title='bbox 1734 828 1891 866; x_wconf 89' lang='lat' dir='ltr'><strong>nunc</strong></span> <span class='ocrx_word' id='word_1_41' title='bbox 1912 811 2057 866; x_wconf 90' lang='lat' dir='ltr'><strong>dun-</strong></span> 
     </span>
    </p>
   </div>
   <div class='ocr_carea' id='block_1_7' title="bbox 395 893 2058 972">
    <p class='ocr_par' dir='ltr' id='par_1_7' title="bbox 395 893 2058 972">
     <span class='ocr_line' id='line_1_7' title="bbox 395 893 2058 972; baseline 0.005 -25"><span class='ocrx_word' id='word_1_42' title='bbox 395 896 558 948; x_wconf 84' lang='lat' dir='ltr'><strong>taxat</strong></span> <span class='ocrx_word' id='word_1_43' title='bbox 588 893 900 967; x_wconf 86' lang='lat' dir='ltr'><strong>signiﬁcat,</strong></span> <span class='ocrx_word' id='word_1_44' title='bbox 928 899 985 950; x_wconf 88' lang='lat' dir='ltr'><strong>et</strong></span> <span class='ocrx_word' id='word_1_45' title='bbox 1017 896 1171 966; x_wconf 89' lang='lat' dir='ltr'><strong>quod</strong></span> <span class='ocrx_word' id='word_1_46' title='bbox 1213 896 1273 951; x_wconf 90' lang='lat' dir='ltr'><strong>hi</strong></span> <span class='ocrx_word' id='word_1_47' title='bbox 1314 914 1519 953; x_wconf 88' lang='lat' dir='ltr'><strong>omnes</strong></span> <span class='ocrx_word' id='word_1_48' title='bbox 1558 899 1820 971; x_wconf 87' lang='lat' dir='ltr'><strong>quotidie</strong></span> <span class='ocrx_word' id='word_1_49' title='bbox 1849 916 2058 972; x_wconf 86' lang='lat' dir='ltr'><strong>prope—</strong></span> 
     </span>
    </p>
   </div>
   <div class='ocr_carea' id='block_1_8' title="bbox 400 983 2057 1061">
    <p class='ocr_par' dir='ltr' id='par_1_8' title="bbox 400 983 2057 1061">
     <span class='ocr_line' id='line_1_8' title="bbox 400 983 2057 1061; baseline 0.004 -24"><span class='ocrx_word' id='word_1_50' title='bbox 400 983 646 1039; x_wconf 90' lang='lat' dir='ltr'><strong>modum</strong></span> <span class='ocrx_word' id='word_1_51' title='bbox 678 984 871 1039; x_wconf 84' lang='lat' dir='ltr'><strong>verbis</strong></span> <span class='ocrx_word' id='word_1_52' title='bbox 901 988 956 1039; x_wconf 91' lang='lat' dir='ltr'><strong>et</strong></span> <span class='ocrx_word' id='word_1_53' title='bbox 988 985 1253 1057; x_wconf 87' lang='lat' dir='ltr'><strong>apicibus</strong></span> <span class='ocrx_word' id='word_1_54' title='bbox 1293 986 1552 1043; x_wconf 92' lang='lat' dir='ltr'><strong>innuunt</strong></span> <span class='ocrx_word' id='word_1_55' title='bbox 1585 1005 1597 1042; x_wconf 91' lang='lat'><strong>:</strong></span> <span class='ocrx_word' id='word_1_56' title='bbox 1632 988 1849 1061; x_wconf 89' lang='lat' dir='ltr'><strong>quippe</strong></span> <span class='ocrx_word' id='word_1_57' title='bbox 1878 1005 2057 1060; x_wconf 89' lang='lat' dir='ltr'><strong>quam</strong></span> 
     </span>
    </p>
   </div>
   <div class='ocr_carea' id='block_1_9' title="bbox 398 1069 2059 1143">
    <p class='ocr_par' dir='ltr' id='par_1_9' title="bbox 398 1069 2059 1143">
     <span class='ocr_line' id='line_1_9' title="bbox 398 1069 2059 1143; baseline 0.005 -18"><span class='ocrx_word' id='word_1_58' title='bbox 398 1069 753 1127; x_wconf 90' lang='lat' dir='ltr'><strong>inremotam</strong></span> <span class='ocrx_word' id='word_1_59' title='bbox 813 1073 1007 1128; x_wconf 83' lang='lat' dir='ltr'><strong>cuncti</strong></span> <span class='ocrx_word' id='word_1_60' title='bbox 1068 1074 1469 1143; x_wconf 84' lang='lat' dir='ltr'><strong>afﬂictionem,</strong></span> <span class='ocrx_word' id='word_1_61' title='bbox 1511 1094 1577 1132; x_wconf 90' lang='lat' dir='ltr'><strong>ac</strong></span> <span class='ocrx_word' id='word_1_62' title='bbox 1630 1077 2059 1134; x_wconf 84' lang='lat' dir='ltr'><strong>intolerabilem</strong></span> 
     </span>
    </p>
   </div>
   <div class='ocr_carea' id='block_1_10' title="bbox 400 1161 2058 1238">
    <p class='ocr_par' dir='ltr' id='par_1_10' title="bbox 400 1161 2058 1238">
     <span class='ocr_line' id='line_1_10' title="bbox 400 1161 2058 1238; baseline 0.005 -23"><span class='ocrx_word' id='word_1_63' title='bbox 400 1177 761 1233; x_wconf 88' lang='lat' dir='ltr'><strong>pressuram,</strong></span> <span class='ocrx_word' id='word_1_64' title='bbox 795 1161 1158 1235; x_wconf 89' lang='lat' dir='ltr'><strong>nimiamque</strong></span> <span class='ocrx_word' id='word_1_65' title='bbox 1196 1164 1529 1221; x_wconf 84' lang='lat' dir='ltr'><strong>violentiam</strong></span> <span class='ocrx_word' id='word_1_66' title='bbox 1580 1167 1697 1238; x_wconf 89' lang='lat' dir='ltr'><strong>pati</strong></span> <span class='ocrx_word' id='word_1_67' title='bbox 1750 1171 2058 1234; x_wconf 81' lang='lat' dir='ltr'><strong>testantur,</strong></span> 
     </span>
    </p>
   </div>
   <div class='ocr_carea' id='block_1_11' title="bbox 403 1250 2063 1330">
    <p class='ocr_par' dir='ltr' id='par_1_11' title="bbox 403 1250 2063 1330">
     <span class='ocr_line' id='line_1_11' title="bbox 403 1250 2063 1330; baseline 0.005 -26"><span class='ocrx_word' id='word_1_68' title='bbox 403 1250 676 1322; x_wconf 87' lang='lat' dir='ltr'><strong>quamvis</strong></span> <span class='ocrx_word' id='word_1_69' title='bbox 709 1250 811 1306; x_wconf 88' lang='lat' dir='ltr'><strong>illa</strong></span> <span class='ocrx_word' id='word_1_70' title='bbox 841 1256 1063 1317; x_wconf 89' lang='lat' dir='ltr'><strong>contra,</strong></span> <span class='ocrx_word' id='word_1_71' title='bbox 1090 1258 1297 1326; x_wconf 86' lang='lat' dir='ltr'><strong>sponte</strong></span> <span class='ocrx_word' id='word_1_72' title='bbox 1328 1272 1394 1310; x_wconf 89' lang='lat' dir='ltr'><strong>ac</strong></span> <span class='ocrx_word' id='word_1_73' title='bbox 1423 1255 1673 1312; x_wconf 91' lang='lat' dir='ltr'><strong>libenter</strong></span> <span class='ocrx_word' id='word_1_74' title='bbox 1717 1275 1750 1313; x_wconf 92' lang='lat' dir='ltr'><strong>a</strong></span> <span class='ocrx_word' id='word_1_75' title='bbox 1790 1257 1950 1330; x_wconf 86' lang='lat' dir='ltr'><strong>regia</strong></span> <span class='ocrx_word' id='word_1_76' title='bbox 1980 1257 2063 1313; x_wconf 91' lang='lat' dir='ltr'><strong>di-</strong></span> 
     </span>
    </p>
   </div>
   <div class='ocr_carea' id='block_1_12' title="bbox 402 1338 2060 1419">
    <p class='ocr_par' dir='ltr' id='par_1_12' title="bbox 402 1338 2060 1419">
     <span class='ocr_line' id='line_1_12' title="bbox 402 1338 2060 1419; baseline 0.005 -27"><span class='ocrx_word' id='word_1_77' title='bbox 402 1338 626 1411; x_wconf 91' lang='lat' dir='ltr'><strong>gnitate</strong></span> <span class='ocrx_word' id='word_1_78' title='bbox 656 1339 786 1395; x_wconf 83' lang='lat' dir='ltr'><strong>exui</strong></span> <span class='ocrx_word' id='word_1_79' title='bbox 820 1358 881 1396; x_wconf 89' lang='lat' dir='ltr'><strong>se</strong></span> <span class='ocrx_word' id='word_1_80' title='bbox 910 1340 1058 1399; x_wconf 84' lang='lat' dir='ltr'><strong>velle</strong></span> <span class='ocrx_word' id='word_1_81' title='bbox 1108 1360 1174 1399; x_wconf 89' lang='lat' dir='ltr'><strong>ac</strong></span> <span class='ocrx_word' id='word_1_82' title='bbox 1224 1349 1425 1417; x_wconf 89' lang='lat' dir='ltr'><strong>optare</strong></span> <span class='ocrx_word' id='word_1_83' title='bbox 1464 1346 1716 1402; x_wconf 77' lang='lat' dir='ltr'><strong>fateatur</strong></span> <span class='ocrx_word' id='word_1_84' title='bbox 1744 1352 1801 1402; x_wconf 90' lang='lat' dir='ltr'><strong>et</strong></span> <span class='ocrx_word' id='word_1_85' title='bbox 1830 1346 2060 1419; x_wconf 91' lang='lat' dir='ltr'><strong>copula.</strong></span> 
     </span>
    </p>
   </div>
   <div class='ocr_carea' id='block_1_13' title="bbox 401 1427 2063 1509">
    <p class='ocr_par' dir='ltr' id='par_1_13' title="bbox 401 1427 2063 1509">
     <span class='ocr_line' id='line_1_13' title="bbox 401 1427 2063 1509; baseline 0.008 -29"><span class='ocrx_word' id='word_1_86' title='bbox 401 1427 639 1493; x_wconf 59' lang='lat' dir='ltr'><strong>Ouasilli</strong></span> <span class='ocrx_word' id='word_1_87' title='bbox 667 1429 907 1500; x_wconf 73' lang='lat' dir='ltr'><strong>quidem</strong></span> <span class='ocrx_word' id='word_1_88' title='bbox 932 1431 1121 1503; x_wconf 82' lang='lat' dir='ltr'><strong>aliter,</strong></span> <span class='ocrx_word' id='word_1_89' title='bbox 1140 1432 1263 1489; x_wconf 68' lang='lat' dir='ltr'><strong>haec</strong></span> <span class='ocrx_word' id='word_1_90' title='bbox 1292 1451 1426 1490; x_wconf 91' lang='lat' dir='ltr'><strong>vero</strong></span> <span class='ocrx_word' id='word_1_91' title='bbox 1453 1435 1624 1491; x_wconf 91' lang='lat' dir='ltr'><strong>aliter</strong></span> <span class='ocrx_word' id='word_1_92' title='bbox 1644 1437 1917 1509; x_wconf 89' lang='lat' dir='ltr'><strong>prosequi</strong></span> <span class='ocrx_word' id='word_1_93' title='bbox 1941 1454 2063 1493; x_wconf 91' lang='lat' dir='ltr'><strong>cer-</strong></span> 
     </span>
    </p>
   </div>
   <div class='ocr_carea' id='block_1_14' title="bbox 402 1516 2066 1598">
    <p class='ocr_par' dir='ltr' id='par_1_14' title="bbox 402 1516 2066 1598">
     <span class='ocr_line' id='line_1_14' title="bbox 402 1516 2066 1598; baseline 0.007 -28"><span class='ocrx_word' id='word_1_94' title='bbox 402 1516 585 1584; x_wconf 90' lang='lat' dir='ltr'><strong>nitur,</strong></span> <span class='ocrx_word' id='word_1_95' title='bbox 609 1517 692 1573; x_wconf 90' lang='lat' dir='ltr'><strong>ita</strong></span> <span class='ocrx_word' id='word_1_96' title='bbox 741 1522 803 1573; x_wconf 93' lang='lat' dir='ltr'><strong>ut</strong></span> <span class='ocrx_word' id='word_1_97' title='bbox 852 1520 1120 1577; x_wconf 91' lang='lat' dir='ltr'><strong>omnium</strong></span> <span class='ocrx_word' id='word_1_98' title='bbox 1147 1522 1571 1580; x_wconf 86' lang='lat' dir='ltr'><strong>assertionibus</strong></span> <span class='ocrx_word' id='word_1_99' title='bbox 1617 1525 1883 1598; x_wconf 86' lang='lat' dir='ltr'><strong>legaliter</strong></span> <span class='ocrx_word' id='word_1_100' title='bbox 1930 1544 1965 1582; x_wconf 90' lang='lat' dir='ltr'><strong>a</strong></span> <span class='ocrx_word' id='word_1_101' title='bbox 2010 1530 2066 1582; x_wconf 88' lang='lat' dir='ltr'><strong>te</strong></span> 
     </span>
    </p>
   </div>
   <div class='ocr_carea' id='block_1_15' title="bbox 400 1605 2066 1686">
    <p class='ocr_par' dir='ltr' id='par_1_15' title="bbox 400 1605 2066 1686">
     <span class='ocr_line' id='line_1_15' title="bbox 400 1605 2066 1686; baseline 0.007 -27"><span class='ocrx_word' id='word_1_102' title='bbox 400 1605 685 1674; x_wconf 87' lang='lat' dir='ltr'><strong>admissa,</strong></span> <span class='ocrx_word' id='word_1_103' title='bbox 719 1607 919 1680; x_wconf 90' lang='lat' dir='ltr'><strong>inique</strong></span> <span class='ocrx_word' id='word_1_104' title='bbox 959 1610 1171 1667; x_wconf 91' lang='lat' dir='ltr'><strong>deinde</strong></span> <span class='ocrx_word' id='word_1_105' title='bbox 1216 1617 1507 1682; x_wconf 88' lang='lat' dir='ltr'><strong>accusata,</strong></span> <span class='ocrx_word' id='word_1_106' title='bbox 1543 1614 1785 1686; x_wconf 89' lang='lat' dir='ltr'><strong>posthac</strong></span> <span class='ocrx_word' id='word_1_107' title='bbox 1816 1614 2066 1684; x_wconf 90' lang='lat' dir='ltr'><strong>judicio,</strong></span> 
     </span>
    </p>
   </div>
   <div class='ocr_carea' id='block_1_16' title="bbox 403 1696 2069 1777">
    <p class='ocr_par' dir='ltr' id='par_1_16' title="bbox 403 1696 2069 1777">
     <span class='ocr_line' id='line_1_16' title="bbox 403 1696 2069 1777; baseline 0.007 -29"><span class='ocrx_word' id='word_1_108' title='bbox 403 1711 521 1766; x_wconf 93' lang='lat' dir='ltr'><strong>quo</strong></span> <span class='ocrx_word' id='word_1_109' title='bbox 546 1696 653 1750; x_wconf 86' lang='lat' dir='ltr'><strong>tibi</strong></span> <span class='ocrx_word' id='word_1_110' title='bbox 676 1700 733 1752; x_wconf 91' lang='lat' dir='ltr'><strong>et</strong></span> <span class='ocrx_word' id='word_1_111' title='bbox 756 1699 1033 1755; x_wconf 91' lang='lat' dir='ltr'><strong>omnibus</strong></span> <span class='ocrx_word' id='word_1_112' title='bbox 1055 1700 1340 1772; x_wconf 85' lang='lat' dir='ltr'><strong>subjectis</strong></span> <span class='ocrx_word' id='word_1_113' title='bbox 1361 1702 1501 1770; x_wconf 89' lang='lat' dir='ltr'><strong>tuis,</strong></span> <span class='ocrx_word' id='word_1_114' title='bbox 1526 1720 1750 1759; x_wconf 91' lang='lat' dir='ltr'><strong>necnon</strong></span> <span class='ocrx_word' id='word_1_115' title='bbox 1775 1709 1831 1759; x_wconf 89' lang='lat' dir='ltr'><strong>et</strong></span> <span class='ocrx_word' id='word_1_116' title='bbox 1850 1704 2069 1777; x_wconf 89' lang='lat' dir='ltr'><strong>episco-</strong></span> 
     </span>
    </p>
   </div>
   <div class='ocr_carea' id='block_1_17' title="bbox 402 1782 2069 1861">
    <p class='ocr_par' dir='ltr' id='par_1_17' title="bbox 402 1782 2069 1861">
     <span class='ocr_line' id='line_1_17' title="bbox 402 1782 2069 1861; baseline 0.008 -24"><span class='ocrx_word' id='word_1_117' title='bbox 402 1782 497 1856; x_wconf 90' lang='lat' dir='ltr'><strong>pis</strong></span> <span class='ocrx_word' id='word_1_118' title='bbox 519 1783 762 1855; x_wconf 85' lang='lat' dir='ltr'><strong>placuit,</strong></span> <span class='ocrx_word' id='word_1_119' title='bbox 787 1786 1085 1843; x_wconf 87' lang='lat' dir='ltr'><strong>evidenter</strong></span> <span class='ocrx_word' id='word_1_120' title='bbox 1112 1788 1440 1861; x_wconf 82' lang='lat' dir='ltr'><strong>purificata,</strong></span> <span class='ocrx_word' id='word_1_121' title='bbox 1458 1792 1669 1848; x_wconf 90' lang='lat' dir='ltr'><strong>deinde</strong></span> <span class='ocrx_word' id='word_1_122' title='bbox 1691 1794 1948 1849; x_wconf 90' lang='lat' dir='ltr'><strong>secundo</strong></span> <span class='ocrx_word' id='word_1_123' title='bbox 1976 1811 2069 1850; x_wconf 88' lang='lat' dir='ltr'><strong>re-</strong></span> 
     </span>
    </p>
   </div>
   <div class='ocr_carea' id='block_1_18' title="bbox 2164 628 3831 704">
    <p class='ocr_par' dir='ltr' id='par_1_18' title="bbox 2164 628 3831 704">
     <span class='ocr_line' id='line_1_18' title="bbox 2164 628 3831 704; baseline -0.002 -17"><span class='ocrx_word' id='word_1_124' title='bbox 2164 628 2542 687; x_wconf 89' lang='lat' dir='ltr'><strong>Waldradam</strong></span> <span class='ocrx_word' id='word_1_125' title='bbox 2565 630 2622 685; x_wconf 92' lang='lat' dir='ltr'><strong>in</strong></span> <span class='ocrx_word' id='word_1_126' title='bbox 2648 647 2886 686; x_wconf 85' lang='lat' dir='ltr'><strong>uxorem</strong></span> <span class='ocrx_word' id='word_1_127' title='bbox 2918 628 3112 704; x_wconf 91' lang='lat' dir='ltr'><strong>possis</strong></span> <span class='ocrx_word' id='word_1_128' title='bbox 3141 633 3245 686; x_wconf 89' lang='lat' dir='ltr'><strong>aut</strong></span> <span class='ocrx_word' id='word_1_129' title='bbox 3274 628 3637 702; x_wconf 89' lang='lat' dir='ltr'><strong>permittaris</strong></span> <span class='ocrx_word' id='word_1_130' title='bbox 3657 645 3831 684; x_wconf 82' lang='lat' dir='ltr'><strong>assu-</strong></span> 
     </span>
    </p>
   </div>
   <div class='ocr_carea' id='block_1_19' title="bbox 2166 716 3835 793">
    <p class='ocr_par' dir='ltr' id='par_1_19' title="bbox 2166 716 3835 793">
     <span class='ocr_line' id='line_1_19' title="bbox 2166 716 3835 793; baseline -0.001 -18"><span class='ocrx_word' id='word_1_131' title='bbox 2166 736 2344 776; x_wconf 92' lang='lat' dir='ltr'><strong>mere.</strong></span> <span class='ocrx_word' id='word_1_132' title='bbox 2361 719 2568 775; x_wconf 87' lang='lat' dir='ltr'><strong>Utrum</strong></span> <span class='ocrx_word' id='word_1_133' title='bbox 2593 736 2730 793; x_wconf 91' lang='lat' dir='ltr'><strong>ergo</strong></span> <span class='ocrx_word' id='word_1_134' title='bbox 2750 718 3075 776; x_wconf 87' lang='lat' dir='ltr'><strong>Waldrada</strong></span> <span class='ocrx_word' id='word_1_135' title='bbox 3102 717 3366 793; x_wconf 88' lang='lat' dir='ltr'><strong>legitima</strong></span> <span class='ocrx_word' id='word_1_136' title='bbox 3395 722 3497 775; x_wconf 89' lang='lat' dir='ltr'><strong>tua</strong></span> <span class='ocrx_word' id='word_1_137' title='bbox 3525 718 3703 774; x_wconf 88' lang='lat' dir='ltr'><strong>fuerit</strong></span> <span class='ocrx_word' id='word_1_138' title='bbox 3724 716 3835 773; x_wconf 89' lang='lat' dir='ltr'><strong>ali-</strong></span> 
     </span>
    </p>
   </div>
   <div class='ocr_carea' id='block_1_20' title="bbox 2167 806 3833 882">
    <p class='ocr_par' dir='ltr' id='par_1_20' title="bbox 2167 806 3833 882">
     <span class='ocr_line' id='line_1_20' title="bbox 2167 806 3833 882; baseline -0.002 -17"><span class='ocrx_word' id='word_1_139' title='bbox 2167 810 2403 882; x_wconf 90' lang='lat' dir='ltr'><strong>quando</strong></span> <span class='ocrx_word' id='word_1_140' title='bbox 2426 811 2639 882; x_wconf 89' lang='lat' dir='ltr'><strong>conjux</strong></span> <span class='ocrx_word' id='word_1_141' title='bbox 2668 808 2929 865; x_wconf 84' lang='lat' dir='ltr'><strong>Ecclesia</strong></span> <span class='ocrx_word' id='word_1_142' title='bbox 2950 807 3051 865; x_wconf 92' lang='lat' dir='ltr'><strong>Dei</strong></span> <span class='ocrx_word' id='word_1_143' title='bbox 3082 807 3482 864; x_wconf 83' lang='lat' dir='ltr'><strong>satisfactione</strong></span> <span class='ocrx_word' id='word_1_144' title='bbox 3504 806 3833 863; x_wconf 89' lang='lat' dir='ltr'><strong>Theutber-</strong></span> 
     </span>
    </p>
   </div>
   <div class='ocr_carea' id='block_1_21' title="bbox 2167 896 3832 973">
    <p class='ocr_par' dir='ltr' id='par_1_21' title="bbox 2167 896 3832 973">
     <span class='ocr_line' id='line_1_21' title="bbox 2167 896 3832 973; baseline -0.001 -21"><span class='ocrx_word' id='word_1_145' title='bbox 2167 913 2251 971; x_wconf 72' lang='lat' dir='ltr'><strong>gze</strong></span> <span class='ocrx_word' id='word_1_146' title='bbox 2270 916 2384 955; x_wconf 92' lang='lat' dir='ltr'><strong>non</strong></span> <span class='ocrx_word' id='word_1_147' title='bbox 2408 899 2757 973; x_wconf 89' lang='lat' dir='ltr'><strong>eget.Unum</strong></span> <span class='ocrx_word' id='word_1_148' title='bbox 2779 896 3246 969; x_wconf 54' lang='lat' dir='ltr'><strong>tamenIscimus,</strong></span> <span class='ocrx_word' id='word_1_149' title='bbox 3263 896 3543 969; x_wconf 91' lang='lat' dir='ltr'><strong>quoniam</strong></span> <span class='ocrx_word' id='word_1_150' title='bbox 3569 912 3674 951; x_wconf 84' lang='lat' dir='ltr'><strong>nes</strong></span> <span class='ocrx_word' id='word_1_151' title='bbox 3697 911 3832 962; x_wconf 90' lang='lat' dir='ltr'><strong>nos,</strong></span> 
     </span>
    </p>
   </div>
   <div class='ocr_carea' id='block_1_22' title="bbox 2169 983 3837 1061">
    <p class='ocr_par' dir='ltr' id='par_1_22' title="bbox 2169 983 3837 1061">
     <span class='ocr_line' id='line_1_22' title="bbox 2169 983 3837 1061; baseline -0.001 -18"><span class='ocrx_word' id='word_1_152' title='bbox 2169 1005 2275 1044; x_wconf 87' lang='lat' dir='ltr'><strong>nec</strong></span> <span class='ocrx_word' id='word_1_153' title='bbox 2292 989 2495 1044; x_wconf 91' lang='lat' dir='ltr'><strong>eadem</strong></span> <span class='ocrx_word' id='word_1_154' title='bbox 2525 987 3037 1061; x_wconf 59' lang='lat' dir='ltr'><strong>sanctaZEcclesia,</strong></span> <span class='ocrx_word' id='word_1_155' title='bbox 3067 989 3303 1042; x_wconf 88' lang='lat' dir='ltr'><strong>auctore</strong></span> <span class='ocrx_word' id='word_1_156' title='bbox 3327 985 3464 1056; x_wconf 90' lang='lat' dir='ltr'><strong>Deo,</strong></span> <span class='ocrx_word' id='word_1_157' title='bbox 3477 985 3577 1058; x_wconf 92' lang='lat' dir='ltr'><strong>qui</strong></span> <span class='ocrx_word' id='word_1_158' title='bbox 3611 983 3837 1042; x_wconf 88' lang='lat' dir='ltr'><strong>adulte-</strong></span> 
     </span>
    </p>
   </div>
   <div class='ocr_carea' id='block_1_23' title="bbox 2169 1076 3835 1150">
    <p class='ocr_par' dir='ltr' id='par_1_23' title="bbox 2169 1076 3835 1150">
     <span class='ocr_line' id='line_1_23' title="bbox 2169 1076 3835 1150; baseline -0.001 -18"><span class='ocrx_word' id='word_1_159' title='bbox 2169 1094 2267 1133; x_wconf 90' lang='lat' dir='ltr'><strong>ros</strong></span> <span class='ocrx_word' id='word_1_160' title='bbox 2280 1078 2593 1150; x_wconf 89' lang='lat' dir='ltr'><strong>judicabit,</strong></span> <span class='ocrx_word' id='word_1_161' title='bbox 2627 1082 2707 1147; x_wconf 88' lang='lat' dir='ltr'><strong>te,</strong></span> <span class='ocrx_word' id='word_1_162' title='bbox 2740 1078 2789 1135; x_wconf 91' lang='lat' dir='ltr'><strong>si</strong></span> <span class='ocrx_word' id='word_1_163' title='bbox 2818 1076 3203 1132; x_wconf 77' lang='lat' dir='ltr'><strong>\Valdradam</strong></span> <span class='ocrx_word' id='word_1_164' title='bbox 3235 1076 3707 1148; x_wconf 90' lang='lat' dir='ltr'><strong>quandocunque</strong></span> <span class='ocrx_word' id='word_1_165' title='bbox 3738 1092 3835 1131; x_wconf 82' lang='lat' dir='ltr'><strong>re-</strong></span> 
     </span>
    </p>
   </div>
   <div class='ocr_carea' id='block_1_24' title="bbox 2171 1164 3839 1241">
    <p class='ocr_par' dir='ltr' id='par_1_24' title="bbox 2171 1164 3839 1241">
     <span class='ocr_line' id='line_1_24' title="bbox 2171 1164 3839 1241; baseline -0.002 -18"><span class='ocrx_word' id='word_1_166' title='bbox 2171 1169 2516 1241; x_wconf 89' lang='lat' dir='ltr'><strong>sumpseris,</strong></span> <span class='ocrx_word' id='word_1_167' title='bbox 2560 1169 2738 1225; x_wconf 88' lang='lat' dir='ltr'><strong>etiam</strong></span> <span class='ocrx_word' id='word_1_168' title='bbox 2779 1167 3151 1239; x_wconf 88' lang='lat' dir='ltr'><strong>Theutberga</strong></span> <span class='ocrx_word' id='word_1_169' title='bbox 3187 1165 3524 1231; x_wconf 90' lang='lat' dir='ltr'><strong>decedente,</strong></span> <span class='ocrx_word' id='word_1_170' title='bbox 3574 1164 3839 1221; x_wconf 87' lang='lat' dir='ltr'><strong>dimittet</strong></span> 
     </span>
    </p>
   </div>
   <div class='ocr_carea' id='block_1_25' title="bbox 2172 1253 3839 1329">
    <p class='ocr_par' dir='ltr' id='par_1_25' title="bbox 2172 1253 3839 1329">
     <span class='ocr_line' id='line_1_25' title="bbox 2172 1253 3839 1329; baseline -0.002 -17"><span class='ocrx_word' id='word_1_171' title='bbox 2172 1258 2364 1314; x_wconf 91' lang='lat' dir='ltr'><strong>modis</strong></span> <span class='ocrx_word' id='word_1_172' title='bbox 2379 1258 2656 1314; x_wconf 90' lang='lat' dir='ltr'><strong>omnibus</strong></span> <span class='ocrx_word' id='word_1_173' title='bbox 2675 1257 3059 1329; x_wconf 84' lang='lat' dir='ltr'><strong>impunitum.</strong></span> <span class='ocrx_word' id='word_1_174' title='bbox 3077 1254 3227 1311; x_wconf 91' lang='lat' dir='ltr'><strong>lllud</strong></span> <span class='ocrx_word' id='word_1_175' title='bbox 3239 1272 3373 1311; x_wconf 84' lang='lat' dir='ltr'><strong>vero</strong></span> <span class='ocrx_word' id='word_1_176' title='bbox 3392 1254 3548 1327; x_wconf 92' lang='lat' dir='ltr'><strong>quod</strong></span> <span class='ocrx_word' id='word_1_177' title='bbox 3564 1253 3706 1309; x_wconf 87' lang='lat' dir='ltr'><strong>dicit</strong></span> <span class='ocrx_word' id='word_1_178' title='bbox 3729 1255 3839 1309; x_wconf 85' lang='lat' dir='ltr'><strong>Ro-</strong></span> 
     </span>
    </p>
   </div>
   <div class='ocr_carea' id='block_1_26' title="bbox 2173 1343 3837 1419">
    <p class='ocr_par' dir='ltr' id='par_1_26' title="bbox 2173 1343 3837 1419">
     <span class='ocr_line' id='line_1_26' title="bbox 2173 1343 3837 1419; baseline -0.003 -17"><span class='ocrx_word' id='word_1_179' title='bbox 2173 1364 2330 1402; x_wconf 88' lang='lat' dir='ltr'><strong>mam</strong></span> <span class='ocrx_word' id='word_1_180' title='bbox 2355 1347 2579 1419; x_wconf 50' lang='lat' dir='ltr'><strong>seZvelle</strong></span> <span class='ocrx_word' id='word_1_181' title='bbox 2601 1348 2817 1413; x_wconf 87' lang='lat' dir='ltr'><strong>venire,</strong></span> <span class='ocrx_word' id='word_1_182' title='bbox 2834 1346 3123 1418; x_wconf 85' lang='lat' dir='ltr'><strong>nobisque</strong></span> <span class='ocrx_word' id='word_1_183' title='bbox 3153 1343 3461 1417; x_wconf 91' lang='lat' dir='ltr'><strong>passiones</strong></span> <span class='ocrx_word' id='word_1_184' title='bbox 3488 1347 3544 1399; x_wconf 93' lang='lat' dir='ltr'><strong>et</strong></span> <span class='ocrx_word' id='word_1_185' title='bbox 3565 1344 3837 1416; x_wconf 65' lang='lat' dir='ltr'><strong>quaedam</strong></span> 
     </span>
    </p>
   </div>
   <div class='ocr_carea' id='block_1_27' title="bbox 2173 1432 3838 1509">
    <p class='ocr_par' dir='ltr' id='par_1_27' title="bbox 2173 1432 3838 1509">
     <span class='ocr_line' id='line_1_27' title="bbox 2173 1432 3838 1509; baseline -0.003 -17"><span class='ocrx_word' id='word_1_186' title='bbox 2173 1441 2397 1492; x_wconf 83' lang='lat' dir='ltr'><strong>secreta</strong></span> <span class='ocrx_word' id='word_1_187' title='bbox 2424 1436 2512 1493; x_wconf 89' lang='lat' dir='ltr'><strong>sui</strong></span> <span class='ocrx_word' id='word_1_188' title='bbox 2558 1436 2808 1509; x_wconf 90' lang='lat' dir='ltr'><strong>pectoris</strong></span> <span class='ocrx_word' id='word_1_189' title='bbox 2862 1450 3141 1503; x_wconf 89' lang='lat' dir='ltr'><strong>reserare,</strong></span> <span class='ocrx_word' id='word_1_190' title='bbox 3173 1433 3298 1489; x_wconf 80' lang='lat' dir='ltr'><strong>fieri</strong></span> <span class='ocrx_word' id='word_1_191' title='bbox 3348 1449 3461 1488; x_wconf 89' lang='lat' dir='ltr'><strong>non</strong></span> <span class='ocrx_word' id='word_1_192' title='bbox 3517 1432 3838 1488; x_wconf 89' lang='lat' dir='ltr'><strong>convenit:</strong></span> 
     </span>
    </p>
   </div>
   <div class='ocr_carea' id='block_1_28' title="bbox 2175 1520 3844 1599">
    <p class='ocr_par' dir='ltr' id='par_1_28' title="bbox 2175 1520 3844 1599">
     <span class='ocr_line' id='line_1_28' title="bbox 2175 1520 3844 1599; baseline -0.004 -17"><span class='ocrx_word' id='word_1_193' title='bbox 2175 1525 2452 1599; x_wconf 90' lang='lat' dir='ltr'><strong>quoniam</strong></span> <span class='ocrx_word' id='word_1_194' title='bbox 2479 1531 2535 1582; x_wconf 87' lang='lat' dir='ltr'><strong>et</strong></span> <span class='ocrx_word' id='word_1_195' title='bbox 2557 1527 2842 1582; x_wconf 85' lang='lat' dir='ltr'><strong>securitas</strong></span> <span class='ocrx_word' id='word_1_196' title='bbox 2860 1523 3106 1592; x_wconf 89' lang='lat' dir='ltr'><strong>itineris,</strong></span> <span class='ocrx_word' id='word_1_197' title='bbox 3124 1540 3300 1596; x_wconf 91' lang='lat' dir='ltr'><strong>quam</strong></span> <span class='ocrx_word' id='word_1_198' title='bbox 3324 1522 3652 1598; x_wconf 68' lang='lat' dir='ltr'><strong>praetendit,</strong></span> <span class='ocrx_word' id='word_1_199' title='bbox 3672 1520 3844 1577; x_wconf 87' lang='lat' dir='ltr'><strong>nulla</strong></span> 
     </span>
    </p>
   </div>
   <div class='ocr_carea' id='block_1_29' title="bbox 2174 1610 3841 1689">
    <p class='ocr_par' dir='ltr' id='par_1_29' title="bbox 2174 1610 3841 1689">
     <span class='ocr_line' id='line_1_29' title="bbox 2174 1610 3841 1689; baseline -0.002 -18"><span class='ocrx_word' id='word_1_200' title='bbox 2174 1620 2294 1684; x_wconf 90' lang='lat' dir='ltr'><strong>est;</strong></span> <span class='ocrx_word' id='word_1_201' title='bbox 2328 1619 2387 1672; x_wconf 91' lang='lat' dir='ltr'><strong>et</strong></span> <span class='ocrx_word' id='word_1_202' title='bbox 2417 1615 2679 1689; x_wconf 91' lang='lat' dir='ltr'><strong>quandiu</strong></span> <span class='ocrx_word' id='word_1_203' title='bbox 2710 1614 3031 1671; x_wconf 87' lang='lat' dir='ltr'><strong>Waldrada</strong></span> <span class='ocrx_word' id='word_1_204' title='bbox 3059 1612 3142 1668; x_wconf 90' lang='lat' dir='ltr'><strong>ita</strong></span> <span class='ocrx_word' id='word_1_205' title='bbox 3168 1612 3275 1668; x_wconf 90' lang='lat' dir='ltr'><strong>tibi</strong></span> <span class='ocrx_word' id='word_1_206' title='bbox 3298 1612 3471 1684; x_wconf 87' lang='lat' dir='ltr'><strong>juxta</strong></span> <span class='ocrx_word' id='word_1_207' title='bbox 3499 1610 3690 1684; x_wconf 89' lang='lat' dir='ltr'><strong>posita</strong></span> <span class='ocrx_word' id='word_1_208' title='bbox 3721 1614 3841 1679; x_wconf 85' lang='lat' dir='ltr'><strong>est,</strong></span> 
     </span>
    </p>
   </div>
   <div class='ocr_carea' id='block_1_30' title="bbox 2176 1700 3838 1761">
    <p class='ocr_par' dir='ltr' id='par_1_30' title="bbox 2176 1700 3838 1761">
     <span class='ocr_line' id='line_1_30' title="bbox 2176 1700 3838 1761; baseline -0.002 -2"><span class='ocrx_word' id='word_1_209' title='bbox 2176 1704 2391 1760; x_wconf 91' lang='lat' dir='ltr'><strong>diaboli</strong></span> <span class='ocrx_word' id='word_1_210' title='bbox 2420 1704 2677 1761; x_wconf 88' lang='lat' dir='ltr'><strong>versutia</strong></span> <span class='ocrx_word' id='word_1_211' title='bbox 2704 1721 2821 1760; x_wconf 92' lang='lat' dir='ltr'><strong>non</strong></span> <span class='ocrx_word' id='word_1_212' title='bbox 2852 1704 3060 1759; x_wconf 84' lang='lat' dir='ltr'><strong>abesse</strong></span> <span class='ocrx_word' id='word_1_213' title='bbox 3086 1700 3471 1757; x_wconf 89' lang='lat' dir='ltr'><strong>convincitur.</strong></span> <span class='ocrx_word' id='word_1_214' title='bbox 3501 1702 3644 1757; x_wconf 90' lang='lat' dir='ltr'><strong>Dum</strong></span> <span class='ocrx_word' id='word_1_215' title='bbox 3675 1700 3838 1756; x_wconf 88' lang='lat' dir='ltr'><strong>enim</strong></span> 
     </span>
    </p>
   </div>
   <div class='ocr_carea' id='block_1_31' title="bbox 2176 1790 3846 1868">
    <p class='ocr_par' dir='ltr' id='par_1_31' title="bbox 2176 1790 3846 1868">
     <span class='ocr_line' id='line_1_31' title="bbox 2176 1790 3846 1868; baseline -0.003 -19"><span class='ocrx_word' id='word_1_216' title='bbox 2176 1793 2559 1868; x_wconf 67' lang='lat' dir='ltr'><strong>Theutberga:</strong></span> <span class='ocrx_word' id='word_1_217' title='bbox 2588 1794 2855 1861; x_wconf 88' lang='lat' dir='ltr'><strong>discedit,</strong></span> <span class='ocrx_word' id='word_1_218' title='bbox 2888 1790 3210 1848; x_wconf 89' lang='lat' dir='ltr'><strong>Waldrada</strong></span> <span class='ocrx_word' id='word_1_219' title='bbox 3243 1791 3653 1846; x_wconf 88' lang='lat' dir='ltr'><strong>incunctanter</strong></span> <span class='ocrx_word' id='word_1_220' title='bbox 3682 1805 3846 1846; x_wconf 86' lang='lat' dir='ltr'><strong>acce-</strong></span> 
     </span>
    </p>
   </div>
   <div class='ocr_carea' id='block_1_32' title="bbox 401 1870 3845 1981">
    <p class='ocr_par' dir='ltr' id='par_1_32' title="bbox 401 1870 3845 1981">
     <span class='ocr_line' id='line_1_32' title="bbox 401 1870 3845 1981; baseline 0.002 -54"><span class='ocrx_word' id='word_1_221' title='bbox 401 1870 599 1945; x_wconf 90' lang='lat' dir='ltr'><strong>pulsa,</strong></span> <span class='ocrx_word' id='word_1_222' title='bbox 622 1879 918 1946; x_wconf 91' lang='lat' dir='ltr'><strong>postremo</strong></span> <span class='ocrx_word' id='word_1_223' title='bbox 968 1879 1206 1935; x_wconf 90' lang='lat' dir='ltr'><strong>monitis</strong></span> <span class='ocrx_word' id='word_1_224' title='bbox 1238 1884 1295 1936; x_wconf 92' lang='lat' dir='ltr'><strong>et</strong></span> <span class='ocrx_word' id='word_1_225' title='bbox 1324 1881 1555 1937; x_wconf 90' lang='lat' dir='ltr'><strong>decreto</strong></span> <span class='ocrx_word' id='word_1_226' title='bbox 1594 1886 1816 1950; x_wconf 89' lang='lat' dir='ltr'><strong>nostro,</strong></span> <span class='ocrx_word' id='word_1_227' title='bbox 1850 1882 2071 1955; x_wconf 90' lang='lat' dir='ltr'><strong>pariter</strong></span> <span class='ocrx_word' id='word_1_228' title='bbox 2096 1914 2145 1981; x_wconf 83' lang='lat' dir='ltr'><strong>B</strong></span> <span class='ocrx_word' id='word_1_229' title='bbox 2178 1884 2300 1940; x_wconf 90' lang='lat' dir='ltr'><strong>dit:</strong></span> <span class='ocrx_word' id='word_1_230' title='bbox 2325 1883 2607 1941; x_wconf 91' lang='lat' dir='ltr'><strong>nimirum</strong></span> <span class='ocrx_word' id='word_1_231' title='bbox 2633 1884 2775 1957; x_wconf 92' lang='lat' dir='ltr'><strong>quia</strong></span> <span class='ocrx_word' id='word_1_232' title='bbox 2804 1883 2948 1939; x_wconf 90' lang='lat' dir='ltr'><strong>dum</strong></span> <span class='ocrx_word' id='word_1_233' title='bbox 2974 1881 3067 1938; x_wconf 79' lang='lat' dir='ltr'><strong>lex</strong></span> <span class='ocrx_word' id='word_1_234' title='bbox 3096 1879 3417 1980; x_wconf 72' lang='lat' dir='ltr'><strong>repellitur,</strong></span> <span class='ocrx_word' id='word_1_235' title='bbox 3441 1878 3845 1981; x_wconf 49' lang='lat' dir='ltr'><strong>praevaricatio</strong></span> 
     </span>
    </p>
   </div>
   <div class='ocr_carea' id='block_1_33' title="bbox 403 1962 2068 2044">
    <p class='ocr_par' dir='ltr' id='par_1_33' title="bbox 403 1962 2068 2044">
     <span class='ocr_line' id='line_1_33' title="bbox 403 1962 2068 2044; baseline 0.008 -28"><span class='ocrx_word' id='word_1_236' title='bbox 403 1966 461 2017; x_wconf 90' lang='lat' dir='ltr'><strong>et</strong></span> <span class='ocrx_word' id='word_1_237' title='bbox 492 1962 729 2019; x_wconf 90' lang='lat' dir='ltr'><strong>hortatu</strong></span> <span class='ocrx_word' id='word_1_238' title='bbox 771 1965 876 2021; x_wconf 87' lang='lat' dir='ltr'><strong>filii</strong></span> <span class='ocrx_word' id='word_1_239' title='bbox 916 1967 1103 2024; x_wconf 89' lang='lat' dir='ltr'><strong>nostri</strong></span> <span class='ocrx_word' id='word_1_240' title='bbox 1146 1969 1479 2027; x_wconf 87' lang='lat' dir='ltr'><strong>excellentis</strong></span> <span class='ocrx_word' id='word_1_241' title='bbox 1516 1972 1785 2044; x_wconf 88' lang='lat' dir='ltr'><strong>Augusti,</strong></span> <span class='ocrx_word' id='word_1_242' title='bbox 1812 1974 1947 2044; x_wconf 91' lang='lat' dir='ltr'><strong>jure</strong></span> <span class='ocrx_word' id='word_1_243' title='bbox 1978 1988 2068 2028; x_wconf 88' lang='lat' dir='ltr'><strong>re-</strong></span> 
     </span>
    </p>
   </div>
   <div class='ocr_carea' id='block_1_34' title="bbox 402 2054 2071 2129">
    <p class='ocr_par' dir='ltr' id='par_1_34' title="bbox 402 2054 2071 2129">
     <span class='ocr_line' id='line_1_34' title="bbox 402 2054 2071 2129; baseline 0.007 -24"><span class='ocrx_word' id='word_1_244' title='bbox 402 2056 571 2124; x_wconf 88' lang='lat' dir='ltr'><strong>cepta</strong></span> <span class='ocrx_word' id='word_1_245' title='bbox 625 2054 875 2111; x_wconf 88' lang='lat' dir='ltr'><strong>dicatur.</strong></span> <span class='ocrx_word' id='word_1_246' title='bbox 907 2056 1040 2129; x_wconf 90' lang='lat' dir='ltr'><strong>Ipsa</strong></span> <span class='ocrx_word' id='word_1_247' title='bbox 1070 2062 1268 2115; x_wconf 90' lang='lat' dir='ltr'><strong>autem</strong></span> <span class='ocrx_word' id='word_1_248' title='bbox 1324 2059 1420 2115; x_wconf 89' lang='lat' dir='ltr'><strong>his</strong></span> <span class='ocrx_word' id='word_1_249' title='bbox 1451 2061 1728 2118; x_wconf 91' lang='lat' dir='ltr'><strong>omnibus</strong></span> <span class='ocrx_word' id='word_1_250' title='bbox 1775 2061 2071 2118; x_wconf 89' lang='lat' dir='ltr'><strong>contraria</strong></span> 
     </span>
    </p>
   </div>
   <div class='ocr_carea' id='block_1_35' title="bbox 390 2143 2067 2223">
    <p class='ocr_par' dir='ltr' id='par_1_35' title="bbox 390 2143 2067 2223">
     <span class='ocr_line' id='line_1_35' title="bbox 390 2143 2067 2223; baseline 0.005 -24"><span class='ocrx_word' id='word_1_251' title='bbox 390 2159 561 2199; x_wconf 87' lang='lat' dir='ltr'><strong>.nunc</strong></span> <span class='ocrx_word' id='word_1_252' title='bbox 592 2143 820 2213; x_wconf 71' lang='lat' dir='ltr'><strong>effecta,</strong></span> <span class='ocrx_word' id='word_1_253' title='bbox 851 2149 909 2201; x_wconf 92' lang='lat' dir='ltr'><strong>et</strong></span> <span class='ocrx_word' id='word_1_254' title='bbox 938 2164 1057 2202; x_wconf 67' lang='lat' dir='ltr'><strong>sues</strong></span> <span class='ocrx_word' id='word_1_255' title='bbox 1090 2147 1277 2219; x_wconf 89' lang='lat' dir='ltr'><strong>ipsius</strong></span> <span class='ocrx_word' id='word_1_256' title='bbox 1308 2149 1488 2206; x_wconf 90' lang='lat' dir='ltr'><strong>oblita</strong></span> <span class='ocrx_word' id='word_1_257' title='bbox 1515 2151 1914 2223; x_wconf 78' lang='lat' dir='ltr'><strong>profectionis,</strong></span> <span class='ocrx_word' id='word_1_258' title='bbox 1938 2169 2067 2208; x_wconf 90' lang='lat' dir='ltr'><strong>nes-</strong></span> 
     </span>
    </p>
   </div>
   <div class='ocr_carea' id='block_1_36' title="bbox 403 2231 2067 2312">
    <p class='ocr_par' dir='ltr' id='par_1_36' title="bbox 403 2231 2067 2312">
     <span class='ocr_line' id='line_1_36' title="bbox 403 2231 2067 2312; baseline 0.007 -26"><span class='ocrx_word' id='word_1_259' title='bbox 403 2231 597 2289; x_wconf 87' lang='lat' dir='ltr'><strong>cimus</strong></span> <span class='ocrx_word' id='word_1_260' title='bbox 626 2250 756 2306; x_wconf 69' lang='lat' dir='ltr'><strong>qua:</strong></span> <span class='ocrx_word' id='word_1_261' title='bbox 786 2234 991 2291; x_wconf 91' lang='lat' dir='ltr'><strong>frivola</strong></span> <span class='ocrx_word' id='word_1_262' title='bbox 1021 2237 1304 2295; x_wconf 88' lang='lat' dir='ltr'><strong>fateatur:</strong></span> <span class='ocrx_word' id='word_1_263' title='bbox 1332 2257 1459 2312; x_wconf 71' lang='lat' dir='ltr'><strong>quae</strong></span> <span class='ocrx_word' id='word_1_264' title='bbox 1492 2239 1759 2297; x_wconf 90' lang='lat' dir='ltr'><strong>videlicet</strong></span> <span class='ocrx_word' id='word_1_265' title='bbox 1789 2240 2067 2297; x_wconf 90' lang='lat' dir='ltr'><strong>nolumus</strong></span> 
     </span>
    </p>
   </div>
   <div class='ocr_carea' id='block_1_37' title="bbox 400 2324 2070 2401">
    <p class='ocr_par' dir='ltr' id='par_1_37' title="bbox 400 2324 2070 2401">
     <span class='ocr_line' id='line_1_37' title="bbox 400 2324 2070 2401; baseline 0.007 -26"><span class='ocrx_word' id='word_1_266' title='bbox 400 2324 921 2396; x_wconf 84' lang='lat' dir='ltr'><strong>exaggerare,quia</strong></span> <span class='ocrx_word' id='word_1_267' title='bbox 940 2324 1222 2384; x_wconf 90' lang='lat' dir='ltr'><strong>nolumus</strong></span> <span class='ocrx_word' id='word_1_268' title='bbox 1240 2346 1599 2401; x_wconf 86' lang='lat' dir='ltr'><strong>supervacue</strong></span> <span class='ocrx_word' id='word_1_269' title='bbox 1620 2329 2070 2387; x_wconf 83' lang='lat' dir='ltr'><strong>laborare.Didi-</strong></span> 
     </span>
    </p>
   </div>
   <div class='ocr_carea' id='block_1_38' title="bbox 400 2410 2067 2485">
    <p class='ocr_par' dir='ltr' id='par_1_38' title="bbox 400 2410 2067 2485">
     <span class='ocr_line' id='line_1_38' title="bbox 400 2410 2067 2485; baseline 0.007 -20"><span class='ocrx_word' id='word_1_270' title='bbox 400 2410 592 2468; x_wconf 91' lang='lat' dir='ltr'><strong>cimus</strong></span> <span class='ocrx_word' id='word_1_271' title='bbox 618 2416 817 2468; x_wconf 90' lang='lat' dir='ltr'><strong>tamen</strong></span> <span class='ocrx_word' id='word_1_272' title='bbox 848 2414 1168 2471; x_wconf 89' lang='lat' dir='ltr'><strong>multorum</strong></span> <span class='ocrx_word' id='word_1_273' title='bbox 1194 2416 1381 2473; x_wconf 90' lang='lat' dir='ltr'><strong>relatu</strong></span> <span class='ocrx_word' id='word_1_274' title='bbox 1414 2434 1481 2473; x_wconf 91' lang='lat' dir='ltr'><strong>ac</strong></span> <span class='ocrx_word' id='word_1_275' title='bbox 1503 2418 1707 2474; x_wconf 90' lang='lat' dir='ltr'><strong>multis</strong></span> <span class='ocrx_word' id='word_1_276' title='bbox 1730 2418 1985 2485; x_wconf 92' lang='lat' dir='ltr'><strong>indiciis,</strong></span> <span class='ocrx_word' id='word_1_277' title='bbox 2010 2424 2067 2476; x_wconf 93' lang='lat' dir='ltr'><strong>te</strong></span> 
     </span>
    </p>
   </div>
   <div class='ocr_carea' id='block_1_39' title="bbox 400 2500 2067 2582">
    <p class='ocr_par' dir='ltr' id='par_1_39' title="bbox 400 2500 2067 2582">
     <span class='ocr_line' id='line_1_39' title="bbox 400 2500 2067 2582; baseline 0.007 -28"><span class='ocrx_word' id='word_1_278' title='bbox 400 2500 473 2555; x_wconf 85' lang='lat' dir='ltr'><strong>ad</strong></span> <span class='ocrx_word' id='word_1_279' title='bbox 498 2501 891 2560; x_wconf 88' lang='lat' dir='ltr'><strong>imitationem</strong></span> <span class='ocrx_word' id='word_1_280' title='bbox 915 2522 1119 2561; x_wconf 90' lang='lat' dir='ltr'><strong>eorum</strong></span> <span class='ocrx_word' id='word_1_281' title='bbox 1142 2523 1488 2564; x_wconf 87' lang='lat' dir='ltr'><strong>conversum</strong></span> <span class='ocrx_word' id='word_1_282' title='bbox 1510 2509 1581 2564; x_wconf 91' lang='lat' dir='ltr'><strong>de</strong></span> <span class='ocrx_word' id='word_1_283' title='bbox 1602 2508 1819 2581; x_wconf 87' lang='lat' dir='ltr'><strong>quibus</strong></span> <span class='ocrx_word' id='word_1_284' title='bbox 1839 2513 2067 2582; x_wconf 90' lang='lat' dir='ltr'><strong>aposto-</strong></span> 
     </span>
    </p>
   </div>
   <div class='ocr_carea' id='block_1_40' title="bbox 399 2587 2066 2671">
    <p class='ocr_par' dir='ltr' id='par_1_40' title="bbox 399 2587 2066 2671">
     <span class='ocr_line' id='line_1_40' title="bbox 399 2587 2066 2671; baseline 0.007 -28"><span class='ocrx_word' id='word_1_285' title='bbox 399 2587 591 2645; x_wconf 90' lang='lat' dir='ltr'><strong>lorum</strong></span> <span class='ocrx_word' id='word_1_286' title='bbox 626 2590 901 2665; x_wconf 88' lang='lat' dir='ltr'><strong>princeps</strong></span> <span class='ocrx_word' id='word_1_287' title='bbox 944 2594 1087 2650; x_wconf 90' lang='lat' dir='ltr'><strong>dicit</strong></span> <span class='ocrx_word' id='word_1_288' title='bbox 1119 2611 1132 2648; x_wconf 91' lang='lat'><strong>:</strong></span> <span class='ocrx_word' id='word_1_289' title='bbox 1166 2595 1230 2651; x_wconf 92' lang='lat' dir='ltr'><strong>Si</strong></span> <span class='ocrx_word' id='word_1_290' title='bbox 1257 2598 1407 2652; x_wconf 84' lang='lat' dir='ltr'><strong>enim</strong></span> <span class='ocrx_word' id='word_1_291' title='bbox 1452 2600 1785 2670; x_wconf 76' lang='lat' dir='ltr'><strong>refugientes</strong></span> <span class='ocrx_word' id='word_1_292' title='bbox 1814 2601 2066 2671; x_wconf 87' lang='lat' dir='ltr'><strong>coinqui-</strong></span> 
     </span>
    </p>
   </div>
   <div class='ocr_carea' id='block_1_41' title="bbox 399 2680 2067 2755">
    <p class='ocr_par' dir='ltr' id='par_1_41' title="bbox 399 2680 2067 2755">
     <span class='ocr_line' id='line_1_41' title="bbox 399 2680 2067 2755; baseline 0.007 -21"><span class='ocrx_word' id='word_1_293' title='bbox 399 2680 655 2736; x_wconf 85' lang='lat' dir='ltr'><strong>nationes</strong></span> <span class='ocrx_word' id='word_1_294' title='bbox 684 2682 884 2738; x_wconf 85' lang='lat' dir='ltr'><strong>mundi</strong></span> <span class='ocrx_word' id='word_1_295' title='bbox 912 2685 972 2738; x_wconf 88' lang='lat' dir='ltr'><strong>in</strong></span> <span class='ocrx_word' id='word_1_296' title='bbox 992 2686 1356 2755; x_wconf 79' lang='lat' dir='ltr'><strong>cognitionem</strong></span> <span class='ocrx_word' id='word_1_297' title='bbox 1375 2687 1598 2743; x_wconf 82' lang='lat' dir='ltr'><strong>Domini</strong></span> <span class='ocrx_word' id='word_1_298' title='bbox 1616 2690 1793 2744; x_wconf 81' lang='lat' dir='ltr'><strong>nostri</strong></span> <span class='ocrx_word' id='word_1_299' title='bbox 1810 2696 1862 2745; x_wconf 90' lang='lat' dir='ltr'><strong>et</strong></span> <span class='ocrx_word' id='word_1_300' title='bbox 1879 2690 2067 2745; x_wconf 84' lang='lat' dir='ltr'><strong>Salva-</strong></span> 
     </span>
    </p>
   </div>
   <div class='ocr_carea' id='block_1_42' title="bbox 408 2769 2063 2849">
    <p class='ocr_par' dir='ltr' id='par_1_42' title="bbox 408 2769 2063 2849">
     <span class='ocr_line' id='line_1_42' title="bbox 408 2769 2063 2849; baseline 0.007 -27"><span class='ocrx_word' id='word_1_301' title='bbox 408 2769 543 2823; x_wconf 88' lang='lat' dir='ltr'><strong>toris</strong></span> <span class='ocrx_word' id='word_1_302' title='bbox 586 2770 712 2825; x_wconf 76' lang='lat' dir='ltr'><strong>Iesu</strong></span> <span class='ocrx_word' id='word_1_303' title='bbox 756 2770 984 2838; x_wconf 77' lang='lat' dir='ltr'><strong>Christi,</strong></span> <span class='ocrx_word' id='word_1_304' title='bbox 1011 2774 1097 2828; x_wconf 86' lang='lat' dir='ltr'><strong>his</strong></span> <span class='ocrx_word' id='word_1_305' title='bbox 1151 2791 1344 2831; x_wconf 88' lang='lat' dir='ltr'><strong>rursus</strong></span> <span class='ocrx_word' id='word_1_306' title='bbox 1400 2777 1663 2848; x_wconf 85' lang='lat' dir='ltr'><strong>impliciti</strong></span> <span class='ocrx_word' id='word_1_307' title='bbox 1713 2786 2063 2849; x_wconf 83' lang='lat' dir='ltr'><strong>superantur,</strong></span> 
     </span>
    </p>
   </div>
   <div class='ocr_carea' id='block_1_43' title="bbox 410 2859 2066 2938">
    <p class='ocr_par' dir='ltr' id='par_1_43' title="bbox 410 2859 2066 2938">
     <span class='ocr_line' id='line_1_43' title="bbox 410 2859 2066 2938; baseline 0.008 -27"><span class='ocrx_word' id='word_1_308' title='bbox 410 2859 558 2929; x_wconf 78' lang='lat' dir='ltr'><strong>facta</strong></span> <span class='ocrx_word' id='word_1_309' title='bbox 583 2867 713 2915; x_wconf 85' lang='lat' dir='ltr'><strong>sunt</strong></span> <span class='ocrx_word' id='word_1_310' title='bbox 753 2862 834 2916; x_wconf 81' lang='lat' dir='ltr'><strong>eis</strong></span> <span class='ocrx_word' id='word_1_311' title='bbox 876 2864 1184 2932; x_wconf 87' lang='lat' dir='ltr'><strong>porteriora</strong></span> <span class='ocrx_word' id='word_1_312' title='bbox 1231 2864 1504 2922; x_wconf 83' lang='lat' dir='ltr'><strong>deteriora</strong></span> <span class='ocrx_word' id='word_1_313' title='bbox 1546 2868 1846 2938; x_wconf 84' lang='lat' dir='ltr'><strong>prioribus.</strong></span> <span class='ocrx_word' id='word_1_314' title='bbox 1874 2867 2066 2924; x_wconf 74' lang='lat' dir='ltr'><strong>Melius</strong></span> 
     </span>
    </p>
   </div>
   <div class='ocr_carea' id='block_1_44' title="bbox 411 2948 2066 3030">
    <p class='ocr_par' dir='ltr' id='par_1_44' title="bbox 411 2948 2066 3030">
     <span class='ocr_line' id='line_1_44' title="bbox 411 2948 2066 3030; baseline 0.007 -28"><span class='ocrx_word' id='word_1_315' title='bbox 411 2948 561 3002; x_wconf 83' lang='lat' dir='ltr'><strong>enim</strong></span> <span class='ocrx_word' id='word_1_316' title='bbox 587 2956 706 3005; x_wconf 86' lang='lat' dir='ltr'><strong>erat</strong></span> <span class='ocrx_word' id='word_1_317' title='bbox 751 2951 871 3006; x_wconf 86' lang='lat' dir='ltr'><strong>illis</strong></span> <span class='ocrx_word' id='word_1_318' title='bbox 907 2967 1019 3007; x_wconf 88' lang='lat' dir='ltr'><strong>non</strong></span> <span class='ocrx_word' id='word_1_319' title='bbox 1046 2968 1360 3024; x_wconf 85' lang='lat' dir='ltr'><strong>cognoscere</strong></span> <span class='ocrx_word' id='word_1_320' title='bbox 1406 2957 1555 3011; x_wconf 87' lang='lat' dir='ltr'><strong>viam</strong></span> <span class='ocrx_word' id='word_1_321' title='bbox 1590 2957 1852 3028; x_wconf 63' lang='lat' dir='ltr'><strong>justitiee,</strong></span> <span class='ocrx_word' id='word_1_322' title='bbox 1900 2974 2066 3030; x_wconf 88' lang='lat' dir='ltr'><strong>quam</strong></span> 
     </span>
    </p>
   </div>
   <div class='ocr_carea' id='block_1_45' title="bbox 402 3040 2065 3118">
    <p class='ocr_par' dir='ltr' id='par_1_45' title="bbox 402 3040 2065 3118">
     <span class='ocr_line' id='line_1_45' title="bbox 402 3040 2065 3118; baseline 0.007 -27"><span class='ocrx_word' id='word_1_323' title='bbox 402 3044 527 3107; x_wconf 85' lang='lat' dir='ltr'><strong>post</strong></span> <span class='ocrx_word' id='word_1_324' title='bbox 567 3040 903 3109; x_wconf 83' lang='lat' dir='ltr'><strong>agnitionem</strong></span> <span class='ocrx_word' id='word_1_325' title='bbox 959 3049 1254 3099; x_wconf 87' lang='lat' dir='ltr'><strong>retrorsum</strong></span> <span class='ocrx_word' id='word_1_326' title='bbox 1308 3047 1507 3100; x_wconf 85' lang='lat' dir='ltr'><strong>reverti</strong></span> <span class='ocrx_word' id='word_1_327' title='bbox 1534 3045 1619 3101; x_wconf 72' lang='lat' dir='ltr'><strong>&quot;ab</strong></span> <span class='ocrx_word' id='word_1_328' title='bbox 1647 3062 1729 3112; x_wconf 88' lang='lat' dir='ltr'><strong>eo,</strong></span> <span class='ocrx_word' id='word_1_329' title='bbox 1762 3047 1901 3118; x_wconf 85' lang='lat' dir='ltr'><strong>quod</strong></span> <span class='ocrx_word' id='word_1_330' title='bbox 1947 3048 2065 3103; x_wconf 87' lang='lat' dir='ltr'><strong>illis</strong></span> 
     </span>
    </p>
   </div>
   <div class='ocr_carea' id='block_1_46' title="bbox 403 3125 2065 3204">
    <p class='ocr_par' dir='ltr' id='par_1_46' title="bbox 403 3125 2065 3204">
     <span class='ocr_line' id='line_1_46' title="bbox 403 3125 2065 3204; baseline 0.007 -24"><span class='ocrx_word' id='word_1_331' title='bbox 403 3125 675 3182; x_wconf 75' lang='lat' dir='ltr'><strong>traditum</strong></span> <span class='ocrx_word' id='word_1_332' title='bbox 702 3135 782 3183; x_wconf 84' lang='lat' dir='ltr'><strong>est</strong></span> <span class='ocrx_word' id='word_1_333' title='bbox 798 3138 987 3185; x_wconf 84' lang='lat' dir='ltr'><strong>saneto</strong></span> <span class='ocrx_word' id='word_1_334' title='bbox 1006 3131 1284 3189; x_wconf 84' lang='lat' dir='ltr'><strong>mandato.</strong></span> <span class='ocrx_word' id='word_1_335' title='bbox 1308 3135 1592 3204; x_wconf 86' lang='lat' dir='ltr'><strong>Contingit</strong></span> <span class='ocrx_word' id='word_1_336' title='bbox 1618 3136 1763 3190; x_wconf 85' lang='lat' dir='ltr'><strong>enim</strong></span> <span class='ocrx_word' id='word_1_337' title='bbox 1786 3137 1901 3191; x_wconf 82' lang='lat' dir='ltr'><strong>illis</strong></span> <span class='ocrx_word' id='word_1_338' title='bbox 1924 3137 2065 3191; x_wconf 85' lang='lat' dir='ltr'><strong>illud</strong></span> 
     </span>
    </p>
   </div>
   <div class='ocr_carea' id='block_1_47' title="bbox 402 3216 2064 3291">
    <p class='ocr_par' dir='ltr' id='par_1_47' title="bbox 402 3216 2064 3291">
     <span class='ocr_line' id='line_1_47' title="bbox 402 3216 2064 3291; baseline 0.007 -22"><span class='ocrx_word' id='word_1_339' title='bbox 402 3216 522 3271; x_wconf 88' lang='lat' dir='ltr'><strong>veri</strong></span> <span class='ocrx_word' id='word_1_340' title='bbox 541 3216 840 3287; x_wconf 84' lang='lat' dir='ltr'><strong>proverbii,</strong></span> <span class='ocrx_word' id='word_1_341' title='bbox 862 3220 1015 3275; x_wconf 84' lang='lat' dir='ltr'><strong>canis</strong></span> <span class='ocrx_word' id='word_1_342' title='bbox 1043 3236 1291 3277; x_wconf 83' lang='lat' dir='ltr'><strong>reversus</strong></span> <span class='ocrx_word' id='word_1_343' title='bbox 1312 3222 1381 3278; x_wconf 89' lang='lat' dir='ltr'><strong>ad</strong></span> <span class='ocrx_word' id='word_1_344' title='bbox 1411 3239 1575 3279; x_wconf 87' lang='lat' dir='ltr'><strong>suum</strong></span> <span class='ocrx_word' id='word_1_345' title='bbox 1598 3226 1880 3291; x_wconf 88' lang='lat' dir='ltr'><strong>vomitum,</strong></span> <span class='ocrx_word' id='word_1_346' title='bbox 1903 3233 1956 3281; x_wconf 92' lang='lat' dir='ltr'><strong>et</strong></span> <span class='ocrx_word' id='word_1_347' title='bbox 1971 3242 2064 3281; x_wconf 84' lang='lat' dir='ltr'><strong>sus</strong></span> 
     </span>
    </p>
   </div>
   <div class='ocr_carea' id='block_1_48' title="bbox 2178 1968 3848 2043">
    <p class='ocr_par' dir='ltr' id='par_1_48' title="bbox 2178 1968 3848 2043">
     <span class='ocr_line' id='line_1_48' title="bbox 2178 1968 3848 2043; baseline -0.004 -14"><span class='ocrx_word' id='word_1_348' title='bbox 2178 1972 2485 2029; x_wconf 84' lang='lat' dir='ltr'><strong>confestim</strong></span> <span class='ocrx_word' id='word_1_349' title='bbox 2517 1973 2840 2029; x_wconf 89' lang='lat' dir='ltr'><strong>inducitur.</strong></span> <span class='ocrx_word' id='word_1_350' title='bbox 2875 1972 3161 2028; x_wconf 78' lang='lat' dir='ltr'><strong>Caeterum</strong></span> <span class='ocrx_word' id='word_1_351' title='bbox 3195 1970 3329 2043; x_wconf 92' lang='lat' dir='ltr'><strong>quis</strong></span> <span class='ocrx_word' id='word_1_352' title='bbox 3361 1968 3595 2043; x_wconf 86' lang='lat' dir='ltr'><strong>ignorat</strong></span> <span class='ocrx_word' id='word_1_353' title='bbox 3619 1968 3848 2024; x_wconf 88' lang='lat' dir='ltr'><strong>Theut-</strong></span> 
     </span>
    </p>
   </div>
   <div class='ocr_carea' id='block_1_49' title="bbox 2177 2057 3846 2136">
    <p class='ocr_par' dir='ltr' id='par_1_49' title="bbox 2177 2057 3846 2136">
     <span class='ocr_line' id='line_1_49' title="bbox 2177 2057 3846 2136; baseline -0.003 -18"><span class='ocrx_word' id='word_1_354' title='bbox 2177 2063 2417 2136; x_wconf 89' lang='lat' dir='ltr'><strong>bergam</strong></span> <span class='ocrx_word' id='word_1_355' title='bbox 2449 2062 2572 2119; x_wconf 67' lang='lat' dir='ltr'><strong>hanc</strong></span> <span class='ocrx_word' id='word_1_356' title='bbox 2603 2066 2808 2118; x_wconf 89' lang='lat' dir='ltr'><strong>contra</strong></span> <span class='ocrx_word' id='word_1_357' title='bbox 2855 2078 2918 2117; x_wconf 91' lang='lat' dir='ltr'><strong>se</strong></span> <span class='ocrx_word' id='word_1_358' title='bbox 2959 2058 3161 2115; x_wconf 89' lang='lat' dir='ltr'><strong>multis</strong></span> <span class='ocrx_word' id='word_1_359' title='bbox 3197 2058 3491 2131; x_wconf 89' lang='lat' dir='ltr'><strong>pressuris</strong></span> <span class='ocrx_word' id='word_1_360' title='bbox 3530 2057 3846 2114; x_wconf 86' lang='lat' dir='ltr'><strong>subactam</strong></span> 
     </span>
    </p>
   </div>
   <div class='ocr_carea' id='block_1_50' title="bbox 2178 2147 3845 2223">
    <p class='ocr_par' dir='ltr' id='par_1_50' title="bbox 2178 2147 3845 2223">
     <span class='ocr_line' id='line_1_50' title="bbox 2178 2147 3845 2223; baseline -0.003 -16"><span class='ocrx_word' id='word_1_361' title='bbox 2178 2152 2488 2223; x_wconf 85' lang='lat' dir='ltr'><strong>deponere,</strong></span> <span class='ocrx_word' id='word_1_362' title='bbox 2514 2168 2581 2207; x_wconf 89' lang='lat' dir='ltr'><strong>ac</strong></span> <span class='ocrx_word' id='word_1_363' title='bbox 2610 2151 2939 2207; x_wconf 90' lang='lat' dir='ltr'><strong>innumeris</strong></span> <span class='ocrx_word' id='word_1_364' title='bbox 2966 2148 3139 2205; x_wconf 82' lang='lat' dir='ltr'><strong>malis</strong></span> <span class='ocrx_word' id='word_1_365' title='bbox 3164 2148 3448 2215; x_wconf 89' lang='lat' dir='ltr'><strong>attritam,</strong></span> <span class='ocrx_word' id='word_1_366' title='bbox 3481 2147 3599 2203; x_wconf 91' lang='lat' dir='ltr'><strong>imo</strong></span> <span class='ocrx_word' id='word_1_367' title='bbox 3631 2147 3845 2203; x_wconf 89' lang='lat' dir='ltr'><strong>mortis</strong></span> 
     </span>
    </p>
   </div>
   <div class='ocr_carea' id='block_1_51' title="bbox 2178 2236 3843 2312">
    <p class='ocr_par' dir='ltr' id='par_1_51' title="bbox 2178 2236 3843 2312">
     <span class='ocr_line' id='line_1_51' title="bbox 2178 2236 3843 2312; baseline -0.002 -17"><span class='ocrx_word' id='word_1_368' title='bbox 2178 2239 2504 2312; x_wconf 89' lang='lat' dir='ltr'><strong>periculum</strong></span> <span class='ocrx_word' id='word_1_369' title='bbox 2538 2238 3143 2311; x_wconf 82' lang='lat' dir='ltr'><strong>formidantem,quod</strong></span> <span class='ocrx_word' id='word_1_370' title='bbox 3175 2236 3300 2294; x_wconf 92' lang='lat' dir='ltr'><strong>solo</strong></span> <span class='ocrx_word' id='word_1_371' title='bbox 3322 2237 3439 2293; x_wconf 93' lang='lat' dir='ltr'><strong>Deo</strong></span> <span class='ocrx_word' id='word_1_372' title='bbox 3461 2236 3703 2292; x_wconf 89' lang='lat' dir='ltr'><strong>custode</strong></span> <span class='ocrx_word' id='word_1_373' title='bbox 3725 2236 3843 2292; x_wconf 87' lang='lat' dir='ltr'><strong>fre-</strong></span> 
     </span>
    </p>
   </div>
   <div class='ocr_carea' id='block_1_52' title="bbox 2178 2324 3848 2400">
    <p class='ocr_par' dir='ltr' id='par_1_52' title="bbox 2178 2324 3848 2400">
     <span class='ocr_line' id='line_1_52' title="bbox 2178 2324 3848 2400; baseline -0.002 -17"><span class='ocrx_word' id='word_1_374' title='bbox 2178 2332 2425 2400; x_wconf 90' lang='lat' dir='ltr'><strong>quenter</strong></span> <span class='ocrx_word' id='word_1_375' title='bbox 2471 2328 2673 2398; x_wconf 90' lang='lat' dir='ltr'><strong>evasit,</strong></span> <span class='ocrx_word' id='word_1_376' title='bbox 2716 2327 3014 2385; x_wconf 83' lang='lat' dir='ltr'><strong>asserere?</strong></span> <span class='ocrx_word' id='word_1_377' title='bbox 3037 2327 3183 2383; x_wconf 90' lang='lat' dir='ltr'><strong>Cum</strong></span> <span class='ocrx_word' id='word_1_378' title='bbox 3233 2326 3432 2395; x_wconf 90' lang='lat' dir='ltr'><strong>etiam,</strong></span> <span class='ocrx_word' id='word_1_379' title='bbox 3462 2329 3528 2381; x_wconf 91' lang='lat' dir='ltr'><strong>ut</strong></span> <span class='ocrx_word' id='word_1_380' title='bbox 3576 2324 3848 2397; x_wconf 71' lang='lat' dir='ltr'><strong>przedixi-</strong></span> 
     </span>
    </p>
   </div>
   <div class='ocr_carea' id='block_1_53' title="bbox 2177 2413 3846 2490">
    <p class='ocr_par' dir='ltr' id='par_1_53' title="bbox 2177 2413 3846 2490">
     <span class='ocr_line' id='line_1_53' title="bbox 2177 2413 3846 2490; baseline -0.001 -18"><span class='ocrx_word' id='word_1_381' title='bbox 2177 2434 2493 2490; x_wconf 91' lang='lat' dir='ltr'><strong>mus,pene</strong></span> <span class='ocrx_word' id='word_1_382' title='bbox 2524 2435 2729 2474; x_wconf 89' lang='lat' dir='ltr'><strong>omnes</strong></span> <span class='ocrx_word' id='word_1_383' title='bbox 2756 2414 3013 2490; x_wconf 88' lang='lat' dir='ltr'><strong>religiosi</strong></span> <span class='ocrx_word' id='word_1_384' title='bbox 3044 2420 3101 2473; x_wconf 89' lang='lat' dir='ltr'><strong>et</strong></span> <span class='ocrx_word' id='word_1_385' title='bbox 3129 2414 3271 2471; x_wconf 89' lang='lat' dir='ltr'><strong>clari</strong></span> <span class='ocrx_word' id='word_1_386' title='bbox 3297 2413 3403 2470; x_wconf 92' lang='lat' dir='ltr'><strong>viri</strong></span> <span class='ocrx_word' id='word_1_387' title='bbox 3427 2413 3750 2471; x_wconf 88' lang='lat' dir='ltr'><strong>Galliarum</strong></span> <span class='ocrx_word' id='word_1_388' title='bbox 3782 2417 3846 2470; x_wconf 87' lang='lat' dir='ltr'><strong>et</strong></span> 
     </span>
    </p>
   </div>
   <div class='ocr_carea' id='block_1_54' title="bbox 2176 2503 3836 2571">
    <p class='ocr_par' dir='ltr' id='par_1_54' title="bbox 2176 2503 3836 2571">
     <span class='ocr_line' id='line_1_54' title="bbox 2176 2503 3836 2571; baseline -0.004 -7"><span class='ocrx_word' id='word_1_389' title='bbox 2176 2506 2500 2564; x_wconf 66' lang='lat' dir='ltr'><strong>Germania:</strong></span> <span class='ocrx_word' id='word_1_390' title='bbox 2532 2507 2654 2563; x_wconf 66' lang='lat' dir='ltr'><strong>haic</strong></span> <span class='ocrx_word' id='word_1_391' title='bbox 2684 2507 2765 2563; x_wconf 91' lang='lat' dir='ltr'><strong>ita</strong></span> <span class='ocrx_word' id='word_1_392' title='bbox 2811 2524 2874 2562; x_wconf 91' lang='lat' dir='ltr'><strong>se</strong></span> <span class='ocrx_word' id='word_1_393' title='bbox 2921 2505 3136 2562; x_wconf 90' lang='lat' dir='ltr'><strong>habere</strong></span> <span class='ocrx_word' id='word_1_394' title='bbox 3186 2503 3466 2559; x_wconf 90' lang='lat' dir='ltr'><strong>relatione</strong></span> <span class='ocrx_word' id='word_1_395' title='bbox 3512 2507 3836 2571; x_wconf 85' lang='lat' dir='ltr'><strong>testentur;</strong></span> 
     </span>
    </p>
   </div>
   <div class='ocr_carea' id='block_1_55' title="bbox 2177 2591 3845 2669">
    <p class='ocr_par' dir='ltr' id='par_1_55' title="bbox 2177 2591 3845 2669">
     <span class='ocr_line' id='line_1_55' title="bbox 2177 2591 3845 2669; baseline -0.002 -17"><span class='ocrx_word' id='word_1_396' title='bbox 2177 2597 2318 2653; x_wconf 93' lang='lat' dir='ltr'><strong>adeo</strong></span> <span class='ocrx_word' id='word_1_397' title='bbox 2351 2600 2416 2652; x_wconf 91' lang='lat' dir='ltr'><strong>ut</strong></span> <span class='ocrx_word' id='word_1_398' title='bbox 2446 2597 2568 2653; x_wconf 69' lang='lat' dir='ltr'><strong>haec</strong></span> <span class='ocrx_word' id='word_1_399' title='bbox 2590 2613 2741 2665; x_wconf 91' lang='lat' dir='ltr'><strong>eam,</strong></span> <span class='ocrx_word' id='word_1_400' title='bbox 2766 2613 2895 2669; x_wconf 75' lang='lat' dir='ltr'><strong>quae</strong></span> <span class='ocrx_word' id='word_1_401' title='bbox 2926 2612 3084 2651; x_wconf 88' lang='lat' dir='ltr'><strong>nunc</strong></span> <span class='ocrx_word' id='word_1_402' title='bbox 3111 2593 3367 2667; x_wconf 90' lang='lat' dir='ltr'><strong>scripsit,</strong></span> <span class='ocrx_word' id='word_1_403' title='bbox 3394 2592 3565 2649; x_wconf 91' lang='lat' dir='ltr'><strong>nobis</strong></span> <span class='ocrx_word' id='word_1_404' title='bbox 3590 2591 3845 2666; x_wconf 87' lang='lat' dir='ltr'><strong>scriptu-</strong></span> 
     </span>
    </p>
   </div>
   <div class='ocr_carea' id='block_1_56' title="bbox 2177 2682 3845 2757">
    <p class='ocr_par' dir='ltr' id='par_1_56' title="bbox 2177 2682 3845 2757">
     <span class='ocr_line' id='line_1_56' title="bbox 2177 2682 3845 2757; baseline -0.001 -17"><span class='ocrx_word' id='word_1_405' title='bbox 2177 2703 2302 2741; x_wconf 90' lang='lat' dir='ltr'><strong>ram</strong></span> <span class='ocrx_word' id='word_1_406' title='bbox 2336 2686 2456 2743; x_wconf 91' lang='lat' dir='ltr'><strong>fore</strong></span> <span class='ocrx_word' id='word_1_407' title='bbox 2484 2690 2618 2743; x_wconf 90' lang='lat' dir='ltr'><strong>ante</strong></span> <span class='ocrx_word' id='word_1_408' title='bbox 2649 2684 2903 2742; x_wconf 89' lang='lat' dir='ltr'><strong>multum</strong></span> <span class='ocrx_word' id='word_1_409' title='bbox 2932 2683 3213 2757; x_wconf 90' lang='lat' dir='ltr'><strong>temporis</strong></span> <span class='ocrx_word' id='word_1_410' title='bbox 3244 2682 3694 2756; x_wconf 65' lang='lat' dir='ltr'><strong>prmscierimus.</strong></span> <span class='ocrx_word' id='word_1_411' title='bbox 3723 2682 3845 2738; x_wconf 82' lang='lat' dir='ltr'><strong>Ve-</strong></span> 
     </span>
    </p>
   </div>
   <div class='ocr_carea' id='block_1_57' title="bbox 2175 2770 3840 2846">
    <p class='ocr_par' dir='ltr' id='par_1_57' title="bbox 2175 2770 3840 2846">
     <span class='ocr_line' id='line_1_57' title="bbox 2175 2770 3840 2846; baseline -0.002 -16"><span class='ocrx_word' id='word_1_412' title='bbox 2175 2792 2306 2830; x_wconf 91' lang='lat' dir='ltr'><strong>rum</strong></span> <span class='ocrx_word' id='word_1_413' title='bbox 2327 2793 2433 2832; x_wconf 91' lang='lat' dir='ltr'><strong>nos</strong></span> <span class='ocrx_word' id='word_1_414' title='bbox 2450 2775 2627 2832; x_wconf 90' lang='lat' dir='ltr'><strong>talem</strong></span> <span class='ocrx_word' id='word_1_415' title='bbox 2641 2775 3068 2831; x_wconf 84' lang='lat' dir='ltr'><strong>confessionem</strong></span> <span class='ocrx_word' id='word_1_416' title='bbox 3082 2774 3316 2846; x_wconf 90' lang='lat' dir='ltr'><strong>ejus,qu</strong></span> <span class='ocrx_word' id='word_1_417' title='bbox 3325 2789 3416 2828; x_wconf 87' lang='lat' dir='ltr'><strong>am</strong></span> <span class='ocrx_word' id='word_1_418' title='bbox 3434 2788 3550 2828; x_wconf 89' lang='lat' dir='ltr'><strong>non</strong></span> <span class='ocrx_word' id='word_1_419' title='bbox 3562 2770 3840 2828; x_wconf 91' lang='lat' dir='ltr'><strong>voluntas</strong></span> 
     </span>
    </p>
   </div>
   <div class='ocr_carea' id='block_1_58' title="bbox 2174 2859 3837 2937">
    <p class='ocr_par' dir='ltr' id='par_1_58' title="bbox 2174 2859 3837 2937">
     <span class='ocr_line' id='line_1_58' title="bbox 2174 2859 3837 2937; baseline -0.003 -17"><span class='ocrx_word' id='word_1_420' title='bbox 2174 2865 2277 2921; x_wconf 93' lang='lat' dir='ltr'><strong>sed</strong></span> <span class='ocrx_word' id='word_1_421' title='bbox 2304 2863 2390 2921; x_wconf 92' lang='lat' dir='ltr'><strong>vis</strong></span> <span class='ocrx_word' id='word_1_422' title='bbox 2410 2865 2671 2931; x_wconf 82' lang='lat' dir='ltr'><strong>extorsit,</strong></span> <span class='ocrx_word' id='word_1_423' title='bbox 2694 2880 3072 2937; x_wconf 83' lang='lat' dir='ltr'><strong>nequaquam</strong></span> <span class='ocrx_word' id='word_1_424' title='bbox 3102 2879 3205 2935; x_wconf 90' lang='lat' dir='ltr'><strong>pro</strong></span> <span class='ocrx_word' id='word_1_425' title='bbox 3237 2861 3602 2917; x_wconf 88' lang='lat' dir='ltr'><strong>confessione</strong></span> <span class='ocrx_word' id='word_1_426' title='bbox 3627 2859 3837 2933; x_wconf 88' lang='lat' dir='ltr'><strong>recipi-</strong></span> 
     </span>
    </p>
   </div>
   <div class='ocr_carea' id='block_1_59' title="bbox 2174 2949 3833 3025">
    <p class='ocr_par' dir='ltr' id='par_1_59' title="bbox 2174 2949 3833 3025">
     <span class='ocr_line' id='line_1_59' title="bbox 2174 2949 3833 3025; baseline -0.003 -16"><span class='ocrx_word' id='word_1_427' title='bbox 2174 2971 2328 3010; x_wconf 91' lang='lat' dir='ltr'><strong>mus.</strong></span> <span class='ocrx_word' id='word_1_428' title='bbox 2363 2954 2755 3020; x_wconf 89' lang='lat' dir='ltr'><strong>Quamobrem</strong></span> <span class='ocrx_word' id='word_1_429' title='bbox 2812 2950 3084 3025; x_wconf 91' lang='lat' dir='ltr'><strong>quisquis</strong></span> <span class='ocrx_word' id='word_1_430' title='bbox 3133 2954 3335 3006; x_wconf 89' lang='lat' dir='ltr'><strong>contra</strong></span> <span class='ocrx_word' id='word_1_431' title='bbox 3391 2949 3833 3022; x_wconf 89' lang='lat' dir='ltr'><strong>Theutbergam</strong></span> 
     </span>
    </p>
   </div>
   <div class='ocr_carea' id='block_1_60' title="bbox 2174 3037 3836 3116">
    <p class='ocr_par' dir='ltr' id='par_1_60' title="bbox 2174 3037 3836 3116">
     <span class='ocr_line' id='line_1_60' title="bbox 2174 3037 3836 3116; baseline -0.004 -17"><span class='ocrx_word' id='word_1_432' title='bbox 2174 3043 2315 3116; x_wconf 87' lang='lat' dir='ltr'><strong>agit,</strong></span> <span class='ocrx_word' id='word_1_433' title='bbox 2331 3061 2446 3099; x_wconf 92' lang='lat' dir='ltr'><strong>non</strong></span> <span class='ocrx_word' id='word_1_434' title='bbox 2470 3042 2661 3099; x_wconf 91' lang='lat' dir='ltr'><strong>solum</strong></span> <span class='ocrx_word' id='word_1_435' title='bbox 2684 3040 3005 3099; x_wconf 89' lang='lat' dir='ltr'><strong>Ecclesiam</strong></span> <span class='ocrx_word' id='word_1_436' title='bbox 3028 3039 3130 3096; x_wconf 90' lang='lat' dir='ltr'><strong>Dei</strong></span> <span class='ocrx_word' id='word_1_437' title='bbox 3160 3038 3414 3113; x_wconf 85' lang='lat' dir='ltr'><strong>graviter</strong></span> <span class='ocrx_word' id='word_1_438' title='bbox 3437 3037 3613 3107; x_wconf 67' lang='lat' dir='ltr'><strong>laedit,</strong></span> <span class='ocrx_word' id='word_1_439' title='bbox 3627 3054 3836 3094; x_wconf 88' lang='lat' dir='ltr'><strong>verum</strong></span> 
     </span>
    </p>
   </div>
   <div class='ocr_carea' id='block_1_61' title="bbox 2173 3126 3839 3205">
    <p class='ocr_par' dir='ltr' id='par_1_61' title="bbox 2173 3126 3839 3205">
     <span class='ocr_line' id='line_1_61' title="bbox 2173 3126 3839 3205; baseline -0.004 -16"><span class='ocrx_word' id='word_1_440' title='bbox 2173 3132 2351 3189; x_wconf 90' lang='lat' dir='ltr'><strong>etiam</strong></span> <span class='ocrx_word' id='word_1_441' title='bbox 2372 3133 2572 3189; x_wconf 88' lang='lat' dir='ltr'><strong>sedem</strong></span> <span class='ocrx_word' id='word_1_442' title='bbox 2605 3130 3007 3205; x_wconf 86' lang='lat' dir='ltr'><strong>apostolicam,</strong></span> <span class='ocrx_word' id='word_1_443' title='bbox 3031 3130 3203 3200; x_wconf 85' lang='lat' dir='ltr'><strong>cujus</strong></span> <span class='ocrx_word' id='word_1_444' title='bbox 3222 3127 3516 3201; x_wconf 89' lang='lat' dir='ltr'><strong>judicium</strong></span> <span class='ocrx_word' id='word_1_445' title='bbox 3548 3144 3664 3183; x_wconf 90' lang='lat' dir='ltr'><strong>non</strong></span> <span class='ocrx_word' id='word_1_446' title='bbox 3695 3126 3839 3183; x_wconf 85' lang='lat' dir='ltr'><strong>licet</strong></span> 
     </span>
    </p>
   </div>
   <div class='ocr_carea' id='block_1_62' title="bbox 2174 3219 3832 3289">
    <p class='ocr_par' dir='ltr' id='par_1_62' title="bbox 2174 3219 3832 3289">
     <span class='ocr_line' id='line_1_62' title="bbox 2174 3219 3832 3289; baseline -0.004 -11"><span class='ocrx_word' id='word_1_447' title='bbox 2174 3225 2509 3289; x_wconf 87' lang='lat' dir='ltr'><strong>retractare,</strong></span> <span class='ocrx_word' id='word_1_448' title='bbox 2523 3221 2897 3277; x_wconf 89' lang='lat' dir='ltr'><strong>vehementer</strong></span> <span class='ocrx_word' id='word_1_449' title='bbox 2916 3219 3197 3275; x_wconf 91' lang='lat' dir='ltr'><strong>adversus</strong></span> <span class='ocrx_word' id='word_1_450' title='bbox 3217 3234 3279 3273; x_wconf 92' lang='lat' dir='ltr'><strong>se</strong></span> <span class='ocrx_word' id='word_1_451' title='bbox 3300 3232 3667 3273; x_wconf 88' lang='lat' dir='ltr'><strong>commovere</strong></span> <span class='ocrx_word' id='word_1_452' title='bbox 3688 3232 3832 3272; x_wconf 90' lang='lat' dir='ltr'><strong>con-</strong></span> 
     </span>
    </p>
   </div>
   <div class='ocr_carea' id='block_1_63' title="bbox 405 3290 3835 3387">
    <p class='ocr_par' dir='ltr' id='par_1_63' title="bbox 405 3290 3835 3387">
     <span class='ocr_line' id='line_1_63' title="bbox 405 3290 3835 3387; baseline 0.001 -28"><span class='ocrx_word' id='word_1_453' title='bbox 405 3303 517 3360; x_wconf 86' lang='lat' dir='ltr'><strong>lota</strong></span> <span class='ocrx_word' id='word_1_454' title='bbox 558 3306 617 3359; x_wconf 84' lang='lat' dir='ltr'><strong>in</strong></span> <span class='ocrx_word' id='word_1_455' title='bbox 638 3307 921 3363; x_wconf 78' lang='lat' dir='ltr'><strong>volutabra</strong></span> <span class='ocrx_word' id='word_1_456' title='bbox 970 3309 1094 3365; x_wconf 80' lang='lat' dir='ltr'><strong>luti.</strong></span> <span class='ocrx_word' id='word_1_457' title='bbox 1145 3310 1495 3381; x_wconf 91' lang='lat' dir='ltr'><strong>Didicimus,</strong></span> <span class='ocrx_word' id='word_1_458' title='bbox 1544 3312 1808 3386; x_wconf 90' lang='lat' dir='ltr'><strong>inquam,</strong></span> <span class='ocrx_word' id='word_1_459' title='bbox 1849 3290 1926 3381; x_wconf 90' lang='lat' dir='ltr'><strong>te,</strong></span> <span class='ocrx_word' id='word_1_460' title='bbox 1961 3315 2061 3387; x_wconf 89' lang='lat' dir='ltr'><strong>qui</strong></span> <span class='ocrx_word' id='word_1_461' title='bbox 2093 3290 2136 3357; x_wconf 56' lang='grc' dir='ltr'><strong>(ἶ</strong></span> <span class='ocrx_word' id='word_1_462' title='bbox 2173 3310 2733 3383; x_wconf 89' lang='lat' dir='ltr'><strong>vincitur,quoniam</strong></span> <span class='ocrx_word' id='word_1_463' title='bbox 2760 3308 2953 3378; x_wconf 58' lang='lat' dir='ltr'><strong>illaIex</strong></span> <span class='ocrx_word' id='word_1_464' title='bbox 2973 3312 3224 3380; x_wconf 88' lang='lat' dir='ltr'><strong>utraque</strong></span> <span class='ocrx_word' id='word_1_465' title='bbox 3245 3309 3409 3380; x_wconf 87' lang='lat' dir='ltr'><strong>parte</strong></span> <span class='ocrx_word' id='word_1_466' title='bbox 3426 3304 3835 3379; x_wconf 86' lang='lat' dir='ltr'><strong>provocata,id</strong></span> 
     </span>
    </p>
   </div>
   <div class='ocr_carea' id='block_1_64' title="bbox 403 3391 2060 3472">
    <p class='ocr_par' dir='ltr' id='par_1_64' title="bbox 403 3391 2060 3472">
     <span class='ocr_line' id='line_1_64' title="bbox 403 3391 2060 3472; baseline 0.007 -25"><span class='ocrx_word' id='word_1_467' title='bbox 403 3391 627 3464; x_wconf 85' lang='lat' dir='ltr'><strong>prolixo</strong></span> <span class='ocrx_word' id='word_1_468' title='bbox 656 3398 920 3469; x_wconf 91' lang='lat' dir='ltr'><strong>tempore</strong></span> <span class='ocrx_word' id='word_1_469' title='bbox 945 3396 1003 3451; x_wconf 91' lang='lat' dir='ltr'><strong>in</strong></span> <span class='ocrx_word' id='word_1_470' title='bbox 1027 3397 1243 3454; x_wconf 90' lang='lat' dir='ltr'><strong>scelere</strong></span> <span class='ocrx_word' id='word_1_471' title='bbox 1274 3416 1646 3472; x_wconf 90' lang='lat' dir='ltr'><strong>permanens,</strong></span> <span class='ocrx_word' id='word_1_472' title='bbox 1670 3402 1936 3459; x_wconf 65' lang='lat' dir='ltr'><strong>Ecclesiae</strong></span> <span class='ocrx_word' id='word_1_473' title='bbox 1959 3404 2060 3459; x_wconf 92' lang='lat' dir='ltr'><strong>Dei</strong></span> 
     </span>
    </p>
   </div>
   <div class='ocr_carea' id='block_1_65' title="bbox 405 3484 2059 3564">
    <p class='ocr_par' dir='ltr' id='par_1_65' title="bbox 405 3484 2059 3564">
     <span class='ocr_line' id='line_1_65' title="bbox 405 3484 2059 3564; baseline 0.008 -29"><span class='ocrx_word' id='word_1_474' title='bbox 405 3498 521 3536; x_wconf 92' lang='lat' dir='ltr'><strong>non</strong></span> <span class='ocrx_word' id='word_1_475' title='bbox 554 3484 852 3540; x_wconf 90' lang='lat' dir='ltr'><strong>modicum</strong></span> <span class='ocrx_word' id='word_1_476' title='bbox 880 3486 1152 3551; x_wconf 88' lang='lat' dir='ltr'><strong>nocuisti,</strong></span> <span class='ocrx_word' id='word_1_477' title='bbox 1175 3505 1381 3545; x_wconf 89' lang='lat' dir='ltr'><strong>nocere</strong></span> <span class='ocrx_word' id='word_1_478' title='bbox 1404 3490 1687 3559; x_wconf 88' lang='lat' dir='ltr'><strong>adhuc,et</strong></span> <span class='ocrx_word' id='word_1_479' title='bbox 1712 3492 1811 3564; x_wconf 92' lang='lat' dir='ltr'><strong>qui</strong></span> <span class='ocrx_word' id='word_1_480' title='bbox 1847 3492 1905 3546; x_wconf 90' lang='lat' dir='ltr'><strong>in</strong></span> <span class='ocrx_word' id='word_1_481' title='bbox 1937 3509 2059 3548; x_wconf 91' lang='lat' dir='ltr'><strong>sor-</strong></span> 
     </span>
    </p>
   </div>
   <div class='ocr_carea' id='block_1_66' title="bbox 404 3570 2062 3648">
    <p class='ocr_par' dir='ltr' id='par_1_66' title="bbox 404 3570 2062 3648">
     <span class='ocr_line' id='line_1_66' title="bbox 404 3570 2062 3648; baseline 0.008 -23"><span class='ocrx_word' id='word_1_482' title='bbox 404 3570 580 3626; x_wconf 90' lang='lat' dir='ltr'><strong>dibus</strong></span> <span class='ocrx_word' id='word_1_483' title='bbox 601 3575 1102 3641; x_wconf 87' lang='lat' dir='ltr'><strong>eras,sordescere</strong></span> <span class='ocrx_word' id='word_1_484' title='bbox 1133 3577 1344 3633; x_wconf 89' lang='lat' dir='ltr'><strong>adhuc.</strong></span> <span class='ocrx_word' id='word_1_485' title='bbox 1372 3580 1437 3633; x_wconf 90' lang='lat' dir='ltr'><strong>Et</strong></span> <span class='ocrx_word' id='word_1_486' title='bbox 1458 3579 1699 3648; x_wconf 86' lang='lat' dir='ltr'><strong>certein</strong></span> <span class='ocrx_word' id='word_1_487' title='bbox 1734 3581 2062 3638; x_wconf 91' lang='lat' dir='ltr'><strong>reversione</strong></span> 
     </span>
    </p>
   </div>
   <div class='ocr_carea' id='block_1_67' title="bbox 403 3658 2061 3743">
    <p class='ocr_par' dir='ltr' id='par_1_67' title="bbox 403 3658 2061 3743">
     <span class='ocr_line' id='line_1_67' title="bbox 403 3658 2061 3743; baseline 0.007 -29"><span class='ocrx_word' id='word_1_488' title='bbox 403 3658 579 3731; x_wconf 87' lang='lat' dir='ltr'><strong>legati</strong></span> <span class='ocrx_word' id='word_1_489' title='bbox 627 3662 813 3717; x_wconf 91' lang='lat' dir='ltr'><strong>nostri</strong></span> <span class='ocrx_word' id='word_1_490' title='bbox 862 3666 920 3718; x_wconf 90' lang='lat' dir='ltr'><strong>te</strong></span> <span class='ocrx_word' id='word_1_491' title='bbox 967 3670 1300 3737; x_wconf 89' lang='lat' dir='ltr'><strong>correptum</strong></span> <span class='ocrx_word' id='word_1_492' title='bbox 1350 3667 1675 3734; x_wconf 89' lang='lat' dir='ltr'><strong>audientes,</strong></span> <span class='ocrx_word' id='word_1_493' title='bbox 1699 3668 1855 3725; x_wconf 87' lang='lat' dir='ltr'><strong>ultra</strong></span> <span class='ocrx_word' id='word_1_494' title='bbox 1883 3688 2061 3743; x_wconf 89' lang='lat' dir='ltr'><strong>quam</strong></span> 
     </span>
    </p>
   </div>
   <div class='ocr_carea' id='block_1_68' title="bbox 407 3748 2061 3829">
    <p class='ocr_par' dir='ltr' id='par_1_68' title="bbox 407 3748 2061 3829">
     <span class='ocr_line' id='line_1_68' title="bbox 407 3748 2061 3829; baseline 0.008 -26"><span class='ocrx_word' id='word_1_495' title='bbox 407 3748 521 3804; x_wconf 92' lang='lat' dir='ltr'><strong>dici</strong></span> <span class='ocrx_word' id='word_1_496' title='bbox 569 3749 758 3806; x_wconf 89' lang='lat' dir='ltr'><strong>valeat</strong></span> <span class='ocrx_word' id='word_1_497' title='bbox 802 3752 1246 3824; x_wconf 83' lang='lat' dir='ltr'><strong>exsultavimus,</strong></span> <span class='ocrx_word' id='word_1_498' title='bbox 1281 3760 1338 3811; x_wconf 91' lang='lat' dir='ltr'><strong>et</strong></span> <span class='ocrx_word' id='word_1_499' title='bbox 1374 3756 1762 3829; x_wconf 88' lang='lat' dir='ltr'><strong>omnipotenti</strong></span> <span class='ocrx_word' id='word_1_500' title='bbox 1812 3759 2061 3817; x_wconf 90' lang='lat' dir='ltr'><strong>Domino</strong></span> 
     </span>
    </p>
   </div>
   <div class='ocr_carea' id='block_1_69' title="bbox 406 3836 2064 3918">
    <p class='ocr_par' dir='ltr' id='par_1_69' title="bbox 406 3836 2064 3918">
     <span class='ocr_line' id='line_1_69' title="bbox 406 3836 2064 3918; baseline 0.008 -27"><span class='ocrx_word' id='word_1_501' title='bbox 406 3836 629 3910; x_wconf 90' lang='lat' dir='ltr'><strong>gratias</strong></span> <span class='ocrx_word' id='word_1_502' title='bbox 659 3837 983 3897; x_wconf 90' lang='lat' dir='ltr'><strong>immensas</strong></span> <span class='ocrx_word' id='word_1_503' title='bbox 1015 3842 1325 3900; x_wconf 90' lang='lat' dir='ltr'><strong>retulimus</strong></span> <span class='ocrx_word' id='word_1_504' title='bbox 1349 3863 1361 3901; x_wconf 89' lang='lat'>:</span> <span class='ocrx_word' id='word_1_505' title='bbox 1388 3849 1663 3918; x_wconf 87' lang='lat' dir='ltr'><strong>putantes</strong></span> <span class='ocrx_word' id='word_1_506' title='bbox 1690 3845 1975 3917; x_wconf 91' lang='lat' dir='ltr'><strong>videlicet,</strong></span> <span class='ocrx_word' id='word_1_507' title='bbox 1993 3849 2064 3904; x_wconf 92' lang='lat' dir='ltr'><strong>de</strong></span> 
     </span>
    </p>
   </div>
   <div class='ocr_carea' id='block_1_70' title="bbox 409 3926 2063 4010">
    <p class='ocr_par' dir='ltr' id='par_1_70' title="bbox 409 3926 2063 4010">
     <span class='ocr_line' id='line_1_70' title="bbox 409 3926 2063 4010; baseline 0.009 -31"><span class='ocrx_word' id='word_1_508' title='bbox 409 3926 836 3997; x_wconf 89' lang='lat' dir='ltr'><strong>apprehensisa</strong></span> <span class='ocrx_word' id='word_1_509' title='bbox 848 3933 903 3986; x_wconf 90' lang='lat' dir='ltr'><strong>te</strong></span> <span class='ocrx_word' id='word_1_510' title='bbox 920 3930 1184 3988; x_wconf 85' lang='lat' dir='ltr'><strong>honestis</strong></span> <span class='ocrx_word' id='word_1_511' title='bbox 1204 3934 1348 3989; x_wconf 92' lang='lat' dir='ltr'><strong>mori</strong></span> <span class='ocrx_word' id='word_1_512' title='bbox 1359 3934 1734 4003; x_wconf 88' lang='lat' dir='ltr'><strong>bus,tandem</strong></span> <span class='ocrx_word' id='word_1_513' title='bbox 1748 3936 2063 4010; x_wconf 90' lang='lat' dir='ltr'><strong>aliquando</strong></span> 
     </span>
    </p>
   </div>
   <div class='ocr_carea' id='block_1_71' title="bbox 408 4014 2062 4099">
    <p class='ocr_par' dir='ltr' id='par_1_71' title="bbox 408 4014 2062 4099">
     <span class='ocr_line' id='line_1_71' title="bbox 408 4014 2062 4099; baseline 0.008 -31"><span class='ocrx_word' id='word_1_514' title='bbox 408 4014 780 4087; x_wconf 87' lang='lat' dir='ltr'><strong>ﬂagrantiam</strong></span> <span class='ocrx_word' id='word_1_515' title='bbox 804 4019 862 4073; x_wconf 93' lang='lat' dir='ltr'><strong>in</strong></span> <span class='ocrx_word' id='word_1_516' title='bbox 877 4020 1112 4077; x_wconf 89' lang='lat' dir='ltr'><strong>odorem</strong></span> <span class='ocrx_word' id='word_1_517' title='bbox 1127 4023 1431 4080; x_wconf 86' lang='lat' dir='ltr'><strong>suavitatis</strong></span> <span class='ocrx_word' id='word_1_518' title='bbox 1442 4025 1515 4080; x_wconf 90' lang='lat' dir='ltr'><strong>ad</strong></span> <span class='ocrx_word' id='word_1_519' title='bbox 1537 4024 1850 4081; x_wconf 91' lang='lat' dir='ltr'><strong>Dominum</strong></span> <span class='ocrx_word' id='word_1_520' title='bbox 1866 4025 2062 4099; x_wconf 90' lang='lat' dir='ltr'><strong>dirigi,</strong></span> 
     </span>
    </p>
   </div>
   <div class='ocr_carea' id='block_1_72' title="bbox 408 4105 2067 4188">
    <p class='ocr_par' dir='ltr' id='par_1_72' title="bbox 408 4105 2067 4188">
     <span class='ocr_line' id='line_1_72' title="bbox 408 4105 2067 4188; baseline 0.007 -29"><span class='ocrx_word' id='word_1_521' title='bbox 408 4116 525 4160; x_wconf 90' lang='lat' dir='ltr'><strong>non</strong></span> <span class='ocrx_word' id='word_1_522' title='bbox 559 4105 822 4164; x_wconf 75' lang='lat' dir='ltr'><strong>fmtorem</strong></span> <span class='ocrx_word' id='word_1_523' title='bbox 844 4109 916 4164; x_wconf 92' lang='lat' dir='ltr'><strong>de</strong></span> <span class='ocrx_word' id='word_1_524' title='bbox 936 4108 1154 4166; x_wconf 67' lang='lat' dir='ltr'><strong>iterata:</strong></span> <span class='ocrx_word' id='word_1_525' title='bbox 1181 4113 1458 4185; x_wconf 67' lang='lat' dir='ltr'><strong>nequitia:</strong></span> <span class='ocrx_word' id='word_1_526' title='bbox 1479 4118 1594 4169; x_wconf 59' lang='lat' dir='ltr'><strong>tuas</strong></span> <span class='ocrx_word' id='word_1_527' title='bbox 1616 4114 1943 4171; x_wconf 89' lang='lat' dir='ltr'><strong>colluvione</strong></span> <span class='ocrx_word' id='word_1_528' title='bbox 1964 4133 2067 4188; x_wconf 90' lang='lat' dir='ltr'><strong>per</strong></span> 
     </span>
    </p>
   </div>
   <div class='ocr_carea' id='block_1_73' title="bbox 408 4195 2067 4277">
    <p class='ocr_par' dir='ltr' id='par_1_73' title="bbox 408 4195 2067 4277">
     <span class='ocr_line' id='line_1_73' title="bbox 408 4195 2067 4277; baseline 0.008 -30"><span class='ocrx_word' id='word_1_529' title='bbox 408 4195 699 4251; x_wconf 88' lang='lat' dir='ltr'><strong>mundum</strong></span> <span class='ocrx_word' id='word_1_530' title='bbox 732 4196 887 4252; x_wconf 91' lang='lat' dir='ltr'><strong>ultra</strong></span> <span class='ocrx_word' id='word_1_531' title='bbox 924 4199 1199 4274; x_wconf 85' lang='lat' dir='ltr'><strong>dispergi.</strong></span> <span class='ocrx_word' id='word_1_532' title='bbox 1229 4202 1335 4257; x_wconf 91' lang='lat' dir='ltr'><strong>Sed</strong></span> <span class='ocrx_word' id='word_1_533' title='bbox 1377 4202 1518 4258; x_wconf 87' lang='lat' dir='ltr'><strong>heu!</strong></span> <span class='ocrx_word' id='word_1_534' title='bbox 1554 4220 1585 4259; x_wconf 93' lang='lat' dir='ltr'><strong>e</strong></span> <span class='ocrx_word' id='word_1_535' title='bbox 1616 4204 1928 4271; x_wconf 88' lang='lat' dir='ltr'><strong>contrario,</strong></span> <span class='ocrx_word' id='word_1_536' title='bbox 1961 4222 2067 4277; x_wconf 92' lang='lat' dir='ltr'><strong>pro</strong></span> 
     </span>
    </p>
   </div>
   <div class='ocr_carea' id='block_1_74' title="bbox 409 4283 2066 4364">
    <p class='ocr_par' dir='ltr' id='par_1_74' title="bbox 409 4283 2066 4364">
     <span class='ocr_line' id='line_1_74' title="bbox 409 4283 2066 4364; baseline 0.008 -27"><span class='ocrx_word' id='word_1_537' title='bbox 409 4283 575 4339; x_wconf 90' lang='lat' dir='ltr'><strong>suavi</strong></span> <span class='ocrx_word' id='word_1_538' title='bbox 607 4285 785 4341; x_wconf 90' lang='lat' dir='ltr'><strong>odore</strong></span> <span class='ocrx_word' id='word_1_539' title='bbox 815 4286 1003 4356; x_wconf 76' lang='lat' dir='ltr'><strong>fmtor,</strong></span> <span class='ocrx_word' id='word_1_540' title='bbox 1037 4306 1153 4344; x_wconf 91' lang='lat' dir='ltr'><strong>non</strong></span> <span class='ocrx_word' id='word_1_541' title='bbox 1186 4289 1244 4345; x_wconf 91' lang='lat' dir='ltr'><strong>in</strong></span> <span class='ocrx_word' id='word_1_542' title='bbox 1290 4308 1406 4364; x_wconf 89' lang='lat' dir='ltr'><strong>quo</strong></span> <span class='ocrx_word' id='word_1_543' title='bbox 1446 4293 1800 4348; x_wconf 87' lang='lat' dir='ltr'><strong>currendum</strong></span> <span class='ocrx_word' id='word_1_544' title='bbox 1833 4293 1928 4360; x_wconf 91' lang='lat' dir='ltr'><strong>sit,</strong></span> <span class='ocrx_word' id='word_1_545' title='bbox 1965 4296 2066 4350; x_wconf 91' lang='lat' dir='ltr'><strong>sed</strong></span> 
     </span>
    </p>
   </div>
   <div class='ocr_carea' id='block_1_75' title="bbox 411 4372 2070 4453">
    <p class='ocr_par' dir='ltr' id='par_1_75' title="bbox 411 4372 2070 4453">
     <span class='ocr_line' id='line_1_75' title="bbox 411 4372 2070 4453; baseline 0.008 -27"><span class='ocrx_word' id='word_1_546' title='bbox 411 4372 510 4445; x_wconf 89' lang='lat' dir='ltr'><strong>qui</strong></span> <span class='ocrx_word' id='word_1_547' title='bbox 543 4376 663 4429; x_wconf 86' lang='lat' dir='ltr'><strong>tota</strong></span> <span class='ocrx_word' id='word_1_548' title='bbox 690 4374 994 4433; x_wconf 85' lang='lat' dir='ltr'><strong>velocitate</strong></span> <span class='ocrx_word' id='word_1_549' title='bbox 1022 4378 1336 4451; x_wconf 87' lang='lat' dir='ltr'><strong>fugiendus</strong></span> <span class='ocrx_word' id='word_1_550' title='bbox 1367 4380 1599 4448; x_wconf 83' lang='lat' dir='ltr'><strong>existat,</strong></span> <span class='ocrx_word' id='word_1_551' title='bbox 1622 4382 1884 4453; x_wconf 89' lang='lat' dir='ltr'><strong>eccehac</strong></span> <span class='ocrx_word' id='word_1_552' title='bbox 1915 4381 2070 4440; x_wconf 88' lang='lat' dir='ltr'><strong>illac-</strong></span> 
     </span>
    </p>
   </div>
   <div class='ocr_carea' id='block_1_76' title="bbox 411 4462 2066 4542">
    <p class='ocr_par' dir='ltr' id='par_1_76' title="bbox 411 4462 2066 4542">
     <span class='ocr_line' id='line_1_76' title="bbox 411 4462 2066 4542; baseline 0.008 -27"><span class='ocrx_word' id='word_1_553' title='bbox 411 4478 526 4533; x_wconf 81' lang='lat' dir='ltr'><strong>que</strong></span> <span class='ocrx_word' id='word_1_554' title='bbox 569 4462 940 4521; x_wconf 75' lang='lat' dir='ltr'><strong>diffunditur.</strong></span> <span class='ocrx_word' id='word_1_555' title='bbox 976 4466 1301 4540; x_wconf 90' lang='lat' dir='ltr'><strong>Siquidem,</strong></span> <span class='ocrx_word' id='word_1_556' title='bbox 1336 4474 1401 4525; x_wconf 88' lang='lat' dir='ltr'><strong>ut</strong></span> <span class='ocrx_word' id='word_1_557' title='bbox 1440 4470 1774 4542; x_wconf 90' lang='lat' dir='ltr'><strong>opinamur,</strong></span> <span class='ocrx_word' id='word_1_558' title='bbox 1803 4471 1909 4527; x_wconf 89' lang='lat' dir='ltr'><strong>tibi</strong></span> <span class='ocrx_word' id='word_1_559' title='bbox 1951 4490 2066 4529; x_wconf 90' lang='lat' dir='ltr'><strong>non</strong></span> 
     </span>
    </p>
   </div>
   <div class='ocr_carea' id='block_1_77' title="bbox 410 4551 2067 4634">
    <p class='ocr_par' dir='ltr' id='par_1_77' title="bbox 410 4551 2067 4634">
     <span class='ocr_line' id='line_1_77' title="bbox 410 4551 2067 4634; baseline 0.007 -29"><span class='ocrx_word' id='word_1_560' title='bbox 410 4567 477 4605; x_wconf 87' lang='lat' dir='ltr'><strong>su</strong></span> <span class='ocrx_word' id='word_1_561' title='bbox 490 4551 631 4607; x_wconf 83' lang='lat' dir='ltr'><strong>fficit</strong></span> <span class='ocrx_word' id='word_1_562' title='bbox 660 4553 851 4610; x_wconf 91' lang='lat' dir='ltr'><strong>solum</strong></span> <span class='ocrx_word' id='word_1_563' title='bbox 874 4555 1227 4613; x_wconf 90' lang='lat' dir='ltr'><strong>adulterium</strong></span> <span class='ocrx_word' id='word_1_564' title='bbox 1256 4562 1643 4631; x_wconf 90' lang='lat' dir='ltr'><strong>perpetrasse,</strong></span> <span class='ocrx_word' id='word_1_565' title='bbox 1671 4559 1783 4615; x_wconf 90' lang='lat' dir='ltr'><strong>nisi</strong></span> <span class='ocrx_word' id='word_1_566' title='bbox 1806 4579 2067 4634; x_wconf 86' lang='lat' dir='ltr'><strong>apponas</strong></span> 
     </span>
    </p>
   </div>
   <div class='ocr_carea' id='block_1_78' title="bbox 2170 3392 3834 3470">
    <p class='ocr_par' dir='ltr' id='par_1_78' title="bbox 2170 3392 3834 3470">
     <span class='ocr_line' id='line_1_78' title="bbox 2170 3392 3834 3470; baseline -0.003 -17"><span class='ocrx_word' id='word_1_567' title='bbox 2170 3401 2261 3453; x_wconf 90' lang='lat' dir='ltr'><strong>est</strong></span> <span class='ocrx_word' id='word_1_568' title='bbox 2282 3401 2402 3453; x_wconf 90' lang='lat' dir='ltr'><strong>tam</strong></span> <span class='ocrx_word' id='word_1_569' title='bbox 2425 3401 2535 3453; x_wconf 88' lang='lat' dir='ltr'><strong>ate</strong></span> <span class='ocrx_word' id='word_1_570' title='bbox 2556 3414 2735 3470; x_wconf 91' lang='lat' dir='ltr'><strong>quam</strong></span> <span class='ocrx_word' id='word_1_571' title='bbox 2762 3414 2797 3452; x_wconf 92' lang='lat' dir='ltr'><strong>a</strong></span> <span class='ocrx_word' id='word_1_572' title='bbox 2820 3395 3390 3468; x_wconf 88' lang='lat' dir='ltr'><strong>Theutberga,eujus</strong></span> <span class='ocrx_word' id='word_1_573' title='bbox 3414 3392 3590 3449; x_wconf 91' lang='lat' dir='ltr'><strong>vestri</strong></span> <span class='ocrx_word' id='word_1_574' title='bbox 3612 3393 3834 3467; x_wconf 84' lang='lat' dir='ltr'><strong>negotii</strong></span> 
     </span>
    </p>
   </div>
   <div class='ocr_carea' id='block_1_79' title="bbox 2170 3482 3836 3560">
    <p class='ocr_par' dir='ltr' id='par_1_79' title="bbox 2170 3482 3836 3560">
     <span class='ocr_line' id='line_1_79' title="bbox 2170 3482 3836 3560; baseline -0.002 -18"><span class='ocrx_word' id='word_1_575' title='bbox 2170 3487 2496 3543; x_wconf 85' lang='lat' dir='ltr'><strong>exsecutrix</strong></span> <span class='ocrx_word' id='word_1_576' title='bbox 2514 3486 2679 3560; x_wconf 87' lang='lat' dir='ltr'><strong>[Edit.</strong></span> <span class='ocrx_word' id='word_1_577' title='bbox 2715 3486 2889 3551; x_wconf 83' lang='lat' dir='ltr'><strong>Rom.,</strong></span> <span class='ocrx_word' id='word_1_578' title='bbox 2922 3483 3319 3557; x_wconf 82' lang='lat' dir='ltr'><strong>interpretrix]</strong></span> <span class='ocrx_word' id='word_1_579' title='bbox 3337 3487 3394 3538; x_wconf 90' lang='lat' dir='ltr'><strong>et</strong></span> <span class='ocrx_word' id='word_1_580' title='bbox 3423 3482 3836 3556; x_wconf 81' lang='lat' dir='ltr'><strong>interemptrix</strong></span> 
     </span>
    </p>
   </div>
   <div class='ocr_carea' id='block_1_80' title="bbox 2170 3572 3832 3645">
    <p class='ocr_par' dir='ltr' id='par_1_80' title="bbox 2170 3572 3832 3645">
     <span class='ocr_line' id='line_1_80' title="bbox 2170 3572 3832 3645; baseline -0.002 -14"><span class='ocrx_word' id='word_1_581' title='bbox 2170 3576 2375 3632; x_wconf 76' lang='lat' dir='ltr'><strong>effecta</strong></span> <span class='ocrx_word' id='word_1_582' title='bbox 2404 3580 2511 3631; x_wconf 87' lang='lat' dir='ltr'><strong>est.</strong></span> <span class='ocrx_word' id='word_1_583' title='bbox 2539 3575 2670 3631; x_wconf 86' lang='lat' dir='ltr'><strong>Jam</strong></span> <span class='ocrx_word' id='word_1_584' title='bbox 2699 3592 2832 3631; x_wconf 89' lang='lat' dir='ltr'><strong>vero</strong></span> <span class='ocrx_word' id='word_1_585' title='bbox 2864 3574 2911 3629; x_wconf 94' lang='lat' dir='ltr'><strong>si</strong></span> <span class='ocrx_word' id='word_1_586' title='bbox 2946 3573 3151 3629; x_wconf 89' lang='lat' dir='ltr'><strong>eadem</strong></span> <span class='ocrx_word' id='word_1_587' title='bbox 3180 3572 3551 3645; x_wconf 88' lang='lat' dir='ltr'><strong>Theutberga</strong></span> <span class='ocrx_word' id='word_1_588' title='bbox 3581 3572 3832 3629; x_wconf 83' lang='lat' dir='ltr'><strong>Romam</strong></span> 
     </span>
    </p>
   </div>
   <div class='ocr_carea' id='block_1_81' title="bbox 2170 3661 3839 3737">
    <p class='ocr_par' dir='ltr' id='par_1_81' title="bbox 2170 3661 3839 3737">
     <span class='ocr_line' id='line_1_81' title="bbox 2170 3661 3839 3737; baseline -0.001 -18"><span class='ocrx_word' id='word_1_589' title='bbox 2170 3665 2367 3721; x_wconf 86' lang='lat' dir='ltr'><strong>venire</strong></span> <span class='ocrx_word' id='word_1_590' title='bbox 2397 3664 2675 3737; x_wconf 91' lang='lat' dir='ltr'><strong>disponit,</strong></span> <span class='ocrx_word' id='word_1_591' title='bbox 2700 3668 2757 3721; x_wconf 90' lang='lat' dir='ltr'><strong>et</strong></span> <span class='ocrx_word' id='word_1_592' title='bbox 2787 3663 3086 3720; x_wconf 89' lang='lat' dir='ltr'><strong>licentiam</strong></span> <span class='ocrx_word' id='word_1_593' title='bbox 3120 3679 3153 3718; x_wconf 91' lang='lat' dir='ltr'><strong>a</strong></span> <span class='ocrx_word' id='word_1_594' title='bbox 3183 3666 3263 3730; x_wconf 91' lang='lat' dir='ltr'><strong>te,</strong></span> <span class='ocrx_word' id='word_1_595' title='bbox 3289 3662 3536 3735; x_wconf 82' lang='lat' dir='ltr'><strong>conjuge</strong></span> <span class='ocrx_word' id='word_1_596' title='bbox 3569 3661 3839 3719; x_wconf 85' lang='lat' dir='ltr'><strong>videlicet</strong></span> 
     </span>
    </p>
   </div>
   <div class='ocr_carea' id='block_1_82' title="bbox 2172 3750 3842 3827">
    <p class='ocr_par' dir='ltr' id='par_1_82' title="bbox 2172 3750 3842 3827">
     <span class='ocr_line' id='line_1_82' title="bbox 2172 3750 3842 3827; baseline -0.002 -17"><span class='ocrx_word' id='word_1_597' title='bbox 2172 3771 2300 3822; x_wconf 90' lang='lat' dir='ltr'><strong>suo,</strong></span> <span class='ocrx_word' id='word_1_598' title='bbox 2316 3753 2722 3827; x_wconf 79' lang='lat' dir='ltr'><strong>proficiscendi</strong></span> <span class='ocrx_word' id='word_1_599' title='bbox 2747 3753 2958 3825; x_wconf 89' lang='lat' dir='ltr'><strong>adepta</strong></span> <span class='ocrx_word' id='word_1_600' title='bbox 2978 3751 3173 3820; x_wconf 82' lang='lat' dir='ltr'><strong>fuerit,</strong></span> <span class='ocrx_word' id='word_1_601' title='bbox 3189 3750 3475 3807; x_wconf 88' lang='lat' dir='ltr'><strong>securitas</strong></span> <span class='ocrx_word' id='word_1_602' title='bbox 3495 3753 3586 3807; x_wconf 87' lang='lat' dir='ltr'><strong>est</strong></span> <span class='ocrx_word' id='word_1_603' title='bbox 3602 3750 3651 3807; x_wconf 92' lang='lat' dir='ltr'><strong>ei</strong></span> <span class='ocrx_word' id='word_1_604' title='bbox 3676 3768 3842 3823; x_wconf 89' lang='lat' dir='ltr'><strong>pror-</strong></span> 
     </span>
    </p>
   </div>
   <div class='ocr_carea' id='block_1_83' title="bbox 2173 3840 3840 3913">
    <p class='ocr_par' dir='ltr' id='par_1_83' title="bbox 2173 3840 3840 3913">
     <span class='ocr_line' id='line_1_83' title="bbox 2173 3840 3840 3913; baseline -0.002 -14"><span class='ocrx_word' id='word_1_605' title='bbox 2173 3860 2276 3899; x_wconf 91' lang='lat' dir='ltr'><strong>sus</strong></span> <span class='ocrx_word' id='word_1_606' title='bbox 2298 3842 2630 3899; x_wconf 88' lang='lat' dir='ltr'><strong>eertissima</strong></span> <span class='ocrx_word' id='word_1_607' title='bbox 2648 3840 3107 3913; x_wconf 88' lang='lat' dir='ltr'><strong>tribuenda,qua</strong></span> <span class='ocrx_word' id='word_1_608' title='bbox 3128 3840 3275 3896; x_wconf 86' lang='lat' dir='ltr'><strong>freta</strong></span> <span class='ocrx_word' id='word_1_609' title='bbox 3292 3856 3588 3913; x_wconf 90' lang='lat' dir='ltr'><strong>nusquam</strong></span> <span class='ocrx_word' id='word_1_610' title='bbox 3610 3844 3840 3896; x_wconf 87' lang='lat' dir='ltr'><strong>metuat</strong></span> 
     </span>
    </p>
   </div>
   <div class='ocr_carea' id='block_1_84' title="bbox 2175 3929 3839 4005">
    <p class='ocr_par' dir='ltr' id='par_1_84' title="bbox 2175 3929 3839 4005">
     <span class='ocr_line' id='line_1_84' title="bbox 2175 3929 3839 4005; baseline -0.002 -16"><span class='ocrx_word' id='word_1_611' title='bbox 2175 3951 2237 3989; x_wconf 92' lang='lat' dir='ltr'><strong>se</strong></span> <span class='ocrx_word' id='word_1_612' title='bbox 2250 3931 2660 4005; x_wconf 89' lang='lat' dir='ltr'><strong>perhominem</strong></span> <span class='ocrx_word' id='word_1_613' title='bbox 2675 3930 2899 4003; x_wconf 89' lang='lat' dir='ltr'><strong>aliquid</strong></span> <span class='ocrx_word' id='word_1_614' title='bbox 2918 3929 3171 3986; x_wconf 91' lang='lat' dir='ltr'><strong>incidere</strong></span> <span class='ocrx_word' id='word_1_615' title='bbox 3189 3929 3634 3995; x_wconf 67' lang='lat' dir='ltr'><strong>laesionis.0uod</strong></span> <span class='ocrx_word' id='word_1_616' title='bbox 3649 3929 3839 3985; x_wconf 90' lang='lat' dir='ltr'><strong>omni-</strong></span> 
     </span>
    </p>
   </div>
   <div class='ocr_carea' id='block_1_85' title="bbox 2176 4017 3839 4094">
    <p class='ocr_par' dir='ltr' id='par_1_85' title="bbox 2176 4017 3839 4094">
     <span class='ocr_line' id='line_1_85' title="bbox 2176 4017 3839 4094; baseline -0.002 -17"><span class='ocrx_word' id='word_1_617' title='bbox 2176 4038 2250 4078; x_wconf 93' lang='lat' dir='ltr'><strong>no</strong></span> <span class='ocrx_word' id='word_1_618' title='bbox 2272 4039 2383 4077; x_wconf 90' lang='lat' dir='ltr'><strong>non</strong></span> <span class='ocrx_word' id='word_1_619' title='bbox 2400 4021 2634 4094; x_wconf 81' lang='lat' dir='ltr'><strong>proveni</strong></span> <span class='ocrx_word' id='word_1_620' title='bbox 2645 4038 2703 4076; x_wconf 93' lang='lat' dir='ltr'><strong>re</strong></span> <span class='ocrx_word' id='word_1_621' title='bbox 2720 4019 2935 4092; x_wconf 90' lang='lat' dir='ltr'><strong>poterit</strong></span> <span class='ocrx_word' id='word_1_622' title='bbox 2952 4019 3066 4075; x_wconf 91' lang='lat' dir='ltr'><strong>nisi</strong></span> <span class='ocrx_word' id='word_1_623' title='bbox 3081 4017 3399 4075; x_wconf 89' lang='lat' dir='ltr'><strong>Waldrada</strong></span> <span class='ocrx_word' id='word_1_624' title='bbox 3410 4019 3654 4075; x_wconf 81' lang='lat' dir='ltr'><strong>Romam</strong></span> <span class='ocrx_word' id='word_1_625' title='bbox 3668 4019 3839 4092; x_wconf 89' lang='lat' dir='ltr'><strong>prius</strong></span> 
     </span>
    </p>
   </div>
   <div class='ocr_carea' id='block_1_86' title="bbox 2175 4107 3842 4182">
    <p class='ocr_par' dir='ltr' id='par_1_86' title="bbox 2175 4107 3842 4182">
     <span class='ocr_line' id='line_1_86' title="bbox 2175 4107 3842 4182; baseline -0.001 -16"><span class='ocrx_word' id='word_1_626' title='bbox 2175 4110 2463 4178; x_wconf 89' lang='lat' dir='ltr'><strong>mittatur,</strong></span> <span class='ocrx_word' id='word_1_627' title='bbox 2479 4114 2537 4166; x_wconf 91' lang='lat' dir='ltr'><strong>et</strong></span> <span class='ocrx_word' id='word_1_628' title='bbox 2568 4110 2638 4166; x_wconf 93' lang='lat' dir='ltr'><strong>de</strong></span> <span class='ocrx_word' id='word_1_629' title='bbox 2661 4127 2728 4165; x_wconf 86' lang='lat' dir='ltr'><strong>ea</strong></span> <span class='ocrx_word' id='word_1_630' title='bbox 2750 4108 2904 4182; x_wconf 92' lang='lat' dir='ltr'><strong>quod</strong></span> <span class='ocrx_word' id='word_1_631' title='bbox 2928 4107 3281 4164; x_wconf 88' lang='lat' dir='ltr'><strong>conveniens</strong></span> <span class='ocrx_word' id='word_1_632' title='bbox 3308 4107 3387 4164; x_wconf 89' lang='lat' dir='ltr'><strong>sit</strong></span> <span class='ocrx_word' id='word_1_633' title='bbox 3405 4107 3842 4165; x_wconf 78' lang='lat' dir='ltr'><strong>diifiniaturzet</strong></span> 
     </span>
    </p>
   </div>
   <div class='ocr_carea' id='block_1_87' title="bbox 2173 4197 3835 4270">
    <p class='ocr_par' dir='ltr' id='par_1_87' title="bbox 2173 4197 3835 4270">
     <span class='ocr_line' id='line_1_87' title="bbox 2173 4197 3835 4270; baseline -0.002 -14"><span class='ocrx_word' id='word_1_634' title='bbox 2173 4200 2259 4256; x_wconf 91' lang='lat' dir='ltr'><strong>ita</strong></span> <span class='ocrx_word' id='word_1_635' title='bbox 2279 4201 2517 4255; x_wconf 90' lang='lat' dir='ltr'><strong>demum</strong></span> <span class='ocrx_word' id='word_1_636' title='bbox 2540 4198 2675 4255; x_wconf 89' lang='lat' dir='ltr'><strong>talis</strong></span> <span class='ocrx_word' id='word_1_637' title='bbox 2692 4197 3090 4255; x_wconf 80' lang='lat' dir='ltr'><strong>immanitatis</strong></span> <span class='ocrx_word' id='word_1_638' title='bbox 3108 4197 3393 4253; x_wconf 88' lang='lat' dir='ltr'><strong>certitudo</strong></span> <span class='ocrx_word' id='word_1_639' title='bbox 3415 4198 3835 4270; x_wconf 86' lang='lat' dir='ltr'><strong>subsequatur,</strong></span> 
     </span>
    </p>
   </div>
   <div class='ocr_carea' id='block_1_88' title="bbox 2177 4286 3839 4361">
    <p class='ocr_par' dir='ltr' id='par_1_88' title="bbox 2177 4286 3839 4361">
     <span class='ocr_line' id='line_1_88' title="bbox 2177 4286 3839 4361; baseline -0.001 -16"><span class='ocrx_word' id='word_1_640' title='bbox 2177 4294 2243 4345; x_wconf 92' lang='lat' dir='ltr'><strong>ut</strong></span> <span class='ocrx_word' id='word_1_641' title='bbox 2272 4289 2583 4361; x_wconf 64' lang='lat' dir='ltr'><strong>saepedicta</strong></span> <span class='ocrx_word' id='word_1_642' title='bbox 2603 4288 2977 4361; x_wconf 90' lang='lat' dir='ltr'><strong>Theutberga</strong></span> <span class='ocrx_word' id='word_1_643' title='bbox 3006 4304 3113 4343; x_wconf 90' lang='lat' dir='ltr'><strong>nec</strong></span> <span class='ocrx_word' id='word_1_644' title='bbox 3145 4286 3403 4355; x_wconf 91' lang='lat' dir='ltr'><strong>veniens,</strong></span> <span class='ocrx_word' id='word_1_645' title='bbox 3437 4303 3545 4343; x_wconf 89' lang='lat' dir='ltr'><strong>nec</strong></span> <span class='ocrx_word' id='word_1_646' title='bbox 3574 4303 3839 4343; x_wconf 90' lang='lat' dir='ltr'><strong>commo-</strong></span> 
     </span>
    </p>
   </div>
   <div class='ocr_carea' id='block_1_89' title="bbox 2178 4375 3838 4450">
    <p class='ocr_par' dir='ltr' id='par_1_89' title="bbox 2178 4375 3838 4450">
     <span class='ocr_line' id='line_1_89' title="bbox 2178 4375 3838 4450; baseline -0.001 -16"><span class='ocrx_word' id='word_1_647' title='bbox 2178 4396 2335 4447; x_wconf 89' lang='lat' dir='ltr'><strong>rans,</strong></span> <span class='ocrx_word' id='word_1_648' title='bbox 2371 4395 2477 4434; x_wconf 91' lang='lat' dir='ltr'><strong>nec</strong></span> <span class='ocrx_word' id='word_1_649' title='bbox 2517 4377 2770 4446; x_wconf 89' lang='lat' dir='ltr'><strong>rediens,</strong></span> <span class='ocrx_word' id='word_1_650' title='bbox 2795 4376 3032 4450; x_wconf 90' lang='lat' dir='ltr'><strong>aliquod</strong></span> <span class='ocrx_word' id='word_1_651' title='bbox 3074 4376 3332 4449; x_wconf 86' lang='lat' dir='ltr'><strong>patiatur</strong></span> <span class='ocrx_word' id='word_1_652' title='bbox 3371 4375 3838 4433; x_wconf 85' lang='lat' dir='ltr'><strong>incommodum.</strong></span> 
     </span>
    </p>
   </div>
   <div class='ocr_carea' id='block_1_90' title="bbox 2178 4464 3844 4538">
    <p class='ocr_par' dir='ltr' id='par_1_90' title="bbox 2178 4464 3844 4538">
     <span class='ocr_line' id='line_1_90' title="bbox 2178 4464 3844 4538; baseline -0.002 -14"><span class='ocrx_word' id='word_1_653' title='bbox 2178 4469 2341 4535; x_wconf 86' lang='lat' dir='ltr'><strong>Quod</strong></span> <span class='ocrx_word' id='word_1_654' title='bbox 2376 4467 2424 4523; x_wconf 90' lang='lat' dir='ltr'><strong>si</strong></span> <span class='ocrx_word' id='word_1_655' title='bbox 2461 4466 2708 4522; x_wconf 91' lang='lat' dir='ltr'><strong>minime</strong></span> <span class='ocrx_word' id='word_1_656' title='bbox 2736 4483 2842 4537; x_wconf 94' lang='lat' dir='ltr'><strong>pro</strong></span> <span class='ocrx_word' id='word_1_657' title='bbox 2875 4464 3207 4537; x_wconf 91' lang='lat' dir='ltr'><strong>repellenda</strong></span> <span class='ocrx_word' id='word_1_658' title='bbox 3228 4481 3262 4520; x_wconf 91' lang='lat' dir='ltr'><strong>a</strong></span> <span class='ocrx_word' id='word_1_659' title='bbox 3291 4469 3348 4522; x_wconf 89' lang='lat' dir='ltr'><strong>te</strong></span> <span class='ocrx_word' id='word_1_660' title='bbox 3379 4465 3620 4521; x_wconf 90' lang='lat' dir='ltr'><strong>sinistra</strong></span> <span class='ocrx_word' id='word_1_661' title='bbox 3651 4466 3844 4538; x_wconf 87' lang='lat' dir='ltr'><strong>suspi-</strong></span> 
     </span>
    </p>
   </div>
   <div class='ocr_carea' id='block_1_91' title="bbox 2179 4553 3842 4629">
    <p class='ocr_par' dir='ltr' id='par_1_91' title="bbox 2179 4553 3842 4629">
     <span class='ocr_line' id='line_1_91' title="bbox 2179 4553 3842 4629; baseline -0.001 -17"><span class='ocrx_word' id='word_1_662' title='bbox 2179 4557 2344 4613; x_wconf 92' lang='lat' dir='ltr'><strong>cione</strong></span> <span class='ocrx_word' id='word_1_663' title='bbox 2383 4554 2725 4629; x_wconf 88' lang='lat' dir='ltr'><strong>promiseris</strong></span> <span class='ocrx_word' id='word_1_664' title='bbox 2769 4570 2960 4627; x_wconf 88' lang='lat' dir='ltr'><strong>agere,</strong></span> <span class='ocrx_word' id='word_1_665' title='bbox 2986 4554 3341 4610; x_wconf 88' lang='lat' dir='ltr'><strong>cessandum</strong></span> <span class='ocrx_word' id='word_1_666' title='bbox 3374 4558 3484 4625; x_wconf 89' lang='lat' dir='ltr'><strong>est,</strong></span> <span class='ocrx_word' id='word_1_667' title='bbox 3508 4571 3581 4610; x_wconf 92' lang='lat' dir='ltr'><strong>ne</strong></span> <span class='ocrx_word' id='word_1_668' title='bbox 3617 4553 3842 4611; x_wconf 87' lang='lat' dir='ltr'><strong>talibus</strong></span> 
     </span>
    </p>
   </div>
   <div class='ocr_carea' id='block_1_92' title="bbox 411 4640 3843 4722">
    <p class='ocr_par' dir='ltr' id='par_1_92' title="bbox 411 4640 3843 4722">
     <span class='ocr_line' id='line_1_92' title="bbox 411 4640 3843 4722; baseline 0.002 -29"><span class='ocrx_word' id='word_1_669' title='bbox 411 4644 476 4693; x_wconf 90' lang='lat' dir='ltr'><strong>ut</strong></span> <span class='ocrx_word' id='word_1_670' title='bbox 497 4640 675 4696; x_wconf 89' lang='lat' dir='ltr'><strong>etiam</strong></span> <span class='ocrx_word' id='word_1_671' title='bbox 698 4644 929 4700; x_wconf 88' lang='lat' dir='ltr'><strong>animas</strong></span> <span class='ocrx_word' id='word_1_672' title='bbox 945 4645 1253 4703; x_wconf 90' lang='lat' dir='ltr'><strong>hominum</strong></span> <span class='ocrx_word' id='word_1_673' title='bbox 1284 4648 1525 4721; x_wconf 89' lang='lat' dir='ltr'><strong>perjurii</strong></span> <span class='ocrx_word' id='word_1_674' title='bbox 1555 4649 1781 4722; x_wconf 90' lang='lat' dir='ltr'><strong>laqueis</strong></span> <span class='ocrx_word' id='word_1_675' title='bbox 1812 4650 2068 4707; x_wconf 87' lang='lat' dir='ltr'><strong>irretitas</strong></span> <span class='ocrx_word' id='word_1_676' title='bbox 2099 4657 2146 4722; x_wconf 84' lang='lat'><strong>1)</strong></span> <span class='ocrx_word' id='word_1_677' title='bbox 2178 4646 2401 4703; x_wconf 84' lang='lat' dir='ltr'><strong>fraudis</strong></span> <span class='ocrx_word' id='word_1_678' title='bbox 2418 4643 2653 4701; x_wconf 90' lang='lat' dir='ltr'><strong>insidiis</strong></span> <span class='ocrx_word' id='word_1_679' title='bbox 2670 4643 3843 4717; x_wconf 70' lang='lat' dir='ltr'><strong>acquiescamus,omnimodispraacaven-</strong></span> 
     </span>
    </p>
   </div>
   <div class='ocr_carea' id='block_1_93' title="bbox 411 4728 2066 4809">
    <p class='ocr_par' dir='ltr' id='par_1_93' title="bbox 411 4728 2066 4809">
     <span class='ocr_line' id='line_1_93' title="bbox 411 4728 2066 4809; baseline 0.008 -27"><span class='ocrx_word' id='word_1_680' title='bbox 411 4728 471 4782; x_wconf 92' lang='lat' dir='ltr'><strong>in</strong></span> <span class='ocrx_word' id='word_1_681' title='bbox 490 4733 818 4787; x_wconf 80' lang='lat' dir='ltr'><strong>extremum</strong></span> <span class='ocrx_word' id='word_1_682' title='bbox 841 4734 1148 4807; x_wconf 90' lang='lat' dir='ltr'><strong>demergas</strong></span> <span class='ocrx_word' id='word_1_683' title='bbox 1180 4735 1507 4793; x_wconf 87' lang='lat' dir='ltr'><strong>interitum.</strong></span> <span class='ocrx_word' id='word_1_684' title='bbox 1525 4738 1636 4793; x_wconf 91' lang='lat' dir='ltr'><strong>Sed</strong></span> <span class='ocrx_word' id='word_1_685' title='bbox 1662 4738 1802 4809; x_wconf 91' lang='lat' dir='ltr'><strong>quid</strong></span> <span class='ocrx_word' id='word_1_686' title='bbox 1827 4740 2066 4808; x_wconf 90' lang='lat' dir='ltr'><strong>mirum,</strong></span> 
     </span>
    </p>
   </div>
   <div class='ocr_carea' id='block_1_94' title="bbox 410 4818 2066 4897">
    <p class='ocr_par' dir='ltr' id='par_1_94' title="bbox 410 4818 2066 4897">
     <span class='ocr_line' id='line_1_94' title="bbox 410 4818 2066 4897; baseline 0.007 -24"><span class='ocrx_word' id='word_1_687' title='bbox 410 4818 460 4874; x_wconf 92' lang='lat' dir='ltr'><strong>si</strong></span> <span class='ocrx_word' id='word_1_688' title='bbox 492 4835 814 4891; x_wconf 90' lang='lat' dir='ltr'><strong>paucorum</strong></span> <span class='ocrx_word' id='word_1_689' title='bbox 845 4822 1158 4880; x_wconf 89' lang='lat' dir='ltr'><strong>animabus</strong></span> <span class='ocrx_word' id='word_1_690' title='bbox 1187 4841 1292 4897; x_wconf 87' lang='lat' dir='ltr'><strong>per</strong></span> <span class='ocrx_word' id='word_1_691' title='bbox 1328 4826 1652 4897; x_wconf 90' lang='lat' dir='ltr'><strong>perjurium</strong></span> <span class='ocrx_word' id='word_1_692' title='bbox 1686 4827 1929 4884; x_wconf 82' lang='lat' dir='ltr'><strong>exitium</strong></span> <span class='ocrx_word' id='word_1_693' title='bbox 1965 4846 2066 4885; x_wconf 88' lang='lat' dir='ltr'><strong>ac-</strong></span> 
     </span>
    </p>
   </div>
   <div class='ocr_carea' id='block_1_95' title="bbox 410 4907 2070 4991">
    <p class='ocr_par' dir='ltr' id='par_1_95' title="bbox 410 4907 2070 4991">
     <span class='ocr_line' id='line_1_95' title="bbox 410 4907 2070 4991; baseline 0.008 -29"><span class='ocrx_word' id='word_1_694' title='bbox 410 4907 664 4980; x_wconf 91' lang='lat' dir='ltr'><strong>quisisti,</strong></span> <span class='ocrx_word' id='word_1_695' title='bbox 688 4912 925 4983; x_wconf 90' lang='lat' dir='ltr'><strong>quando</strong></span> <span class='ocrx_word' id='word_1_696' title='bbox 964 4911 1024 4968; x_wconf 91' lang='lat' dir='ltr'><strong>in</strong></span> <span class='ocrx_word' id='word_1_697' title='bbox 1056 4916 1221 4969; x_wconf 89' lang='lat' dir='ltr'><strong>tanta</strong></span> <span class='ocrx_word' id='word_1_698' title='bbox 1269 4913 1631 4971; x_wconf 88' lang='lat' dir='ltr'><strong>sublimitate</strong></span> <span class='ocrx_word' id='word_1_699' title='bbox 1687 4918 1933 4989; x_wconf 90' lang='lat' dir='ltr'><strong>positus,</strong></span> <span class='ocrx_word' id='word_1_700' title='bbox 1967 4936 2070 4991; x_wconf 88' lang='lat' dir='ltr'><strong>per</strong></span> 
     </span>
    </p>
   </div>
   <div class='ocr_carea' id='block_1_96' title="bbox 408 4998 2070 5081">
    <p class='ocr_par' dir='ltr' id='par_1_96' title="bbox 408 4998 2070 5081">
     <span class='ocr_line' id='line_1_96' title="bbox 408 4998 2070 5081; baseline 0.007 -29"><span class='ocrx_word' id='word_1_701' title='bbox 408 4998 739 5071; x_wconf 81' lang='lat' dir='ltr'><strong>exemplum</strong></span> <span class='ocrx_word' id='word_1_702' title='bbox 756 5005 869 5056; x_wconf 73' lang='lat' dir='ltr'><strong>tua:</strong></span> <span class='ocrx_word' id='word_1_703' title='bbox 890 5002 1150 5057; x_wconf 72' lang='lat' dir='ltr'><strong>mmchiaa</strong></span> <span class='ocrx_word' id='word_1_704' title='bbox 1170 5007 1254 5058; x_wconf 90' lang='lat' dir='ltr'><strong>tot</strong></span> <span class='ocrx_word' id='word_1_705' title='bbox 1269 5002 1576 5060; x_wconf 91' lang='lat' dir='ltr'><strong>hominum</strong></span> <span class='ocrx_word' id='word_1_706' title='bbox 1596 5005 1784 5062; x_wconf 88' lang='lat' dir='ltr'><strong>millia</strong></span> <span class='ocrx_word' id='word_1_707' title='bbox 1801 5007 1857 5062; x_wconf 90' lang='lat' dir='ltr'><strong>in</strong></span> <span class='ocrx_word' id='word_1_708' title='bbox 1880 5008 2070 5081; x_wconf 91' lang='lat' dir='ltr'><strong>perdi-</strong></span> 
     </span>
    </p>
   </div>
   <div class='ocr_carea' id='block_1_97' title="bbox 407 5085 2068 5167">
    <p class='ocr_par' dir='ltr' id='par_1_97' title="bbox 407 5085 2068 5167">
     <span class='ocr_line' id='line_1_97' title="bbox 407 5085 2068 5167; baseline 0.008 -27"><span class='ocrx_word' id='word_1_709' title='bbox 407 5085 585 5142; x_wconf 89' lang='lat' dir='ltr'><strong>tionis</strong></span> <span class='ocrx_word' id='word_1_710' title='bbox 616 5088 794 5146; x_wconf 91' lang='lat' dir='ltr'><strong>chaos</strong></span> <span class='ocrx_word' id='word_1_711' title='bbox 825 5090 1320 5163; x_wconf 73' lang='lat' dir='ltr'><strong>przecipitaveris?</strong></span> <span class='ocrx_word' id='word_1_712' title='bbox 1352 5093 1499 5153; x_wconf 85' lang='lat' dir='ltr'><strong>Nam</strong></span> <span class='ocrx_word' id='word_1_713' title='bbox 1536 5096 1761 5167; x_wconf 87' lang='lat' dir='ltr'><strong>majora</strong></span> <span class='ocrx_word' id='word_1_714' title='bbox 1792 5096 1930 5152; x_wconf 89' lang='lat' dir='ltr'><strong>facit</strong></span> <span class='ocrx_word' id='word_1_715' title='bbox 1959 5097 2068 5153; x_wconf 90' lang='lat' dir='ltr'><strong>cri-</strong></span> 
     </span>
    </p>
   </div>
   <div class='ocr_carea' id='block_1_98' title="bbox 409 5176 2067 5258">
    <p class='ocr_par' dir='ltr' id='par_1_98' title="bbox 409 5176 2067 5258">
     <span class='ocr_line' id='line_1_98' title="bbox 409 5176 2067 5258; baseline 0.008 -28"><span class='ocrx_word' id='word_1_716' title='bbox 409 5176 570 5232; x_wconf 90' lang='lat' dir='ltr'><strong>mina</strong></span> <span class='ocrx_word' id='word_1_717' title='bbox 595 5177 933 5235; x_wconf 89' lang='lat' dir='ltr'><strong>sublimitas</strong></span> <span class='ocrx_word' id='word_1_718' title='bbox 954 5180 1327 5254; x_wconf 87' lang='lat' dir='ltr'><strong>dignitaium.</strong></span> <span class='ocrx_word' id='word_1_719' title='bbox 1349 5181 1495 5239; x_wconf 92' lang='lat' dir='ltr'><strong>Illud</strong></span> <span class='ocrx_word' id='word_1_720' title='bbox 1521 5186 1900 5258; x_wconf 91' lang='lat' dir='ltr'><strong>autem,quod</strong></span> <span class='ocrx_word' id='word_1_721' title='bbox 1924 5204 2067 5258; x_wconf 68' lang='lat' dir='ltr'><strong>prae-</strong></span> 
     </span>
    </p>
   </div>
   <div class='ocr_carea' id='block_1_99' title="bbox 409 5266 2070 5347">
    <p class='ocr_par' dir='ltr' id='par_1_99' title="bbox 409 5266 2070 5347">
     <span class='ocr_line' id='line_1_99' title="bbox 409 5266 2070 5347; baseline 0.007 -28"><span class='ocrx_word' id='word_1_722' title='bbox 409 5266 710 5322; x_wconf 87' lang='lat' dir='ltr'><strong>nominata</strong></span> <span class='ocrx_word' id='word_1_723' title='bbox 725 5269 928 5341; x_wconf 89' lang='lat' dir='ltr'><strong>regina</strong></span> <span class='ocrx_word' id='word_1_724' title='bbox 940 5269 1109 5341; x_wconf 88' lang='lat' dir='ltr'><strong>quasi</strong></span> <span class='ocrx_word' id='word_1_725' title='bbox 1121 5270 1447 5327; x_wconf 61' lang='lat' dir='ltr'><strong>Waldrada;</strong></span> <span class='ocrx_word' id='word_1_726' title='bbox 1460 5274 1863 5330; x_wconf 91' lang='lat' dir='ltr'><strong>testimonium</strong></span> <span class='ocrx_word' id='word_1_727' title='bbox 1880 5276 2070 5347; x_wconf 89' lang='lat' dir='ltr'><strong>perhi-</strong></span> 
     </span>
    </p>
   </div>
   <div class='ocr_carea' id='block_1_100' title="bbox 408 5355 2068 5435">
    <p class='ocr_par' dir='ltr' id='par_1_100' title="bbox 408 5355 2068 5435">
     <span class='ocr_line' id='line_1_100' title="bbox 408 5355 2068 5435; baseline 0.007 -27"><span class='ocrx_word' id='word_1_728' title='bbox 408 5355 525 5422; x_wconf 87' lang='lat' dir='ltr'><strong>bet,</strong></span> <span class='ocrx_word' id='word_1_729' title='bbox 551 5355 750 5411; x_wconf 90' lang='lat' dir='ltr'><strong>dicens</strong></span> <span class='ocrx_word' id='word_1_730' title='bbox 773 5374 902 5412; x_wconf 91' lang='lat' dir='ltr'><strong>eam</strong></span> <span class='ocrx_word' id='word_1_731' title='bbox 936 5358 1117 5415; x_wconf 87' lang='lat' dir='ltr'><strong>fuisse</strong></span> <span class='ocrx_word' id='word_1_732' title='bbox 1138 5364 1301 5416; x_wconf 90' lang='lat' dir='ltr'><strong>tuam</strong></span> <span class='ocrx_word' id='word_1_733' title='bbox 1329 5379 1569 5418; x_wconf 86' lang='lat' dir='ltr'><strong>uxorem</strong></span> <span class='ocrx_word' id='word_1_734' title='bbox 1594 5362 1940 5435; x_wconf 87' lang='lat' dir='ltr'><strong>legitimam,</strong></span> <span class='ocrx_word' id='word_1_735' title='bbox 1965 5369 2068 5420; x_wconf 91' lang='lat' dir='ltr'><strong>aut</strong></span> 
     </span>
    </p>
   </div>
   <div class='ocr_carea' id='block_1_101' title="bbox 408 5444 2065 5525">
    <p class='ocr_par' dir='ltr' id='par_1_101' title="bbox 408 5444 2065 5525">
     <span class='ocr_line' id='line_1_101' title="bbox 408 5444 2065 5525; baseline 0.005 -25"><span class='ocrx_word' id='word_1_736' title='bbox 408 5444 720 5517; x_wconf 89' lang='lat' dir='ltr'><strong>invita,aut</strong></span> <span class='ocrx_word' id='word_1_737' title='bbox 742 5446 959 5503; x_wconf 89' lang='lat' dir='ltr'><strong>frustra</strong></span> <span class='ocrx_word' id='word_1_738' title='bbox 977 5454 1222 5505; x_wconf 88' lang='lat' dir='ltr'><strong>conatur</strong></span> <span class='ocrx_word' id='word_1_739' title='bbox 1237 5452 1568 5509; x_wconf 84' lang='lat' dir='ltr'><strong>adstruere:</strong></span> <span class='ocrx_word' id='word_1_740' title='bbox 1586 5453 2065 5525; x_wconf 90' lang='lat' dir='ltr'><strong>quandoquidem</strong></span> 
     </span>
    </p>
   </div>
   <div class='ocr_carea' id='block_1_102' title="bbox 406 5534 2062 5615">
    <p class='ocr_par' dir='ltr' id='par_1_102' title="bbox 406 5534 2062 5615">
     <span class='ocr_line' id='line_1_102' title="bbox 406 5534 2062 5615; baseline 0.007 -27"><span class='ocrx_word' id='word_1_741' title='bbox 406 5534 567 5591; x_wconf 89' lang='lat' dir='ltr'><strong>illius</strong></span> <span class='ocrx_word' id='word_1_742' title='bbox 601 5534 765 5591; x_wconf 91' lang='lat' dir='ltr'><strong>nulla</strong></span> <span class='ocrx_word' id='word_1_743' title='bbox 796 5553 1038 5608; x_wconf 91' lang='lat' dir='ltr'><strong>prorsus</strong></span> <span class='ocrx_word' id='word_1_744' title='bbox 1077 5537 1213 5595; x_wconf 90' lang='lat' dir='ltr'><strong>hinc</strong></span> <span class='ocrx_word' id='word_1_745' title='bbox 1254 5540 1589 5597; x_wconf 89' lang='lat' dir='ltr'><strong>testimonio</strong></span> <span class='ocrx_word' id='word_1_746' title='bbox 1621 5544 1754 5614; x_wconf 91' lang='lat' dir='ltr'><strong>quis</strong></span> <span class='ocrx_word' id='word_1_747' title='bbox 1785 5542 2062 5615; x_wconf 86' lang='lat' dir='ltr'><strong>indigeat.</strong></span> 
     </span>
    </p>
   </div>
   <div class='ocr_carea' id='block_1_103' title="bbox 410 5623 2069 5703">
    <p class='ocr_par' dir='ltr' id='par_1_103' title="bbox 410 5623 2069 5703">
     <span class='ocr_line' id='line_1_103' title="bbox 410 5623 2069 5703; baseline 0.008 -27"><span class='ocrx_word' id='word_1_748' title='bbox 410 5623 550 5678; x_wconf 80' lang='lat' dir='ltr'><strong>Cum</strong></span> <span class='ocrx_word' id='word_1_749' title='bbox 587 5625 775 5698; x_wconf 90' lang='lat' dir='ltr'><strong>magis</strong></span> <span class='ocrx_word' id='word_1_750' title='bbox 807 5642 913 5681; x_wconf 92' lang='lat' dir='ltr'><strong>nos</strong></span> <span class='ocrx_word' id='word_1_751' title='bbox 945 5625 1029 5681; x_wconf 90' lang='lat' dir='ltr'><strong>ita</strong></span> <span class='ocrx_word' id='word_1_752' title='bbox 1058 5629 1383 5685; x_wconf 87' lang='lat' dir='ltr'><strong>sentiamus</strong></span> <span class='ocrx_word' id='word_1_753' title='bbox 1424 5632 1579 5701; x_wconf 91' lang='lat' dir='ltr'><strong>quod</strong></span> <span class='ocrx_word' id='word_1_754' title='bbox 1612 5632 1870 5703; x_wconf 86' lang='lat' dir='ltr'><strong>justum,</strong></span> <span class='ocrx_word' id='word_1_755' title='bbox 1901 5637 1957 5688; x_wconf 89' lang='lat' dir='ltr'><strong>et</strong></span> <span class='ocrx_word' id='word_1_756' title='bbox 1986 5632 2069 5689; x_wconf 87' lang='lat' dir='ltr'><strong>ita</strong></span> 
     </span>
    </p>
   </div>
   <div class='ocr_carea' id='block_1_104' title="bbox 410 5708 2068 5797">
    <p class='ocr_par' dir='ltr' id='par_1_104' title="bbox 410 5708 2068 5797">
     <span class='ocr_line' id='line_1_104' title="bbox 410 5708 2068 5797; baseline 0.009 -34"><span class='ocrx_word' id='word_1_757' title='bbox 410 5708 811 5786; x_wconf 86' lang='lat' dir='ltr'><strong>intelligamus</strong></span> <span class='ocrx_word' id='word_1_758' title='bbox 834 5716 986 5787; x_wconf 87' lang='lat' dir='ltr'><strong>quod</strong></span> <span class='ocrx_word' id='word_1_759' title='bbox 1019 5735 1252 5791; x_wconf 67' lang='lat' dir='ltr'><strong>aequum</strong></span> <span class='ocrx_word' id='word_1_760' title='bbox 1277 5723 1385 5787; x_wconf 90' lang='lat' dir='ltr'><strong>est,</strong></span> <span class='ocrx_word' id='word_1_761' title='bbox 1402 5724 1468 5776; x_wconf 91' lang='lat' dir='ltr'><strong>ut</strong></span> <span class='ocrx_word' id='word_1_762' title='bbox 1491 5720 1669 5777; x_wconf 89' lang='lat' dir='ltr'><strong>etiam</strong></span> <span class='ocrx_word' id='word_1_763' title='bbox 1696 5720 2068 5797; x_wconf 89' lang='lat' dir='ltr'><strong>Theutberga</strong></span> 
     </span>
    </p>
   </div>
   <div class='ocr_carea' id='block_1_105' title="bbox 2181 4733 3836 4807">
    <p class='ocr_par' dir='ltr' id='par_1_105' title="bbox 2181 4733 3836 4807">
     <span class='ocr_line' id='line_1_105' title="bbox 2181 4733 3836 4807; baseline -0.001 -16"><span class='ocrx_word' id='word_1_764' title='bbox 2181 4737 2343 4791; x_wconf 91' lang='lat' dir='ltr'><strong>dum.</strong></span> <span class='ocrx_word' id='word_1_765' title='bbox 2367 4736 2573 4807; x_wconf 91' lang='lat' dir='ltr'><strong>Tuque</strong></span> <span class='ocrx_word' id='word_1_766' title='bbox 2594 4750 2831 4791; x_wconf 89' lang='lat' dir='ltr'><strong>summo</strong></span> <span class='ocrx_word' id='word_1_767' title='bbox 2854 4733 3048 4789; x_wconf 91' lang='lat' dir='ltr'><strong>studio</strong></span> <span class='ocrx_word' id='word_1_768' title='bbox 3070 4733 3373 4806; x_wconf 69' lang='lat' dir='ltr'><strong>praefatam</strong></span> <span class='ocrx_word' id='word_1_769' title='bbox 3401 4733 3836 4806; x_wconf 87' lang='lat' dir='ltr'><strong>Theutbergam</strong></span> 
     </span>
    </p>
   </div>
   <div class='ocr_carea' id='block_1_106' title="bbox 2175 4822 3839 4898">
    <p class='ocr_par' dir='ltr' id='par_1_106' title="bbox 2175 4822 3839 4898">
     <span class='ocr_line' id='line_1_106' title="bbox 2175 4822 3839 4898; baseline -0.001 -17"><span class='ocrx_word' id='word_1_770' title='bbox 2175 4827 2487 4898; x_wconf 90' lang='lat' dir='ltr'><strong>conjugem</strong></span> <span class='ocrx_word' id='word_1_771' title='bbox 2507 4829 2673 4880; x_wconf 88' lang='lat' dir='ltr'><strong>tuam</strong></span> <span class='ocrx_word' id='word_1_772' title='bbox 2693 4828 2980 4896; x_wconf 90' lang='lat' dir='ltr'><strong>tanquam</strong></span> <span class='ocrx_word' id='word_1_773' title='bbox 2997 4822 3293 4896; x_wconf 73' lang='lat' dir='ltr'><strong>propriam</strong></span> <span class='ocrx_word' id='word_1_774' title='bbox 3307 4839 3545 4879; x_wconf 84' lang='lat' dir='ltr'><strong>carnem</strong></span> <span class='ocrx_word' id='word_1_775' title='bbox 3557 4822 3746 4879; x_wconf 85' lang='lat' dir='ltr'><strong>fovere</strong></span> <span class='ocrx_word' id='word_1_776' title='bbox 3770 4840 3839 4880; x_wconf 90' lang='lat' dir='ltr'><strong>ac</strong></span> 
     </span>
    </p>
   </div>
   <div class='ocr_carea' id='block_1_107' title="bbox 2177 4910 3839 4988">
    <p class='ocr_par' dir='ltr' id='par_1_107' title="bbox 2177 4910 3839 4988">
     <span class='ocr_line' id='line_1_107' title="bbox 2177 4910 3839 4988; baseline -0.001 -17"><span class='ocrx_word' id='word_1_777' title='bbox 2177 4914 2422 4988; x_wconf 89' lang='lat' dir='ltr'><strong>diligere</strong></span> <span class='ocrx_word' id='word_1_778' title='bbox 2451 4916 2783 4987; x_wconf 87' lang='lat' dir='ltr'><strong>procurato,</strong></span> <span class='ocrx_word' id='word_1_779' title='bbox 2807 4917 2865 4968; x_wconf 89' lang='lat' dir='ltr'><strong>et</strong></span> <span class='ocrx_word' id='word_1_780' title='bbox 2896 4929 2968 4969; x_wconf 86' lang='lat' dir='ltr'><strong>ne</strong></span> <span class='ocrx_word' id='word_1_781' title='bbox 3003 4911 3165 4968; x_wconf 87' lang='lat' dir='ltr'><strong>illam</strong></span> <span class='ocrx_word' id='word_1_782' title='bbox 3219 4911 3479 4986; x_wconf 90' lang='lat' dir='ltr'><strong>separari</strong></span> <span class='ocrx_word' id='word_1_783' title='bbox 3531 4929 3566 4968; x_wconf 90' lang='lat' dir='ltr'><strong>a</strong></span> <span class='ocrx_word' id='word_1_784' title='bbox 3610 4916 3668 4967; x_wconf 89' lang='lat' dir='ltr'><strong>te</strong></span> <span class='ocrx_word' id='word_1_785' title='bbox 3716 4910 3839 4970; x_wconf 89' lang='lat' dir='ltr'><strong>ullo</strong></span> 
     </span>
    </p>
   </div>
   <div class='ocr_carea' id='block_1_108' title="bbox 2178 5000 3841 5077">
    <p class='ocr_par' dir='ltr' id='par_1_108' title="bbox 2178 5000 3841 5077">
     <span class='ocr_line' id='line_1_108' title="bbox 2178 5000 3841 5077; baseline -0.002 -17"><span class='ocrx_word' id='word_1_786' title='bbox 2178 5009 2346 5077; x_wconf 91' lang='lat' dir='ltr'><strong>pacto</strong></span> <span class='ocrx_word' id='word_1_787' title='bbox 2378 5001 3062 5076; x_wconf 87' lang='lat' dir='ltr'><strong>consentias,vigilanter</strong></span> <span class='ocrx_word' id='word_1_788' title='bbox 3094 5001 3352 5057; x_wconf 89' lang='lat' dir='ltr'><strong>attende.</strong></span> <span class='ocrx_word' id='word_1_789' title='bbox 3395 5000 3557 5058; x_wconf 90' lang='lat' dir='ltr'><strong>Unde</strong></span> <span class='ocrx_word' id='word_1_790' title='bbox 3606 5001 3657 5058; x_wconf 89' lang='lat' dir='ltr'><strong>si</strong></span> <span class='ocrx_word' id='word_1_791' title='bbox 3712 5001 3841 5057; x_wconf 90' lang='lat' dir='ltr'><strong>vult</strong></span> 
     </span>
    </p>
   </div>
   <div class='ocr_carea' id='block_1_109' title="bbox 2178 5089 3839 5164">
    <p class='ocr_par' dir='ltr' id='par_1_109' title="bbox 2178 5089 3839 5164">
     <span class='ocr_line' id='line_1_109' title="bbox 2178 5089 3839 5164; baseline -0.002 -15"><span class='ocrx_word' id='word_1_792' title='bbox 2178 5097 2289 5150; x_wconf 91' lang='lat' dir='ltr'><strong>ate</strong></span> <span class='ocrx_word' id='word_1_793' title='bbox 2311 5092 2627 5160; x_wconf 90' lang='lat' dir='ltr'><strong>discedere,</strong></span> <span class='ocrx_word' id='word_1_794' title='bbox 2643 5091 3023 5164; x_wconf 89' lang='lat' dir='ltr'><strong>corripe,imo</strong></span> <span class='ocrx_word' id='word_1_795' title='bbox 3046 5089 3269 5164; x_wconf 91' lang='lat' dir='ltr'><strong>corrige</strong></span> <span class='ocrx_word' id='word_1_796' title='bbox 3295 5106 3447 5160; x_wconf 84' lang='lat' dir='ltr'><strong>eam,</strong></span> <span class='ocrx_word' id='word_1_797' title='bbox 3477 5095 3535 5147; x_wconf 91' lang='lat' dir='ltr'><strong>et</strong></span> <span class='ocrx_word' id='word_1_798' title='bbox 3559 5109 3595 5146; x_wconf 91' lang='lat' dir='ltr'><strong>a</strong></span> <span class='ocrx_word' id='word_1_799' title='bbox 3617 5090 3719 5147; x_wconf 87' lang='lat' dir='ltr'><strong>tali</strong></span> <span class='ocrx_word' id='word_1_800' title='bbox 3751 5090 3839 5147; x_wconf 87' lang='lat' dir='ltr'><strong>in-</strong></span> 
     </span>
    </p>
   </div>
   <div class='ocr_carea' id='block_1_110' title="bbox 2178 5180 3837 5255">
    <p class='ocr_par' dir='ltr' id='par_1_110' title="bbox 2178 5180 3837 5255">
     <span class='ocr_line' id='line_1_110' title="bbox 2178 5180 3837 5255; baseline -0.001 -17"><span class='ocrx_word' id='word_1_801' title='bbox 2178 5182 2437 5239; x_wconf 88' lang='lat' dir='ltr'><strong>tentione</strong></span> <span class='ocrx_word' id='word_1_802' title='bbox 2485 5198 2589 5255; x_wconf 90' lang='lat' dir='ltr'><strong>per</strong></span> <span class='ocrx_word' id='word_1_803' title='bbox 2636 5180 2837 5237; x_wconf 91' lang='lat' dir='ltr'><strong>omnia</strong></span> <span class='ocrx_word' id='word_1_804' title='bbox 2885 5184 3087 5254; x_wconf 91' lang='lat' dir='ltr'><strong>satage</strong></span> <span class='ocrx_word' id='word_1_805' title='bbox 3135 5196 3425 5237; x_wconf 76' lang='lat' dir='ltr'><strong>revocare.</strong></span> <span class='ocrx_word' id='word_1_806' title='bbox 3456 5180 3589 5237; x_wconf 86' lang='lat' dir='ltr'><strong>Jam</strong></span> <span class='ocrx_word' id='word_1_807' title='bbox 3617 5197 3752 5237; x_wconf 93' lang='lat' dir='ltr'><strong>vero</strong></span> <span class='ocrx_word' id='word_1_808' title='bbox 3785 5180 3837 5237; x_wconf 89' lang='lat' dir='ltr'><strong>si</strong></span> 
     </span>
    </p>
   </div>
   <div class='ocr_carea' id='block_1_111' title="bbox 2178 5269 3835 5344">
    <p class='ocr_par' dir='ltr' id='par_1_111' title="bbox 2178 5269 3835 5344">
     <span class='ocr_line' id='line_1_111' title="bbox 2178 5269 3835 5344; baseline 0 -17"><span class='ocrx_word' id='word_1_809' title='bbox 2178 5288 2375 5328; x_wconf 91' lang='lat' dir='ltr'><strong>amore</strong></span> <span class='ocrx_word' id='word_1_810' title='bbox 2396 5271 2691 5344; x_wconf 68' lang='lat' dir='ltr'><strong>pudicitiae</strong></span> <span class='ocrx_word' id='word_1_811' title='bbox 2725 5269 3157 5343; x_wconf 90' lang='lat' dir='ltr'><strong>separationem</strong></span> <span class='ocrx_word' id='word_1_812' title='bbox 3182 5270 3485 5341; x_wconf 66' lang='lat' dir='ltr'><strong>quaerit,et</strong></span> <span class='ocrx_word' id='word_1_813' title='bbox 3505 5269 3835 5344; x_wconf 77' lang='lat' dir='ltr'><strong>conjugalis</strong></span> 
     </span>
    </p>
   </div>
   <div class='ocr_carea' id='block_1_112' title="bbox 2177 5358 3836 5433">
    <p class='ocr_par' dir='ltr' id='par_1_112' title="bbox 2177 5358 3836 5433">
     <span class='ocr_line' id='line_1_112' title="bbox 2177 5358 3836 5433; baseline -0.001 -15"><span class='ocrx_word' id='word_1_814' title='bbox 2177 5361 2453 5418; x_wconf 90' lang='lat' dir='ltr'><strong>connubii</strong></span> <span class='ocrx_word' id='word_1_815' title='bbox 2476 5359 2828 5418; x_wconf 89' lang='lat' dir='ltr'><strong>solutionem</strong></span> <span class='ocrx_word' id='word_1_816' title='bbox 2861 5358 3406 5431; x_wconf 84' lang='lat' dir='ltr'><strong>efﬂagitat,certum</strong></span> <span class='ocrx_word' id='word_1_817' title='bbox 3427 5364 3535 5429; x_wconf 88' lang='lat' dir='ltr'><strong>est,</strong></span> <span class='ocrx_word' id='word_1_818' title='bbox 3557 5360 3836 5433; x_wconf 82' lang='lat' dir='ltr'><strong>Apostolo</strong></span> 
     </span>
    </p>
   </div>
   <div class='ocr_carea' id='block_1_113' title="bbox 2178 5447 3833 5523">
    <p class='ocr_par' dir='ltr' id='par_1_113' title="bbox 2178 5447 3833 5523">
     <span class='ocr_line' id='line_1_113' title="bbox 2178 5447 3833 5523; baseline 0.001 -18"><span class='ocrx_word' id='word_1_819' title='bbox 2178 5449 2837 5523; x_wconf 71' lang='lat' dir='ltr'><strong>prmdicante,quoniam</strong></span> <span class='ocrx_word' id='word_1_820' title='bbox 2856 5447 3068 5504; x_wconf 92' lang='lat' dir='ltr'><strong>mulier</strong></span> <span class='ocrx_word' id='word_1_821' title='bbox 3087 5447 3179 5504; x_wconf 93' lang='lat' dir='ltr'><strong>sui</strong></span> <span class='ocrx_word' id='word_1_822' title='bbox 3201 5449 3462 5522; x_wconf 92' lang='lat' dir='ltr'><strong>corporis</strong></span> <span class='ocrx_word' id='word_1_823' title='bbox 3484 5453 3833 5522; x_wconf 89' lang='lat' dir='ltr'><strong>potestatem</strong></span> 
     </span>
    </p>
   </div>
   <div class='ocr_carea' id='block_1_114' title="bbox 2178 5537 3838 5612">
    <p class='ocr_par' dir='ltr' id='par_1_114' title="bbox 2178 5537 3838 5612">
     <span class='ocr_line' id='line_1_114' title="bbox 2178 5537 3838 5612; baseline -0.001 -15"><span class='ocrx_word' id='word_1_824' title='bbox 2178 5559 2292 5598; x_wconf 89' lang='lat' dir='ltr'><strong>non</strong></span> <span class='ocrx_word' id='word_1_825' title='bbox 2310 5541 2506 5607; x_wconf 89' lang='lat' dir='ltr'><strong>habet,</strong></span> <span class='ocrx_word' id='word_1_826' title='bbox 2525 5542 2625 5596; x_wconf 91' lang='lat' dir='ltr'><strong>sed</strong></span> <span class='ocrx_word' id='word_1_827' title='bbox 2648 5539 2977 5595; x_wconf 88' lang='lat' dir='ltr'><strong>vir.Verum</strong></span> <span class='ocrx_word' id='word_1_828' title='bbox 2999 5539 3047 5593; x_wconf 86' lang='lat' dir='ltr'><strong>si</strong></span> <span class='ocrx_word' id='word_1_829' title='bbox 3067 5543 3124 5593; x_wconf 92' lang='lat' dir='ltr'><strong>et</strong></span> <span class='ocrx_word' id='word_1_830' title='bbox 3142 5537 3267 5611; x_wconf 90' lang='lat' dir='ltr'><strong>ipse</strong></span> <span class='ocrx_word' id='word_1_831' title='bbox 3285 5538 3629 5612; x_wconf 89' lang='lat' dir='ltr'><strong>pudicitiam</strong></span> <span class='ocrx_word' id='word_1_832' title='bbox 3654 5544 3838 5596; x_wconf 86' lang='lat' dir='ltr'><strong>secta-</strong></span> 
     </span>
    </p>
   </div>
   <div class='ocr_carea' id='block_1_115' title="bbox 2178 5626 3834 5703">
    <p class='ocr_par' dir='ltr' id='par_1_115' title="bbox 2178 5626 3834 5703">
     <span class='ocr_line' id='line_1_115' title="bbox 2178 5626 3834 5703; baseline -0.001 -16"><span class='ocrx_word' id='word_1_833' title='bbox 2178 5636 2275 5687; x_wconf 90' lang='lat' dir='ltr'><strong>tus</strong></span> <span class='ocrx_word' id='word_1_834' title='bbox 2301 5629 2601 5703; x_wconf 89' lang='lat' dir='ltr'><strong>religionis</strong></span> <span class='ocrx_word' id='word_1_835' title='bbox 2624 5630 2863 5685; x_wconf 91' lang='lat' dir='ltr'><strong>obtentu</strong></span> <span class='ocrx_word' id='word_1_836' title='bbox 2878 5626 3147 5701; x_wconf 90' lang='lat' dir='ltr'><strong>copulam</strong></span> <span class='ocrx_word' id='word_1_837' title='bbox 3159 5628 3475 5685; x_wconf 89' lang='lat' dir='ltr'><strong>dissolvere</strong></span> <span class='ocrx_word' id='word_1_838' title='bbox 3486 5629 3834 5698; x_wconf 89' lang='lat' dir='ltr'><strong>vis,tantum</strong></span> 
     </span>
    </p>
   </div>
   <div class='ocr_carea' id='block_1_116' title="bbox 2178 5717 3835 5792">
    <p class='ocr_par' dir='ltr' id='par_1_116' title="bbox 2178 5717 3835 5792">
     <span class='ocr_line' id='line_1_116' title="bbox 2178 5717 3835 5792; baseline -0.001 -15"><span class='ocrx_word' id='word_1_839' title='bbox 2178 5738 2251 5777; x_wconf 84' lang='lat' dir='ltr'><strong>ne</strong></span> <span class='ocrx_word' id='word_1_840' title='bbox 2279 5718 2584 5775; x_wconf 89' lang='lat' dir='ltr'><strong>simultate</strong></span> <span class='ocrx_word' id='word_1_841' title='bbox 2615 5718 2735 5787; x_wconf 85' lang='lat' dir='ltr'><strong>ﬁat,</strong></span> <span class='ocrx_word' id='word_1_842' title='bbox 2758 5717 3154 5776; x_wconf 82' lang='lat' dir='ltr'><strong>concedimus.</strong></span> <span class='ocrx_word' id='word_1_843' title='bbox 3189 5717 3337 5774; x_wconf 90' lang='lat' dir='ltr'><strong>Nam</strong></span> <span class='ocrx_word' id='word_1_844' title='bbox 3373 5717 3509 5774; x_wconf 89' lang='lat' dir='ltr'><strong>licet</strong></span> <span class='ocrx_word' id='word_1_845' title='bbox 3546 5718 3835 5792; x_wconf 89' lang='lat' dir='ltr'><strong>scriptum</strong></span> 
     </span>
    </p>
   </div>
  </div>
