4138 6510
276 492 434 556 U49

1500 496 1906 560 EPIS'I‘OL/E
1949 498 2050 561 ET
2094 499 2481 562 DECRETA.

3541 501 3699 589 uso

271 628 372 697 sit,
406 626 557 698 Quod
600 629 739 686 Deus
782 627 1093 702 conjunxit,
1142 628 1299 686 homo
1344 647 1456 686 non
1500 638 1731 703 separet,
1774 631 1931 687 Deus
1960 632 2016 700 Α
2046 632 2311 691 mulieris
2369 632 2661 707 passione,
2720 636 2779 690 et
2842 633 2915 690 ad
2973 632 3268 691 sulfureos
3324 633 3581 704 fautores,
3638 638 3699 691 et

271 722 474 774 tamen
504 721 563 774 et
591 734 708 774 non
733 717 910 774 homo
945 722 1197 792 separat,
1232 720 1467 791 quando
1499 720 1681 775 divini
1719 721 1938 777 amoris

271 806 591 875 intuitu,ex
619 823 911 863 consensu
936 806 1245 879 utriusque
1265 809 1532 881 conjugis
1564 809 1940 865 matrimonia

272 895 696 953 dissolvuntur.
733 896 791 952 Si
825 913 963 969 ergo
994 896 1104 952 hoc
1138 898 1309 953 modo
1340 898 1570 970 vis,non
1601 902 1766 971 grato
1809 916 1936 971 per-

271 985 572 1041 mittimus
604 985 822 1054 animo,
848 985 1214 1059 celeremque
1243 987 1573 1059 praebemus
1605 1003 1935 1044 assensum.

270 1074 455 1130 Aliter
482 1078 680 1131 autem
733 1074 859 1130 ﬂeri
909 1080 1178 1131 mutuam
1221 1080 1473 1132 vestram
1506 1077 1936 1149 separationem

267 1162 997 1237 prohibemuszsiquidem
1029 1163 1312 1237 scriptum
1339 1164 1810 1239 legimuszErunt
1830 1166 1937 1222 duo

268 1254 335 1308 in
362 1270 529 1309 carne
552 1254 857 1318 una.Quod
890 1253 1058 1310 divus
1089 1254 1406 1327 Gregorius
1438 1256 1673 1328 exponit
1694 1256 1933 1311 dicens:

266 1340 332 1398 Si
359 1341 540 1415 igitur
567 1342 657 1397 vir
698 1345 756 1398 et
803 1358 950 1398 uxor
1000 1360 1120 1399 una
1178 1360 1311 1400 caro
1358 1349 1517 1411 sunt,
1551 1348 1607 1400 et
1638 1344 1935 1417 religionis

265 1446 448 1485 causa
475 1430 565 1486 vir
592 1430 837 1487 dimittit
863 1432 1221 1499 uxorem,vel
1253 1433 1467 1489 mulier
1494 1434 1686 1489 virum
1716 1433 1777 1489 in
1824 1434 1934 1490 hoc

265 1519 493 1574 mundo
526 1520 1045 1585 remanentem,vel
1068 1521 1316 1578 fortasse
1347 1524 1419 1578 ad
1449 1521 1655 1579 illicita
1679 1523 1934 1596 migran-

264 1610 411 1677 tem,
445 1624 575 1681 quae
606 1612 696 1665 est
726 1608 841 1665 ista
871 1609 1191 1679 conversio,
1225 1610 1285 1666 in
1318 1628 1436 1684 qua
1463 1629 1580 1668 una
1611 1613 1933 1685 eademque

265 1712 428 1762 caro,
459 1700 517 1753 et
562 1713 631 1753 ex
682 1701 845 1770 parte
892 1697 1108 1754 transit
1157 1699 1228 1754 ad
1280 1699 1723 1771 continentiam,
1757 1704 1815 1756 et
1864 1719 1933 1758 ex

269 1789 435 1858 parte
465 1790 729 1843 remanet
759 1785 819 1842 in
850 1786 1177 1859 pollutione
1197 1789 1225 1843 ?
1255 1788 1312 1845 Si
1344 1805 1477 1845 vero
1508 1789 1775 1862 utrisque
1794 1807 1931 1846 con-

265 1874 465 1930 veniat
495 1875 893 1931 continentem
926 1876 1104 1932 vitam
1137 1878 1369 1945 ducere,
1404 1878 1512 1934 hoc
1556 1879 1689 1951 quis
1720 1881 1932 1936 audeat

267 1964 586 2021 accusare?
630 1965 865 2037 quando
924 1970 1149 2021 certum
1204 1970 1294 2022 est
1348 1967 1503 2039 quod
1561 1967 1930 2041 omnipotens

267 2052 581 2120 Dominus,
604 2053 705 2126 qui
737 2055 966 2110 minora
994 2055 1304 2123 concessit,
1330 2057 1554 2127 majora
1583 2074 1698 2112 non
1732 2058 1924 2130 prohi-

268 2141 421 2198 buit.
457 2143 633 2199 Porro
681 2143 731 2199 si
781 2143 1065 2200 sterilitas
1118 2149 1448 2213 accusatur,
1482 2146 1676 2218 cogita
1721 2151 1923 2203 Saram

268 2231 748 2304 nonagenariam.
778 2234 1000 2288 Annam
1027 2250 1261 2306 quoque
1288 2233 1466 2290 simul
1497 2239 1555 2290 et
1584 2234 1881 2291 Elisabelh
1910 2254 1923 2291 :

266 2337 449 2392 quam
482 2324 681 2377 tamen
712 2320 1077 2378 sterilitatem
1111 2323 1355 2379 fortasse
1378 2340 1492 2378 non
1516 2324 1651 2378 facit
1671 2324 1928 2379 infecun-

265 2410 444 2477 ditas,
478 2410 579 2465 sed
606 2409 909 2483 iniquitas.
946 2415 1022 2465 De
1061 2411 1193 2466 aliis
1244 2416 1536 2480 postremo
1575 2412 1753 2478 vitiis,
1788 2413 1924 2468 audi

264 2498 412 2569 quid
446 2497 697 2553 ccelestis
728 2499 1090 2556 bibliothecae
1115 2499 1304 2555 cultor
1323 2499 1477 2556 dicat
1500 2501 1886 2575 Hieronymus
1910 2520 1923 2558 :

266 2587 931 2660 Grave,inquit,pondus
952 2606 1199 2645 uxorum
1231 2589 1418 2659 est,si,
1449 2594 1728 2662 exccepta
1751 2608 1931 2646 causa

269 2674 698 2741 fornicationis,
737 2693 838 2733 eas
867 2677 1162 2734 dimittere
1190 2696 1305 2733 non
1338 2678 1492 2734 licet.
1529 2679 1677 2742 Quid
1701 2679 1856 2735 enim
1876 2680 1926 2735 si

265 2764 593 2820 temulenta
618 2765 813 2831 fuerit,
846 2764 897 2820 si
926 2766 1230 2833 iracunda,
1262 2767 1311 2822 si
1345 2767 1519 2824 malis
1557 2769 1842 2834 moribus,
1876 2769 1925 2825 si

268 2852 650 2924 luxuriosa,si
667 2853 951 2927 gulosa,si
970 2855 1193 2928 vaga,si
1206 2857 1499 2929 jurgatrix
1529 2862 1586 2913 et
1618 2856 1923 2927 maledica,

270 2943 529 2997 tenenda
557 2943 668 2998 erit
698 2943 1071 3000 istiusmodi?
1098 2945 1392 3013 volumus,
1429 2946 1925 3013 nolumus,susti-

271 3032 465 3087 nenda
491 3035 599 3087 est.
631 3036 774 3088 Cum
806 3032 963 3088 enim
997 3050 1263 3090 essemus
1292 3033 1458 3090 liberi
1490 3034 1788 3090 voluntate
1820 3053 1926 3091 nos

269 3119 636 3192 subjecimus
667 3120 950 3189 servituti,
994 3126 1051 3177 et
1093 3139 1309 3191 revera,
1342 3126 1407 3177 ut
1452 3123 1647 3180 verbis
1690 3128 1929 3180 utamur

267 3208 817 3282 Apostoli,atlz’gatu.s
845 3226 901 3266 es
930 3210 1131 3267 uxori?
1160 3212 1279 3266 noli
1308 3227 1551 3284 quaerere
1579 3214 1922 3270 solutionem.

269 3298 443 3370 Ergo,
499 3296 926 3371 gloriosissime
972 3316 1091 3366 rex,
1144 3304 1267 3356 esto
1328 3300 1562 3373 propria
1617 3306 1927 3360 contentus

269 3403 467 3454 uxore,
500 3370 557 3442 et
581 3391 791 3460 praeter
820 3386 999 3456 illius,
1030 3387 1272 3444 alterius
1305 3370 1566 3461 unquam
1600 3408 1670 3446 ne
1700 3408 1926 3463 quaeras
1957 3370 2000 3436 Ο

270 3475 651 3531 consortium.
687 3476 755 3530 Et
786 3480 958 3543 certe,
992 3480 1280 3548 quantum
1319 3477 1619 3534 humanus
1669 3478 1929 3536 invenire

270 3563 495 3619 sufﬁcit
526 3562 1090 3630 intellectus,eadem
1122 3565 1324 3621 crebro
1354 3571 1678 3623 memorata
1716 3567 1930 3624 mulier

270 3669 389 3708 non
421 3650 615 3708 solum
647 3653 854 3709 insons
883 3670 1036 3726 saepe
1067 3655 1447 3726 comprobata
1487 3660 1595 3724 est,
1626 3674 1828 3713 verum
1870 3664 1928 3714 et

268 3739 539 3798 Ecclesiae
569 3740 853 3797 auxilium
904 3745 1082 3813 atque
1119 3742 1418 3814 judicium
1465 3761 1809 3817 provocasse
1836 3746 1927 3801 di-

270 3829 594 3903 gnoscitur.
632 3832 880 3903 Insuper
910 3834 967 3886 et
992 3830 1179 3886 sancti
1208 3831 1606 3905 apostolorum
1644 3834 1929 3907 principis

270 3918 423 3975 Petri
473 3919 813 3992 praesidium
864 3919 1155 3992 expetivit.
1190 3920 1353 3976 Unde
1395 3922 1562 3978 sedes
1610 3923 1931 3995 apostolica

270 4023 511 4064 causam
535 4013 790 4064 vestram
822 4025 925 4081 per
952 4008 1143 4081 ipsam
1165 4009 1338 4082 cmpit
1358 4008 1732 4079 discutere,et
1751 4012 1928 4083 quid-

271 4096 413 4170 quid
445 4097 786 4171 quaestionis
817 4097 1419 4172 emersisset,speciali
1442 4099 1669 4171 judicio
1699 4117 1806 4156 suo
1838 4118 1926 4158 re-

271 4202 501 4242 servare
531 4185 986 4258 proposuit.Qua
1005 4186 1077 4242 de
1107 4203 1168 4243 re
1191 4205 1307 4243 non
1329 4192 1608 4260 putamus
1635 4192 1693 4245 te
1722 4188 1783 4244 in
1804 4192 1930 4245 tan-

268 4277 391 4330 tam
420 4274 505 4330 tui
538 4274 854 4348 perniciem
887 4274 1331 4345 devolvendum,
1363 4281 1430 4332 ut
1462 4282 1666 4334 contra
1694 4281 1926 4336 nostras

271 4361 678 4433 difﬁnitiones,
708 4363 797 4421 vel
829 4364 1111 4420 adversus
1141 4365 1344 4421 crebro
1375 4364 1590 4422 dictam
1623 4365 1923 4436 feminam,

273 4450 426 4507 beati
476 4451 629 4507 Petri
677 4453 948 4526 confugio
991 4470 1233 4525 prorsus
1264 4440 1547 4523 innixam,
1582 4472 1750 4529 agere
1782 4474 1926 4529 quo—

272 4556 504 4612 cunque
533 4541 707 4596 modo
738 4540 1069 4598 consentias
1101 4558 1114 4595 :
1152 4559 1287 4598 cum
1320 4542 1424 4600 tibi
1457 4543 1736 4616 potius,et
1752 4562 1928 4618 regno

271 4631 397 4697 tuo,
427 4645 607 4700 quam
639 4629 1107 4704 Theutbergse,si
1137 4632 1209 4687 ad
1235 4631 1346 4688 hoc
1370 4636 1489 4689 tam
1522 4633 1779 4690 immane
1798 4634 1926 4708 pia-

2046 723 2374 780 brevissimi
2406 723 2688 795 temporis
2718 723 3029 791 desiderio,
3053 722 3282 779 vinctus
3312 727 3370 780 et
3404 723 3697 797 obligatus

2045 815 2117 869 ad
2151 830 2404 886 perenne
2454 812 2706 868 traharis
2755 812 3023 868 exitium.
3076 812 3342 868 Deterius
3388 813 3605 885 quippe
3634 812 3695 869 in

2046 901 2279 975 populis
2311 900 2533 974 praelati
2562 901 2915 974 delinquunt
2964 917 2977 956 :
3031 918 3096 956 ac
3144 917 3247 973 per
3296 904 3403 956 hoc
3434 900 3547 973 ipsi
3571 919 3698 957 cru-

2047 990 2236 1047 delius
2293 1007 2473 1063 quam
2530 989 2719 1045 caeteri
2758 990 3104 1062 puniuntur.
3140 989 3250 1045 Sed
3302 993 3367 1045 ut
3415 990 3697 1045 manifes-

2045 1079 2164 1143 tius
2189 1097 2326 1136 vera
2355 1096 2461 1134 nos
2493 1079 2682 1134 dicere
2723 1078 2895 1145 scias,
2930 1078 3166 1133 beatum
3216 1094 3429 1150 papam
3479 1077 3696 1151 Grego-

2046 1168 2202 1223 rium
2241 1167 2398 1235 audi,
2434 1166 2534 1240 qui
2568 1169 2650 1223 ait
2682 1185 2695 1222 :
2727 1168 2887 1222 Scire
2925 1165 3141 1222 etenim
3188 1164 3411 1239 praelati
3459 1167 3696 1236 debent,

2046 1257 2183 1329 quia
2229 1257 2278 1311 si
2327 1273 2597 1329 perversa
2644 1272 2907 1327 unquam
2956 1259 3312 1327 perpetrant,
3361 1258 3447 1310 tot
3493 1255 3695 1311 morti-

2045 1348 2156 1402 bus
2187 1345 2349 1419 digni
2381 1348 2539 1410 sunt,
2574 1348 2717 1416 qnot
2746 1345 2817 1399 ad
2853 1344 3123 1399 subditos
3173 1361 3311 1399 suos
3350 1342 3696 1415 perditionis

2044 1435 2311 1507 exempla
2332 1433 2933 1490 transmittunt.Unde
2963 1448 3199 1488 necesse
3225 1436 3314 1488 est
3342 1436 3407 1487 ut
3437 1435 3598 1488 tanto
3633 1449 3696 1488 se

2042 1523 2273 1579 cautius
2313 1540 2347 1579 a
2397 1523 2570 1595 culpa
2600 1521 2951 1589 custodiant,
2976 1525 3196 1593 quanto
3228 1537 3331 1593 per
3360 1538 3536 1593 prava
3565 1536 3693 1592 quas

2043 1611 2265 1669 faciunt
2322 1628 2439 1667 non
2488 1610 2596 1666 soli
2643 1610 2995 1665 moriuntur.
3030 1610 3161 1665 Haec
3209 1614 3404 1665 autem
3449 1626 3557 1664 nos
3590 1608 3692 1664 tibi

2041 1719 2198 1758 nunc
2229 1701 2623 1774 scripsisse,et
2653 1699 2823 1772 quasi
2872 1699 3029 1754 inter
3076 1715 3183 1755 nos
3212 1702 3272 1754 et
3299 1704 3354 1754 te
3381 1699 3556 1754 verba
3584 1714 3694 1753 no-

2040 1796 2163 1848 stra
2182 1807 2456 1846 excessus
2487 1794 2621 1845 tuos
2651 1786 3023 1860 corripientia
3044 1786 3394 1843 discurrisse
3415 1786 3689 1844 sufﬁciat.

2039 1884 2322 1935 Carterum
2352 1893 2607 1950 praecave
2639 1876 2951 1949 nequando
2982 1876 3173 1943 nobis,
3206 1877 3532 1932 secundum
3582 1876 3694 1931 Do-

2040 1968 2185 2024 mini
2216 1967 2748 2041 praaceptum,duos
2779 1970 2882 2021 aut
2908 1971 3029 2021 tres
3057 1969 3236 2021 testes
3268 1964 3692 2020 adhibeamus:

2039 2059 2158 2113 imo
2187 2074 2341 2125 vero,
2366 2072 2438 2111 ne
2469 2055 2578 2110 hoc
2610 2054 2879 2110 Ecclesiae
2911 2058 3127 2110 sanctae
3158 2052 3693 2124 dicamus,et,quod

2038 2164 2153 2202 non
2185 2149 2476 2217 optamus,
2512 2144 2582 2199 de
2614 2146 2818 2199 caetero
2854 2143 2960 2197 ﬁas
2983 2141 3210 2198 cunctis
3241 2141 3394 2197 sicut
3423 2140 3693 2197 ethnicus

2037 2240 2095 2291 ct
2126 2234 2498 2308 publicanus.

2109 2325 2283 2380 Porro
2340 2321 2739 2377 excellentiam
2793 2324 3043 2376 vestram
3097 2320 3424 2387 hortamur,
3472 2322 3537 2374 ut
3581 2319 3693 2375 hoc

2036 2412 2334 2486 exemplar
2366 2410 2624 2484 epistola:
2658 2411 2730 2465 ad
2764 2409 3104 2465 Lotharium
3136 2409 3352 2476 missae,
3385 2424 3693 2481 quousque

2036 2502 2204 2557 illum
2238 2501 2454 2556 nostris
2484 2499 2722 2555 monitis
2744 2498 2977 2554 obedire
3005 2498 3255 2569 perfecte
3283 2496 3687 2569 cognoveritis.

2036 2593 2191 2664 apud
2222 2608 2342 2659 vos,
2379 2588 2618 2644 nemine
2649 2587 2761 2643 alio
2793 2586 3033 2654 sciente,
3068 2586 3388 2642 retineatis.
3412 2586 3472 2641 Si
3495 2589 3693 2640 autem

2036 2696 2155 2734 suae
2187 2676 2567 2735 obstinationi
2592 2692 2709 2731 non
2738 2673 3063 2743 cesserit,et
3093 2691 3219 2746 qua:
3251 2674 3302 2728 ei
3334 2675 3402 2730 ad
3437 2690 3693 2745 praesens

2035 2768 2379 2841 dirigemus,
2415 2766 2692 2838 perficere
2722 2763 3038 2831 distulerit,
3063 2761 3152 2817 vel
3184 2761 3234 2818 si
3262 2762 3693 2834 Theutbergam

2036 2856 2297 2930 reginam
2342 2854 2539 2911 debito
2587 2854 2808 2909 honore
2853 2869 2969 2907 non
3021 2850 3346 2919 retinuerit,
3379 2854 3572 2906 vestra
3618 2850 3693 2906 ad

2035 2946 2300 3003 omnium
2332 2942 2621 3009 notitiam,
2658 2960 2784 3014 quae
2819 2942 2889 2996 de
2923 2958 2988 2996 eo
3020 2939 3339 2996 statuimus
3390 2938 3567 2994 faciat
3593 2954 3689 2994 ve-

2036 3036 2160 3091 nire
2191 3032 2548 3096 sublimitas,
2581 3035 2638 3086 et
2675 3031 2849 3102 juxta
2895 3033 3108 3083 nostra:
3155 3045 3414 3084 censurae
3448 3027 3689 3083 modum

2035 3125 2107 3180 ad
2137 3122 2383 3197 gloriam
2414 3124 2665 3177 vestram
2697 3117 3113 3175 transmissum
3141 3117 3257 3173 huc
3289 3116 3545 3188 illucque
3576 3114 3692 3171 dis-

2035 3217 2257 3286 pergat.

2811 3306 2918 3361 CL.

2343 3416 2411 3454 AD
2450 3412 2781 3453 LUDOVICUM
2820 3411 3011 3451 REGI-3M
3049 3410 3377 3449 GERMANUE.

2675 3486 2864 3554 (Anno
2894 3482 3044 3555 867.)

2041 3581 2103 3636 Ut
2134 3579 2451 3634 Lotharium
2498 3575 2570 3630 ad
2614 3572 2957 3642 diligendum
3010 3572 3408 3639 Theutbergam
3452 3570 3693 3642 crocitare

2101 3656 2329 3721 pergat,
2349 3655 2400 3703 et
2428 3639 2793 3719 Ingettrudem
2822 3644 2893 3699 ad
2924 3647 3194 3699 Bosonem
3220 3643 3485 3697 maritum
3513 3639 3692 3695 redire

2107 3720 2408 3792 Compettat.

2552 3806 2740 3878 [Apud
2774 3802 2985 3872 Mansi,
3019 3802 3180 3876 ibid.J

2107 3926 2382 3981 Nicomus
2411 3923 2744 3997 episcopus,
2777 3937 2979 3977 servus
3008 3934 3309 3975 servorum
3342 3916 3466 3984 Dei,
3485 3915 3694 3971 dilecto

2039 4014 2159 4070 ﬁlio
2191 4015 2475 4077 Lunoyico
2504 4009 2757 4085 glorioso
2789 4008 2931 4081 regi.
3508 4058 3515 4065 κ

2109 4105 2421 4159 Precamur
2475 4098 2786 4156 amabilem
2835 4096 3205 4153 dilectionem
3232 4095 3487 4150 vestram
3519 4095 3583 4148 ut
3612 4108 3696 4146 re-

2037 4209 2169 4266 gem
2201 4190 2543 4248 Lotharium
2594 4203 2830 4243 monere
2878 4184 3041 4241 nullo
3086 4188 3255 4256 pacto
3301 4179 3598 4238 desistatis
3631 4183 3695 4235 ut

2036 4281 2294 4337 debitam
2326 4277 2697 4335 dilectionem
2719 4275 3103 4347 Theutbergaa
3130 4271 3343 4345 reginae
3369 4268 3535 4326 uxori
3567 4285 3688 4324 suae

2036 4386 2269 4442 semper
2296 4367 2623 4439 impendat:
2644 4380 2750 4420 nec
2771 4362 2883 4420 sibi
2898 4357 3434 4432 blandiatur,quasi
3454 4357 3692 4413 studeat

2036 4476 2165 4515 eam
2205 4474 2407 4530 cogere
2454 4459 2520 4510 ut
2570 4452 2810 4525 aliquod
2861 4451 2974 4508 sibi
3022 4449 3244 4506 crimen
3295 4447 3601 4519 impingat,
3635 4448 3692 4501 et

2037 4564 2140 4619 per
2175 4547 2285 4602 hoc
2333 4543 2523 4600 valeat
2551 4542 2714 4598 illam
2746 4559 2782 4597 a
2811 4558 2919 4596 suo
2946 4539 3240 4595 consortio
3271 4539 3640 4609 sequestrare
3672 4552 3685 4589 :

2038 4635 2315 4709 quoniam
2345 4634 2457 4689 hoc
2488 4649 2595 4688 nec
2624 4631 2749 4703 ipse
2779 4629 3044 4704 legaliter
3073 4644 3244 4703 agere
3287 4623 3690 4699 praevalet,nec

272 4716 474 4774 culum
496 4716 762 4790 dilapsus
786 4718 1262 4793 fueris.acquiras
1277 4720 1516 4778 omnino
1528 4722 1928 4795 dispendium.
1957 4739 2004 4804 D
2037 4742 2145 4780 nos
2178 4723 2396 4780 talibus
2419 4720 2815 4794 praestigiis,et
2838 4723 2959 4775 tam
2982 4714 3364 4804 fraudulentae
3385 4710 3691 4804 calliditati

272 4806 461 4880 Igitur
490 4805 806 4862 consilium
838 4811 1126 4876 nostrum,
1159 4809 1375 4883 accipe,
1399 4814 1457 4866 et
1479 4811 1704 4868 monita
1727 4817 1930 4870 nostra

272 4899 559 4967 tanquam
613 4894 913 4952 affectuosi
969 4897 1156 4968 patris
1211 4897 1580 4970 amplectere,
1625 4905 1803 4974 atque
1851 4902 1923 4958 ab

274 4984 433 5042 omni
446 4983 728 5057 pravitate
742 4985 1649 5061 mentem,linguam,corpusque
1660 4990 1923 5059 refraena,

272 5073 563 5147 pracipue
585 5071 917 5129 Waldrada
948 5072 1174 5146 pellicis
1205 5077 1400 5142 tuw,et
1429 5076 1653 5133 dudum
1685 5095 1719 5133 a
1751 5083 1807 5134 te
1837 5096 1925 5135 re-

274 5162 549 5236 pudiate,
582 5161 1057 5219 communionem
1089 5161 1413 5235 declinans,
1446 5169 1503 5220 et
1531 5166 1927 5239 ejus:consor-

273 5251 424 5307 tium
449 5253 740 5323 perpetua
752 5248 1026 5306 oblivioni
1038 5252 1622 5311 contradens.Excom
1632 5255 1930 5313 municata

274 5342 365 5394 est
384 5338 626 5407 enim,et
649 5355 834 5410 usque
857 5338 930 5393 ad
952 5340 1326 5411 praesentiam
1347 5345 1632 5410 nostram,
1666 5344 1738 5399 ab
1768 5344 1929 5400 omni

275 5426 742 5484 Christianorum
774 5427 1160 5484 contubernio
1191 5433 1575 5502 sequestrata,
1601 5430 1752 5488 sicut
1769 5436 1930 5490 totus

266 5516 395 5589 jam
446 5515 608 5573 novit
655 5515 960 5584 Occidens,
994 5520 1052 5571 et
1086 5517 1213 5587 jam
1256 5519 1503 5590 jamque
1551 5536 1785 5593 quoque
1829 5538 1932 5593 per

278 5605 492 5662 missos
523 5609 757 5661 nostros
781 5604 1023 5660 minime
1071 5622 1206 5661 cum
1255 5606 1445 5680 plagis
1475 5610 1698 5665 caeteris
1725 5610 1930 5667 Oriens

275 5693 590 5769 ignorabit.
621 5693 1013 5759 Quamobrem
1045 5695 1369 5751 cavendum
1412 5702 1521 5767 est,
1556 5717 1628 5755 ne
1676 5718 1810 5757 cum
1863 5718 1933 5757 ea

277 5784 402 5858 pari
454 5800 731 5841 mucrone
778 5781 1114 5858 percellaris
1158 5786 1480 5855 sententiae,
1514 5806 1581 5845 ac
1618 5806 1723 5861 pro
1754 5789 1931 5848 unius

2036 4813 2229 4870 locum
2261 4813 2399 4867 dare
2447 4809 2862 4883 permittimus.
2914 4807 3026 4864 Sed
3069 4803 3300 4862 etiamsi
3348 4801 3687 4858 abundante

2033 4901 2364 4974 iniquitate,
2395 4897 2658 4970 qualibet
2685 4895 2923 4960 astutia,
2941 4894 3135 4968 potius
3164 4896 3359 4948 autem
3390 4888 3685 4954 violentia,

2032 4989 2148 5047 tale
2178 4988 2318 5061 quid
2351 4985 2676 5043 machinari
2717 4985 3025 5058 potuisset,
3058 4980 3431 5040 Waldradam
3462 4976 3515 5030 ei
3543 4992 3684 5030 moe-

2036 5079 2229 5147 cham,
2259 5077 2429 5149 cujus
2457 5075 2766 5131 immundo
2796 5071 3083 5130 desiderio
3132 5069 3205 5125 ad
3253 5069 3366 5122 ista
3411 5063 3686 5131 intendit,

2036 5165 2292 5233 anhelat,
2323 5170 2380 5220 et
2405 5164 2704 5237 pervenire
2733 5163 3031 5218 dementer
3050 5159 3298 5224 affectat,
3332 5152 3531 5209 nullus
3555 5169 3687 5207 con-

2029 5255 2217 5329 jugali
2259 5254 2471 5310 fcedere
2520 5251 2881 5325 permitteret
2927 5246 3156 5312 sociari,
3189 5243 3303 5299 nisi
3364 5244 3508 5298 forte
3553 5239 3685 5313 quis

2037 5344 2301 5400 omnium
2332 5341 2672 5416 legum,nisi
2703 5344 3047 5396 cunctarum
3078 5332 3416 5407 regularum
3436 5334 3686 5386 temera-

2039 5441 2129 5490 tor
2157 5437 2214 5489 et
2242 5432 2521 5488 infractor
2545 5429 2787 5486 inveniri
2811 5426 3110 5485 voluisset.
3141 5421 3307 5495 Agite
3336 5420 3515 5493 igitur
3534 5419 3687 5474 circa

2038 5538 2173 5578 eum
2206 5520 2540 5593 benigne,et
2563 5519 2842 5591 quoniam
2874 5516 3030 5573 ﬁlius
3062 5510 3323 5587 germani
3352 5507 3529 5564 vestri
3576 5510 3684 5577 est,

2038 5615 2323 5682 tanquam
2354 5626 2420 5665 os
2445 5614 2702 5664 vestrum
2736 5612 2793 5662 et
2816 5622 3050 5663 carnem
3083 5616 3338 5665 monere,
3363 5598 3685 5667 increpare.

2039 5700 2158 5755 imo
2185 5716 2319 5755 vero
2351 5697 2525 5754 etiam
2558 5696 2835 5765 severius,
2864 5694 3173 5768 corripere,
3198 5690 3339 5764 quin
3369 5690 3428 5742 et
3451 5701 3685 5758 quoquo

2039 5790 2212 5847 modo
2243 5787 2529 5859 corrigere
2558 5784 2863 5855 studeatis,
2893 5783 3108 5841 mentis
3135 5779 3356 5840 scilicet
3384 5776 3514 5849 ejus
3535 5771 3689 5831 salu-
