4138 6484
467 470 622 540 list

1848 464 2165 531 NlCOLAI
2206 461 2438 527 PAPJE
2480 462 2531 524 Ι.

3748 439 3932 503 1152

464 615 584 669 tem
615 609 807 685 magis
834 625 1014 683 quam
1044 604 1304 682 corporis
1334 600 2125 671 anhelantes.Postremo,ﬁli
2155 601 2212 669 Α
2241 596 2578 656 rentissimo
2632 596 2690 650 et
2727 586 3103 648 sanctissimo
3142 577 3455 685 confratri'
3475 581 3677 680 nostro
3723 546 3940 685 nugs!

468 701 836 767 eharissime,
859 717 977 756 non
1013 716 1117 755 vos
1149 698 1329 754 latere
1360 695 1677 760 credimus,
1702 696 1846 767 quot
1869 696 1926 749 et
1954 709 2136 765 quan-

466 796 558 848 tos
589 790 821 847 labores
853 806 957 863 pro
987 789 1192 861 refuga
1216 786 1320 842 illa
1349 786 1593 842 Bosonis
1622 801 1796 840 uxore
1823 799 1975 854 sape
2005 798 2135 854 per-

468 880 740 948 tulimus,
765 886 823 936 et
854 879 1081 951 quoties
1127 894 1277 944 eam,
1314 880 1380 932 ut
1432 876 1506 930 ad
1551 872 1803 947 justitiie
1837 872 2137 928 tramitem

470 972 778 1035 remearet,
812 967 1125 1024 salubriter
1173 964 1661 1022 admonuerimus
1715 979 1727 1018 :
1781 967 1840 1018 et
1887 959 2141 1033 qualiter

473 1059 651 1114 etiam
684 1074 797 1112 non
830 1055 1297 1127 resipiscentem,
1326 1055 1427 1109 sed
1461 1052 1729 1126 nequitia
1757 1068 1867 1109 sua
1893 1049 2143 1122 pertina-

474 1148 619 1204 citer
644 1144 1083 1219 persistensem,
1118 1144 1312 1217 gladio
1344 1142 1738 1199 anathematis
1777 1138 2140 1212 percusseri-

474 1253 629 1292 mus.
661 1235 798 1300 Qua:
832 1251 939 1290 nec
986 1251 1268 1306 percussa
1316 1232 1523 1300 doluit,
1555 1248 1660 1287 nec
1713 1230 1914 1286 attrita
1958 1226 2143 1284 voluit

473 1325 731 1398 recipere
761 1323 1272 1397 disciplinam.Vir
1302 1326 1496 1379 autem
1530 1319 1972 1393 ejus,innocens
1992 1317 2143 1372 vide-

475 1414 698 1482 licet,in
730 1414 858 1484 ejus
889 1413 1158 1469 absentia
1187 1411 1326 1467 hinc
1355 1410 1491 1467 inde
1521 1410 1719 1465 labore
1764 1426 1880 1465 non
1913 1407 2143 1463 modico

476 1504 780 1577 fatigatur,
831 1501 1113 1575 quoniam
1163 1517 1268 1556 nec
1316 1500 1431 1572 ipsi
1491 1497 1855 1554 reconciliari
1913 1494 2163 1565 absenti,

478 1591 780 1667 praevalet,
809 1608 915 1648 nec
953 1590 1213 1647 alterius
1262 1589 1364 1645 illa
1408 1589 1636 1644 vivente
1678 1585 2042 1643 consortium
2090 1584 2143 1640 ei

480 1680 789 1755 conjugale
818 1679 1177 1737 conceditur.
1210 1678 1335 1743 Qua
1358 1680 1432 1734 de
1463 1694 1526 1735 re
1558 1676 1835 1750 quoniam
1865 1674 2143 1748 improbi-

480 1775 666 1826 tatem
697 1774 756 1825 et
785 1768 1158 1826 insolentiam
1190 1769 1457 1840 ejusdem
1486 1766 1595 1822 viri
1627 1766 1967 1821 continuam
2000 1763 2147 1836 pati-

482 1876 640 1927 mur,
670 1856 919 1914 volentis
950 1856 1173 1914 scilicet
1201 1858 1476 1913 ardenter
1518 1856 1591 1911 ad
1641 1854 1994 1919 secundum,
2029 1853 2147 1908 imo

484 1949 559 2004 ‘ad
590 1947 865 2003 illicitum
898 1945 1206 2002 convolare
1235 1944 1618 2012 connubium,
1647 1943 1859 2000 obnixe
1890 1940 2149 1997 dilectio-

486 2053 622 2093 nem
650 2040 906 2093 vestram
966 2035 1363 2108 deposcimus,
1419 2037 1486 2089 ut
1543 2050 1647 2106 pro
1701 2032 2025 2088 revocanda
2081 2047 2150 2087 ea

484 2140 660 2182 omne
691 2125 956 2183 studium
990 2142 1095 2198 pro
1126 2124 1229 2181 Dei
1261 2141 1460 2180 amore
1491 2122 1762 2191 sumatis,
1796 2122 2062 2195 quinimo
2091 2125 2151 2177 et

485 2217 751 2273 eamdem
801 2215 1086 2289 perditam
1136 2232 1203 2270 ac
1251 2232 1404 2286 saepe
1463 2214 1808 2269 damnatam
1860 2212 2144 2268 feminam

482 2304 703 2362 lucrari
732 2305 979 2361 Domino
1008 2303 1372 2371 valeatis,ita
1395 2307 1461 2358 ut
1491 2302 1538 2358 si
1572 2301 1814 2358 monitis
1841 2292 2150 2373 provocata

480 2394 642 2452 viam
675 2411 793 2451 suae
825 2393 1035 2451 salutis
1066 2411 1183 2449 non
1214 2393 1440 2465 arripit,
1474 2392 1682 2448 saltem
1722 2390 2015 2464 pressuris
2046 2406 2151 2462 per

487 2488 742 2541 vestram
789 2484 1144 2540 industriam
1187 2485 1504 2556 angustata
1551 2480 1861 2553 resipiscat
1892 2496 1906 2536 :
1933 2483 1991 2535 et
2020 2495 2148 2551 quas

484 2574 563 2630 ad
592 2571 959 2629 Dominicam
991 2589 1214 2629 cmnam
1258 2576 1467 2644 sponte
1515 2571 1734 2625 intrare
1763 2568 1970 2636 noluit,
2004 2569 2148 2623 dum

484 2666 722 2718 tantum
751 2661 949 2729 intret,
980 2661 1071 2717 vel
1104 2660 1492 2733 compellatur
1519 2659 1872 2715 invita.Nam
1905 2658 2052 2713 forte
2077 2657 2149 2713 de

486 2750 835 2823 hujusmodi
868 2750 1156 2807 Dominus
1188 2767 1292 2823 per
1321 2749 1668 2822 prophetam
1701 2747 1877 2803 dicit:
1903 2749 2033 2802 Ecce
2052 2762 2149 2815 ego

490 2841 701 2912 sepiam
730 2841 877 2896 viam
905 2847 1057 2896 tuam
1080 2841 1277 2913 spinis.
1305 2847 1356 2895 et
1382 2840 1592 2910 sapiam
1635 2854 1759 2893 eam
1804 2838 2065 2903 maceria,
2098 2842 2150 2892 et

491 2931 712 2986 semitas
739 2945 870 2985 suas
895 2945 1009 2986 non
1037 2930 1354 2996 inveniet,et
1389 2936 1646 3000 sequetur
1692 2934 1965 2982 amatores
2002 2942 2146 2992 suos,

489 3026 678 3076 etnon
707 3019 1071 3092 apprehendet
1099 3035 1187 3075 eos
1220 3037 1239 3074 :
1271 3025 1481 3091 quaeret
1528 3022 1583 3073 et
1628 3033 1741 3072 non
1772 3017 2010 3073 inveniet
2037 3031 2146 3081 eos,

492 3116 544 3166 et
561 3108 702 3164 dicet
727 3126 746 3164 :
783 3108 986 3166 Vadam
1013 3115 1065 3164 et
1091 3115 1339 3164 revertar
1372 3107 1442 3162 ad
1474 3108 1658 3162 virum
1675 3121 1859 3161 meum
1884 3107 2146 3177 priorem,

492 3199 627 3270 quia
657 3196 788 3253 bene
814 3198 960 3253 mihi
986 3204 1105 3253 erat
1135 3204 1264 3252 tunc
1293 3197 1467 3268 magis
1495 3212 1660 3267 quam
1687 3211 1836 3250 nunc
1877 3195 2017 3266 (Ose.
2061 3194 2148 3265 ιι.)

492 3287 656 3352 Quod
686 3287 1087 3342 venerandum
1119 3284 1424 3341 oraculum
1457 3285 1507 3340 si
1534 3284 1756 3356 tropice
1804 3282 2150 3339 disseratur-

2245 686 2683 760 archiepiscopo
2715 683 3016 737 decretum
3047 676 3398 749 perpetuum
3430 666 3784 725 Viennensis
3811 666 3937 723 Ec-

2246 776 2458 835 clesiaz.

2319 867 2479 934 Quod
2500 865 2827 921 reverenter
2858 857 3022 933 petiit
3042 853 3327 912 sanctitas
3345 854 3451 907 tua
3472 868 3506 906 a
3527 849 3664 905 sede
3686 850 3944 920 aposto-

2248 958 2380 1027 lica,
2415 961 2471 1012 et
2498 952 2802 1011 humiliter
2830 944 3311 1021 expostulavit,ut
3343 938 3714 1027 privilegium
3752 936 3933 1027 fanti-

2248 1025 2436 1121 quum
2468 1063 2503 1101 a
2533 1042 2800 1117 patribus
2832 1043 2889 1095 et
2919 1031 3448 1111 praedecessoribus
3489 1025 3709 1084 nostris
3738 1025 3936 1121 Vien-

2251 1137 2419 1193 nensi
2452 1152 2629 1191 sacrae
2661 1131 2785 1188 sedi
2819 1140 3165 1184 concessum
3197 1134 3633 1183 renovaremus,
3665 1112 3942 1171 auctori-

2248 1231 2343 1283 tas
2372 1225 2553 1297 hujus
2582 1225 2799 1279 sanctae
2830 1217 3008 1283 sedis,
3042 1213 3184 1287 quia
3214 1211 3394 1285 digna
3444 1224 3536 1263 res
3587 1204 3936 1297 petebatur,

2253 1334 2369 1373 non
2402 1292 2629 1371 abnuit.
2664 1310 2831 1367 Sicut
2879 1322 3016 1380 ergo
3067 1304 3140 1361 ab
3171 1296 3642 1359 antecessoribus
3672 1292 3938 1358 nostris,

2252 1404 2598 1463 beatissimo
2625 1399 2849 1458 scilicet
2878 1398 3071 1452 Leone
3100 1396 3159 1449 et
3188 1407 3223 1447 a
3248 1387 3494 1461 reliquis
3525 1401 3671 1460 pene
3699 1384 3774 1440 ad
3810 1398 3932 1440 no-

2252 1500 2377 1553 stra
2406 1487 2819 1564 tempora,tuis
2850 1480 3326 1541 antecessoribus
3348 1475 3789 1564 prmstitumgest
3810 1471 3941 1527 lar-

2255 1583 2477 1658 gitione
2507 1562 2928 1652 apostolica,ut
2950 1572 3074 1646 juri
3100 1565 3452 1658 Viennensis
3482 1562 3752 1658 Ecclesiae
3774 1577 3939 1658 qua-

2253 1649 2391 1729 tuor
2421 1649 2684 1727 civitates
2711 1665 2800 1722 vel
2831 1654 3506 1737 oppida,Gratianopolis
3535 1652 3778 1718 scilicet,
3814 1649 3942 1706 Va-

2254 1762 2457 1833 lentia,
2490 1761 2743 1824 Genava,
2782 1750 3145 1813 Darentasia.
3176 1750 3454 1822 perpetua
3479 1744 3754 1816 subjectae
3796 1756 3942 1833 ma-

2257 1830 2572 1919 nerent,ita
2591 1848 2765 1904 modo
2797 1847 2998 1901 noster
3022 1837 3375 1915 praesulatus
3401 1833 3617 1891 futuris
3637 1830 3940 1904 tempori-

2258 1942 2370 1997 bus
2402 1941 2639 1995 firmum
2660 1941 2718 1993 et
2737 1930 3150 1991 inconvulsum
3164 1928 3377 1984 durare
3390 1921 3661 1998 praesenti
3687 1921 3939 1976 decreto

2257 2028 2582 2099 constituit,
2635 2031 2693 2083 et
2738 2031 2805 2080 ut
2851 2023 2923 2079 ad
2973 2022 3324 2095 potestatem
3368 2019 3427 2072 et
3473 2011 3936 2099 dispositionem

2254 2098 2605 2175 Viennensis
2635 2110 2978 2186 metropolis
3008 2108 3339 2184 pertineant
3367 2100 3750 2160 immobiliter
3776 2098 3938 2155 deﬁ-

2256 2207 2419 2265 nivit.
2455 2208 2653 2279 Neque
2685 2209 2879 2260 tamen
2914 2203 3219 2275 propterea
3239 2189 3712 2252 Darentasiensis
3734 2187 3939 2245 Eccle-

2258 2299 2346 2355 sia
2377 2297 2427 2353 si
2457 2294 2697 2369 aliquod
2727 2308 2946 2349 munus
2976 2285 3264 2363 privilegii
3314 2283 3398 2339 illi
3450 2296 3799 2338 concessum
3836 2281 3939 2335 est

2257 2388 2481 2462 perdet,
2497 2367 2635 2458 quia
2664 2399 2770 2440 nec
2800 2382 2909 2437 hoc
2941 2379 3113 2434 modo
3139 2371 3492 2431 Viennensis
3522 2367 3928 2441 archiepisco-

2258 2456 2370 2551 pus
2385 2480 2443 2532 et
2463 2456 2686 2548 primas
2710 2470 2899 2545 ipsius
2921 2487 2956 2524 a
2980 2472 3183 2524 nostra
3201 2462 3550 2551 auctoritate
3579 2456 3932 2532 postulavit,

2259 2549 2326 2622 ut
2354 2566 2567 2622 iisdem
2596 2563 2659 2635 in
2687 2561 2879 2618 tribus
2897 2556 3131 2630 oppidis
3147 2553 3235 2611 vel
3255 2549 3593 2608 civitatibus
3614 2565 3744 2620 qua:
3765 2561 3935 2635 uunc

2258 2655 2469 2712 additae
2500 2657 2559 2710 et
2587 2634 2918 2708 cemmissze
2947 2645 3223 2702 videntur
3253 2658 3369 2697 non
3402 2638 3783 2703 ordinaret,et
3802 2634 3933 2708 epi-

2259 2761 2467 2818 scopos
2496 2758 2699 2799 eorum
2728 2739 2801 2795 ad
2833 2754 2916 2804 se,
2950 2752 3085 2791 cum
3119 2735 3518 2806 opportunum
3538 2725 3780 2794 videret,
3806 2739 3933 2780 non

2259 2814 2583 2891 advocaret.
2618 2830 2731 2887 Sed
2762 2832 2829 2884 ut
2859 2827 2972 2883 sub
2993 2826 3130 2898 jure
3157 2816 3509 2877 Viennensis
3539 2814 3811 2873 Ecclesia
3849 2814 3937 2869 ita

2258 2940 2321 2980 se
2349 2921 2608 2996 positum
2630 2934 2861 2989 semper
2881 2914 3120 2980 sciat,ut
3135 2929 3239 2983 per
3258 2904 3705 2981 dispositionem
3735 2902 3936 2976 ipsius

2258 2993 2380 3068 hanc
2411 3009 2611 3067 omnia
2639 3004 3032 3064 ecclesiastice
3064 3005 3221 3075 agat,
3253 3002 3314 3056 et
3341 2997 3414 3054 ad
3447 2994 3741 3070 synodum
3765 2993 3930 3064 ejus-

2259 3102 2392 3157 dem
2419 3095 2846 3170 archiepiscopi
2877 3097 2935 3149 et
2961 3087 3235 3164 primatis
3265 3090 3507 3144 vocatus
3534 3082 3752 3157 pariter
3781 3093 3924 3137 cum

2257 3190 2481 3247 eisdem
2497 3186 2644 3260 ipsis
2663 3184 2773 3241 sibi
2788 3180 3084 3239 concessis
3099 3182 3365 3236 occurrat
3379 3194 3420 3245 ;,
3452 3178 3510 3230 et
3538 3175 3831 3245 quantum
3850 3170 3924 3227 ad

2257 3278 2589 3352 generalem
2621 3271 3085 3330 observationem
3117 3266 3347 3335 attinet,
3371 3262 3517 3320 nihil
3549 3265 3759 3335 praeter
3777 3275 3924 3316 auc-

490 3392 609 3432 non
638 3391 875 3448 parvam
907 3375 1218 3432 utilitatem
1244 3379 1502 3448 generat.
1533 3352 1750 3428 Verum
1781 3388 1937 3427 nunc
1970 3369 2149 3427 brevi—
2179 3353 2223 3420 C
2260 3368 2557 3425 toritatem
2586 3361 2940 3420 Viennensis
2971 3356 3241 3433 praesulis
3269 3353 3515 3411 deﬁnire
3552 3352 3877 3448 praesumat
3904 3366 3920 3405 :

489 3468 581 3521 ter
606 3465 922 3521 dicendum
952 3469 1062 3536 est,
1097 3463 1378 3537 quoniam
1406 3462 1456 3519 si
1486 3462 1688 3517 eadem
1720 3459 1960 3525 femina,
1993 3458 2149 3513 sicut

490 3568 597 3609 nec
630 3552 1051 3621 debet,nullius
1082 3552 1494 3608 communione
1515 3551 1887 3616 frueretur,et
1919 3565 2034 3603 non
2056 3563 2147 3602 ex-

492 3642 730 3716 quisitis
758 3641 1158 3715 voluptatibus
1190 3640 1493 3715 potiretur,
1511 3640 1560 3695 si
1590 3637 1843 3710 denique
1860 3636 1984 3692 vias
2004 3652 2146 3691 suas

492 3731 681 3803 spinis
710 3735 908 3804 septas
937 3734 1253 3803 pateretur,
1289 3729 1339 3785 si
1371 3729 1429 3784 in
1461 3728 1709 3784 terrenis
1738 3725 2042 3783 desideriis
2075 3725 2146 3780 de

490 3819 969 3891 impossibilitate
1000 3819 1338 3887 lassaretur,
1365 3818 1493 3890 jam
1541 3821 1725 3873 Deum
1772 3814 2029 3888 profecto
2071 3814 2143 3869 ad

486 3912 751 3965 mentem
781 3909 1103 3973 reduceret,
1136 3913 1193 3964 et
1240 3908 1313 3963 ad
1361 3923 1620 3963 amorem
1650 3905 1758 3961 viri
1806 3902 2028 3977 proprii
2056 3902 2144 3959 vel

490 3997 670 4054 invita
699 3998 933 4054 rediret.
966 3996 1060 4053 Sic
1091 4013 1228 4069 ergo
1258 3996 1524 4069 pervicax
1552 3994 1656 4050 illa
1684 3998 1742 4049 et
1769 3993 2144 4066 impcnnitens

486 4087 708 4156 anima,
743 4104 869 4160 quae
898 4086 998 4143 diu
1028 4090 1119 4143 est
1148 4085 1433 4154 adultera,
1467 4088 1678 4141 conata
1708 4082 2039 4156 persistere,
2060 4080 2144 4137 sic

488 4176 822 4243 fortasse,si
855 4179 1050 4233 tamen
1082 4174 1404 4231 necessitas
1435 4173 1487 4229 ei
1516 4190 1619 4246 per
1644 4189 1748 4229 vos
1776 4188 1971 4228 rerum
1994 4172 2143 4227 inte-

487 4267 600 4322 rim
632 4265 999 4322 titulatarum
1025 4262 1645 4338 imponereturﬁdelis
1658 4262 1785 4334 jam
1807 4262 2147 4317 decerneret

485 4371 616 4412 esse
646 4356 880 4428 conjux,
904 4373 1032 4428 quae
1065 4354 1275 4410 merito
1304 4370 1372 4410 ac
1399 4352 1683 4408 veraciter
1711 4350 1922 4407 deinde
1952 4351 2146 4407 dicere

485 4447 687 4516 posset
717 4460 732 4499 ε
767 4445 1026 4500 Revertar
1053 4443 1123 4499 ad
1149 4444 1336 4498 virum
1361 4457 1545 4497 meum
1567 4442 1832 4512 priorem,
1856 4442 1987 4511 quia
2016 4441 2146 4497 bene

484 4538 603 4587 erat
629 4530 779 4587 mihi
806 4538 938 4587 tunc
963 4532 1143 4601 magis
1173 4547 1339 4602 quam
1366 4546 1532 4586 nunc.
1569 4528 1852 4601 Optamus
1896 4529 2143 4603 gloriam

485 4623 741 4674 vestram
785 4620 931 4675 bene
977 4618 1188 4686 valere,
1220 4616 1601 4674 dilectissime
1650 4615 1747 4672 fili.
1781 4617 1930 4672 Data
1963 4617 2145 4674 Nonis

490 4706 705 4778 Martii,
734 4707 1053 4765 indictione
1082 4706 1179 4765 xv.’

1245 4867 1383 4924 CLI.

660 4993 730 5033 AD
767 4992 997 5033 ADONEM
1038 4990 1401 5034 VIENNENSEM
1439 4987 1965 5032 ARCHIBPISCOPUM.

1128 5093 1316 5166 (Anno
1347 5092 1498 5164 867.)

484 5209 853 5282 Conﬁrmatur
879 5211 1214 5283 auctoritate,
1249 5208 1533 5283 ponti/icio
1580 5215 1732 5283 vetus
1777 5210 2143 5283 privilegium

955 5282 1305 5353 metropoteos
1340 5282 1675 5337 Viennensis.

999 5397 1186 5470 [Apud
1220 5395 1428 5467 Mansi,
1461 5397 1622 5467 ibid.]

552 5514 836 5571 NICOLAUS
864 5511 1198 5586 episcopus,
1244 5529 1449 5569 servus
1484 5528 1785 5568 servorum
1820 5513 1942 5582 Dei,
1977 5531 2140 5571 reve-

556 5641 629 5718 (a)
663 5638 923 5718 Omnium
951 5646 1319 5718 ηρδ-ρρνιαζρξε
1365 5638 1524 5705 Quod
1577 5637 1698 5718 sub
1738 5636 1915 5692 finem
1953 5637 2141 5718 _hu_j_us

482 5709 737 5794 ορὶξιριαξ
769 5711 959 5767 facere
980 5711 1226 5794 jubnetur
1253 5709 1708 5794 llincmarus,ut
1727 5725 1866 5794 eam
1899 5710 1970 5766 ad
1993 5709 2141 5794 alios

486 5780 953 5854 archiepiscopos
986 5780 1372 5841 deferendam
1421 5785 1605 5850 curet,
1639 5780 1698 5838 id
1729 5781 1801 5837 ad
1837 5781 1963 5855 ipso
2008 5783 2140 5840 dili-

2256 3456 2449 3529 sitque
2477 3453 2807 3517 humiliter,
2832 3451 2988 3506 sicut
3016 3465 3051 3503 a
3081 3450 3295 3504 sanctae
3326 3439 3748 3500 recordationis
3768 3456 3917 3512 prae-

2255 3544 2665 3603 decessoribus
2694 3540 2914 3597 nostris
2944 3537 3179 3595 salubre
3209 3536 3509 3591 ﬁrmatum
3541 3535 3599 3588 et
3626 3532 3917 3587 statutum

2254 3640 2364 3707 est,
2395 3632 2713 3690 Viennensi
2747 3628 3019 3689 Ecclesiae
3050 3625 3132 3682 ita
3162 3623 3529 3697 suppositus,
3561 3624 3628 3676 ut
3655 3622 3916 3692 postmo-

2256 3726 2399 3780 dum
2429 3723 2676 3779 liberius
2705 3718 3054 3793 dignitatem
3087 3731 3259 3772 suam
3290 3731 3325 3770 a
3355 3710 3526 3768 nobis
3546 3709 3662 3766 sibi
3684 3723 3919 3764 conces-

2256 3831 2383 3871 sam
2417 3814 2631 3870 habere
2660 3816 2717 3867 et
2745 3813 2944 3865 tenere
2976 3804 3313 3880 przevaleat;
3365 3818 3440 3859 ne
3491 3802 3639 3857 forte
3670 3797 3720 3855 si
3750 3797 3921 3853 aliter

2256 3903 2458 3960 fecerit
2488 3906 2590 3957 aut
2620 3895 3085 3973 praesumpserit,
3139 3910 3258 3949 non
3310 3890 3504 3961 solum
3556 3888 3775 3962 aliqua
3804 3885 3919 3943 sibi

2256 4008 2535 4049 concessa
2557 3986 2918 4055 amittat,sed
2938 3984 3117 4041 etiam
3134 3985 3371 4056 propter
3384 3977 3918 4052 transgressionem

2253 4085 2311 4138 et
2337 4077 2795 4137 inobedientiam
2825 4074 3037 4130 durius
3067 4073 3387 4129 damnatus
3410 4068 3472 4124 in
3503 4068 3769 4124 futurum
3804 4065 3918 4121 hn-

2255 4168 2536 4225 milietur.
2569 4166 2719 4223 Data
2746 4163 2886 4219 Idus
2914 4162 3080 4228 Jun.,
3111 4158 3434 4216 indictione
3462 4173 3554 4212 xv.

3008 4285 3170 4343 CLII.

2253 4400 2328 4443 AD
2368 4397 2717 4440 HINCMARUM
2757 4396 2824 4435 ET
2861 4393 3124 4433 CETEROS
3163 4390 3467 4431 EPISCOPOS
3505 4388 3564 4428 IN
3603 4386 3787 4427 ΒεθΝο
3816 4387 3912 4427 ΟΔ·

2781 4484 2936 4534 ,ROLI
2976 4479 3378 4521 CONSTITUTOS.

2896 4557 3085 4629 (Anno
3113 4553 3262 4627 867.)

2254 4654 2505 4713 Exponit
2544 4666 2735 4707 causas
2778 4647 2895 4704 odii
2941 4654 2993 4702 et
3041 4643 3273 4701 invidia
3305 4641 3619 4700 Greecomm
3657 4640 3911 4696 adversus

2366 4725 2625 4781 cctesiam
2652 4722 2913 4778 Latinam
2941 4736 2960 4773 :
2991 4718 3161 4773 mittit
3206 4716 3434 4771 illorum
3472 4713 3911 4785 objectionestut

2324 4814 2416 4854 eas
2444 4795 2725 4866 refellant,
2756 4800 2808 4848 et
2834 4805 2962 4863 quae
2988 4796 3181 4845 contra
3215 4787 3340 4843 illos
3372 4782 3701 4851 devenerint,
3725 4784 3784 4838 in
3819 4782 3910 4839 Ur-

2326 4872 2445 4926 bem
2474 4866 2875 4924 transmittant.

2772 4952 2967 5027 [Apud
2998 4949 3209 5019 Mansi,
3242 4949 3403 5021 ibid.]
3566 5016 3571 5021 ι

2322 5068 2601 5124 NICOLAUS
2630 5062 2964 5137 episcopus,
2998 5074 3203 5116 servus
3232 5070 3539 5114 servorum
3590 5053 3710 5122 Dei,
3751 5068 3904 5109 reveo

2251 5154 2610 5213 rentissimis
2665 5156 2724 5208 et
2769 5148 3166 5208 sanctissimis
3224 5147 3530 5203 Hincmno
3586 5148 3648 5201 et
3686 5142 3907 5199 caeteris

2250 5244 2646 5303 confratrfbus
2675 5240 2893 5297 nostris
2924 5234 3386 5309 archiepiscopis
3434 5239 3494 5292 et
3532 5230 3818 5307 episcopis
3845 5230 3903 5287 in

2251 5351 2429 5410 regno
2459 5332 2650 5391 Caroli
2682 5330 2922 5404 gloriosi
2954 5327 3108 5401 regis
3139 5325 3419 5384 ecclesias
3449 5323 3801 5381 constitutas
3820 5336 3903 5377 re-

2291 5425 2545 5482 entibus.

2250 5442 2545 5499 geminus.

2321 5512 2682 5589 (a)0mnium
2704 5527 2811 5566 nos
2843 5512 3079 5582 portare
3111 5524 3289 5565 onera
3320 5501 3421 5580 qui
3450 5507 3770 5578 gravantur
3788 5500 3898 5557 imo

2252 5646 2455 5784 genter
2484 5638 2811 5724 praestitum
2841 5638 3014 5721 docet
3045 5632 3409 5719 Flodoardus
3440 5630 3546 5687 lib.
3580 5642 3819 5713 u_1,.cap.

2298 5732 2445 5781 uam,
2492 5713 2704 5784 inquit,
2757 5708 3055 5784 epistolam
3098 5708 3898 5784 Hznaiafussusczpienshm

2298 5732 2445 5781 uam,
2485 5708 2704 5783 inquit,
2757 5708 3055 5781 epistolam
3098 5708 3431 5783 Himeras
3455 5708 3902 5783 _suscipiens,_.in

2253 5768 2563 5845 Eoirbonaca
2575 5768 2800 5857 palatio
2826 5781 3146 5841 consistenti
3163 5779 3287 5851 regi
3307 5776 3501 5838 Carolo
3518 5768 3646 5833 cuni
3659 5768 3901 5847 putribus

4132 2208 4138 2293 ﬁ

4131 2300 4138 2395 ὲ

4131 2402 4138 2439 r
