  <div class='ocr_page' id='page_1' title='image "/cluster/home/n/w/nwhite01/storage/ocr_20150623/119/umn.319510024774125/616.png"; bbox 0 0 4138 6472; ppageno 0'>
   <div class='ocr_carea' id='block_1_1' title="bbox 243 486 397 553">
    <p class='ocr_par' dir='ltr' id='par_1_1' title="bbox 243 486 397 553">
     <span class='ocr_line' id='line_1_1' title="bbox 243 486 397 553; baseline 0.019 -3"><span class='ocrx_word' id='word_1_1' title='bbox 243 486 397 553; x_wconf 80' lang='grc'><strong>1157</strong></span> 
     </span>
    </p>
   </div>
   <div class='ocr_carea' id='block_1_2' title="bbox 1383 458 2440 562">
    <p class='ocr_par' dir='ltr' id='par_1_2' title="bbox 1383 458 2440 562">
     <span class='ocr_line' id='line_1_2' title="bbox 1383 458 2440 562; baseline 0.004 -6"><span class='ocrx_word' id='word_1_2' title='bbox 1383 458 1397 470; x_wconf 84' lang='grc'><em>’</em></span> <span class='ocrx_word' id='word_1_3' title='bbox 1459 490 1866 557; x_wconf 63' lang='lat' dir='ltr'><strong>EPISTULA?</strong></span> <span class='ocrx_word' id='word_1_4' title='bbox 1909 492 2011 557; x_wconf 86' lang='lat' dir='ltr'><strong>ET</strong></span> <span class='ocrx_word' id='word_1_5' title='bbox 2056 498 2440 562; x_wconf 67' lang='lat' dir='ltr'><strong>caenam.</strong></span> 
     </span>
    </p>
   </div>
   <div class='ocr_carea' id='block_1_3' title="bbox 3500 506 3661 572">
    <p class='ocr_par' dir='ltr' id='par_1_3' title="bbox 3500 506 3661 572">
     <span class='ocr_line' id='line_1_3' title="bbox 3500 506 3661 572; baseline 0.019 -3"><span class='ocrx_word' id='word_1_6' title='bbox 3500 506 3661 572; x_wconf 76' lang='grc'><strong>1158</strong></span> 
     </span>
    </p>
   </div>
   <div class='ocr_carea' id='block_1_4' title="bbox 238 622 3654 705">
    <p class='ocr_par' dir='ltr' id='par_1_4' title="bbox 238 622 3654 705">
     <span class='ocr_line' id='line_1_4' title="bbox 238 622 3654 705; baseline 0.004 -22"><span class='ocrx_word' id='word_1_7' title='bbox 238 623 471 683; x_wconf 69' lang='lat' dir='ltr'><strong>invidiae</strong></span> <span class='ocrx_word' id='word_1_8' title='bbox 503 622 782 698; x_wconf 84' lang='lat' dir='ltr'><strong>perculsi,</strong></span> <span class='ocrx_word' id='word_1_9' title='bbox 817 623 1083 683; x_wconf 79' lang='lat' dir='ltr'><strong>Ecclesiae</strong></span> <span class='ocrx_word' id='word_1_10' title='bbox 1127 624 1382 684; x_wconf 87' lang='lat' dir='ltr'><strong>lacerare</strong></span> <span class='ocrx_word' id='word_1_11' title='bbox 1426 627 1770 685; x_wconf 86' lang='lat' dir='ltr'><strong>traditiones</strong></span> <span class='ocrx_word' id='word_1_12' title='bbox 1802 647 1897 685; x_wconf 90' lang='lat' dir='ltr'><strong>an-</strong></span> <span class='ocrx_word' id='word_1_13' title='bbox 1926 634 1979 699; x_wconf 75' lang='grc' dir='ltr'><strong>Α</strong></span> <span class='ocrx_word' id='word_1_14' title='bbox 2011 631 2232 688; x_wconf 88' lang='lat' dir='ltr'><strong>ctiones</strong></span> <span class='ocrx_word' id='word_1_15' title='bbox 2246 632 2531 705; x_wconf 90' lang='lat' dir='ltr'><strong>plurimos</strong></span> <span class='ocrx_word' id='word_1_16' title='bbox 2545 632 3654 698; x_wconf 84' lang='lat' dir='ltr'><strong>velrediissevelaccessissenoscamus.</strong></span> 
     </span>
    </p>
   </div>
   <div class='ocr_carea' id='block_1_5' title="bbox 241 715 1898 790">
    <p class='ocr_par' dir='ltr' id='par_1_5' title="bbox 241 715 1898 790">
     <span class='ocr_line' id='line_1_5' title="bbox 241 715 1898 790; baseline -0.001 -15"><span class='ocrx_word' id='word_1_17' title='bbox 241 715 463 775; x_wconf 88' lang='lat' dir='ltr'><strong>helant.</strong></span> <span class='ocrx_word' id='word_1_18' title='bbox 499 715 793 788; x_wconf 69' lang='lat' dir='ltr'><strong>Praecipue</strong></span> <span class='ocrx_word' id='word_1_19' title='bbox 823 732 957 771; x_wconf 89' lang='lat' dir='ltr'><strong>cum</strong></span> <span class='ocrx_word' id='word_1_20' title='bbox 1009 717 1080 772; x_wconf 91' lang='lat' dir='ltr'><strong>de</strong></span> <span class='ocrx_word' id='word_1_21' title='bbox 1117 716 1346 788; x_wconf 83' lang='lat' dir='ltr'><strong>jejunio</strong></span> <span class='ocrx_word' id='word_1_22' title='bbox 1378 717 1604 773; x_wconf 80' lang='lat' dir='ltr'><strong>sabbati</strong></span> <span class='ocrx_word' id='word_1_23' title='bbox 1638 721 1898 790; x_wconf 86' lang='lat' dir='ltr'><strong>tempore</strong></span> 
     </span>
    </p>
   </div>
   <div class='ocr_carea' id='block_1_6' title="bbox 243 803 1898 863">
    <p class='ocr_par' dir='ltr' id='par_1_6' title="bbox 243 803 1898 863">
     <span class='ocr_line' id='line_1_6' title="bbox 243 803 1898 863; baseline 0 -2"><span class='ocrx_word' id='word_1_24' title='bbox 243 805 303 861; x_wconf 91' lang='lat' dir='ltr'><strong>S.</strong></span> <span class='ocrx_word' id='word_1_25' title='bbox 339 803 605 861; x_wconf 91' lang='lat' dir='ltr'><strong>Silvestri</strong></span> <span class='ocrx_word' id='word_1_26' title='bbox 636 804 990 861; x_wconf 81' lang='lat' dir='ltr'><strong>confessoris</strong></span> <span class='ocrx_word' id='word_1_27' title='bbox 1021 804 1236 861; x_wconf 83' lang='lat' dir='ltr'><strong>Christi</strong></span> <span class='ocrx_word' id='word_1_28' title='bbox 1280 806 1356 861; x_wconf 88' lang='lat' dir='ltr'>sit</span> <span class='ocrx_word' id='word_1_29' title='bbox 1386 807 1531 862; x_wconf 83' lang='lat' dir='ltr'><strong>satis</strong></span> <span class='ocrx_word' id='word_1_30' title='bbox 1561 807 1898 863; x_wconf 90' lang='lat' dir='ltr'><strong>discussum</strong></span> 
     </span>
    </p>
   </div>
   <div class='ocr_carea' id='block_1_7' title="bbox 244 894 1903 968">
    <p class='ocr_par' dir='ltr' id='par_1_7' title="bbox 244 894 1903 968">
     <span class='ocr_line' id='line_1_7' title="bbox 244 894 1903 968; baseline 0.001 -18"><span class='ocrx_word' id='word_1_31' title='bbox 244 898 303 950; x_wconf 89' lang='lat' dir='ltr'><strong>et</strong></span> <span class='ocrx_word' id='word_1_32' title='bbox 333 894 723 966; x_wconf 86' lang='lat' dir='ltr'><strong>disputatum,</strong></span> <span class='ocrx_word' id='word_1_33' title='bbox 776 898 951 966; x_wconf 90' lang='lat' dir='ltr'><strong>atque</strong></span> <span class='ocrx_word' id='word_1_34' title='bbox 1006 899 1071 948; x_wconf 86' lang='lat' dir='ltr'><strong>ut</strong></span> <span class='ocrx_word' id='word_1_35' title='bbox 1114 894 1506 951; x_wconf 80' lang='lat' dir='ltr'><strong>celebraretur</strong></span> <span class='ocrx_word' id='word_1_36' title='bbox 1552 912 1656 968; x_wconf 91' lang='lat' dir='ltr'><strong>per</strong></span> <span class='ocrx_word' id='word_1_37' title='bbox 1705 896 1903 951; x_wconf 87' lang='lat' dir='ltr'><strong>omnia</strong></span> 
     </span>
    </p>
   </div>
   <div class='ocr_carea' id='block_1_8' title="bbox 245 981 1904 1056">
    <p class='ocr_par' dir='ltr' id='par_1_8' title="bbox 245 981 1904 1056">
     <span class='ocr_line' id='line_1_8' title="bbox 245 981 1904 1056; baseline 0.001 -17"><span class='ocrx_word' id='word_1_38' title='bbox 245 981 901 1055; x_wconf 79' lang='lat' dir='ltr'><strong>definitum,nullusque</strong></span> <span class='ocrx_word' id='word_1_39' title='bbox 925 982 1190 1056; x_wconf 81' lang='lat' dir='ltr'><strong>posthaec</strong></span> <span class='ocrx_word' id='word_1_40' title='bbox 1208 1000 1355 1039; x_wconf 89' lang='lat' dir='ltr'><strong>ausu</strong></span> <span class='ocrx_word' id='word_1_41' title='bbox 1377 984 1686 1040; x_wconf 89' lang='lat' dir='ltr'><strong>temerario</strong></span> <span class='ocrx_word' id='word_1_42' title='bbox 1701 989 1904 1040; x_wconf 87' lang='lat' dir='ltr'><strong>contra</strong></span> 
     </span>
    </p>
   </div>
   <div class='ocr_carea' id='block_1_9' title="bbox 245 1070 1903 1145">
    <p class='ocr_par' dir='ltr' id='par_1_9' title="bbox 245 1070 1903 1145">
     <span class='ocr_line' id='line_1_9' title="bbox 245 1070 1903 1145; baseline 0.001 -17"><span class='ocrx_word' id='word_1_43' title='bbox 245 1070 393 1128; x_wconf 91' lang='lat' dir='ltr'><strong>illud</strong></span> <span class='ocrx_word' id='word_1_44' title='bbox 411 1075 698 1129; x_wconf 91' lang='lat' dir='ltr'><strong>statutum</strong></span> <span class='ocrx_word' id='word_1_45' title='bbox 720 1071 1043 1137; x_wconf 89' lang='lat' dir='ltr'><strong>venire,aut</strong></span> <span class='ocrx_word' id='word_1_46' title='bbox 1062 1071 1269 1128; x_wconf 86' lang='lat' dir='ltr'><strong>saltem</strong></span> <span class='ocrx_word' id='word_1_47' title='bbox 1292 1072 1903 1145; x_wconf 67' lang='lat' dir='ltr'><strong>mutirepraasumpse—</strong></span> 
     </span>
    </p>
   </div>
   <div class='ocr_carea' id='block_1_10' title="bbox 247 1159 1900 1234">
    <p class='ocr_par' dir='ltr' id='par_1_10' title="bbox 247 1159 1900 1234">
     <span class='ocr_line' id='line_1_10' title="bbox 247 1159 1900 1234; baseline 0.001 -17"><span class='ocrx_word' id='word_1_48' title='bbox 247 1161 327 1217; x_wconf 89' lang='lat' dir='ltr'><strong>rit</strong></span> <span class='ocrx_word' id='word_1_49' title='bbox 345 1177 500 1216; x_wconf 87' lang='lat' dir='ltr'><strong>:cum</strong></span> <span class='ocrx_word' id='word_1_50' title='bbox 532 1160 729 1234; x_wconf 82' lang='lat' dir='ltr'><strong>potius</strong></span> <span class='ocrx_word' id='word_1_51' title='bbox 754 1176 785 1215; x_wconf 91' lang='lat' dir='ltr'><strong>e</strong></span> <span class='ocrx_word' id='word_1_52' title='bbox 805 1159 1031 1217; x_wconf 89' lang='lat' dir='ltr'><strong>diverso</strong></span> <span class='ocrx_word' id='word_1_53' title='bbox 1054 1161 1210 1217; x_wconf 89' lang='lat' dir='ltr'><strong>sedis</strong></span> <span class='ocrx_word' id='word_1_54' title='bbox 1233 1161 1565 1234; x_wconf 61' lang='lat' dir='ltr'><strong>apostolica</strong></span> <span class='ocrx_word' id='word_1_55' title='bbox 1584 1161 1900 1233; x_wconf 88' lang='lat' dir='ltr'><strong>institutio,</strong></span> 
     </span>
    </p>
   </div>
   <div class='ocr_carea' id='block_1_11' title="bbox 246 1248 1901 1325">
    <p class='ocr_par' dir='ltr' id='par_1_11' title="bbox 246 1248 1901 1325">
     <span class='ocr_line' id='line_1_11' title="bbox 246 1248 1901 1325; baseline -0.001 -18"><span class='ocrx_word' id='word_1_56' title='bbox 246 1255 305 1307; x_wconf 90' lang='lat' dir='ltr'><strong>et</strong></span> <span class='ocrx_word' id='word_1_57' title='bbox 333 1248 601 1306; x_wconf 73' lang='lat' dir='ltr'><strong>Ecclesia:</strong></span> <span class='ocrx_word' id='word_1_58' title='bbox 633 1249 908 1305; x_wconf 80' lang='lat' dir='ltr'><strong>Romanae</strong></span> <span class='ocrx_word' id='word_1_59' title='bbox 942 1266 1196 1325; x_wconf 83' lang='lat' dir='ltr'><strong>sequens</strong></span> <span class='ocrx_word' id='word_1_60' title='bbox 1227 1250 1616 1320; x_wconf 84' lang='lat' dir='ltr'><strong>observantia,</strong></span> <span class='ocrx_word' id='word_1_61' title='bbox 1636 1251 1901 1322; x_wconf 84' lang='lat' dir='ltr'><strong>ejusdem</strong></span> 
     </span>
    </p>
   </div>
   <div class='ocr_carea' id='block_1_12' title="bbox 247 1337 1902 1411">
    <p class='ocr_par' dir='ltr' id='par_1_12' title="bbox 247 1337 1902 1411">
     <span class='ocr_line' id='line_1_12' title="bbox 247 1337 1902 1411; baseline -0.002 -14"><span class='ocrx_word' id='word_1_62' title='bbox 247 1337 534 1397; x_wconf 83' lang='lat' dir='ltr'><strong>salutiferi</strong></span> <span class='ocrx_word' id='word_1_63' title='bbox 566 1338 874 1394; x_wconf 87' lang='lat' dir='ltr'><strong>constituti</strong></span> <span class='ocrx_word' id='word_1_64' title='bbox 907 1338 1238 1394; x_wconf 79' lang='lat' dir='ltr'><strong>exsecutrix</strong></span> <span class='ocrx_word' id='word_1_65' title='bbox 1269 1338 1453 1395; x_wconf 86' lang='lat' dir='ltr'><strong>fuisse</strong></span> <span class='ocrx_word' id='word_1_66' title='bbox 1484 1338 1788 1411; x_wconf 87' lang='lat' dir='ltr'><strong>hucusque</strong></span> <span class='ocrx_word' id='word_1_67' title='bbox 1816 1356 1902 1395; x_wconf 90' lang='lat' dir='ltr'><strong>re-</strong></span> 
     </span>
    </p>
   </div>
   <div class='ocr_carea' id='block_1_13' title="bbox 247 1425 1904 1500">
    <p class='ocr_par' dir='ltr' id='par_1_13' title="bbox 247 1425 1904 1500">
     <span class='ocr_line' id='line_1_13' title="bbox 247 1425 1904 1500; baseline 0.001 -18"><span class='ocrx_word' id='word_1_68' title='bbox 247 1425 529 1500; x_wconf 89' lang='lat' dir='ltr'><strong>periatur.</strong></span> <span class='ocrx_word' id='word_1_69' title='bbox 563 1426 847 1482; x_wconf 66' lang='lat' dir='ltr'><strong>Praeterea</strong></span> <span class='ocrx_word' id='word_1_70' title='bbox 893 1427 965 1482; x_wconf 90' lang='lat' dir='ltr'><strong>de</strong></span> <span class='ocrx_word' id='word_1_71' title='bbox 1014 1427 1387 1499; x_wconf 88' lang='lat' dir='ltr'><strong>processione</strong></span> <span class='ocrx_word' id='word_1_72' title='bbox 1432 1427 1685 1500; x_wconf 86' lang='lat' dir='ltr'><strong>Spiritus</strong></span> <span class='ocrx_word' id='word_1_73' title='bbox 1716 1428 1904 1484; x_wconf 82' lang='lat' dir='ltr'><strong>sancti</strong></span> 
     </span>
    </p>
   </div>
   <div class='ocr_carea' id='block_1_14' title="bbox 248 1514 1902 1589">
    <p class='ocr_par' dir='ltr' id='par_1_14' title="bbox 248 1514 1902 1589">
     <span class='ocr_line' id='line_1_14' title="bbox 248 1514 1902 1589; baseline 0 -17"><span class='ocrx_word' id='word_1_74' title='bbox 248 1517 385 1589; x_wconf 89' lang='lat' dir='ltr'><strong>quis</strong></span> <span class='ocrx_word' id='word_1_75' title='bbox 416 1514 638 1573; x_wconf 88' lang='lat' dir='ltr'><strong>nesciat</strong></span> <span class='ocrx_word' id='word_1_76' title='bbox 685 1515 947 1572; x_wconf 85' lang='lat' dir='ltr'><strong>illustres</strong></span> <span class='ocrx_word' id='word_1_77' title='bbox 994 1516 1153 1572; x_wconf 89' lang='lat' dir='ltr'><strong>viros</strong></span> <span class='ocrx_word' id='word_1_78' title='bbox 1199 1520 1254 1571; x_wconf 89' lang='lat' dir='ltr'><strong>et</strong></span> <span class='ocrx_word' id='word_1_79' title='bbox 1302 1516 1591 1589; x_wconf 83' lang='lat' dir='ltr'><strong>praecipue</strong></span> <span class='ocrx_word' id='word_1_80' title='bbox 1641 1517 1902 1585; x_wconf 91' lang='lat' dir='ltr'><strong>Latinos,</strong></span> 
     </span>
    </p>
   </div>
   <div class='ocr_carea' id='block_1_15' title="bbox 249 1604 1902 1678">
    <p class='ocr_par' dir='ltr' id='par_1_15' title="bbox 249 1604 1902 1678">
     <span class='ocr_line' id='line_1_15' title="bbox 249 1604 1902 1678; baseline 0 -16"><span class='ocrx_word' id='word_1_81' title='bbox 249 1604 539 1662; x_wconf 89' lang='lat' dir='ltr'><strong>nonnulla</strong></span> <span class='ocrx_word' id='word_1_82' title='bbox 584 1604 913 1678; x_wconf 88' lang='lat' dir='ltr'><strong>scripsisse,</strong></span> <span class='ocrx_word' id='word_1_83' title='bbox 949 1621 1201 1677; x_wconf 89' lang='lat' dir='ltr'><strong>quorum</strong></span> <span class='ocrx_word' id='word_1_84' title='bbox 1250 1605 1381 1661; x_wconf 86' lang='lat' dir='ltr'><strong>fulti</strong></span> <span class='ocrx_word' id='word_1_85' title='bbox 1431 1605 1902 1675; x_wconf 86' lang='lat' dir='ltr'><strong>auctoritatibus,</strong></span> 
     </span>
    </p>
   </div>
   <div class='ocr_carea' id='block_1_16' title="bbox 250 1693 1903 1766">
    <p class='ocr_par' dir='ltr' id='par_1_16' title="bbox 250 1693 1903 1766">
     <span class='ocr_line' id='line_1_16' title="bbox 250 1693 1903 1766; baseline -0.001 -16"><span class='ocrx_word' id='word_1_86' title='bbox 250 1695 502 1750; x_wconf 84' lang='lat' dir='ltr'><strong>istorum</strong></span> <span class='ocrx_word' id='word_1_87' title='bbox 531 1693 745 1766; x_wconf 92' lang='lat' dir='ltr'><strong>oppido</strong></span> <span class='ocrx_word' id='word_1_88' title='bbox 775 1710 916 1749; x_wconf 82' lang='lat' dir='ltr'><strong>sane</strong></span> <span class='ocrx_word' id='word_1_89' title='bbox 939 1694 1289 1766; x_wconf 89' lang='lat' dir='ltr'><strong>respondere</strong></span> <span class='ocrx_word' id='word_1_90' title='bbox 1310 1711 1618 1766; x_wconf 88' lang='lat' dir='ltr'><strong>possemus</strong></span> <span class='ocrx_word' id='word_1_91' title='bbox 1641 1693 1903 1761; x_wconf 64' lang='lat' dir='ltr'><strong>insaniae,</strong></span> 
     </span>
    </p>
   </div>
   <div class='ocr_carea' id='block_1_17' title="bbox 256 1782 1908 1856">
    <p class='ocr_par' dir='ltr' id='par_1_17' title="bbox 256 1782 1908 1856">
     <span class='ocr_line' id='line_1_17' title="bbox 256 1782 1908 1856; baseline -0.001 -16"><span class='ocrx_word' id='word_1_92' title='bbox 256 1784 306 1840; x_wconf 90' lang='lat' dir='ltr'><strong>si</strong></span> <span class='ocrx_word' id='word_1_93' title='bbox 337 1783 426 1840; x_wconf 90' lang='lat' dir='ltr'><strong>vel</strong></span> <span class='ocrx_word' id='word_1_94' title='bbox 460 1782 576 1840; x_wconf 90' lang='lat' dir='ltr'><strong>illis</strong></span> <span class='ocrx_word' id='word_1_95' title='bbox 627 1800 744 1840; x_wconf 91' lang='lat' dir='ltr'><strong>non</strong></span> <span class='ocrx_word' id='word_1_96' title='bbox 794 1782 1281 1856; x_wconf 87' lang='lat' dir='ltr'><strong>reprehendendi,</strong></span> <span class='ocrx_word' id='word_1_97' title='bbox 1313 1783 1401 1839; x_wconf 89' lang='lat' dir='ltr'><strong>vel</strong></span> <span class='ocrx_word' id='word_1_98' title='bbox 1443 1784 1613 1840; x_wconf 89' lang='lat' dir='ltr'><strong>nobis</strong></span> <span class='ocrx_word' id='word_1_99' title='bbox 1661 1783 1745 1840; x_wconf 90' lang='lat' dir='ltr'><strong>eis</strong></span> <span class='ocrx_word' id='word_1_100' title='bbox 1776 1801 1908 1840; x_wconf 91' lang='lat' dir='ltr'><strong>con-</strong></span> 
     </span>
    </p>
   </div>
   <div class='ocr_carea' id='block_1_18' title="bbox 250 1871 1907 1945">
    <p class='ocr_par' dir='ltr' id='par_1_18' title="bbox 250 1871 1907 1945">
     <span class='ocr_line' id='line_1_18' title="bbox 250 1871 1907 1945; baseline -0.001 -16"><span class='ocrx_word' id='word_1_101' title='bbox 250 1873 507 1930; x_wconf 85' lang='lat' dir='ltr'><strong>tentiosa</strong></span> <span class='ocrx_word' id='word_1_102' title='bbox 558 1871 725 1928; x_wconf 87' lang='lat' dir='ltr'><strong>fauce</strong></span> <span class='ocrx_word' id='word_1_103' title='bbox 798 1871 1217 1945; x_wconf 88' lang='lat' dir='ltr'><strong>gannientibus</strong></span> <span class='ocrx_word' id='word_1_104' title='bbox 1284 1872 1567 1929; x_wconf 84' lang='lat' dir='ltr'><strong>rationem</strong></span> <span class='ocrx_word' id='word_1_105' title='bbox 1627 1873 1907 1929; x_wconf 90' lang='lat' dir='ltr'><strong>reddendi</strong></span> 
     </span>
    </p>
   </div>
   <div class='ocr_carea' id='block_1_19' title="bbox 254 1961 1909 2034">
    <p class='ocr_par' dir='ltr' id='par_1_19' title="bbox 254 1961 1909 2034">
     <span class='ocr_line' id='line_1_19' title="bbox 254 1961 1909 2034; baseline -0.002 -15"><span class='ocrx_word' id='word_1_106' title='bbox 254 1962 619 2019; x_wconf 89' lang='lat' dir='ltr'><strong>consuetudo</strong></span> <span class='ocrx_word' id='word_1_107' title='bbox 650 1961 923 2034; x_wconf 67' lang='lat' dir='ltr'><strong>quaelibet</strong></span> <span class='ocrx_word' id='word_1_108' title='bbox 938 1962 1413 2018; x_wconf 82' lang='lat' dir='ltr'><strong>exstitisset?Sed</strong></span> <span class='ocrx_word' id='word_1_109' title='bbox 1448 1961 1587 2034; x_wconf 89' lang='lat' dir='ltr'><strong>quid</strong></span> <span class='ocrx_word' id='word_1_110' title='bbox 1618 1962 1835 2017; x_wconf 92' lang='lat' dir='ltr'><strong>mirum</strong></span> <span class='ocrx_word' id='word_1_111' title='bbox 1858 1962 1909 2018; x_wconf 91' lang='lat' dir='ltr'><strong>si</strong></span> 
     </span>
    </p>
   </div>
   <div class='ocr_carea' id='block_1_20' title="bbox 254 2050 1910 2123">
    <p class='ocr_par' dir='ltr' id='par_1_20' title="bbox 254 2050 1910 2123">
     <span class='ocr_line' id='line_1_20' title="bbox 254 2050 1910 2123; baseline -0.001 -16"><span class='ocrx_word' id='word_1_112' title='bbox 254 2052 368 2107; x_wconf 91' lang='lat' dir='ltr'><strong>hoc</strong></span> <span class='ocrx_word' id='word_1_113' title='bbox 398 2051 494 2107; x_wconf 89' lang='lat' dir='ltr'><strong>isti</strong></span> <span class='ocrx_word' id='word_1_114' title='bbox 528 2050 917 2123; x_wconf 85' lang='lat' dir='ltr'><strong>praetendunt,</strong></span> <span class='ocrx_word' id='word_1_115' title='bbox 951 2067 1087 2105; x_wconf 92' lang='lat' dir='ltr'><strong>cum</strong></span> <span class='ocrx_word' id='word_1_116' title='bbox 1137 2051 1312 2106; x_wconf 90' lang='lat' dir='ltr'><strong>etiam</strong></span> <span class='ocrx_word' id='word_1_117' title='bbox 1370 2050 1696 2123; x_wconf 85' lang='lat' dir='ltr'><strong>glorientur</strong></span> <span class='ocrx_word' id='word_1_118' title='bbox 1733 2055 1910 2123; x_wconf 90' lang='lat' dir='ltr'><strong>atque</strong></span> 
     </span>
    </p>
   </div>
   <div class='ocr_carea' id='block_1_21' title="bbox 255 2139 1910 2213">
    <p class='ocr_par' dir='ltr' id='par_1_21' title="bbox 255 2139 1910 2213">
     <span class='ocr_line' id='line_1_21' title="bbox 255 2139 1910 2213; baseline -0.001 -17"><span class='ocrx_word' id='word_1_119' title='bbox 255 2140 621 2213; x_wconf 88' lang='lat' dir='ltr'><strong>perhibeant,</strong></span> <span class='ocrx_word' id='word_1_120' title='bbox 655 2139 891 2211; x_wconf 89' lang='lat' dir='ltr'><strong>quando</strong></span> <span class='ocrx_word' id='word_1_121' title='bbox 921 2140 993 2208; x_wconf 84' lang='lat' dir='ltr'><strong>de</strong></span> <span class='ocrx_word' id='word_1_122' title='bbox 1042 2139 1304 2195; x_wconf 79' lang='lat' dir='ltr'><strong>Romana</strong></span> <span class='ocrx_word' id='word_1_123' title='bbox 1351 2140 1494 2195; x_wconf 88' lang='lat' dir='ltr'><strong>urbe</strong></span> <span class='ocrx_word' id='word_1_124' title='bbox 1528 2141 1910 2212; x_wconf 88' lang='lat' dir='ltr'><strong>imperatores</strong></span> 
     </span>
    </p>
   </div>
   <div class='ocr_carea' id='block_1_22' title="bbox 257 2227 1910 2301">
    <p class='ocr_par' dir='ltr' id='par_1_22' title="bbox 257 2227 1910 2301">
     <span class='ocr_line' id='line_1_22' title="bbox 257 2227 1910 2301; baseline -0.001 -16"><span class='ocrx_word' id='word_1_125' title='bbox 257 2227 828 2301; x_wconf 84' lang='lat' dir='ltr'><strong>Constantinopolim</strong></span> <span class='ocrx_word' id='word_1_126' title='bbox 856 2232 997 2285; x_wconf 91' lang='lat' dir='ltr'><strong>sunt</strong></span> <span class='ocrx_word' id='word_1_127' title='bbox 1016 2228 1306 2295; x_wconf 88' lang='lat' dir='ltr'><strong>translati,</strong></span> <span class='ocrx_word' id='word_1_128' title='bbox 1334 2232 1474 2284; x_wconf 91' lang='lat' dir='ltr'><strong>tunc</strong></span> <span class='ocrx_word' id='word_1_129' title='bbox 1505 2234 1562 2285; x_wconf 92' lang='lat' dir='ltr'><strong>et</strong></span> <span class='ocrx_word' id='word_1_130' title='bbox 1592 2228 1910 2300; x_wconf 78' lang='lat' dir='ltr'><strong>primatum</strong></span> 
     </span>
    </p>
   </div>
   <div class='ocr_carea' id='block_1_23' title="bbox 259 2317 1911 2391">
    <p class='ocr_par' dir='ltr' id='par_1_23' title="bbox 259 2317 1911 2391">
     <span class='ocr_line' id='line_1_23' title="bbox 259 2317 1911 2391; baseline -0.002 -14"><span class='ocrx_word' id='word_1_131' title='bbox 259 2321 535 2378; x_wconf 74' lang='lat' dir='ltr'><strong>Romanae</strong></span> <span class='ocrx_word' id='word_1_132' title='bbox 565 2318 721 2374; x_wconf 86' lang='lat' dir='ltr'><strong>sedis</strong></span> <span class='ocrx_word' id='word_1_133' title='bbox 753 2318 824 2374; x_wconf 89' lang='lat' dir='ltr'><strong>ad</strong></span> <span class='ocrx_word' id='word_1_134' title='bbox 859 2317 1565 2391; x_wconf 87' lang='lat' dir='ltr'><strong>Constantinopolitanam</strong></span> <span class='ocrx_word' id='word_1_135' title='bbox 1596 2317 1911 2373; x_wconf 88' lang='lat' dir='ltr'><strong>Ecclesiam</strong></span> 
     </span>
    </p>
   </div>
   <div class='ocr_carea' id='block_1_24' title="bbox 258 2405 1912 2480">
    <p class='ocr_par' dir='ltr' id='par_1_24' title="bbox 258 2405 1912 2480">
     <span class='ocr_line' id='line_1_24' title="bbox 258 2405 1912 2480; baseline -0.002 -16"><span class='ocrx_word' id='word_1_136' title='bbox 258 2408 737 2480; x_wconf 83' lang='lat' dir='ltr'><strong>transmigrasse,</strong></span> <span class='ocrx_word' id='word_1_137' title='bbox 770 2410 828 2462; x_wconf 92' lang='lat' dir='ltr'><strong>et</strong></span> <span class='ocrx_word' id='word_1_138' title='bbox 884 2424 1018 2462; x_wconf 90' lang='lat' dir='ltr'><strong>cum</strong></span> <span class='ocrx_word' id='word_1_139' title='bbox 1078 2406 1464 2479; x_wconf 76' lang='lat' dir='ltr'><strong>dignitatibus</strong></span> <span class='ocrx_word' id='word_1_140' title='bbox 1521 2405 1695 2479; x_wconf 88' lang='lat' dir='ltr'><strong>regiis</strong></span> <span class='ocrx_word' id='word_1_141' title='bbox 1737 2407 1912 2462; x_wconf 86' lang='lat' dir='ltr'><strong>etiam</strong></span> 
     </span>
    </p>
   </div>
   <div class='ocr_carea' id='block_1_25' title="bbox 259 2496 1915 2570">
    <p class='ocr_par' dir='ltr' id='par_1_25' title="bbox 259 2496 1915 2570">
     <span class='ocr_line' id='line_1_25' title="bbox 259 2496 1915 2570; baseline -0.002 -15"><span class='ocrx_word' id='word_1_142' title='bbox 259 2497 531 2555; x_wconf 81' lang='lat' dir='ltr'><strong>Ecclesiae</strong></span> <span class='ocrx_word' id='word_1_143' title='bbox 576 2496 850 2553; x_wconf 65' lang='lat' dir='ltr'><strong>Romana:</strong></span> <span class='ocrx_word' id='word_1_144' title='bbox 900 2496 1203 2570; x_wconf 88' lang='lat' dir='ltr'><strong>privilegia</strong></span> <span class='ocrx_word' id='word_1_145' title='bbox 1256 2496 1541 2552; x_wconf 86' lang='lat' dir='ltr'><strong>translata</strong></span> <span class='ocrx_word' id='word_1_146' title='bbox 1571 2497 1790 2552; x_wconf 85' lang='lat' dir='ltr'><strong>fuisse?</strong></span> <span class='ocrx_word' id='word_1_147' title='bbox 1830 2498 1915 2552; x_wconf 92' lang='lat' dir='ltr'><strong>Ita</strong></span> 
     </span>
    </p>
   </div>
   <div class='ocr_carea' id='block_1_26' title="bbox 262 2585 1914 2659">
    <p class='ocr_par' dir='ltr' id='par_1_26' title="bbox 262 2585 1914 2659">
     <span class='ocr_line' id='line_1_26' title="bbox 262 2585 1914 2659; baseline -0.001 -16"><span class='ocrx_word' id='word_1_148' title='bbox 262 2592 328 2643; x_wconf 94' lang='lat' dir='ltr'><strong>ut</strong></span> <span class='ocrx_word' id='word_1_149' title='bbox 356 2586 621 2659; x_wconf 89' lang='lat' dir='ltr'><strong>ejusdem</strong></span> <span class='ocrx_word' id='word_1_150' title='bbox 654 2586 889 2643; x_wconf 89' lang='lat' dir='ltr'><strong>invasor</strong></span> <span class='ocrx_word' id='word_1_151' title='bbox 918 2585 1187 2641; x_wconf 72' lang='lat' dir='ltr'><strong>Ecclesia:</strong></span> <span class='ocrx_word' id='word_1_152' title='bbox 1218 2585 1458 2642; x_wconf 91' lang='lat' dir='ltr'><strong>Photius</strong></span> <span class='ocrx_word' id='word_1_153' title='bbox 1489 2586 1665 2641; x_wconf 88' lang='lat' dir='ltr'><strong>etiam</strong></span> <span class='ocrx_word' id='word_1_154' title='bbox 1697 2586 1821 2658; x_wconf 85' lang='lat' dir='ltr'><strong>ipse</strong></span> <span class='ocrx_word' id='word_1_155' title='bbox 1853 2602 1914 2641; x_wconf 91' lang='lat' dir='ltr'><strong>se</strong></span> 
     </span>
    </p>
   </div>
   <div class='ocr_carea' id='block_1_27' title="bbox 262 2674 1913 2747">
    <p class='ocr_par' dir='ltr' id='par_1_27' title="bbox 262 2674 1913 2747">
     <span class='ocr_line' id='line_1_27' title="bbox 262 2674 1913 2747; baseline -0.001 -17"><span class='ocrx_word' id='word_1_156' title='bbox 262 2675 321 2730; x_wconf 90' lang='lat' dir='ltr'><strong>in</strong></span> <span class='ocrx_word' id='word_1_157' title='bbox 354 2674 589 2747; x_wconf 88' lang='lat' dir='ltr'><strong>scriptis</strong></span> <span class='ocrx_word' id='word_1_158' title='bbox 621 2674 746 2730; x_wconf 89' lang='lat' dir='ltr'><strong>suis</strong></span> <span class='ocrx_word' id='word_1_159' title='bbox 778 2674 1286 2747; x_wconf 86' lang='lat' dir='ltr'><strong>archiepiscopum</strong></span> <span class='ocrx_word' id='word_1_160' title='bbox 1318 2679 1495 2747; x_wconf 90' lang='lat' dir='ltr'><strong>atque</strong></span> <span class='ocrx_word' id='word_1_161' title='bbox 1527 2674 1913 2729; x_wconf 88' lang='lat' dir='ltr'><strong>universalem</strong></span> 
     </span>
    </p>
   </div>
   <div class='ocr_carea' id='block_1_28' title="bbox 263 2762 1917 2837">
    <p class='ocr_par' dir='ltr' id='par_1_28' title="bbox 263 2762 1917 2837">
     <span class='ocr_line' id='line_1_28' title="bbox 263 2762 1917 2837; baseline 0 -19"><span class='ocrx_word' id='word_1_162' title='bbox 263 2762 661 2837; x_wconf 89' lang='lat' dir='ltr'><strong>patriarcham</strong></span> <span class='ocrx_word' id='word_1_163' title='bbox 693 2762 965 2835; x_wconf 89' lang='lat' dir='ltr'><strong>appellet.</strong></span> <span class='ocrx_word' id='word_1_164' title='bbox 998 2762 1200 2819; x_wconf 87' lang='lat' dir='ltr'><strong>Videte</strong></span> <span class='ocrx_word' id='word_1_165' title='bbox 1248 2780 1405 2836; x_wconf 89' lang='lat' dir='ltr'><strong>ergo,</strong></span> <span class='ocrx_word' id='word_1_166' title='bbox 1453 2764 1679 2830; x_wconf 79' lang='lat' dir='ltr'><strong>fratres,</strong></span> <span class='ocrx_word' id='word_1_167' title='bbox 1715 2763 1764 2818; x_wconf 93' lang='lat' dir='ltr'><strong>si</strong></span> <span class='ocrx_word' id='word_1_168' title='bbox 1794 2763 1917 2818; x_wconf 59' lang='lat' dir='ltr'><strong>haec</strong></span> 
     </span>
    </p>
   </div>
   <div class='ocr_carea' id='block_1_29' title="bbox 264 2850 1916 2923">
    <p class='ocr_par' dir='ltr' id='par_1_29' title="bbox 264 2850 1916 2923">
     <span class='ocr_line' id='line_1_29' title="bbox 264 2850 1916 2923; baseline -0.001 -16"><span class='ocrx_word' id='word_1_169' title='bbox 264 2850 536 2909; x_wconf 66' lang='lat' dir='ltr'><strong>Ecclesiae</strong></span> <span class='ocrx_word' id='word_1_170' title='bbox 568 2851 784 2908; x_wconf 88' lang='lat' dir='ltr'><strong>Christi</strong></span> <span class='ocrx_word' id='word_1_171' title='bbox 815 2867 929 2907; x_wconf 92' lang='lat' dir='ltr'><strong>non</strong></span> <span class='ocrx_word' id='word_1_172' title='bbox 964 2850 1375 2923; x_wconf 68' lang='lat' dir='ltr'><strong>przejudicent:</strong></span> <span class='ocrx_word' id='word_1_173' title='bbox 1409 2851 1601 2907; x_wconf 90' lang='lat' dir='ltr'><strong>videte</strong></span> <span class='ocrx_word' id='word_1_174' title='bbox 1629 2851 1678 2907; x_wconf 93' lang='lat' dir='ltr'><strong>si</strong></span> <span class='ocrx_word' id='word_1_175' title='bbox 1709 2851 1916 2907; x_wconf 88' lang='lat' dir='ltr'><strong>tolera-</strong></span> 
     </span>
    </p>
   </div>
   <div class='ocr_carea' id='block_1_30' title="bbox 266 2940 1919 2997">
    <p class='ocr_par' dir='ltr' id='par_1_30' title="bbox 266 2940 1919 2997">
     <span class='ocr_line' id='line_1_30' title="bbox 266 2940 1919 2997; baseline -0.002 0"><span class='ocrx_word' id='word_1_176' title='bbox 266 2940 409 2997; x_wconf 89' lang='lat' dir='ltr'><strong>bilia</strong></span> <span class='ocrx_word' id='word_1_177' title='bbox 436 2940 667 2996; x_wconf 82' lang='lat' dir='ltr'><strong>valeant</strong></span> <span class='ocrx_word' id='word_1_178' title='bbox 697 2940 1010 2995; x_wconf 72' lang='lat' dir='ltr'><strong>aestimari:</strong></span> <span class='ocrx_word' id='word_1_179' title='bbox 1046 2940 1410 2996; x_wconf 89' lang='lat' dir='ltr'><strong>considerate</strong></span> <span class='ocrx_word' id='word_1_180' title='bbox 1456 2940 1506 2996; x_wconf 91' lang='lat' dir='ltr'><strong>si</strong></span> <span class='ocrx_word' id='word_1_181' title='bbox 1555 2941 1803 2997; x_wconf 87' lang='lat' dir='ltr'><strong>debeant</strong></span> <span class='ocrx_word' id='word_1_182' title='bbox 1835 2940 1919 2995; x_wconf 92' lang='lat' dir='ltr'><strong>illi</strong></span> 
     </span>
    </p>
   </div>
   <div class='ocr_carea' id='block_1_31' title="bbox 268 3028 1919 3102">
    <p class='ocr_par' dir='ltr' id='par_1_31' title="bbox 268 3028 1919 3102">
     <span class='ocr_line' id='line_1_31' title="bbox 268 3028 1919 3102; baseline -0.001 -15"><span class='ocrx_word' id='word_1_183' title='bbox 268 3028 540 3087; x_wconf 81' lang='lat' dir='ltr'><strong>Ecclesiae</strong></span> <span class='ocrx_word' id='word_1_184' title='bbox 573 3030 846 3091; x_wconf 53' lang='lat' dir='ltr'><strong>Romanis</strong></span> <span class='ocrx_word' id='word_1_185' title='bbox 887 3028 1232 3101; x_wconf 85' lang='lat' dir='ltr'><strong>hujusmodi</strong></span> <span class='ocrx_word' id='word_1_186' title='bbox 1263 3029 1667 3102; x_wconf 91' lang='lat' dir='ltr'><strong>derogationes</strong></span> <span class='ocrx_word' id='word_1_187' title='bbox 1696 3029 1783 3085; x_wconf 86' lang='lat' dir='ltr'><strong>vel</strong></span> <span class='ocrx_word' id='word_1_188' title='bbox 1815 3030 1919 3085; x_wconf 89' lang='lat' dir='ltr'><strong>de-</strong></span> 
     </span>
    </p>
   </div>
   <div class='ocr_carea' id='block_1_32' title="bbox 272 3118 1919 3191">
    <p class='ocr_par' dir='ltr' id='par_1_32' title="bbox 272 3118 1919 3191">
     <span class='ocr_line' id='line_1_32' title="bbox 272 3118 1919 3191; baseline -0.001 -16"><span class='ocrx_word' id='word_1_189' title='bbox 272 3119 584 3175; x_wconf 88' lang='lat' dir='ltr'><strong>tractiones</strong></span> <span class='ocrx_word' id='word_1_190' title='bbox 598 3118 1019 3191; x_wconf 90' lang='lat' dir='ltr'><strong>ingerere,cum</strong></span> <span class='ocrx_word' id='word_1_191' title='bbox 1035 3118 1375 3191; x_wconf 79' lang='lat' dir='ltr'><strong>ipsa,exquo</strong></span> <span class='ocrx_word' id='word_1_192' title='bbox 1389 3118 1562 3191; x_wconf 87' lang='lat' dir='ltr'><strong>coepit</strong></span> <span class='ocrx_word' id='word_1_193' title='bbox 1578 3118 1919 3174; x_wconf 77' lang='lat' dir='ltr'><strong>Christianae</strong></span> 
     </span>
    </p>
   </div>
   <div class='ocr_carea' id='block_1_33' title="bbox 274 3206 1923 3281">
    <p class='ocr_par' dir='ltr' id='par_1_33' title="bbox 274 3206 1923 3281">
     <span class='ocr_line' id='line_1_33' title="bbox 274 3206 1923 3281; baseline -0.001 -17"><span class='ocrx_word' id='word_1_194' title='bbox 274 3208 480 3281; x_wconf 86' lang='lat' dir='ltr'><strong>religio</strong></span> <span class='ocrx_word' id='word_1_195' title='bbox 512 3207 767 3273; x_wconf 86' lang='lat' dir='ltr'><strong>dilatari,</strong></span> <span class='ocrx_word' id='word_1_196' title='bbox 799 3225 927 3280; x_wconf 70' lang='lat' dir='ltr'><strong>quae</strong></span> <span class='ocrx_word' id='word_1_197' title='bbox 958 3206 1136 3263; x_wconf 92' lang='lat' dir='ltr'><strong>semel</strong></span> <span class='ocrx_word' id='word_1_198' title='bbox 1167 3206 1227 3262; x_wconf 94' lang='lat' dir='ltr'><strong>in</strong></span> <span class='ocrx_word' id='word_1_199' title='bbox 1258 3211 1426 3263; x_wconf 91' lang='lat' dir='ltr'><strong>Petro</strong></span> <span class='ocrx_word' id='word_1_200' title='bbox 1457 3212 1700 3280; x_wconf 91' lang='lat' dir='ltr'><strong>patrono</strong></span> <span class='ocrx_word' id='word_1_201' title='bbox 1740 3226 1807 3263; x_wconf 92' lang='lat' dir='ltr'><strong>ac</strong></span> <span class='ocrx_word' id='word_1_202' title='bbox 1838 3209 1923 3263; x_wconf 91' lang='lat' dir='ltr'><strong>in-</strong></span> 
     </span>
    </p>
   </div>
   <div class='ocr_carea' id='block_1_34' title="bbox 274 3296 1922 3370">
    <p class='ocr_par' dir='ltr' id='par_1_34' title="bbox 274 3296 1922 3370">
     <span class='ocr_line' id='line_1_34' title="bbox 274 3296 1922 3370; baseline -0.001 -16"><span class='ocrx_word' id='word_1_203' title='bbox 274 3298 544 3355; x_wconf 88' lang='lat' dir='ltr'><strong>stitutore</strong></span> <span class='ocrx_word' id='word_1_204' title='bbox 576 3313 683 3355; x_wconf 92' lang='lat' dir='ltr'><strong>suo</strong></span> <span class='ocrx_word' id='word_1_205' title='bbox 715 3296 995 3370; x_wconf 89' lang='lat' dir='ltr'><strong>suscepit,</strong></span> <span class='ocrx_word' id='word_1_206' title='bbox 1031 3297 1388 3353; x_wconf 90' lang='lat' dir='ltr'><strong>immutilata</strong></span> <span class='ocrx_word' id='word_1_207' title='bbox 1442 3296 1717 3364; x_wconf 88' lang='lat' dir='ltr'><strong>tenuerit,</strong></span> <span class='ocrx_word' id='word_1_208' title='bbox 1748 3302 1805 3352; x_wconf 89' lang='lat' dir='ltr'><strong>et</strong></span> <span class='ocrx_word' id='word_1_209' title='bbox 1832 3296 1922 3352; x_wconf 91' lang='lat' dir='ltr'><strong>in-</strong></span> 
     </span>
    </p>
   </div>
   <div class='ocr_carea' id='block_1_35' title="bbox 2012 721 3658 800">
    <p class='ocr_par' dir='ltr' id='par_1_35' title="bbox 2012 721 3658 800">
     <span class='ocr_line' id='line_1_35' title="bbox 2012 721 3658 800; baseline 0.007 -25"><span class='ocrx_word' id='word_1_210' title='bbox 2012 721 2079 775; x_wconf 88' lang='lat' dir='ltr'><strong>Et</strong></span> <span class='ocrx_word' id='word_1_211' title='bbox 2109 726 2262 777; x_wconf 91' lang='lat' dir='ltr'><strong>certe</strong></span> <span class='ocrx_word' id='word_1_212' title='bbox 2294 723 2343 777; x_wconf 88' lang='lat' dir='ltr'><strong>si</strong></span> <span class='ocrx_word' id='word_1_213' title='bbox 2375 722 2483 779; x_wconf 91' lang='lat' dir='ltr'><strong>hoc</strong></span> <span class='ocrx_word' id='word_1_214' title='bbox 2514 723 2741 780; x_wconf 88' lang='lat' dir='ltr'><strong>licitum</strong></span> <span class='ocrx_word' id='word_1_215' title='bbox 2772 741 2901 781; x_wconf 84' lang='lat' dir='ltr'><strong>esse</strong></span> <span class='ocrx_word' id='word_1_216' title='bbox 2932 730 3148 798; x_wconf 88' lang='lat' dir='ltr'><strong>posset,</strong></span> <span class='ocrx_word' id='word_1_217' title='bbox 3183 726 3381 782; x_wconf 89' lang='lat' dir='ltr'><strong>nullus</strong></span> <span class='ocrx_word' id='word_1_218' title='bbox 3401 730 3658 800; x_wconf 90' lang='lat' dir='ltr'><strong>profecto</strong></span> 
     </span>
    </p>
   </div>
   <div class='ocr_carea' id='block_1_36' title="bbox 2009 810 3659 885">
    <p class='ocr_par' dir='ltr' id='par_1_36' title="bbox 2009 810 3659 885">
     <span class='ocr_line' id='line_1_36' title="bbox 2009 810 3659 885; baseline 0.005 -21"><span class='ocrx_word' id='word_1_219' title='bbox 2009 810 2178 865; x_wconf 87' lang='lat' dir='ltr'><strong>nobis</strong></span> <span class='ocrx_word' id='word_1_220' title='bbox 2209 811 2676 884; x_wconf 85' lang='lat' dir='ltr'><strong>tranquilliorem</strong></span> <span class='ocrx_word' id='word_1_221' title='bbox 2703 814 2881 869; x_wconf 87' lang='lat' dir='ltr'><strong>vitam</strong></span> <span class='ocrx_word' id='word_1_222' title='bbox 2914 815 3126 873; x_wconf 90' lang='lat' dir='ltr'><strong>ducere</strong></span> <span class='ocrx_word' id='word_1_223' title='bbox 3158 815 3454 885; x_wconf 87' lang='lat' dir='ltr'><strong>valuisset,</strong></span> <span class='ocrx_word' id='word_1_224' title='bbox 3480 818 3659 873; x_wconf 88' lang='lat' dir='ltr'><strong>nimi-</strong></span> 
     </span>
    </p>
   </div>
   <div class='ocr_carea' id='block_1_37' title="bbox 2012 901 3660 976">
    <p class='ocr_par' dir='ltr' id='par_1_37' title="bbox 2012 901 3660 976">
     <span class='ocr_line' id='line_1_37' title="bbox 2012 901 3660 976; baseline 0.006 -24"><span class='ocrx_word' id='word_1_225' title='bbox 2012 914 2142 953; x_wconf 88' lang='lat' dir='ltr'><strong>rum</strong></span> <span class='ocrx_word' id='word_1_226' title='bbox 2176 916 2326 971; x_wconf 90' lang='lat' dir='ltr'><strong>quos</strong></span> <span class='ocrx_word' id='word_1_227' title='bbox 2382 901 2727 973; x_wconf 88' lang='lat' dir='ltr'><strong>quotidiana</strong></span> <span class='ocrx_word' id='word_1_228' title='bbox 2768 903 3031 976; x_wconf 90' lang='lat' dir='ltr'><strong>undique</strong></span> <span class='ocrx_word' id='word_1_229' title='bbox 3066 904 3330 972; x_wconf 91' lang='lat' dir='ltr'><strong>veniens,</strong></span> <span class='ocrx_word' id='word_1_230' title='bbox 3362 911 3660 962; x_wconf 72' lang='lat' dir='ltr'><strong>annuente</strong></span> 
     </span>
    </p>
   </div>
   <div class='ocr_carea' id='block_1_38' title="bbox 2011 986 3660 1064">
    <p class='ocr_par' dir='ltr' id='par_1_38' title="bbox 2011 986 3660 1064">
     <span class='ocr_line' id='line_1_38' title="bbox 2011 986 3660 1064; baseline 0.006 -23"><span class='ocrx_word' id='word_1_231' title='bbox 2011 986 2597 1062; x_wconf 86' lang='lat' dir='ltr'><strong>Christo,frequentia</strong></span> <span class='ocrx_word' id='word_1_232' title='bbox 2627 1008 2742 1047; x_wconf 92' lang='lat' dir='ltr'><strong>non</strong></span> <span class='ocrx_word' id='word_1_233' title='bbox 2773 992 2999 1047; x_wconf 89' lang='lat' dir='ltr'><strong>modice</strong></span> <span class='ocrx_word' id='word_1_234' title='bbox 3022 993 3212 1048; x_wconf 91' lang='lat' dir='ltr'><strong>reddit</strong></span> <span class='ocrx_word' id='word_1_235' title='bbox 3242 994 3660 1064; x_wconf 89' lang='lat' dir='ltr'><strong>sollicitos,nec</strong></span> 
     </span>
    </p>
   </div>
   <div class='ocr_carea' id='block_1_39' title="bbox 1962 1079 3663 1156">
    <p class='ocr_par' dir='ltr' id='par_1_39' title="bbox 1962 1079 3663 1156">
     <span class='ocr_line' id='line_1_39' title="bbox 1962 1079 3663 1156; baseline 0.006 -26"><span class='ocrx_word' id='word_1_236' title='bbox 1962 1117 1966 1121; x_wconf 50' lang='grc' dir='ltr'><strong><em>ι</em></strong></span> <span class='ocrx_word' id='word_1_237' title='bbox 2011 1092 2229 1147; x_wconf 88' lang='lat' dir='ltr'><strong>paucos</strong></span> <span class='ocrx_word' id='word_1_238' title='bbox 2257 1079 2563 1135; x_wconf 87' lang='lat' dir='ltr'><strong>constituit</strong></span> <span class='ocrx_word' id='word_1_239' title='bbox 2593 1080 2842 1136; x_wconf 88' lang='lat' dir='ltr'><strong>subinde</strong></span> <span class='ocrx_word' id='word_1_240' title='bbox 2873 1081 3188 1138; x_wconf 90' lang='lat' dir='ltr'><strong>sudoribus</strong></span> <span class='ocrx_word' id='word_1_241' title='bbox 3214 1083 3508 1156; x_wconf 86' lang='lat' dir='ltr'><strong>fatigatos.</strong></span> <span class='ocrx_word' id='word_1_242' title='bbox 3535 1084 3663 1140; x_wconf 89' lang='lat' dir='ltr'><strong>Per-</strong></span> 
     </span>
    </p>
   </div>
   <div class='ocr_carea' id='block_1_40' title="bbox 2012 1166 3661 1243">
    <p class='ocr_par' dir='ltr' id='par_1_40' title="bbox 2012 1166 3661 1243">
     <span class='ocr_line' id='line_1_40' title="bbox 2012 1166 3661 1243; baseline 0.006 -23"><span class='ocrx_word' id='word_1_243' title='bbox 2012 1166 2249 1237; x_wconf 89' lang='lat' dir='ltr'><strong>pendite</strong></span> <span class='ocrx_word' id='word_1_244' title='bbox 2281 1166 2690 1237; x_wconf 89' lang='lat' dir='ltr'><strong>nihilominus,</strong></span> <span class='ocrx_word' id='word_1_245' title='bbox 2725 1169 2772 1224; x_wconf 92' lang='lat' dir='ltr'><strong>si</strong></span> <span class='ocrx_word' id='word_1_246' title='bbox 2823 1187 2856 1225; x_wconf 89' lang='lat' dir='ltr'><strong>a</strong></span> <span class='ocrx_word' id='word_1_247' title='bbox 2894 1168 3101 1243; x_wconf 84' lang='lat' dir='ltr'><strong>legatis</strong></span> <span class='ocrx_word' id='word_1_248' title='bbox 3151 1172 3366 1227; x_wconf 89' lang='lat' dir='ltr'><strong>nostris</strong></span> <span class='ocrx_word' id='word_1_249' title='bbox 3425 1172 3661 1230; x_wconf 89' lang='lat' dir='ltr'><strong>libellus</strong></span> 
     </span>
    </p>
   </div>
   <div class='ocr_carea' id='block_1_41' title="bbox 2012 1254 3657 1332">
    <p class='ocr_par' dir='ltr' id='par_1_41' title="bbox 2012 1254 3657 1332">
     <span class='ocr_line' id='line_1_41' title="bbox 2012 1254 3657 1332; baseline 0.006 -24"><span class='ocrx_word' id='word_1_250' title='bbox 2012 1254 2162 1326; x_wconf 81' lang='lat' dir='ltr'><strong>exigi</strong></span> <span class='ocrx_word' id='word_1_251' title='bbox 2194 1255 2415 1325; x_wconf 86' lang='lat' dir='ltr'><strong>debuit,</strong></span> <span class='ocrx_word' id='word_1_252' title='bbox 2449 1260 2550 1312; x_wconf 90' lang='lat' dir='ltr'><strong>aut</strong></span> <span class='ocrx_word' id='word_1_253' title='bbox 2579 1275 2705 1330; x_wconf 69' lang='lat' dir='ltr'><strong>quae</strong></span> <span class='ocrx_word' id='word_1_254' title='bbox 2738 1258 2874 1314; x_wconf 91' lang='lat' dir='ltr'><strong>hinc</strong></span> <span class='ocrx_word' id='word_1_255' title='bbox 2904 1258 3170 1331; x_wconf 79' lang='lat' dir='ltr'><strong>exempla</strong></span> <span class='ocrx_word' id='word_1_256' title='bbox 3217 1262 3657 1332; x_wconf 78' lang='lat' dir='ltr'><strong>praecesserint:</strong></span> 
     </span>
    </p>
   </div>
   <div class='ocr_carea' id='block_1_42' title="bbox 2014 1346 3661 1418">
    <p class='ocr_par' dir='ltr' id='par_1_42' title="bbox 2014 1346 3661 1418">
     <span class='ocr_line' id='line_1_42' title="bbox 2014 1346 3661 1418; baseline 0.005 -20"><span class='ocrx_word' id='word_1_257' title='bbox 2014 1359 2147 1398; x_wconf 91' lang='lat' dir='ltr'><strong>cum</strong></span> <span class='ocrx_word' id='word_1_258' title='bbox 2198 1360 2304 1400; x_wconf 91' lang='lat' dir='ltr'><strong>nec</strong></span> <span class='ocrx_word' id='word_1_259' title='bbox 2352 1346 2568 1418; x_wconf 87' lang='lat' dir='ltr'><strong>scripto</strong></span> <span class='ocrx_word' id='word_1_260' title='bbox 2620 1346 2931 1415; x_wconf 90' lang='lat' dir='ltr'><strong>insertum,</strong></span> <span class='ocrx_word' id='word_1_261' title='bbox 2990 1364 3096 1403; x_wconf 91' lang='lat' dir='ltr'><strong>nec</strong></span> <span class='ocrx_word' id='word_1_262' title='bbox 3154 1350 3448 1405; x_wconf 70' lang='lat' dir='ltr'><strong>memorias</strong></span> <span class='ocrx_word' id='word_1_263' title='bbox 3506 1367 3661 1407; x_wconf 89' lang='lat' dir='ltr'><strong>com-</strong></span> 
     </span>
    </p>
   </div>
   <div class='ocr_carea' id='block_1_43' title="bbox 2014 1433 3664 1511">
    <p class='ocr_par' dir='ltr' id='par_1_43' title="bbox 2014 1433 3664 1511">
     <span class='ocr_line' id='line_1_43' title="bbox 2014 1433 3664 1511; baseline 0.005 -25"><span class='ocrx_word' id='word_1_264' title='bbox 2014 1433 2355 1489; x_wconf 88' lang='lat' dir='ltr'><strong>mendatum</strong></span> <span class='ocrx_word' id='word_1_265' title='bbox 2392 1434 2506 1489; x_wconf 87' lang='lat' dir='ltr'><strong>tale</strong></span> <span class='ocrx_word' id='word_1_266' title='bbox 2537 1434 2675 1507; x_wconf 90' lang='lat' dir='ltr'><strong>quid</strong></span> <span class='ocrx_word' id='word_1_267' title='bbox 2704 1436 2947 1491; x_wconf 90' lang='lat' dir='ltr'><strong>inveniri</strong></span> <span class='ocrx_word' id='word_1_268' title='bbox 2965 1437 3531 1511; x_wconf 90' lang='lat' dir='ltr'><strong>eredatur.Nunquid</strong></span> <span class='ocrx_word' id='word_1_269' title='bbox 3555 1456 3664 1495; x_wconf 90' lang='lat' dir='ltr'><strong>nos</strong></span> 
     </span>
    </p>
   </div>
   <div class='ocr_carea' id='block_1_44' title="bbox 2014 1519 3661 1599">
    <p class='ocr_par' dir='ltr' id='par_1_44' title="bbox 2014 1519 3661 1599">
     <span class='ocr_line' id='line_1_44' title="bbox 2014 1519 3661 1599; baseline 0.005 -24"><span class='ocrx_word' id='word_1_270' title='bbox 2014 1519 2266 1593; x_wconf 88' lang='lat' dir='ltr'><strong>alicujus</strong></span> <span class='ocrx_word' id='word_1_271' title='bbox 2298 1522 2572 1579; x_wconf 89' lang='lat' dir='ltr'><strong>novitatis</strong></span> <span class='ocrx_word' id='word_1_272' title='bbox 2611 1524 2935 1580; x_wconf 81' lang='lat' dir='ltr'><strong>inventores</strong></span> <span class='ocrx_word' id='word_1_273' title='bbox 2982 1525 3315 1583; x_wconf 76' lang='lat' dir='ltr'><strong>exstitimus</strong></span> <span class='ocrx_word' id='word_1_274' title='bbox 3335 1527 3363 1582; x_wconf 76' lang='lat' dir='ltr'><strong>‘I</strong></span> <span class='ocrx_word' id='word_1_275' title='bbox 3394 1527 3661 1599; x_wconf 90' lang='lat' dir='ltr'><strong>nunquid</strong></span> 
     </span>
    </p>
   </div>
   <div class='ocr_carea' id='block_1_45' title="bbox 2016 1609 3664 1684">
    <p class='ocr_par' dir='ltr' id='par_1_45' title="bbox 2016 1609 3664 1684">
     <span class='ocr_line' id='line_1_45' title="bbox 2016 1609 3664 1684; baseline 0.005 -19"><span class='ocrx_word' id='word_1_276' title='bbox 2016 1609 2273 1676; x_wconf 87' lang='lat' dir='ltr'><strong>alia,nisi</strong></span> <span class='ocrx_word' id='word_1_277' title='bbox 2308 1627 2435 1682; x_wconf 79' lang='lat' dir='ltr'><strong>quae</strong></span> <span class='ocrx_word' id='word_1_278' title='bbox 2458 1611 2528 1666; x_wconf 90' lang='lat' dir='ltr'><strong>ad</strong></span> <span class='ocrx_word' id='word_1_279' title='bbox 2553 1610 2803 1668; x_wconf 90' lang='lat' dir='ltr'><strong>salutem</strong></span> <span class='ocrx_word' id='word_1_280' title='bbox 2826 1613 3177 1684; x_wconf 90' lang='lat' dir='ltr'><strong>ipsorum,et</strong></span> <span class='ocrx_word' id='word_1_281' title='bbox 3193 1615 3264 1670; x_wconf 91' lang='lat' dir='ltr'><strong>ad</strong></span> <span class='ocrx_word' id='word_1_282' title='bbox 3288 1631 3664 1673; x_wconf 90' lang='lat' dir='ltr'><strong>communem</strong></span> 
     </span>
    </p>
   </div>
   <div class='ocr_carea' id='block_1_46' title="bbox 2015 1698 3665 1773">
    <p class='ocr_par' dir='ltr' id='par_1_46' title="bbox 2015 1698 3665 1773">
     <span class='ocr_line' id='line_1_46' title="bbox 2015 1698 3665 1773; baseline 0.005 -21"><span class='ocrx_word' id='word_1_283' title='bbox 2015 1698 2282 1753; x_wconf 70' lang='lat' dir='ltr'><strong>Ecclesiae</strong></span> <span class='ocrx_word' id='word_1_284' title='bbox 2309 1703 2526 1755; x_wconf 89' lang='lat' dir='ltr'><strong>statum</strong></span> <span class='ocrx_word' id='word_1_285' title='bbox 2561 1701 2952 1773; x_wconf 87' lang='lat' dir='ltr'><strong>pertinebant,</strong></span> <span class='ocrx_word' id='word_1_286' title='bbox 3000 1703 3441 1760; x_wconf 88' lang='lat' dir='ltr'><strong>transmisimus</strong></span> <span class='ocrx_word' id='word_1_287' title='bbox 3460 1704 3488 1760; x_wconf 87' lang='lat'><strong><em>?</em></strong></span> <span class='ocrx_word' id='word_1_288' title='bbox 3518 1723 3665 1761; x_wconf 90' lang='lat' dir='ltr'><strong>nun-</strong></span> 
     </span>
    </p>
   </div>
   <div class='ocr_carea' id='block_1_47' title="bbox 2018 1786 3667 1861">
    <p class='ocr_par' dir='ltr' id='par_1_47' title="bbox 2018 1786 3667 1861">
     <span class='ocr_line' id='line_1_47' title="bbox 2018 1786 3667 1861; baseline 0.005 -20"><span class='ocrx_word' id='word_1_289' title='bbox 2018 1786 2158 1857; x_wconf 89' lang='lat' dir='ltr'><strong>qnid</strong></span> <span class='ocrx_word' id='word_1_290' title='bbox 2193 1804 2299 1843; x_wconf 92' lang='lat' dir='ltr'><strong>nos</strong></span> <span class='ocrx_word' id='word_1_291' title='bbox 2324 1787 2580 1844; x_wconf 70' lang='lat' dir='ltr'><strong>haeretici</strong></span> <span class='ocrx_word' id='word_1_292' title='bbox 2610 1788 2926 1861; x_wconf 89' lang='lat' dir='ltr'><strong>aliquando</strong></span> <span class='ocrx_word' id='word_1_293' title='bbox 2948 1790 3169 1847; x_wconf 83' lang='lat' dir='ltr'><strong>fuimus</strong></span> <span class='ocrx_word' id='word_1_294' title='bbox 3188 1790 3364 1847; x_wconf 84' lang='lat' dir='ltr'><strong>?Nam</strong></span> <span class='ocrx_word' id='word_1_295' title='bbox 3393 1791 3530 1848; x_wconf 91' lang='lat' dir='ltr'><strong>licet</strong></span> <span class='ocrx_word' id='word_1_296' title='bbox 3558 1810 3667 1849; x_wconf 90' lang='lat' dir='ltr'><strong>nos</strong></span> 
     </span>
    </p>
   </div>
   <div class='ocr_carea' id='block_1_48' title="bbox 2019 1864 3703 1953">
    <p class='ocr_par' dir='ltr' id='par_1_48' title="bbox 2019 1864 3703 1953">
     <span class='ocr_line' id='line_1_48' title="bbox 2019 1864 3703 1953; baseline 0.004 -23"><span class='ocrx_word' id='word_1_297' title='bbox 2019 1880 2349 1947; x_wconf 90' lang='lat' dir='ltr'><strong>peccatores</strong></span> <span class='ocrx_word' id='word_1_298' title='bbox 2366 1877 2601 1948; x_wconf 89' lang='lat' dir='ltr'><strong>quidem</strong></span> <span class='ocrx_word' id='word_1_299' title='bbox 2614 1895 2742 1934; x_wconf 90' lang='lat' dir='ltr'><strong>esse</strong></span> <span class='ocrx_word' id='word_1_300' title='bbox 2755 1895 2871 1934; x_wconf 91' lang='lat' dir='ltr'><strong>non</strong></span> <span class='ocrx_word' id='word_1_301' title='bbox 2883 1879 3669 1953; x_wconf 89' lang='lat' dir='ltr'><strong>denegemus,quorumlibet</strong></span> <span class='ocrx_word' id='word_1_302' title='bbox 3684 1864 3703 1871; x_wconf 64' lang='grc'><strong>’</strong></span> 
     </span>
    </p>
   </div>
   <div class='ocr_carea' id='block_1_49' title="bbox 2017 1966 3668 2040">
    <p class='ocr_par' dir='ltr' id='par_1_49' title="bbox 2017 1966 3668 2040">
     <span class='ocr_line' id='line_1_49' title="bbox 2017 1966 3668 2040; baseline 0.005 -22"><span class='ocrx_word' id='word_1_303' title='bbox 2017 1970 2214 2020; x_wconf 87' lang='lat' dir='ltr'><strong>tamen</strong></span> <span class='ocrx_word' id='word_1_304' title='bbox 2245 1982 2509 2022; x_wconf 89' lang='lat' dir='ltr'><strong>errorum</strong></span> <span class='ocrx_word' id='word_1_305' title='bbox 2542 1968 2676 2023; x_wconf 67' lang='lat' dir='ltr'><strong>faece</strong></span> <span class='ocrx_word' id='word_1_306' title='bbox 2705 1966 2983 2040; x_wconf 88' lang='lat' dir='ltr'><strong>pollutos,</strong></span> <span class='ocrx_word' id='word_1_307' title='bbox 3016 1968 3132 2025; x_wconf 89' lang='lat' dir='ltr'><strong>Deo</strong></span> <span class='ocrx_word' id='word_1_308' title='bbox 3161 1969 3403 2040; x_wconf 89' lang='lat' dir='ltr'><strong>gratias,</strong></span> <span class='ocrx_word' id='word_1_309' title='bbox 3424 1970 3668 2026; x_wconf 91' lang='lat' dir='ltr'><strong>minime</strong></span> 
     </span>
    </p>
   </div>
   <div class='ocr_carea' id='block_1_50' title="bbox 2021 2054 3665 2131">
    <p class='ocr_par' dir='ltr' id='par_1_50' title="bbox 2021 2054 3665 2131">
     <span class='ocr_line' id='line_1_50' title="bbox 2021 2054 3665 2131; baseline 0.004 -24"><span class='ocrx_word' id='word_1_310' title='bbox 2021 2054 2521 2125; x_wconf 89' lang='lat' dir='ltr'><strong>recognoscimus,</strong></span> <span class='ocrx_word' id='word_1_311' title='bbox 2555 2056 3056 2127; x_wconf 87' lang='lat' dir='ltr'><strong>quemadmodum</strong></span> <span class='ocrx_word' id='word_1_312' title='bbox 3089 2056 3194 2123; x_wconf 92' lang='lat' dir='ltr'><strong>illi,</strong></span> <span class='ocrx_word' id='word_1_313' title='bbox 3229 2058 3325 2130; x_wconf 88' lang='lat' dir='ltr'><strong>qui</strong></span> <span class='ocrx_word' id='word_1_314' title='bbox 3361 2075 3665 2131; x_wconf 88' lang='lat' dir='ltr'><strong>nunquam</strong></span> 
     </span>
    </p>
   </div>
   <div class='ocr_carea' id='block_1_51' title="bbox 2019 2142 3666 2219">
    <p class='ocr_par' dir='ltr' id='par_1_51' title="bbox 2019 2142 3666 2219">
     <span class='ocr_line' id='line_1_51' title="bbox 2019 2142 3666 2219; baseline 0.003 -22"><span class='ocrx_word' id='word_1_315' title='bbox 2019 2142 2147 2197; x_wconf 91' lang='lat' dir='ltr'><strong>sine</strong></span> <span class='ocrx_word' id='word_1_316' title='bbox 2179 2142 2517 2208; x_wconf 86' lang='lat' dir='ltr'><strong>schismate,</strong></span> <span class='ocrx_word' id='word_1_317' title='bbox 2552 2160 2857 2215; x_wconf 90' lang='lat' dir='ltr'><strong>nunquam</strong></span> <span class='ocrx_word' id='word_1_318' title='bbox 2890 2161 3135 2216; x_wconf 88' lang='lat' dir='ltr'><strong>prorsus</strong></span> <span class='ocrx_word' id='word_1_319' title='bbox 3161 2147 3233 2202; x_wconf 92' lang='lat' dir='ltr'><strong>ab</strong></span> <span class='ocrx_word' id='word_1_320' title='bbox 3269 2163 3464 2203; x_wconf 90' lang='lat' dir='ltr'><strong>errore</strong></span> <span class='ocrx_word' id='word_1_321' title='bbox 3496 2164 3666 2219; x_wconf 89' lang='lat' dir='ltr'><strong>repe-</strong></span> 
     </span>
    </p>
   </div>
   <div class='ocr_carea' id='block_1_52' title="bbox 2019 2230 3668 2292">
    <p class='ocr_par' dir='ltr' id='par_1_52' title="bbox 2019 2230 3668 2292">
     <span class='ocr_line' id='line_1_52' title="bbox 2019 2230 3668 2292; baseline 0.004 -8"><span class='ocrx_word' id='word_1_322' title='bbox 2019 2230 2256 2286; x_wconf 89' lang='lat' dir='ltr'><strong>riuntur</strong></span> <span class='ocrx_word' id='word_1_323' title='bbox 2284 2231 2563 2287; x_wconf 78' lang='lat' dir='ltr'><strong>extranei.</strong></span> <span class='ocrx_word' id='word_1_324' title='bbox 2598 2230 2853 2288; x_wconf 90' lang='lat' dir='ltr'><strong>Libellos</strong></span> <span class='ocrx_word' id='word_1_325' title='bbox 2883 2237 3078 2289; x_wconf 91' lang='lat' dir='ltr'><strong>autem</strong></span> <span class='ocrx_word' id='word_1_326' title='bbox 3111 2250 3219 2290; x_wconf 92' lang='lat' dir='ltr'><strong>nos</strong></span> <span class='ocrx_word' id='word_1_327' title='bbox 3239 2235 3311 2290; x_wconf 89' lang='lat' dir='ltr'><strong>ab</strong></span> <span class='ocrx_word' id='word_1_328' title='bbox 3334 2233 3451 2291; x_wconf 91' lang='lat' dir='ltr'><strong>illis</strong></span> <span class='ocrx_word' id='word_1_329' title='bbox 3472 2240 3529 2291; x_wconf 92' lang='lat' dir='ltr'><strong>et</strong></span> <span class='ocrx_word' id='word_1_330' title='bbox 3548 2235 3668 2292; x_wconf 82' lang='lat' dir='ltr'><strong>exi-</strong></span> 
     </span>
    </p>
   </div>
   <div class='ocr_carea' id='block_1_53' title="bbox 2020 2319 3669 2396">
    <p class='ocr_par' dir='ltr' id='par_1_53' title="bbox 2020 2319 3669 2396">
     <span class='ocr_line' id='line_1_53' title="bbox 2020 2319 3669 2396; baseline 0.004 -23"><span class='ocrx_word' id='word_1_331' title='bbox 2020 2335 2155 2392; x_wconf 87' lang='lat' dir='ltr'><strong>gere</strong></span> <span class='ocrx_word' id='word_1_332' title='bbox 2186 2323 2243 2374; x_wconf 86' lang='lat' dir='ltr'><strong>et</strong></span> <span class='ocrx_word' id='word_1_333' title='bbox 2260 2319 2698 2391; x_wconf 87' lang='lat' dir='ltr'><strong>suscipere,non</strong></span> <span class='ocrx_word' id='word_1_334' title='bbox 2712 2324 2908 2377; x_wconf 89' lang='lat' dir='ltr'><strong>autem</strong></span> <span class='ocrx_word' id='word_1_335' title='bbox 2932 2320 3064 2378; x_wconf 94' lang='lat' dir='ltr'><strong>illos</strong></span> <span class='ocrx_word' id='word_1_336' title='bbox 3085 2340 3119 2378; x_wconf 90' lang='lat' dir='ltr'><strong>a</strong></span> <span class='ocrx_word' id='word_1_337' title='bbox 3140 2323 3356 2379; x_wconf 88' lang='lat' dir='ltr'><strong>nostris</strong></span> <span class='ocrx_word' id='word_1_338' title='bbox 3373 2324 3669 2396; x_wconf 88' lang='lat' dir='ltr'><strong>requirere</strong></span> 
     </span>
    </p>
   </div>
   <div class='ocr_carea' id='block_1_54' title="bbox 2022 2405 3667 2482">
    <p class='ocr_par' dir='ltr' id='par_1_54' title="bbox 2022 2405 3667 2482">
     <span class='ocr_line' id='line_1_54' title="bbox 2022 2405 3667 2482; baseline 0.004 -20"><span class='ocrx_word' id='word_1_339' title='bbox 2022 2405 2598 2472; x_wconf 89' lang='lat' dir='ltr'><strong>solere,consuetudo</strong></span> <span class='ocrx_word' id='word_1_340' title='bbox 2629 2408 2940 2482; x_wconf 91' lang='lat' dir='ltr'><strong>hueusque</strong></span> <span class='ocrx_word' id='word_1_341' title='bbox 2965 2410 3259 2467; x_wconf 89' lang='lat' dir='ltr'><strong>custodita</strong></span> <span class='ocrx_word' id='word_1_342' title='bbox 3284 2412 3667 2469; x_wconf 87' lang='lat' dir='ltr'><strong>demonstrat.</strong></span> 
     </span>
    </p>
   </div>
   <div class='ocr_carea' id='block_1_55' title="bbox 2022 2496 3670 2572">
    <p class='ocr_par' dir='ltr' id='par_1_55' title="bbox 2022 2496 3670 2572">
     <span class='ocr_line' id='line_1_55' title="bbox 2022 2496 3670 2572; baseline 0.004 -22"><span class='ocrx_word' id='word_1_343' title='bbox 2022 2496 2166 2550; x_wconf 91' lang='lat' dir='ltr'><strong>Cum</strong></span> <span class='ocrx_word' id='word_1_344' title='bbox 2189 2496 2366 2564; x_wconf 90' lang='lat' dir='ltr'><strong>enim,</strong></span> <span class='ocrx_word' id='word_1_345' title='bbox 2391 2496 2603 2553; x_wconf 90' lang='lat' dir='ltr'><strong>Christi</strong></span> <span class='ocrx_word' id='word_1_346' title='bbox 2634 2515 2894 2567; x_wconf 89' lang='lat' dir='ltr'><strong>munere,</strong></span> <span class='ocrx_word' id='word_1_347' title='bbox 2925 2503 3160 2572; x_wconf 89' lang='lat' dir='ltr'><strong>propter</strong></span> <span class='ocrx_word' id='word_1_348' title='bbox 3207 2501 3527 2572; x_wconf 90' lang='lat' dir='ltr'><strong>primatum</strong></span> <span class='ocrx_word' id='word_1_349' title='bbox 3559 2502 3670 2556; x_wconf 88' lang='lat' dir='ltr'><strong>Ec-</strong></span> 
     </span>
    </p>
   </div>
   <div class='ocr_carea' id='block_1_56' title="bbox 2023 2584 3671 2658">
    <p class='ocr_par' dir='ltr' id='par_1_56' title="bbox 2023 2584 3671 2658">
     <span class='ocr_line' id='line_1_56' title="bbox 2023 2584 3671 2658; baseline 0.004 -20"><span class='ocrx_word' id='word_1_350' title='bbox 2023 2584 2211 2640; x_wconf 80' lang='lat' dir='ltr'><strong>clesiae</strong></span> <span class='ocrx_word' id='word_1_351' title='bbox 2242 2589 2513 2641; x_wconf 82' lang='lat' dir='ltr'><strong>Romanae</strong></span> <span class='ocrx_word' id='word_1_352' title='bbox 2546 2586 2603 2641; x_wconf 93' lang='lat' dir='ltr'><strong>in</strong></span> <span class='ocrx_word' id='word_1_353' title='bbox 2636 2587 2803 2643; x_wconf 91' lang='lat' dir='ltr'><strong>beato</strong></span> <span class='ocrx_word' id='word_1_354' title='bbox 2852 2588 3019 2644; x_wconf 89' lang='lat' dir='ltr'><strong>Petro</strong></span> <span class='ocrx_word' id='word_1_355' title='bbox 3050 2605 3416 2658; x_wconf 90' lang='lat' dir='ltr'><strong>concessum,</strong></span> <span class='ocrx_word' id='word_1_356' title='bbox 3450 2589 3671 2645; x_wconf 88' lang='lat' dir='ltr'><strong>nemini</strong></span> 
     </span>
    </p>
   </div>
   <div class='ocr_carea' id='block_1_57' title="bbox 2024 2673 3674 2749">
    <p class='ocr_par' dir='ltr' id='par_1_57' title="bbox 2024 2673 3674 2749">
     <span class='ocr_line' id='line_1_57' title="bbox 2024 2673 3674 2749; baseline 0.003 -21"><span class='ocrx_word' id='word_1_357' title='bbox 2024 2674 2101 2728; x_wconf 86' lang='lat' dir='ltr'><strong>sit</strong></span> <span class='ocrx_word' id='word_1_358' title='bbox 2130 2674 2199 2729; x_wconf 92' lang='lat' dir='ltr'><strong>de</strong></span> <span class='ocrx_word' id='word_1_359' title='bbox 2228 2673 2384 2729; x_wconf 89' lang='lat' dir='ltr'><strong>sedis</strong></span> <span class='ocrx_word' id='word_1_360' title='bbox 2415 2673 2746 2746; x_wconf 66' lang='lat' dir='ltr'><strong>apostolicae</strong></span> <span class='ocrx_word' id='word_1_361' title='bbox 2785 2675 3011 2747; x_wconf 89' lang='lat' dir='ltr'><strong>judicio</strong></span> <span class='ocrx_word' id='word_1_362' title='bbox 3060 2677 3351 2749; x_wconf 89' lang='lat' dir='ltr'><strong>judicare,</strong></span> <span class='ocrx_word' id='word_1_363' title='bbox 3384 2683 3484 2733; x_wconf 89' lang='lat' dir='ltr'><strong>aut</strong></span> <span class='ocrx_word' id='word_1_364' title='bbox 3512 2678 3674 2734; x_wconf 89' lang='lat' dir='ltr'><strong>illius</strong></span> 
     </span>
    </p>
   </div>
   <div class='ocr_carea' id='block_1_58' title="bbox 2026 2763 3674 2836">
    <p class='ocr_par' dir='ltr' id='par_1_58' title="bbox 2026 2763 3674 2836">
     <span class='ocr_line' id='line_1_58' title="bbox 2026 2763 3674 2836; baseline 0.003 -19"><span class='ocrx_word' id='word_1_365' title='bbox 2026 2763 2378 2819; x_wconf 86' lang='lat' dir='ltr'><strong>sententiam</strong></span> <span class='ocrx_word' id='word_1_366' title='bbox 2402 2767 2717 2819; x_wconf 82' lang='lat' dir='ltr'><strong>retractare</strong></span> <span class='ocrx_word' id='word_1_367' title='bbox 2737 2766 3093 2836; x_wconf 87' lang='lat' dir='ltr'><strong>permissum</strong></span> <span class='ocrx_word' id='word_1_368' title='bbox 3119 2770 3370 2822; x_wconf 89' lang='lat' dir='ltr'><strong>:constat</strong></span> <span class='ocrx_word' id='word_1_369' title='bbox 3392 2766 3674 2822; x_wconf 90' lang='lat' dir='ltr'><strong>nimirum</strong></span> 
     </span>
    </p>
   </div>
   <div class='ocr_carea' id='block_1_59' title="bbox 2026 2850 3671 2929">
    <p class='ocr_par' dir='ltr' id='par_1_59' title="bbox 2026 2850 3671 2929">
     <span class='ocr_line' id='line_1_59' title="bbox 2026 2850 3671 2929; baseline 0.003 -24"><span class='ocrx_word' id='word_1_370' title='bbox 2026 2867 2125 2906; x_wconf 90' lang='lat' dir='ltr'><strong>cos</strong></span> <span class='ocrx_word' id='word_1_371' title='bbox 2155 2852 2228 2906; x_wconf 92' lang='lat' dir='ltr'><strong>ab</strong></span> <span class='ocrx_word' id='word_1_372' title='bbox 2260 2851 2353 2906; x_wconf 91' lang='lat' dir='ltr'><strong>his</strong></span> <span class='ocrx_word' id='word_1_373' title='bbox 2385 2850 2614 2906; x_wconf 91' lang='lat' dir='ltr'><strong>nullum</strong></span> <span class='ocrx_word' id='word_1_374' title='bbox 2637 2852 2740 2923; x_wconf 92' lang='lat' dir='ltr'><strong>jus</strong></span> <span class='ocrx_word' id='word_1_375' title='bbox 2772 2853 3073 2924; x_wconf 91' lang='lat' dir='ltr'><strong>possidere</strong></span> <span class='ocrx_word' id='word_1_376' title='bbox 3110 2854 3338 2910; x_wconf 90' lang='lat' dir='ltr'><strong>libellos</strong></span> <span class='ocrx_word' id='word_1_377' title='bbox 3383 2855 3671 2929; x_wconf 79' lang='lat' dir='ltr'><strong>exigendi,</strong></span> 
     </span>
    </p>
   </div>
   <div class='ocr_carea' id='block_1_60' title="bbox 2028 2940 3672 3014">
    <p class='ocr_par' dir='ltr' id='par_1_60' title="bbox 2028 2940 3672 3014">
     <span class='ocr_line' id='line_1_60' title="bbox 2028 2940 3672 3014; baseline 0.004 -21"><span class='ocrx_word' id='word_1_378' title='bbox 2028 2956 2176 3012; x_wconf 89' lang='lat' dir='ltr'><strong>quos</strong></span> <span class='ocrx_word' id='word_1_379' title='bbox 2205 2940 2420 2996; x_wconf 89' lang='lat' dir='ltr'><strong>habere</strong></span> <span class='ocrx_word' id='word_1_380' title='bbox 2454 2941 2539 2995; x_wconf 89' lang='lat' dir='ltr'><strong>fas</strong></span> <span class='ocrx_word' id='word_1_381' title='bbox 2561 2940 2870 3011; x_wconf 89' lang='lat' dir='ltr'><strong>judicandi</strong></span> <span class='ocrx_word' id='word_1_382' title='bbox 2910 2942 3071 2998; x_wconf 90' lang='lat' dir='ltr'><strong>nullo</strong></span> <span class='ocrx_word' id='word_1_383' title='bbox 3115 2943 3398 3014; x_wconf 87' lang='lat' dir='ltr'><strong>jubentur</strong></span> <span class='ocrx_word' id='word_1_384' title='bbox 3429 2960 3672 3013; x_wconf 89' lang='lat' dir='ltr'><strong>canone,</strong></span> 
     </span>
    </p>
   </div>
   <div class='ocr_carea' id='block_1_61' title="bbox 2029 3029 3676 3101">
    <p class='ocr_par' dir='ltr' id='par_1_61' title="bbox 2029 3029 3676 3101">
     <span class='ocr_line' id='line_1_61' title="bbox 2029 3029 3676 3101; baseline 0.004 -18"><span class='ocrx_word' id='word_1_385' title='bbox 2029 3029 2188 3083; x_wconf 91' lang='lat' dir='ltr'><strong>nullo</strong></span> <span class='ocrx_word' id='word_1_386' title='bbox 2220 3030 2544 3101; x_wconf 88' lang='lat' dir='ltr'><strong>probantur</strong></span> <span class='ocrx_word' id='word_1_387' title='bbox 2572 3029 3162 3101; x_wconf 87' lang='lat' dir='ltr'><strong>exemplo.Potiorum</strong></span> <span class='ocrx_word' id='word_1_388' title='bbox 3196 3032 3355 3087; x_wconf 89' lang='lat' dir='ltr'><strong>enim</strong></span> <span class='ocrx_word' id='word_1_389' title='bbox 3385 3037 3474 3088; x_wconf 90' lang='lat' dir='ltr'><strong>est</strong></span> <span class='ocrx_word' id='word_1_390' title='bbox 3494 3032 3676 3089; x_wconf 90' lang='lat' dir='ltr'><strong>abin-</strong></span> 
     </span>
    </p>
   </div>
   <div class='ocr_carea' id='block_1_62' title="bbox 2030 3117 3679 3191">
    <p class='ocr_par' dir='ltr' id='par_1_62' title="bbox 2030 3117 3679 3191">
     <span class='ocr_line' id='line_1_62' title="bbox 2030 3117 3679 3191; baseline 0.002 -18"><span class='ocrx_word' id='word_1_391' title='bbox 2030 3117 2359 3186; x_wconf 90' lang='lat' dir='ltr'><strong>ferioribus,</strong></span> <span class='ocrx_word' id='word_1_392' title='bbox 2396 3136 2510 3174; x_wconf 92' lang='lat' dir='ltr'><strong>non</strong></span> <span class='ocrx_word' id='word_1_393' title='bbox 2542 3117 2887 3174; x_wconf 89' lang='lat' dir='ltr'><strong>inferiorum</strong></span> <span class='ocrx_word' id='word_1_394' title='bbox 2935 3137 2969 3175; x_wconf 89' lang='lat' dir='ltr'><strong>a</strong></span> <span class='ocrx_word' id='word_1_395' title='bbox 3021 3119 3365 3191; x_wconf 88' lang='lat' dir='ltr'><strong>potioribus,</strong></span> <span class='ocrx_word' id='word_1_396' title='bbox 3398 3121 3679 3177; x_wconf 90' lang='lat' dir='ltr'><strong>violenter</strong></span> 
     </span>
    </p>
   </div>
   <div class='ocr_carea' id='block_1_63' title="bbox 2031 3198 3674 3278">
    <p class='ocr_par' dir='ltr' id='par_1_63' title="bbox 2031 3198 3674 3278">
     <span class='ocr_line' id='line_1_63' title="bbox 2031 3198 3674 3278; baseline 0.003 -17"><span class='ocrx_word' id='word_1_397' title='bbox 2031 3206 2259 3278; x_wconf 77' lang='lat' dir='ltr'><strong>exigere</strong></span> <span class='ocrx_word' id='word_1_398' title='bbox 2272 3206 2558 3262; x_wconf 88' lang='lat' dir='ltr'><strong>rationem</strong></span> <span class='ocrx_word' id='word_1_399' title='bbox 2568 3210 2958 3275; x_wconf 78' lang='lat' dir='ltr'><strong>,autexortam</strong></span> <span class='ocrx_word' id='word_1_400' title='bbox 2972 3207 3178 3263; x_wconf 89' lang='lat' dir='ltr'><strong>elicere</strong></span> <span class='ocrx_word' id='word_1_401' title='bbox 3191 3198 3651 3265; x_wconf 86' lang='lat' dir='ltr'><strong>satisfactionem</strong></span> <span class='ocrx_word' id='word_1_402' title='bbox 3661 3252 3674 3266; x_wconf 92' lang='lat'><strong>.</strong></span> 
     </span>
    </p>
   </div>
   <div class='ocr_carea' id='block_1_64' title="bbox 2031 3294 3677 3371">
    <p class='ocr_par' dir='ltr' id='par_1_64' title="bbox 2031 3294 3677 3371">
     <span class='ocr_line' id='line_1_64' title="bbox 2031 3294 3677 3371; baseline 0.003 -21"><span class='ocrx_word' id='word_1_403' title='bbox 2031 3294 2546 3351; x_wconf 88' lang='lat' dir='ltr'><strong>Commendatitias</strong></span> <span class='ocrx_word' id='word_1_404' title='bbox 2569 3301 2768 3351; x_wconf 89' lang='lat' dir='ltr'><strong>autem</strong></span> <span class='ocrx_word' id='word_1_405' title='bbox 2800 3296 3100 3369; x_wconf 87' lang='lat' dir='ltr'><strong>epistolas,</strong></span> <span class='ocrx_word' id='word_1_406' title='bbox 3125 3297 3357 3353; x_wconf 83' lang='lat' dir='ltr'><strong>etlamsi</strong></span> <span class='ocrx_word' id='word_1_407' title='bbox 3388 3297 3503 3354; x_wconf 85' lang='lat' dir='ltr'><strong>tale</strong></span> <span class='ocrx_word' id='word_1_408' title='bbox 3534 3299 3677 3371; x_wconf 90' lang='lat' dir='ltr'><strong>quid</strong></span> 
     </span>
    </p>
   </div>
   <div class='ocr_carea' id='block_1_65' title="bbox 276 3375 3679 3460">
    <p class='ocr_par' dir='ltr' id='par_1_65' title="bbox 276 3375 3679 3460">
     <span class='ocr_line' id='line_1_65' title="bbox 276 3375 3679 3460; baseline 0 -18"><span class='ocrx_word' id='word_1_409' title='bbox 276 3391 551 3459; x_wconf 84' lang='lat' dir='ltr'><strong>corrupta</strong></span> <span class='ocrx_word' id='word_1_410' title='bbox 580 3403 684 3460; x_wconf 91' lang='lat' dir='ltr'><strong>per</strong></span> <span class='ocrx_word' id='word_1_411' title='bbox 712 3385 829 3443; x_wconf 84' lang='lat' dir='ltr'><strong>alia</strong></span> <span class='ocrx_word' id='word_1_412' title='bbox 857 3384 1096 3442; x_wconf 89' lang='lat' dir='ltr'><strong>climata</strong></span> <span class='ocrx_word' id='word_1_413' title='bbox 1125 3386 1331 3442; x_wconf 92' lang='lat' dir='ltr'><strong>mundi</strong></span> <span class='ocrx_word' id='word_1_414' title='bbox 1370 3385 1658 3443; x_wconf 89' lang='lat' dir='ltr'><strong>docuerit:</strong></span> <span class='ocrx_word' id='word_1_415' title='bbox 1690 3403 1794 3442; x_wconf 89' lang='lat' dir='ltr'><strong>nec</strong></span> <span class='ocrx_word' id='word_1_416' title='bbox 1826 3404 1923 3458; x_wconf 88' lang='lat' dir='ltr'><strong>ap-</strong></span> <span class='ocrx_word' id='word_1_417' title='bbox 1952 3375 1995 3442; x_wconf 85' lang='lat' dir='ltr'><strong>C</strong></span> <span class='ocrx_word' id='word_1_418' title='bbox 2033 3384 2277 3456; x_wconf 90' lang='lat' dir='ltr'><strong>antiqua</strong></span> <span class='ocrx_word' id='word_1_419' title='bbox 2305 3385 2665 3440; x_wconf 90' lang='lat' dir='ltr'><strong>consuetudo</strong></span> <span class='ocrx_word' id='word_1_420' title='bbox 2698 3384 2821 3440; x_wconf 84' lang='lat' dir='ltr'><strong>fieri</strong></span> <span class='ocrx_word' id='word_1_421' title='bbox 2853 3403 2887 3441; x_wconf 89' lang='lat' dir='ltr'><strong>a</strong></span> <span class='ocrx_word' id='word_1_422' title='bbox 2908 3385 3077 3441; x_wconf 90' lang='lat' dir='ltr'><strong>nobis</strong></span> <span class='ocrx_word' id='word_1_423' title='bbox 3108 3386 3505 3459; x_wconf 86' lang='lat' dir='ltr'><strong>efﬂagitasset,</strong></span> <span class='ocrx_word' id='word_1_424' title='bbox 3532 3388 3679 3443; x_wconf 86' lang='lat' dir='ltr'><strong>dan-</strong></span> 
     </span>
    </p>
   </div>
   <div class='ocr_carea' id='block_1_66' title="bbox 280 3474 1928 3550">
    <p class='ocr_par' dir='ltr' id='par_1_66' title="bbox 280 3474 1928 3550">
     <span class='ocr_line' id='line_1_66' title="bbox 280 3474 1928 3550; baseline -0.001 -18"><span class='ocrx_word' id='word_1_425' title='bbox 280 3476 537 3550; x_wconf 88' lang='lat' dir='ltr'><strong>paruerit</strong></span> <span class='ocrx_word' id='word_1_426' title='bbox 565 3476 884 3549; x_wconf 89' lang='lat' dir='ltr'><strong>quisquam</strong></span> <span class='ocrx_word' id='word_1_427' title='bbox 908 3491 1011 3547; x_wconf 85' lang='lat' dir='ltr'><strong>per</strong></span> <span class='ocrx_word' id='word_1_428' title='bbox 1038 3479 1124 3530; x_wconf 88' lang='lat' dir='ltr'><strong>tot</strong></span> <span class='ocrx_word' id='word_1_429' title='bbox 1153 3474 1362 3531; x_wconf 90' lang='lat' dir='ltr'><strong>saltem</strong></span> <span class='ocrx_word' id='word_1_430' title='bbox 1381 3475 1727 3531; x_wconf 80' lang='lat' dir='ltr'><strong>saeculorum</strong></span> <span class='ocrx_word' id='word_1_431' title='bbox 1751 3475 1928 3531; x_wconf 88' lang='lat' dir='ltr'><strong>curri-</strong></span> 
     </span>
    </p>
   </div>
   <div class='ocr_carea' id='block_1_67' title="bbox 277 3562 1928 3637">
    <p class='ocr_par' dir='ltr' id='par_1_67' title="bbox 277 3562 1928 3637">
     <span class='ocr_line' id='line_1_67' title="bbox 277 3562 1928 3637; baseline -0.001 -16"><span class='ocrx_word' id='word_1_432' title='bbox 277 3564 537 3637; x_wconf 89' lang='lat' dir='ltr'><strong>cula,qui</strong></span> <span class='ocrx_word' id='word_1_433' title='bbox 568 3566 696 3637; x_wconf 88' lang='lat' dir='ltr'><strong>ejus</strong></span> <span class='ocrx_word' id='word_1_434' title='bbox 725 3562 1141 3620; x_wconf 91' lang='lat' dir='ltr'><strong>traditionibus</strong></span> <span class='ocrx_word' id='word_1_435' title='bbox 1171 3565 1552 3637; x_wconf 88' lang='lat' dir='ltr'><strong>derogaverit,</strong></span> <span class='ocrx_word' id='word_1_436' title='bbox 1574 3564 1928 3635; x_wconf 85' lang='lat' dir='ltr'><strong>autobviare</strong></span> 
     </span>
    </p>
   </div>
   <div class='ocr_carea' id='block_1_68' title="bbox 278 3652 1928 3728">
    <p class='ocr_par' dir='ltr' id='par_1_68' title="bbox 278 3652 1928 3728">
     <span class='ocr_line' id='line_1_68' title="bbox 278 3652 1928 3728; baseline -0.001 -18"><span class='ocrx_word' id='word_1_437' title='bbox 278 3653 756 3728; x_wconf 66' lang='lat' dir='ltr'><strong>praesumpserit;</strong></span> <span class='ocrx_word' id='word_1_438' title='bbox 788 3652 1015 3720; x_wconf 91' lang='lat' dir='ltr'><strong>licet,ut</strong></span> <span class='ocrx_word' id='word_1_439' title='bbox 1043 3652 1506 3725; x_wconf 78' lang='lat' dir='ltr'><strong>praetulimus,in</strong></span> <span class='ocrx_word' id='word_1_440' title='bbox 1537 3653 1928 3711; x_wconf 86' lang='lat' dir='ltr'><strong>Ecclesiacre-</strong></span> 
     </span>
    </p>
   </div>
   <div class='ocr_carea' id='block_1_69' title="bbox 277 3732 1927 3819">
    <p class='ocr_par' dir='ltr' id='par_1_69' title="bbox 277 3732 1927 3819">
     <span class='ocr_line' id='line_1_69' title="bbox 277 3732 1927 3819; baseline -0.001 -18"><span class='ocrx_word' id='word_1_441' title='bbox 277 3747 383 3802; x_wconf 90' lang='lat' dir='ltr'><strong>bro</strong></span> <span class='ocrx_word' id='word_1_442' title='bbox 412 3744 632 3819; x_wconf 89' lang='lat' dir='ltr'><strong>insigni</strong></span> <span class='ocrx_word' id='word_1_443' title='bbox 650 3745 918 3801; x_wconf 90' lang='lat' dir='ltr'><strong>doctores</strong></span> <span class='ocrx_word' id='word_1_444' title='bbox 940 3732 1417 3799; x_wconf 15' lang='lat' dir='ltr'><strong>eﬂ&#39;ulserintrznec</strong></span> <span class='ocrx_word' id='word_1_445' title='bbox 1429 3742 1552 3799; x_wconf 92' lang='lat' dir='ltr'><strong>visa</strong></span> <span class='ocrx_word' id='word_1_446' title='bbox 1574 3743 1651 3800; x_wconf 91' lang='lat' dir='ltr'><strong>sit</strong></span> <span class='ocrx_word' id='word_1_447' title='bbox 1667 3760 1927 3816; x_wconf 89' lang='lat' dir='ltr'><strong>unquam</strong></span> 
     </span>
    </p>
   </div>
   <div class='ocr_carea' id='block_1_70' title="bbox 277 3832 1929 3906">
    <p class='ocr_par' dir='ltr' id='par_1_70' title="bbox 277 3832 1929 3906">
     <span class='ocr_line' id='line_1_70' title="bbox 277 3832 1929 3906; baseline -0.002 -15"><span class='ocrx_word' id='word_1_448' title='bbox 277 3833 557 3905; x_wconf 88' lang='lat' dir='ltr'><strong>Ecclesia,</strong></span> <span class='ocrx_word' id='word_1_449' title='bbox 590 3838 657 3890; x_wconf 92' lang='lat' dir='ltr'><strong>ut</strong></span> <span class='ocrx_word' id='word_1_450' title='bbox 690 3851 806 3890; x_wconf 90' lang='lat' dir='ltr'><strong>non</strong></span> <span class='ocrx_word' id='word_1_451' title='bbox 838 3833 1030 3889; x_wconf 89' lang='lat' dir='ltr'><strong>dicam</strong></span> <span class='ocrx_word' id='word_1_452' title='bbox 1062 3832 1929 3906; x_wconf 69' lang='lat' dir='ltr'><strong>Constantinopolitanam,quae</strong></span> 
     </span>
    </p>
   </div>
   <div class='ocr_carea' id='block_1_71' title="bbox 278 3921 1928 3997">
    <p class='ocr_par' dir='ltr' id='par_1_71' title="bbox 278 3921 1928 3997">
     <span class='ocr_line' id='line_1_71' title="bbox 278 3921 1928 3997; baseline -0.001 -18"><span class='ocrx_word' id='word_1_453' title='bbox 278 3922 452 3997; x_wconf 73' lang='lat' dir='ltr'><strong>longe</strong></span> <span class='ocrx_word' id='word_1_454' title='bbox 507 3928 641 3996; x_wconf 90' lang='lat' dir='ltr'><strong>post</strong></span> <span class='ocrx_word' id='word_1_455' title='bbox 698 3922 973 3979; x_wconf 89' lang='lat' dir='ltr'><strong>instituta</strong></span> <span class='ocrx_word' id='word_1_456' title='bbox 1031 3926 1139 3988; x_wconf 90' lang='lat' dir='ltr'><strong>est,</strong></span> <span class='ocrx_word' id='word_1_457' title='bbox 1189 3923 1359 3993; x_wconf 90' lang='lat' dir='ltr'><strong>cujus</strong></span> <span class='ocrx_word' id='word_1_458' title='bbox 1415 3921 1537 3977; x_wconf 65' lang='lat' dir='ltr'><strong>haec</strong></span> <span class='ocrx_word' id='word_1_459' title='bbox 1603 3922 1928 3978; x_wconf 90' lang='lat' dir='ltr'><strong>doctrinam</strong></span> 
     </span>
    </p>
   </div>
   <div class='ocr_carea' id='block_1_72' title="bbox 277 4010 1931 4084">
    <p class='ocr_par' dir='ltr' id='par_1_72' title="bbox 277 4010 1931 4084">
     <span class='ocr_line' id='line_1_72' title="bbox 277 4010 1931 4084; baseline -0.002 -14"><span class='ocrx_word' id='word_1_460' title='bbox 277 4013 369 4070; x_wconf 89' lang='lat' dir='ltr'><strong>vel</strong></span> <span class='ocrx_word' id='word_1_461' title='bbox 402 4013 812 4070; x_wconf 90' lang='lat' dir='ltr'><strong>auctoritatem</strong></span> <span class='ocrx_word' id='word_1_462' title='bbox 845 4014 1045 4067; x_wconf 86' lang='lat' dir='ltr'><strong>secuta</strong></span> <span class='ocrx_word' id='word_1_463' title='bbox 1087 4010 1181 4078; x_wconf 90' lang='lat' dir='ltr'><strong>sit,</strong></span> <span class='ocrx_word' id='word_1_464' title='bbox 1206 4027 1341 4066; x_wconf 90' lang='lat' dir='ltr'><strong>cum</strong></span> <span class='ocrx_word' id='word_1_465' title='bbox 1386 4010 1516 4082; x_wconf 90' lang='lat' dir='ltr'><strong>ipsa</strong></span> <span class='ocrx_word' id='word_1_466' title='bbox 1562 4011 1756 4084; x_wconf 90' lang='lat' dir='ltr'><strong>potius</strong></span> <span class='ocrx_word' id='word_1_467' title='bbox 1786 4011 1931 4067; x_wconf 90' lang='lat' dir='ltr'><strong>alias</strong></span> 
     </span>
    </p>
   </div>
   <div class='ocr_carea' id='block_1_73' title="bbox 280 4099 1932 4173">
    <p class='ocr_par' dir='ltr' id='par_1_73' title="bbox 280 4099 1932 4173">
     <span class='ocr_line' id='line_1_73' title="bbox 280 4099 1932 4173; baseline -0.001 -14"><span class='ocrx_word' id='word_1_468' title='bbox 280 4101 555 4159; x_wconf 88' lang='lat' dir='ltr'><strong>ecclesias</strong></span> <span class='ocrx_word' id='word_1_469' title='bbox 584 4101 1105 4173; x_wconf 89' lang='lat' dir='ltr'><strong>instituerit,atque</strong></span> <span class='ocrx_word' id='word_1_470' title='bbox 1133 4100 1228 4156; x_wconf 90' lang='lat' dir='ltr'><strong>his</strong></span> <span class='ocrx_word' id='word_1_471' title='bbox 1250 4099 1563 4155; x_wconf 91' lang='lat' dir='ltr'><strong>nonnullas</strong></span> <span class='ocrx_word' id='word_1_472' title='bbox 1587 4100 1932 4157; x_wconf 89' lang='lat' dir='ltr'><strong>traditiones</strong></span> 
     </span>
    </p>
   </div>
   <div class='ocr_carea' id='block_1_74' title="bbox 283 4187 1931 4262">
    <p class='ocr_par' dir='ltr' id='par_1_74' title="bbox 283 4187 1931 4262">
     <span class='ocr_line' id='line_1_74' title="bbox 283 4187 1931 4262; baseline -0.002 -14"><span class='ocrx_word' id='word_1_473' title='bbox 283 4190 595 4248; x_wconf 86' lang='lat' dir='ltr'><strong>contulerit</strong></span> <span class='ocrx_word' id='word_1_474' title='bbox 617 4191 782 4247; x_wconf 86' lang='lat' dir='ltr'><strong>:adeo</strong></span> <span class='ocrx_word' id='word_1_475' title='bbox 801 4189 1392 4262; x_wconf 91' lang='lat' dir='ltr'><strong>ut,quemadmodum</strong></span> <span class='ocrx_word' id='word_1_476' title='bbox 1426 4187 1750 4244; x_wconf 84' lang='lat' dir='ltr'><strong>Bonifacius</strong></span> <span class='ocrx_word' id='word_1_477' title='bbox 1773 4189 1931 4245; x_wconf 90' lang='lat' dir='ltr'><strong>sedis</strong></span> 
     </span>
    </p>
   </div>
   <div class='ocr_carea' id='block_1_75' title="bbox 282 4277 1931 4353">
    <p class='ocr_par' dir='ltr' id='par_1_75' title="bbox 282 4277 1931 4353">
     <span class='ocr_line' id='line_1_75' title="bbox 282 4277 1931 4353; baseline -0.002 -16"><span class='ocrx_word' id='word_1_478' title='bbox 282 4280 615 4353; x_wconf 62' lang='lat' dir='ltr'><strong>apostolica</strong></span> <span class='ocrx_word' id='word_1_479' title='bbox 663 4279 878 4352; x_wconf 67' lang='lat' dir='ltr'><strong>praesul</strong></span> <span class='ocrx_word' id='word_1_480' title='bbox 927 4282 1200 4345; x_wconf 90' lang='lat' dir='ltr'><strong>testatur,</strong></span> <span class='ocrx_word' id='word_1_481' title='bbox 1233 4278 1526 4334; x_wconf 89' lang='lat' dir='ltr'><strong>institutio</strong></span> <span class='ocrx_word' id='word_1_482' title='bbox 1582 4277 1931 4335; x_wconf 89' lang='lat' dir='ltr'><strong>universalis</strong></span> 
     </span>
    </p>
   </div>
   <div class='ocr_carea' id='block_1_76' title="bbox 283 4365 1934 4439">
    <p class='ocr_par' dir='ltr' id='par_1_76' title="bbox 283 4365 1934 4439">
     <span class='ocr_line' id='line_1_76' title="bbox 283 4365 1934 4439; baseline -0.001 -14"><span class='ocrx_word' id='word_1_483' title='bbox 283 4369 581 4427; x_wconf 87' lang='lat' dir='ltr'><strong>nascentis</strong></span> <span class='ocrx_word' id='word_1_484' title='bbox 611 4367 879 4426; x_wconf 82' lang='lat' dir='ltr'><strong>Ecclesiae</strong></span> <span class='ocrx_word' id='word_1_485' title='bbox 909 4369 981 4424; x_wconf 90' lang='lat' dir='ltr'><strong>de</strong></span> <span class='ocrx_word' id='word_1_486' title='bbox 1011 4367 1164 4423; x_wconf 90' lang='lat' dir='ltr'><strong>beati</strong></span> <span class='ocrx_word' id='word_1_487' title='bbox 1196 4366 1349 4423; x_wconf 89' lang='lat' dir='ltr'><strong>Petri</strong></span> <span class='ocrx_word' id='word_1_488' title='bbox 1379 4365 1696 4439; x_wconf 89' lang='lat' dir='ltr'><strong>sumpserit</strong></span> <span class='ocrx_word' id='word_1_489' title='bbox 1715 4366 1934 4424; x_wconf 90' lang='lat' dir='ltr'><strong>honore</strong></span> 
     </span>
    </p>
   </div>
   <div class='ocr_carea' id='block_1_77' title="bbox 281 4456 1936 4532">
    <p class='ocr_par' dir='ltr' id='par_1_77' title="bbox 281 4456 1936 4532">
     <span class='ocr_line' id='line_1_77' title="bbox 281 4456 1936 4532; baseline -0.002 -18"><span class='ocrx_word' id='word_1_490' title='bbox 281 4457 726 4532; x_wconf 89' lang='lat' dir='ltr'><strong>principium,in</strong></span> <span class='ocrx_word' id='word_1_491' title='bbox 740 4475 855 4530; x_wconf 93' lang='lat' dir='ltr'><strong>quo</strong></span> <span class='ocrx_word' id='word_1_492' title='bbox 887 4456 1148 4529; x_wconf 86' lang='lat' dir='ltr'><strong>regimen</strong></span> <span class='ocrx_word' id='word_1_493' title='bbox 1174 4456 1302 4528; x_wconf 89' lang='lat' dir='ltr'><strong>ejus</strong></span> <span class='ocrx_word' id='word_1_494' title='bbox 1325 4460 1383 4514; x_wconf 91' lang='lat' dir='ltr'><strong>et</strong></span> <span class='ocrx_word' id='word_1_495' title='bbox 1404 4472 1640 4513; x_wconf 90' lang='lat' dir='ltr'><strong>summa</strong></span> <span class='ocrx_word' id='word_1_496' title='bbox 1660 4456 1936 4513; x_wconf 91' lang='lat' dir='ltr'><strong>consistit</strong></span> 
     </span>
    </p>
   </div>
   <div class='ocr_carea' id='block_1_78' title="bbox 284 4544 1931 4621">
    <p class='ocr_par' dir='ltr' id='par_1_78' title="bbox 284 4544 1931 4621">
     <span class='ocr_line' id='line_1_78' title="bbox 284 4544 1931 4621; baseline -0.002 -17"><span class='ocrx_word' id='word_1_497' title='bbox 284 4546 628 4621; x_wconf 86' lang='lat' dir='ltr'><strong>Perpendite</strong></span> <span class='ocrx_word' id='word_1_498' title='bbox 659 4547 1056 4620; x_wconf 81' lang='lat' dir='ltr'><strong>ergo,fratres,</strong></span> <span class='ocrx_word' id='word_1_499' title='bbox 1089 4545 1138 4601; x_wconf 93' lang='lat' dir='ltr'><strong>si</strong></span> <span class='ocrx_word' id='word_1_500' title='bbox 1169 4545 1291 4601; x_wconf 69' lang='lat' dir='ltr'><strong>haec</strong></span> <span class='ocrx_word' id='word_1_501' title='bbox 1323 4544 1491 4600; x_wconf 90' lang='lat' dir='ltr'><strong>utilia</strong></span> <span class='ocrx_word' id='word_1_502' title='bbox 1515 4545 1635 4601; x_wconf 90' lang='lat' dir='ltr'><strong>sint</strong></span> <span class='ocrx_word' id='word_1_503' title='bbox 1664 4545 1931 4601; x_wconf 84' lang='lat' dir='ltr'><strong>Ecclesiae</strong></span> 
     </span>
    </p>
   </div>
   <div class='ocr_carea' id='block_1_79' title="bbox 284 4633 1930 4708">
    <p class='ocr_par' dir='ltr' id='par_1_79' title="bbox 284 4633 1930 4708">
     <span class='ocr_line' id='line_1_79' title="bbox 284 4633 1930 4708; baseline -0.004 -13"><span class='ocrx_word' id='word_1_504' title='bbox 284 4637 408 4707; x_wconf 88' lang='lat' dir='ltr'><strong>Dei,</strong></span> <span class='ocrx_word' id='word_1_505' title='bbox 441 4636 491 4691; x_wconf 90' lang='lat' dir='ltr'><strong>si</strong></span> <span class='ocrx_word' id='word_1_506' title='bbox 524 4636 645 4692; x_wconf 69' lang='lat' dir='ltr'><strong>haec</strong></span> <span class='ocrx_word' id='word_1_507' title='bbox 676 4652 934 4708; x_wconf 89' lang='lat' dir='ltr'><strong>congrua</strong></span> <span class='ocrx_word' id='word_1_508' title='bbox 959 4634 1406 4706; x_wconf 83' lang='lat' dir='ltr'><strong>videanturejus</strong></span> <span class='ocrx_word' id='word_1_509' title='bbox 1436 4633 1930 4690; x_wconf 89' lang='lat' dir='ltr'><strong>ordinationibus.</strong></span> 
     </span>
    </p>
   </div>
   <div class='ocr_carea' id='block_1_80' title="bbox 284 4722 1934 4798">
    <p class='ocr_par' dir='ltr' id='par_1_80' title="bbox 284 4722 1934 4798">
     <span class='ocr_line' id='line_1_80' title="bbox 284 4722 1934 4798; baseline -0.002 -17"><span class='ocrx_word' id='word_1_510' title='bbox 284 4724 652 4798; x_wconf 88' lang='lat' dir='ltr'><strong>Perpendite,</strong></span> <span class='ocrx_word' id='word_1_511' title='bbox 685 4741 844 4797; x_wconf 91' lang='lat' dir='ltr'><strong>rogo,</strong></span> <span class='ocrx_word' id='word_1_512' title='bbox 880 4724 929 4780; x_wconf 88' lang='lat' dir='ltr'><strong>si</strong></span> <span class='ocrx_word' id='word_1_513' title='bbox 963 4723 1120 4780; x_wconf 91' lang='lat' dir='ltr'><strong>sedis</strong></span> <span class='ocrx_word' id='word_1_514' title='bbox 1167 4722 1499 4795; x_wconf 67' lang='lat' dir='ltr'><strong>apostolica:</strong></span> <span class='ocrx_word' id='word_1_515' title='bbox 1543 4722 1760 4779; x_wconf 91' lang='lat' dir='ltr'><strong>missos</strong></span> <span class='ocrx_word' id='word_1_516' title='bbox 1789 4741 1824 4779; x_wconf 87' lang='lat' dir='ltr'><strong>a</strong></span> <span class='ocrx_word' id='word_1_517' title='bbox 1851 4722 1934 4778; x_wconf 93' lang='lat' dir='ltr'><strong>vi-</strong></span> 
     </span>
    </p>
   </div>
   <div class='ocr_carea' id='block_1_81' title="bbox 286 4810 1936 4885">
    <p class='ocr_par' dir='ltr' id='par_1_81' title="bbox 286 4810 1936 4885">
     <span class='ocr_line' id='line_1_81' title="bbox 286 4810 1936 4885; baseline -0.002 -14"><span class='ocrx_word' id='word_1_518' title='bbox 286 4815 450 4872; x_wconf 89' lang='lat' dir='ltr'><strong>sione</strong></span> <span class='ocrx_word' id='word_1_519' title='bbox 481 4830 591 4870; x_wconf 89' lang='lat' dir='ltr'><strong>sua</strong></span> <span class='ocrx_word' id='word_1_520' title='bbox 619 4812 944 4881; x_wconf 81' lang='lat' dir='ltr'><strong>excludere,</strong></span> <span class='ocrx_word' id='word_1_521' title='bbox 976 4812 1065 4868; x_wconf 91' lang='lat' dir='ltr'><strong>vel</strong></span> <span class='ocrx_word' id='word_1_522' title='bbox 1095 4828 1194 4868; x_wconf 89' lang='lat' dir='ltr'><strong>eos</strong></span> <span class='ocrx_word' id='word_1_523' title='bbox 1242 4816 1344 4868; x_wconf 91' lang='lat' dir='ltr'><strong>aut</strong></span> <span class='ocrx_word' id='word_1_524' title='bbox 1394 4810 1672 4885; x_wconf 90' lang='lat' dir='ltr'><strong>epistolas</strong></span> <span class='ocrx_word' id='word_1_525' title='bbox 1704 4816 1936 4868; x_wconf 90' lang='lat' dir='ltr'><strong>nostras</strong></span> 
     </span>
    </p>
   </div>
   <div class='ocr_carea' id='block_1_82' title="bbox 287 4900 1936 4978">
    <p class='ocr_par' dir='ltr' id='par_1_82' title="bbox 287 4900 1936 4978">
     <span class='ocr_line' id='line_1_82' title="bbox 287 4900 1936 4978; baseline -0.004 -16"><span class='ocrx_word' id='word_1_526' title='bbox 287 4920 563 4978; x_wconf 88' lang='lat' dir='ltr'><strong>spernere</strong></span> <span class='ocrx_word' id='word_1_527' title='bbox 595 4901 922 4969; x_wconf 90' lang='lat' dir='ltr'><strong>debuerint,</strong></span> <span class='ocrx_word' id='word_1_528' title='bbox 956 4905 1013 4957; x_wconf 92' lang='lat' dir='ltr'><strong>et</strong></span> <span class='ocrx_word' id='word_1_529' title='bbox 1061 4900 1163 4957; x_wconf 91' lang='lat' dir='ltr'><strong>ubi</strong></span> <span class='ocrx_word' id='word_1_530' title='bbox 1212 4901 1289 4956; x_wconf 89' lang='lat' dir='ltr'><strong>sit</strong></span> <span class='ocrx_word' id='word_1_531' title='bbox 1336 4901 1652 4973; x_wconf 89' lang='lat' dir='ltr'><strong>aliquando</strong></span> <span class='ocrx_word' id='word_1_532' title='bbox 1683 4905 1936 4974; x_wconf 88' lang='lat' dir='ltr'><strong>gestum,</strong></span> 
     </span>
    </p>
   </div>
   <div class='ocr_carea' id='block_1_83' title="bbox 289 4989 1938 5068">
    <p class='ocr_par' dir='ltr' id='par_1_83' title="bbox 289 4989 1938 5068">
     <span class='ocr_line' id='line_1_83' title="bbox 289 4989 1938 5068; baseline -0.004 -18"><span class='ocrx_word' id='word_1_533' title='bbox 289 5011 511 5068; x_wconf 75' lang='lat' dir='ltr'><strong>quaeso,</strong></span> <span class='ocrx_word' id='word_1_534' title='bbox 542 5008 867 5048; x_wconf 91' lang='lat' dir='ltr'><strong>memorare</strong></span> <span class='ocrx_word' id='word_1_535' title='bbox 890 4990 1247 5057; x_wconf 90' lang='lat' dir='ltr'><strong>contendite,</strong></span> <span class='ocrx_word' id='word_1_536' title='bbox 1281 4989 1542 5061; x_wconf 90' lang='lat' dir='ltr'><strong>alioquin</strong></span> <span class='ocrx_word' id='word_1_537' title='bbox 1575 4995 1777 5046; x_wconf 89' lang='lat' dir='ltr'><strong>contra</strong></span> <span class='ocrx_word' id='word_1_538' title='bbox 1806 4994 1938 5045; x_wconf 91' lang='lat' dir='ltr'><strong>tan-</strong></span> 
     </span>
    </p>
   </div>
   <div class='ocr_carea' id='block_1_84' title="bbox 288 5078 1940 5152">
    <p class='ocr_par' dir='ltr' id='par_1_84' title="bbox 288 5078 1940 5152">
     <span class='ocr_line' id='line_1_84' title="bbox 288 5078 1940 5152; baseline -0.003 -13"><span class='ocrx_word' id='word_1_539' title='bbox 288 5086 418 5140; x_wconf 89' lang='lat' dir='ltr'><strong>tum</strong></span> <span class='ocrx_word' id='word_1_540' title='bbox 449 5081 718 5138; x_wconf 88' lang='lat' dir='ltr'><strong>laborare</strong></span> <span class='ocrx_word' id='word_1_541' title='bbox 756 5082 1159 5152; x_wconf 89' lang='lat' dir='ltr'><strong>contemptum</strong></span> <span class='ocrx_word' id='word_1_542' title='bbox 1218 5078 1527 5134; x_wconf 90' lang='lat' dir='ltr'><strong>nobiscum</strong></span> <span class='ocrx_word' id='word_1_543' title='bbox 1584 5082 1706 5133; x_wconf 84' lang='lat' dir='ltr'><strong>tota</strong></span> <span class='ocrx_word' id='word_1_544' title='bbox 1727 5078 1940 5134; x_wconf 84' lang='lat' dir='ltr'><strong>virtute</strong></span> 
     </span>
    </p>
   </div>
   <div class='ocr_carea' id='block_1_85' title="bbox 291 5165 1940 5241">
    <p class='ocr_par' dir='ltr' id='par_1_85' title="bbox 291 5165 1940 5241">
     <span class='ocr_line' id='line_1_85' title="bbox 291 5165 1940 5241; baseline -0.004 -13"><span class='ocrx_word' id='word_1_545' title='bbox 291 5175 508 5229; x_wconf 89' lang='lat' dir='ltr'><strong>curate.</strong></span> <span class='ocrx_word' id='word_1_546' title='bbox 540 5170 688 5226; x_wconf 88' lang='lat' dir='ltr'><strong>Nam</strong></span> <span class='ocrx_word' id='word_1_547' title='bbox 719 5169 768 5225; x_wconf 92' lang='lat' dir='ltr'><strong>si</strong></span> <span class='ocrx_word' id='word_1_548' title='bbox 791 5167 1133 5241; x_wconf 89' lang='lat' dir='ltr'><strong>hujusmodi</strong></span> <span class='ocrx_word' id='word_1_549' title='bbox 1165 5184 1291 5223; x_wconf 92' lang='lat' dir='ltr'><strong>mos</strong></span> <span class='ocrx_word' id='word_1_550' title='bbox 1346 5165 1408 5221; x_wconf 92' lang='lat' dir='ltr'><strong>in</strong></span> <span class='ocrx_word' id='word_1_551' title='bbox 1440 5166 1694 5222; x_wconf 88' lang='lat' dir='ltr'><strong>Ecclesia</strong></span> <span class='ocrx_word' id='word_1_552' title='bbox 1727 5165 1940 5222; x_wconf 90' lang='lat' dir='ltr'><strong>Christi</strong></span> 
     </span>
    </p>
   </div>
   <div class='ocr_carea' id='block_1_86' title="bbox 293 5254 1943 5329">
    <p class='ocr_par' dir='ltr' id='par_1_86' title="bbox 293 5254 1943 5329">
     <span class='ocr_line' id='line_1_86' title="bbox 293 5254 1943 5329; baseline -0.004 -13"><span class='ocrx_word' id='word_1_553' title='bbox 293 5261 468 5318; x_wconf 85' lang='lat' dir='ltr'><strong>fuerit</strong></span> <span class='ocrx_word' id='word_1_554' title='bbox 497 5257 1026 5326; x_wconf 80' lang='lat' dir='ltr'><strong>exortus,videlicet</strong></span> <span class='ocrx_word' id='word_1_555' title='bbox 1056 5261 1121 5313; x_wconf 92' lang='lat' dir='ltr'><strong>ut</strong></span> <span class='ocrx_word' id='word_1_556' title='bbox 1148 5254 1323 5329; x_wconf 81' lang='lat' dir='ltr'><strong>legati</strong></span> <span class='ocrx_word' id='word_1_557' title='bbox 1340 5272 1445 5311; x_wconf 91' lang='lat' dir='ltr'><strong>seu</strong></span> <span class='ocrx_word' id='word_1_558' title='bbox 1463 5255 1667 5311; x_wconf 75' lang='lat' dir='ltr'><strong>litterae</strong></span> <span class='ocrx_word' id='word_1_559' title='bbox 1687 5254 1943 5328; x_wconf 89' lang='lat' dir='ltr'><strong>singula-</strong></span> 
     </span>
    </p>
   </div>
   <div class='ocr_carea' id='block_1_87' title="bbox 293 5344 1941 5419">
    <p class='ocr_par' dir='ltr' id='par_1_87' title="bbox 293 5344 1941 5419">
     <span class='ocr_line' id='line_1_87' title="bbox 293 5344 1941 5419; baseline -0.003 -13"><span class='ocrx_word' id='word_1_560' title='bbox 293 5366 426 5406; x_wconf 91' lang='lat' dir='ltr'><strong>rum</strong></span> <span class='ocrx_word' id='word_1_561' title='bbox 457 5348 856 5416; x_wconf 90' lang='lat' dir='ltr'><strong>ecslesiarum,</strong></span> <span class='ocrx_word' id='word_1_562' title='bbox 888 5346 978 5403; x_wconf 91' lang='lat' dir='ltr'><strong>vel</strong></span> <span class='ocrx_word' id='word_1_563' title='bbox 1029 5361 1412 5419; x_wconf 75' lang='lat' dir='ltr'><strong>personarum</strong></span> <span class='ocrx_word' id='word_1_564' title='bbox 1471 5345 1544 5399; x_wconf 88' lang='lat' dir='ltr'><strong>ad</strong></span> <span class='ocrx_word' id='word_1_565' title='bbox 1601 5344 1692 5399; x_wconf 90' lang='lat' dir='ltr'><strong>his</strong></span> <span class='ocrx_word' id='word_1_566' title='bbox 1725 5345 1941 5416; x_wconf 86' lang='lat' dir='ltr'><strong>quibus</strong></span> 
     </span>
    </p>
   </div>
   <div class='ocr_carea' id='block_1_88' title="bbox 295 5432 1944 5508">
    <p class='ocr_par' dir='ltr' id='par_1_88' title="bbox 295 5432 1944 5508">
     <span class='ocr_line' id='line_1_88' title="bbox 295 5432 1944 5508; baseline -0.003 -15"><span class='ocrx_word' id='word_1_567' title='bbox 295 5437 611 5495; x_wconf 85' lang='lat' dir='ltr'><strong>mittuntur</strong></span> <span class='ocrx_word' id='word_1_568' title='bbox 640 5436 882 5493; x_wconf 90' lang='lat' dir='ltr'><strong>minime</strong></span> <span class='ocrx_word' id='word_1_569' title='bbox 942 5435 1362 5508; x_wconf 89' lang='lat' dir='ltr'><strong>suscipiantur,</strong></span> <span class='ocrx_word' id='word_1_570' title='bbox 1395 5433 1528 5506; x_wconf 91' lang='lat' dir='ltr'><strong>quis</strong></span> <span class='ocrx_word' id='word_1_571' title='bbox 1573 5432 1738 5489; x_wconf 90' lang='lat' dir='ltr'><strong>locus</strong></span> <span class='ocrx_word' id='word_1_572' title='bbox 1768 5438 1944 5489; x_wconf 90' lang='lat' dir='ltr'><strong>restet</strong></span> 
     </span>
    </p>
   </div>
   <div class='ocr_carea' id='block_1_89' title="bbox 297 5522 1945 5598">
    <p class='ocr_par' dir='ltr' id='par_1_89' title="bbox 297 5522 1945 5598">
     <span class='ocr_line' id='line_1_89' title="bbox 297 5522 1945 5598; baseline -0.003 -14"><span class='ocrx_word' id='word_1_573' title='bbox 297 5526 475 5585; x_wconf 86' lang='lat' dir='ltr'><strong>saluti</strong></span> <span class='ocrx_word' id='word_1_574' title='bbox 506 5543 613 5582; x_wconf 89' lang='lat' dir='ltr'><strong>nos</strong></span> <span class='ocrx_word' id='word_1_575' title='bbox 641 5526 876 5598; x_wconf 88' lang='lat' dir='ltr'><strong>penitus</strong></span> <span class='ocrx_word' id='word_1_576' title='bbox 927 5525 1287 5598; x_wconf 88' lang='lat' dir='ltr'><strong>ignoramus,</strong></span> <span class='ocrx_word' id='word_1_577' title='bbox 1319 5522 1645 5596; x_wconf 70' lang='lat' dir='ltr'><strong>praesertim</strong></span> <span class='ocrx_word' id='word_1_578' title='bbox 1676 5539 1809 5577; x_wconf 91' lang='lat' dir='ltr'><strong>cum</strong></span> <span class='ocrx_word' id='word_1_579' title='bbox 1840 5539 1945 5594; x_wconf 90' lang='lat' dir='ltr'><strong>per</strong></span> 
     </span>
    </p>
   </div>
   <div class='ocr_carea' id='block_1_90' title="bbox 296 5611 1944 5691">
    <p class='ocr_par' dir='ltr' id='par_1_90' title="bbox 296 5611 1944 5691">
     <span class='ocr_line' id='line_1_90' title="bbox 296 5611 1944 5691; baseline -0.004 -16"><span class='ocrx_word' id='word_1_580' title='bbox 296 5618 623 5691; x_wconf 92' lang='lat' dir='ltr'><strong>legatorum</strong></span> <span class='ocrx_word' id='word_1_581' title='bbox 640 5619 696 5672; x_wconf 89' lang='lat' dir='ltr'><strong>et</strong></span> <span class='ocrx_word' id='word_1_582' title='bbox 716 5614 1097 5688; x_wconf 88' lang='lat' dir='ltr'><strong>epistolarum</strong></span> <span class='ocrx_word' id='word_1_583' title='bbox 1120 5613 1549 5669; x_wconf 90' lang='lat' dir='ltr'><strong>destinatarum</strong></span> <span class='ocrx_word' id='word_1_584' title='bbox 1574 5611 1944 5668; x_wconf 84' lang='lat' dir='ltr'><strong>interventio—</strong></span> 
     </span>
    </p>
   </div>
   <div class='ocr_carea' id='block_1_91' title="bbox 272 5696 1945 5783">
    <p class='ocr_par' dir='ltr' id='par_1_91' title="bbox 272 5696 1945 5783">
     <span class='ocr_line' id='line_1_91' title="bbox 272 5696 1945 5783; baseline -0.004 -18"><span class='ocrx_word' id='word_1_585' title='bbox 272 5696 434 5764; x_wconf 82' lang='lat' dir='ltr'><strong>nem</strong></span> <span class='ocrx_word' id='word_1_586' title='bbox 466 5706 540 5783; x_wconf 90' lang='lat' dir='ltr'><strong>ad</strong></span> <span class='ocrx_word' id='word_1_587' title='bbox 571 5705 748 5763; x_wconf 83' lang='lat' dir='ltr'><strong>ﬁdem</strong></span> <span class='ocrx_word' id='word_1_588' title='bbox 805 5700 1122 5762; x_wconf 84' lang='lat' dir='ltr'><strong>nonnullos</strong></span> <span class='ocrx_word' id='word_1_589' title='bbox 1179 5718 1513 5773; x_wconf 90' lang='lat' dir='ltr'><strong>conversos,</strong></span> <span class='ocrx_word' id='word_1_590' title='bbox 1543 5705 1601 5759; x_wconf 90' lang='lat' dir='ltr'><strong>et</strong></span> <span class='ocrx_word' id='word_1_591' title='bbox 1647 5700 1720 5757; x_wconf 91' lang='lat' dir='ltr'><strong>ab</strong></span> <span class='ocrx_word' id='word_1_592' title='bbox 1751 5717 1945 5759; x_wconf 90' lang='lat' dir='ltr'><strong>errore</strong></span> 
     </span>
    </p>
   </div>
   <div class='ocr_carea' id='block_1_92' title="bbox 270 5784 1944 5869">
    <p class='ocr_par' dir='ltr' id='par_1_92' title="bbox 270 5784 1944 5869">
     <span class='ocr_line' id='line_1_92' title="bbox 270 5784 1944 5869; baseline -0.002 -14"><span class='ocrx_word' id='word_1_593' title='bbox 270 5784 517 5857; x_wconf 47' lang='lat' dir='ltr'><strong>&#39;multos</strong></span> <span class='ocrx_word' id='word_1_594' title='bbox 548 5799 866 5867; x_wconf 90' lang='lat' dir='ltr'><strong>revocatos,</strong></span> <span class='ocrx_word' id='word_1_595' title='bbox 899 5797 957 5852; x_wconf 90' lang='lat' dir='ltr'><strong>et</strong></span> <span class='ocrx_word' id='word_1_596' title='bbox 985 5793 1057 5852; x_wconf 90' lang='lat' dir='ltr'><strong>ad</strong></span> <span class='ocrx_word' id='word_1_597' title='bbox 1115 5807 1319 5869; x_wconf 87' lang='lat' dir='ltr'><strong>pacem</strong></span> <span class='ocrx_word' id='word_1_598' title='bbox 1372 5795 1727 5869; x_wconf 58' lang='lat' dir='ltr'><strong>craterasque</strong></span> <span class='ocrx_word' id='word_1_599' title='bbox 1748 5807 1944 5852; x_wconf 84' lang='lat' dir='ltr'><strong>corre-</strong></span> 
     </span>
    </p>
   </div>
   <div class='ocr_carea' id='block_1_93' title="bbox 2033 3472 3679 3548">
    <p class='ocr_par' dir='ltr' id='par_1_93' title="bbox 2033 3472 3679 3548">
     <span class='ocr_line' id='line_1_93' title="bbox 2033 3472 3679 3548; baseline 0.002 -20"><span class='ocrx_word' id='word_1_600' title='bbox 2033 3473 2138 3528; x_wconf 89' lang='lat' dir='ltr'><strong>das</strong></span> <span class='ocrx_word' id='word_1_601' title='bbox 2170 3472 2372 3528; x_wconf 85' lang='lat' dir='ltr'><strong>Photio</strong></span> <span class='ocrx_word' id='word_1_602' title='bbox 2404 3474 2575 3528; x_wconf 92' lang='lat' dir='ltr'><strong>modo</strong></span> <span class='ocrx_word' id='word_1_603' title='bbox 2595 3474 2962 3530; x_wconf 88' lang='lat' dir='ltr'><strong>mitteremus</strong></span> <span class='ocrx_word' id='word_1_604' title='bbox 2986 3474 3223 3547; x_wconf 89' lang='lat' dir='ltr'><strong>:quippe</strong></span> <span class='ocrx_word' id='word_1_605' title='bbox 3247 3492 3420 3548; x_wconf 88' lang='lat' dir='ltr'><strong>quem</strong></span> <span class='ocrx_word' id='word_1_606' title='bbox 3443 3493 3558 3531; x_wconf 91' lang='lat' dir='ltr'><strong>non</strong></span> <span class='ocrx_word' id='word_1_607' title='bbox 3581 3476 3679 3532; x_wconf 90' lang='lat' dir='ltr'><strong>lit-</strong></span> 
     </span>
    </p>
   </div>
   <div class='ocr_carea' id='block_1_94' title="bbox 2034 3564 3680 3631">
    <p class='ocr_par' dir='ltr' id='par_1_94' title="bbox 2034 3564 3680 3631">
     <span class='ocr_line' id='line_1_94' title="bbox 2034 3564 3680 3631; baseline 0.003 -15"><span class='ocrx_word' id='word_1_608' title='bbox 2034 3565 2294 3617; x_wconf 88' lang='lat' dir='ltr'><strong>terarum</strong></span> <span class='ocrx_word' id='word_1_609' title='bbox 2328 3567 2663 3631; x_wconf 86' lang='lat' dir='ltr'><strong>nostrarum</strong></span> <span class='ocrx_word' id='word_1_610' title='bbox 2696 3564 3109 3619; x_wconf 89' lang='lat' dir='ltr'><strong>communione</strong></span> <span class='ocrx_word' id='word_1_611' title='bbox 3154 3564 3214 3619; x_wconf 93' lang='lat' dir='ltr'><strong>in</strong></span> <span class='ocrx_word' id='word_1_612' title='bbox 3241 3564 3500 3621; x_wconf 85' lang='lat' dir='ltr'><strong>Ecclesia</strong></span> <span class='ocrx_word' id='word_1_613' title='bbox 3530 3565 3680 3621; x_wconf 91' lang='lat' dir='ltr'><strong>Con-</strong></span> 
     </span>
    </p>
   </div>
   <div class='ocr_carea' id='block_1_95' title="bbox 2034 3650 3679 3723">
    <p class='ocr_par' dir='ltr' id='par_1_95' title="bbox 2034 3650 3679 3723">
     <span class='ocr_line' id='line_1_95' title="bbox 2034 3650 3679 3723; baseline 0.002 -18"><span class='ocrx_word' id='word_1_614' title='bbox 2034 3650 2559 3723; x_wconf 85' lang='lat' dir='ltr'><strong>stantinopolitana</strong></span> <span class='ocrx_word' id='word_1_615' title='bbox 2580 3651 3130 3721; x_wconf 88' lang='lat' dir='ltr'><strong>stabiliendum,sed</strong></span> <span class='ocrx_word' id='word_1_616' title='bbox 3146 3659 3357 3709; x_wconf 77' lang='lat' dir='ltr'><strong>nostrae</strong></span> <span class='ocrx_word' id='word_1_617' title='bbox 3381 3653 3679 3710; x_wconf 72' lang='lat' dir='ltr'><strong>sententiae</strong></span> 
     </span>
    </p>
   </div>
   <div class='ocr_carea' id='block_1_96' title="bbox 2027 3740 3681 3814">
    <p class='ocr_par' dir='ltr' id='par_1_96' title="bbox 2027 3740 3681 3814">
     <span class='ocr_line' id='line_1_96' title="bbox 2027 3740 3681 3814; baseline 0.002 -20"><span class='ocrx_word' id='word_1_618' title='bbox 2027 3741 2152 3812; x_wconf 88' lang='lat' dir='ltr'><strong>jam</strong></span> <span class='ocrx_word' id='word_1_619' title='bbox 2183 3756 2462 3796; x_wconf 90' lang='lat' dir='ltr'><strong>mucrone</strong></span> <span class='ocrx_word' id='word_1_620' title='bbox 2494 3740 2848 3812; x_wconf 90' lang='lat' dir='ltr'><strong>perculsum,</strong></span> <span class='ocrx_word' id='word_1_621' title='bbox 2882 3742 2953 3798; x_wconf 88' lang='lat' dir='ltr'><strong>ab</strong></span> <span class='ocrx_word' id='word_1_622' title='bbox 2985 3758 3054 3798; x_wconf 90' lang='lat' dir='ltr'><strong>ea</strong></span> <span class='ocrx_word' id='word_1_623' title='bbox 3083 3742 3315 3814; x_wconf 88' lang='lat' dir='ltr'><strong>penitus</strong></span> <span class='ocrx_word' id='word_1_624' title='bbox 3345 3744 3681 3799; x_wconf 86' lang='lat' dir='ltr'><strong>decrevera-</strong></span> 
     </span>
    </p>
   </div>
   <div class='ocr_carea' id='block_1_97' title="bbox 2037 3828 3683 3904">
    <p class='ocr_par' dir='ltr' id='par_1_97' title="bbox 2037 3828 3683 3904">
     <span class='ocr_line' id='line_1_97' title="bbox 2037 3828 3683 3904; baseline 0.003 -21"><span class='ocrx_word' id='word_1_625' title='bbox 2037 3845 2170 3883; x_wconf 91' lang='lat' dir='ltr'><strong>mus</strong></span> <span class='ocrx_word' id='word_1_626' title='bbox 2200 3833 2483 3901; x_wconf 84' lang='lat' dir='ltr'><strong>tanquam</strong></span> <span class='ocrx_word' id='word_1_627' title='bbox 2515 3828 2846 3886; x_wconf 90' lang='lat' dir='ltr'><strong>adulterum</strong></span> <span class='ocrx_word' id='word_1_628' title='bbox 2870 3830 3554 3904; x_wconf 89' lang='lat' dir='ltr'><strong>propellendum.Verum</strong></span> <span class='ocrx_word' id='word_1_629' title='bbox 3578 3849 3683 3904; x_wconf 90' lang='lat' dir='ltr'><strong>pro</strong></span> 
     </span>
    </p>
   </div>
   <div class='ocr_carea' id='block_1_98' title="bbox 2038 3917 3686 3977">
    <p class='ocr_par' dir='ltr' id='par_1_98' title="bbox 2038 3917 3686 3977">
     <span class='ocr_line' id='line_1_98' title="bbox 2038 3917 3686 3977; baseline 0.003 -5"><span class='ocrx_word' id='word_1_630' title='bbox 2038 3917 2129 3973; x_wconf 91' lang='lat' dir='ltr'><strong>his</strong></span> <span class='ocrx_word' id='word_1_631' title='bbox 2155 3922 2212 3973; x_wconf 89' lang='lat' dir='ltr'><strong>et</strong></span> <span class='ocrx_word' id='word_1_632' title='bbox 2241 3918 2333 3973; x_wconf 91' lang='lat' dir='ltr'><strong>his</strong></span> <span class='ocrx_word' id='word_1_633' title='bbox 2366 3917 2663 3974; x_wconf 91' lang='lat' dir='ltr'><strong>similibus</strong></span> <span class='ocrx_word' id='word_1_634' title='bbox 2694 3919 2890 3975; x_wconf 90' lang='lat' dir='ltr'><strong>causis</strong></span> <span class='ocrx_word' id='word_1_635' title='bbox 2913 3920 3189 3977; x_wconf 91' lang='lat' dir='ltr'><strong>canonice</strong></span> <span class='ocrx_word' id='word_1_636' title='bbox 3219 3920 3604 3977; x_wconf 89' lang='lat' dir='ltr'><strong>discutiendis</strong></span> <span class='ocrx_word' id='word_1_637' title='bbox 3626 3925 3686 3977; x_wconf 90' lang='lat' dir='ltr'><strong>et</strong></span> 
     </span>
    </p>
   </div>
   <div class='ocr_carea' id='block_1_99' title="bbox 2039 4006 3683 4081">
    <p class='ocr_par' dir='ltr' id='par_1_99' title="bbox 2039 4006 3683 4081">
     <span class='ocr_line' id='line_1_99' title="bbox 2039 4006 3683 4081; baseline 0.001 -19"><span class='ocrx_word' id='word_1_638' title='bbox 2039 4006 2145 4063; x_wconf 89' lang='lat' dir='ltr'><strong>rite</strong></span> <span class='ocrx_word' id='word_1_639' title='bbox 2173 4007 2520 4063; x_wconf 77' lang='lat' dir='ltr'><strong>deﬁniendis</strong></span> <span class='ocrx_word' id='word_1_640' title='bbox 2548 4011 2670 4063; x_wconf 88' lang='lat' dir='ltr'><strong>tam</strong></span> <span class='ocrx_word' id='word_1_641' title='bbox 2686 4013 3149 4081; x_wconf 89' lang='lat' dir='ltr'><strong>vestram,quam</strong></span> <span class='ocrx_word' id='word_1_642' title='bbox 3164 4008 3414 4065; x_wconf 90' lang='lat' dir='ltr'><strong>aliorum</strong></span> <span class='ocrx_word' id='word_1_643' title='bbox 3436 4011 3683 4065; x_wconf 85' lang='lat' dir='ltr'><strong>fratrum</strong></span> 
     </span>
    </p>
   </div>
   <div class='ocr_carea' id='block_1_100' title="bbox 2037 4096 3684 4169">
    <p class='ocr_par' dir='ltr' id='par_1_100' title="bbox 2037 4096 3684 4169">
     <span class='ocr_line' id='line_1_100' title="bbox 2037 4096 3684 4169; baseline 0.001 -17"><span class='ocrx_word' id='word_1_644' title='bbox 2037 4100 2094 4152; x_wconf 88' lang='lat' dir='ltr'><strong>et</strong></span> <span class='ocrx_word' id='word_1_645' title='bbox 2124 4096 2602 4169; x_wconf 77' lang='lat' dir='ltr'><strong>coepiscopurum</strong></span> <span class='ocrx_word' id='word_1_646' title='bbox 2659 4101 3017 4163; x_wconf 90' lang='lat' dir='ltr'><strong>nostrorum,</strong></span> <span class='ocrx_word' id='word_1_647' title='bbox 3069 4099 3443 4153; x_wconf 89' lang='lat' dir='ltr'><strong>reverendam</strong></span> <span class='ocrx_word' id='word_1_648' title='bbox 3473 4099 3546 4152; x_wconf 89' lang='lat' dir='ltr'><strong>ad</strong></span> <span class='ocrx_word' id='word_1_649' title='bbox 3577 4115 3684 4154; x_wconf 87' lang='lat' dir='ltr'><strong>nos</strong></span> 
     </span>
    </p>
   </div>
   <div class='ocr_carea' id='block_1_101' title="bbox 2039 4184 3684 4258">
    <p class='ocr_par' dir='ltr' id='par_1_101' title="bbox 2039 4184 3684 4258">
     <span class='ocr_line' id='line_1_101' title="bbox 2039 4184 3684 4258; baseline 0.001 -19"><span class='ocrx_word' id='word_1_650' title='bbox 2039 4201 2355 4240; x_wconf 87' lang='lat' dir='ltr'><strong>convocare</strong></span> <span class='ocrx_word' id='word_1_651' title='bbox 2386 4184 2667 4241; x_wconf 88' lang='lat' dir='ltr'><strong>vellemus</strong></span> <span class='ocrx_word' id='word_1_652' title='bbox 2715 4186 3108 4258; x_wconf 77' lang='lat' dir='ltr'><strong>praesentiam,</strong></span> <span class='ocrx_word' id='word_1_653' title='bbox 3140 4184 3255 4240; x_wconf 91' lang='lat' dir='ltr'><strong>nisi</strong></span> <span class='ocrx_word' id='word_1_654' title='bbox 3304 4203 3411 4242; x_wconf 90' lang='lat' dir='ltr'><strong>nos</strong></span> <span class='ocrx_word' id='word_1_655' title='bbox 3445 4186 3684 4241; x_wconf 65' lang='lat' dir='ltr'><strong>diversa</strong></span> 
     </span>
    </p>
   </div>
   <div class='ocr_carea' id='block_1_102' title="bbox 2042 4273 3686 4347">
    <p class='ocr_par' dir='ltr' id='par_1_102' title="bbox 2042 4273 3686 4347">
     <span class='ocr_line' id='line_1_102' title="bbox 2042 4273 3686 4347; baseline 0.001 -19"><span class='ocrx_word' id='word_1_656' title='bbox 2042 4273 2245 4328; x_wconf 89' lang='lat' dir='ltr'><strong>mundi</strong></span> <span class='ocrx_word' id='word_1_657' title='bbox 2277 4273 2725 4340; x_wconf 88' lang='lat' dir='ltr'><strong>calamitates,et</strong></span> <span class='ocrx_word' id='word_1_658' title='bbox 2745 4274 3097 4346; x_wconf 77' lang='lat' dir='ltr'><strong>quotidianae</strong></span> <span class='ocrx_word' id='word_1_659' title='bbox 3115 4291 3400 4347; x_wconf 81' lang='lat' dir='ltr'><strong>pressurae</strong></span> <span class='ocrx_word' id='word_1_660' title='bbox 3413 4275 3470 4330; x_wconf 93' lang='lat' dir='ltr'><strong>id</strong></span> <span class='ocrx_word' id='word_1_661' title='bbox 3485 4290 3686 4347; x_wconf 90' lang='lat' dir='ltr'><strong>gerere</strong></span> 
     </span>
    </p>
   </div>
   <div class='ocr_carea' id='block_1_103' title="bbox 2038 4360 3684 4436">
    <p class='ocr_par' dir='ltr' id='par_1_103' title="bbox 2038 4360 3684 4436">
     <span class='ocr_line' id='line_1_103' title="bbox 2038 4360 3684 4436; baseline 0 -18"><span class='ocrx_word' id='word_1_662' title='bbox 2038 4360 2379 4418; x_wconf 87' lang='lat' dir='ltr'><strong>vetuissent.</strong></span> <span class='ocrx_word' id='word_1_663' title='bbox 2411 4362 2521 4418; x_wconf 90' lang='lat' dir='ltr'><strong>Sed</strong></span> <span class='ocrx_word' id='word_1_664' title='bbox 2556 4379 2683 4433; x_wconf 84' lang='lat' dir='ltr'><strong>quae</strong></span> <span class='ocrx_word' id='word_1_665' title='bbox 2728 4361 3037 4418; x_wconf 91' lang='lat' dir='ltr'><strong>nobiscum</strong></span> <span class='ocrx_word' id='word_1_666' title='bbox 3077 4362 3324 4436; x_wconf 89' lang='lat' dir='ltr'><strong>ageretis</strong></span> <span class='ocrx_word' id='word_1_667' title='bbox 3346 4366 3684 4436; x_wconf 83' lang='lat' dir='ltr'><strong>praesentes,</strong></span> 
     </span>
    </p>
   </div>
   <div class='ocr_carea' id='block_1_104' title="bbox 2041 4450 3687 4525">
    <p class='ocr_par' dir='ltr' id='par_1_104' title="bbox 2041 4450 3687 4525">
     <span class='ocr_line' id='line_1_104' title="bbox 2041 4450 3687 4525; baseline 0.001 -19"><span class='ocrx_word' id='word_1_668' title='bbox 2041 4450 2347 4507; x_wconf 89' lang='lat' dir='ltr'><strong>hortamur</strong></span> <span class='ocrx_word' id='word_1_669' title='bbox 2375 4451 2527 4524; x_wconf 87' lang='lat' dir='ltr'><strong>agite</strong></span> <span class='ocrx_word' id='word_1_670' title='bbox 2550 4450 2755 4506; x_wconf 91' lang='lat' dir='ltr'><strong>saltem</strong></span> <span class='ocrx_word' id='word_1_671' title='bbox 2779 4451 3181 4525; x_wconf 89' lang='lat' dir='ltr'><strong>absentes,qui</strong></span> <span class='ocrx_word' id='word_1_672' title='bbox 3213 4455 3410 4507; x_wconf 90' lang='lat' dir='ltr'><strong>tamen</strong></span> <span class='ocrx_word' id='word_1_673' title='bbox 3433 4452 3572 4507; x_wconf 91' lang='lat' dir='ltr'><strong>dum</strong></span> <span class='ocrx_word' id='word_1_674' title='bbox 3595 4452 3687 4506; x_wconf 88' lang='lat' dir='ltr'><strong>in-</strong></span> 
     </span>
    </p>
   </div>
   <div class='ocr_carea' id='block_1_105' title="bbox 2043 4539 3689 4612">
    <p class='ocr_par' dir='ltr' id='par_1_105' title="bbox 2043 4539 3689 4612">
     <span class='ocr_line' id='line_1_105' title="bbox 2043 4539 3689 4612; baseline 0 -17"><span class='ocrx_word' id='word_1_675' title='bbox 2043 4544 2134 4595; x_wconf 90' lang='lat' dir='ltr'><strong>tra</strong></span> <span class='ocrx_word' id='word_1_676' title='bbox 2161 4540 2359 4597; x_wconf 90' lang='lat' dir='ltr'><strong>sinum</strong></span> <span class='ocrx_word' id='word_1_677' title='bbox 2391 4539 2712 4608; x_wconf 85' lang='lat' dir='ltr'><strong>charitatis,</strong></span> <span class='ocrx_word' id='word_1_678' title='bbox 2745 4557 2920 4612; x_wconf 90' lang='lat' dir='ltr'><strong>quam</strong></span> <span class='ocrx_word' id='word_1_679' title='bbox 2953 4540 3138 4597; x_wconf 89' lang='lat' dir='ltr'><strong>latum</strong></span> <span class='ocrx_word' id='word_1_680' title='bbox 3159 4541 3503 4597; x_wconf 89' lang='lat' dir='ltr'><strong>mandatum</strong></span> <span class='ocrx_word' id='word_1_681' title='bbox 3527 4539 3689 4597; x_wconf 86' lang='lat' dir='ltr'><strong>Psal-</strong></span> 
     </span>
    </p>
   </div>
   <div class='ocr_carea' id='block_1_106' title="bbox 2046 4628 3692 4703">
    <p class='ocr_par' dir='ltr' id='par_1_106' title="bbox 2046 4628 3692 4703">
     <span class='ocr_line' id='line_1_106' title="bbox 2046 4628 3692 4703; baseline 0.001 -19"><span class='ocrx_word' id='word_1_682' title='bbox 2046 4628 2221 4684; x_wconf 89' lang='lat' dir='ltr'><strong>mista</strong></span> <span class='ocrx_word' id='word_1_683' title='bbox 2250 4630 2734 4701; x_wconf 81' lang='lat' dir='ltr'><strong>nuneupat(Psal.</strong></span> <span class='ocrx_word' id='word_1_684' title='bbox 2769 4633 2983 4698; x_wconf 79' lang='lat' dir='ltr'><strong>cxvm),</strong></span> <span class='ocrx_word' id='word_1_685' title='bbox 3013 4646 3116 4686; x_wconf 90' lang='lat' dir='ltr'><strong>vos</strong></span> <span class='ocrx_word' id='word_1_686' title='bbox 3147 4629 3692 4703; x_wconf 88' lang='lat' dir='ltr'><strong>circumplectentes</strong></span> 
     </span>
    </p>
   </div>
   <div class='ocr_carea' id='block_1_107' title="bbox 1967 4717 3691 4810">
    <p class='ocr_par' dir='ltr' id='par_1_107' title="bbox 1967 4717 3691 4810">
     <span class='ocr_line' id='line_1_107' title="bbox 1967 4717 3691 4810; baseline 0.001 -36"><span class='ocrx_word' id='word_1_687' title='bbox 1967 4745 2013 4810; x_wconf 74' lang='grc' dir='ltr'><strong>Ι)</strong></span> <span class='ocrx_word' id='word_1_688' title='bbox 2046 4734 2169 4774; x_wconf 87' lang='lat' dir='ltr'><strong>sem</strong></span> <span class='ocrx_word' id='word_1_689' title='bbox 2174 4717 2510 4789; x_wconf 90' lang='lat' dir='ltr'><strong>perintuem</strong></span> <span class='ocrx_word' id='word_1_690' title='bbox 2521 4736 2588 4773; x_wconf 91' lang='lat' dir='ltr'><strong>nr</strong></span> <span class='ocrx_word' id='word_1_691' title='bbox 2599 4717 2766 4791; x_wconf 91' lang='lat' dir='ltr'><strong>quasi</strong></span> <span class='ocrx_word' id='word_1_692' title='bbox 2786 4724 3420 4788; x_wconf 86' lang='lat' dir='ltr'><strong>praesentes,terrarum</strong></span> <span class='ocrx_word' id='word_1_693' title='bbox 3436 4720 3691 4792; x_wconf 86' lang='lat' dir='ltr'><strong>profecto</strong></span> 
     </span>
    </p>
   </div>
   <div class='ocr_carea' id='block_1_108' title="bbox 2046 4807 3694 4880">
    <p class='ocr_par' dir='ltr' id='par_1_108' title="bbox 2046 4807 3694 4880">
     <span class='ocr_line' id='line_1_108' title="bbox 2046 4807 3694 4880; baseline 0.001 -19"><span class='ocrx_word' id='word_1_694' title='bbox 2046 4807 2251 4880; x_wconf 87' lang='lat' dir='ltr'><strong>spatiis</strong></span> <span class='ocrx_word' id='word_1_695' title='bbox 2282 4824 2585 4877; x_wconf 88' lang='lat' dir='ltr'><strong>nunquam</strong></span> <span class='ocrx_word' id='word_1_696' title='bbox 2612 4807 2857 4880; x_wconf 89' lang='lat' dir='ltr'><strong>potestis</strong></span> <span class='ocrx_word' id='word_1_697' title='bbox 2888 4807 3089 4864; x_wconf 90' lang='lat' dir='ltr'><strong>haberi</strong></span> <span class='ocrx_word' id='word_1_698' title='bbox 3109 4808 3333 4864; x_wconf 89' lang='lat' dir='ltr'><strong>visibus</strong></span> <span class='ocrx_word' id='word_1_699' title='bbox 3357 4809 3574 4864; x_wconf 89' lang='lat' dir='ltr'><strong>nostris</strong></span> <span class='ocrx_word' id='word_1_700' title='bbox 3596 4808 3694 4863; x_wconf 88' lang='lat' dir='ltr'><strong>ab-</strong></span> 
     </span>
    </p>
   </div>
   <div class='ocr_carea' id='block_1_109' title="bbox 2049 4895 3689 4968">
    <p class='ocr_par' dir='ltr' id='par_1_109' title="bbox 2049 4895 3689 4968">
     <span class='ocr_line' id='line_1_109' title="bbox 2049 4895 3689 4968; baseline -0.001 -16"><span class='ocrx_word' id='word_1_701' title='bbox 2049 4895 2688 4952; x_wconf 87' lang='lat' dir='ltr'><strong>sentes.Verumtamen</strong></span> <span class='ocrx_word' id='word_1_702' title='bbox 2711 4896 2760 4952; x_wconf 90' lang='lat' dir='ltr'><strong>si</strong></span> <span class='ocrx_word' id='word_1_703' title='bbox 2778 4897 2894 4952; x_wconf 90' lang='lat' dir='ltr'><strong>huc</strong></span> <span class='ocrx_word' id='word_1_704' title='bbox 2914 4897 3195 4954; x_wconf 87' lang='lat' dir='ltr'><strong>veniendo</strong></span> <span class='ocrx_word' id='word_1_705' title='bbox 3209 4898 3386 4968; x_wconf 82' lang='lat' dir='ltr'><strong>[fortc,</strong></span> <span class='ocrx_word' id='word_1_706' title='bbox 3400 4896 3689 4962; x_wconf 90' lang='lat' dir='ltr'><strong>veniendi,</strong></span> 
     </span>
    </p>
   </div>
   <div class='ocr_carea' id='block_1_110' title="bbox 2049 4983 3692 5057">
    <p class='ocr_par' dir='ltr' id='par_1_110' title="bbox 2049 4983 3692 5057">
     <span class='ocr_line' id='line_1_110' title="bbox 2049 4983 3692 5057; baseline -0.002 -16"><span class='ocrx_word' id='word_1_707' title='bbox 2049 4985 2256 5057; x_wconf 57' lang='lat' dir='ltr'><strong>Hann]</strong></span> <span class='ocrx_word' id='word_1_708' title='bbox 2288 4984 2573 5040; x_wconf 88' lang='lat' dir='ltr'><strong>recusatis</strong></span> <span class='ocrx_word' id='word_1_709' title='bbox 2602 4983 2861 5041; x_wconf 90' lang='lat' dir='ltr'><strong>laborem</strong></span> <span class='ocrx_word' id='word_1_710' title='bbox 2883 4984 3269 5057; x_wconf 91' lang='lat' dir='ltr'><strong>arripere,nee</strong></span> <span class='ocrx_word' id='word_1_711' title='bbox 3283 4986 3458 5057; x_wconf 87' lang='lat' dir='ltr'><strong>jussa</strong></span> <span class='ocrx_word' id='word_1_712' title='bbox 3478 4984 3692 5039; x_wconf 91' lang='lat' dir='ltr'><strong>terreni</strong></span> 
     </span>
    </p>
   </div>
   <div class='ocr_carea' id='block_1_111' title="bbox 2049 5072 3696 5146">
    <p class='ocr_par' dir='ltr' id='par_1_111' title="bbox 2049 5072 3696 5146">
     <span class='ocr_line' id='line_1_111' title="bbox 2049 5072 3696 5146; baseline -0.001 -18"><span class='ocrx_word' id='word_1_713' title='bbox 2049 5073 2352 5146; x_wconf 90' lang='lat' dir='ltr'><strong>principis,</strong></span> <span class='ocrx_word' id='word_1_714' title='bbox 2384 5090 2489 5129; x_wconf 88' lang='lat' dir='ltr'><strong>nec</strong></span> <span class='ocrx_word' id='word_1_715' title='bbox 2516 5072 2637 5129; x_wconf 91' lang='lat' dir='ltr'><strong>ulla</strong></span> <span class='ocrx_word' id='word_1_716' title='bbox 2666 5073 3087 5146; x_wconf 88' lang='lat' dir='ltr'><strong>impedimenta</strong></span> <span class='ocrx_word' id='word_1_717' title='bbox 3126 5072 3344 5141; x_wconf 73' lang='lat' dir='ltr'><strong>saeculi,</strong></span> <span class='ocrx_word' id='word_1_718' title='bbox 3378 5073 3544 5145; x_wconf 90' lang='lat' dir='ltr'><strong>pium</strong></span> <span class='ocrx_word' id='word_1_719' title='bbox 3577 5076 3696 5129; x_wconf 84' lang='lat' dir='ltr'><strong>stu-</strong></span> 
     </span>
    </p>
   </div>
   <div class='ocr_carea' id='block_1_112' title="bbox 2050 5159 3697 5234">
    <p class='ocr_par' dir='ltr' id='par_1_112' title="bbox 2050 5159 3697 5234">
     <span class='ocr_line' id='line_1_112' title="bbox 2050 5159 3697 5234; baseline -0.002 -16"><span class='ocrx_word' id='word_1_720' title='bbox 2050 5162 2212 5218; x_wconf 89' lang='lat' dir='ltr'><strong>dium</strong></span> <span class='ocrx_word' id='word_1_721' title='bbox 2243 5167 2502 5218; x_wconf 89' lang='lat' dir='ltr'><strong>vestrum</strong></span> <span class='ocrx_word' id='word_1_722' title='bbox 2535 5181 2568 5217; x_wconf 91' lang='lat' dir='ltr'><strong>a</strong></span> <span class='ocrx_word' id='word_1_723' title='bbox 2593 5162 2889 5219; x_wconf 86' lang='lat' dir='ltr'><strong>communi</strong></span> <span class='ocrx_word' id='word_1_724' title='bbox 2922 5162 3030 5217; x_wconf 89' lang='lat' dir='ltr'><strong>hac</strong></span> <span class='ocrx_word' id='word_1_725' title='bbox 3062 5160 3441 5217; x_wconf 90' lang='lat' dir='ltr'><strong>ecclesiastici</strong></span> <span class='ocrx_word' id='word_1_726' title='bbox 3477 5159 3697 5234; x_wconf 91' lang='lat' dir='ltr'><strong>negotii</strong></span> 
     </span>
    </p>
   </div>
   <div class='ocr_carea' id='block_1_113' title="bbox 2051 5246 3697 5323">
    <p class='ocr_par' dir='ltr' id='par_1_113' title="bbox 2051 5246 3697 5323">
     <span class='ocr_line' id='line_1_113' title="bbox 2051 5246 3697 5323; baseline -0.002 -15"><span class='ocrx_word' id='word_1_727' title='bbox 2051 5251 2446 5323; x_wconf 89' lang='lat' dir='ltr'><strong>meditatione,</strong></span> <span class='ocrx_word' id='word_1_728' title='bbox 2479 5270 2581 5308; x_wconf 90' lang='lat' dir='ltr'><strong>seu</strong></span> <span class='ocrx_word' id='word_1_729' title='bbox 2609 5249 2938 5306; x_wconf 86' lang='lat' dir='ltr'><strong>necessaria</strong></span> <span class='ocrx_word' id='word_1_730' title='bbox 2970 5246 3397 5319; x_wconf 81' lang='lat' dir='ltr'><strong>sollicitudine,</strong></span> <span class='ocrx_word' id='word_1_731' title='bbox 3426 5248 3697 5306; x_wconf 87' lang='lat' dir='ltr'><strong>cohibere</strong></span> 
     </span>
    </p>
   </div>
   <div class='ocr_carea' id='block_1_114' title="bbox 2052 5338 3699 5413">
    <p class='ocr_par' dir='ltr' id='par_1_114' title="bbox 2052 5338 3699 5413">
     <span class='ocr_line' id='line_1_114' title="bbox 2052 5338 3699 5413; baseline -0.002 -16"><span class='ocrx_word' id='word_1_732' title='bbox 2052 5358 2287 5413; x_wconf 90' lang='lat' dir='ltr'><strong>quoquo</strong></span> <span class='ocrx_word' id='word_1_733' title='bbox 2310 5338 2981 5411; x_wconf 88' lang='lat' dir='ltr'><strong>modovaleant.Alioqui</strong></span> <span class='ocrx_word' id='word_1_734' title='bbox 3000 5343 3255 5396; x_wconf 90' lang='lat' dir='ltr'><strong>vestram</strong></span> <span class='ocrx_word' id='word_1_735' title='bbox 3278 5340 3350 5394; x_wconf 91' lang='lat' dir='ltr'><strong>ad</strong></span> <span class='ocrx_word' id='word_1_736' title='bbox 3369 5355 3476 5395; x_wconf 89' lang='lat' dir='ltr'><strong>nos</strong></span> <span class='ocrx_word' id='word_1_737' title='bbox 3499 5339 3699 5394; x_wconf 89' lang='lat' dir='ltr'><strong>frater-</strong></span> 
     </span>
    </p>
   </div>
   <div class='ocr_carea' id='block_1_115' title="bbox 2052 5427 3699 5502">
    <p class='ocr_par' dir='ltr' id='par_1_115' title="bbox 2052 5427 3699 5502">
     <span class='ocr_line' id='line_1_115' title="bbox 2052 5427 3699 5502; baseline -0.002 -18"><span class='ocrx_word' id='word_1_738' title='bbox 2052 5431 2295 5486; x_wconf 85' lang='lat' dir='ltr'><strong>nitatem</strong></span> <span class='ocrx_word' id='word_1_739' title='bbox 2323 5427 2764 5496; x_wconf 89' lang='lat' dir='ltr'><strong>convocandi,et</strong></span> <span class='ocrx_word' id='word_1_740' title='bbox 2792 5429 3011 5502; x_wconf 88' lang='lat' dir='ltr'><strong>pariter</strong></span> <span class='ocrx_word' id='word_1_741' title='bbox 3026 5429 3096 5484; x_wconf 91' lang='lat' dir='ltr'><strong>de</strong></span> <span class='ocrx_word' id='word_1_742' title='bbox 3116 5427 3525 5500; x_wconf 89' lang='lat' dir='ltr'><strong>hujuscemodi</strong></span> <span class='ocrx_word' id='word_1_743' title='bbox 3549 5443 3699 5499; x_wconf 74' lang='lat' dir='ltr'><strong>quae-</strong></span> 
     </span>
    </p>
   </div>
   <div class='ocr_carea' id='block_1_116' title="bbox 2053 5515 3700 5587">
    <p class='ocr_par' dir='ltr' id='par_1_116' title="bbox 2053 5515 3700 5587">
     <span class='ocr_line' id='line_1_116' title="bbox 2053 5515 3700 5587; baseline -0.002 -13"><span class='ocrx_word' id='word_1_744' title='bbox 2053 5519 2345 5575; x_wconf 89' lang='lat' dir='ltr'><strong>stionibus</strong></span> <span class='ocrx_word' id='word_1_745' title='bbox 2379 5517 2866 5587; x_wconf 88' lang='lat' dir='ltr'><strong>tractandi,nobis</strong></span> <span class='ocrx_word' id='word_1_746' title='bbox 2888 5516 2998 5573; x_wconf 90' lang='lat' dir='ltr'><strong>erit</strong></span> <span class='ocrx_word' id='word_1_747' title='bbox 3029 5516 3268 5573; x_wconf 91' lang='lat' dir='ltr'><strong>omnino</strong></span> <span class='ocrx_word' id='word_1_748' title='bbox 3288 5515 3700 5576; x_wconf 77' lang='lat' dir='ltr'><strong>necessitasmt</strong></span> 
     </span>
    </p>
   </div>
   <div class='ocr_carea' id='block_1_117' title="bbox 2051 5605 3702 5682">
    <p class='ocr_par' dir='ltr' id='par_1_117' title="bbox 2051 5605 3702 5682">
     <span class='ocr_line' id='line_1_117' title="bbox 2051 5605 3702 5682; baseline -0.002 -18"><span class='ocrx_word' id='word_1_749' title='bbox 2051 5607 2318 5665; x_wconf 87' lang='lat' dir='ltr'><strong>videlicet</strong></span> <span class='ocrx_word' id='word_1_750' title='bbox 2340 5609 2512 5681; x_wconf 83' lang='lat' dir='ltr'><strong>juxta</strong></span> <span class='ocrx_word' id='word_1_751' title='bbox 2540 5607 2851 5682; x_wconf 90' lang='lat' dir='ltr'><strong>pristinam</strong></span> <span class='ocrx_word' id='word_1_752' title='bbox 2876 5605 3340 5663; x_wconf 90' lang='lat' dir='ltr'><strong>consueiudinen</strong></span> <span class='ocrx_word' id='word_1_753' title='bbox 3389 5605 3702 5662; x_wconf 88' lang='lat' dir='ltr'><strong>nobiscum</strong></span> 
     </span>
    </p>
   </div>
   <div class='ocr_carea' id='block_1_118' title="bbox 2052 5695 3702 5771">
    <p class='ocr_par' dir='ltr' id='par_1_118' title="bbox 2052 5695 3702 5771">
     <span class='ocr_line' id='line_1_118' title="bbox 2052 5695 3702 5771; baseline -0.002 -16"><span class='ocrx_word' id='word_1_754' title='bbox 2052 5699 2113 5755; x_wconf 92' lang='lat' dir='ltr'><strong>in</strong></span> <span class='ocrx_word' id='word_1_755' title='bbox 2142 5697 2403 5771; x_wconf 89' lang='lat' dir='ltr'><strong>idipsum</strong></span> <span class='ocrx_word' id='word_1_756' title='bbox 2424 5698 2581 5770; x_wconf 90' lang='lat' dir='ltr'><strong>apud</strong></span> <span class='ocrx_word' id='word_1_757' title='bbox 2603 5697 2906 5754; x_wconf 89' lang='lat' dir='ltr'><strong>S.Petrum</strong></span> <span class='ocrx_word' id='word_1_758' title='bbox 2923 5695 3702 5765; x_wconf 87' lang='lat' dir='ltr'><strong>convenientes,communes</strong></span> 
     </span>
    </p>
   </div>
   <div class='ocr_carea' id='block_1_119' title="bbox 2050 5776 3702 5865">
    <p class='ocr_par' dir='ltr' id='par_1_119' title="bbox 2050 5776 3702 5865">
     <span class='ocr_line' id='line_1_119' title="bbox 2050 5776 3702 5865; baseline -0.002 -16"><span class='ocrx_word' id='word_1_759' title='bbox 2050 5787 2319 5849; x_wconf 74' lang='lat' dir='ltr'><strong>Ecclesiae</strong></span> <span class='ocrx_word' id='word_1_760' title='bbox 2342 5785 2728 5847; x_wconf 86' lang='lat' dir='ltr'><strong>contumelias</strong></span> <span class='ocrx_word' id='word_1_761' title='bbox 2761 5785 3134 5864; x_wconf 89' lang='lat' dir='ltr'><strong>repellamus,</strong></span> <span class='ocrx_word' id='word_1_762' title='bbox 3156 5784 3257 5865; x_wconf 88' lang='lat' dir='ltr'><strong>qui</strong></span> <span class='ocrx_word' id='word_1_763' title='bbox 3282 5776 3593 5844; x_wconf 85' lang='lat' dir='ltr'><strong>commune</strong></span> <span class='ocrx_word' id='word_1_764' title='bbox 3608 5799 3702 5845; x_wconf 79' lang='lat' dir='ltr'><strong>sa-</strong></span> 
     </span>
    </p>
   </div>
  </div>
