4138 6452
253 386 405 494 iis:

1463 374 1870 496 inrisionis
1911 434 2012 496 ΕΤ
2055 434 2440 496 causam.

3507 440 3661 500 H62

251 532 507 622 scamur.
528 528 813 637 Optamus
844 550 1264 627 fratérnitatem
1298 540 1550 625 vestram
1584 566 1645 621 in
1674 566 1901 622 Christo
1931 567 1985 635 Α
2017 565 2199 639 nostri
2230 565 2502 622 doluistis
2547 566 2819 640 apparuit
2850 585 2865 623 :
2898 573 2957 624 et
3002 570 3156 641 quod
3205 586 3338 626 cum
3381 571 3663 629 charitate

242 671 410 727 nunc
442 658 500 711 et
529 671 760 728 semper
789 655 932 710 bene
961 653 1169 711 valere.
1193 655 1318 711 Tua
1343 671 1496 722 vero,
1530 654 1707 710 frater
1738 655 1906 711 11inc-

253 761 436 812 mare,
460 743 715 800 charitas
746 761 879 801 cum
908 743 1215 817 epistolam
1246 743 1473 816 legerit,
1490 762 1621 799 mox
1645 748 1707 799 ut
1727 744 1904 799 etiam

249 833 323 895 ad
357 832 502 890 alios
548 832 1039 907 archiepiscopos,
1076 832 1177 905 qui
1230 832 1289 888 in
1339 849 1516 905 regno
1568 831 1672 887 ﬁlii
1722 833 1905 888 nostri

250 921 439 979 Caroli
468 921 708 995 gloriosi
739 923 893 995 regis
921 922 1273 990 consistunt,
1302 922 1618 990 deferatur,
1642 938 1903 977 summo-

251 1029 389 1084 pere
420 1028 591 1086 agere
610 1012 871 1080 studeat;
896 1016 954 1067 et
984 1015 1050 1068 ut
1081 1012 1151 1067 de
1176 1010 1271 1067 his
1307 1009 1524 1084 singuli
1556 1010 1615 1065 in
1648 1009 1906 1067 dimcesi-

249 1101 364 1159 bus
395 1100 674 1173 suis,una
702 1118 835 1157 cum
858 1101 1241 1175 suﬁ‘raganeis
1264 1099 1472 1165 suis,in
1501 1101 1905 1172 cujuscunque

251 1208 430 1265 regno
461 1191 582 1247 sint
611 1190 1352 1257 constituti,convenienter
1372 1192 1642 1257 tractare,
1659 1193 1715 1244 et
1738 1186 1905 1244 nobis

252 1298 379 1354 qua
408 1278 726 1353 repererint
755 1295 1069 1353 suggerere
1101 1282 1324 1346 curent,
1360 1295 1458 1333 eos
1500 1277 1744 1333 incitare
1788 1294 1904 1337 non

249 1369 528 1444 negligat.
543 1373 631 1425 lta
662 1371 725 1424 ut
742 1385 948 1425 eorum
980 1367 1399 1442 omnium,qum
1422 1365 1726 1440 praesentis
1756 1365 1907 1439 epis-

245 1438 383 1539 :tolaz
404 1438 848 1537 circumstantia
868 1458 1219 1523 continet,tu
1236 1461 1581 1513 etstrenuus
1602 1460 1906 1512 exsecutor

246 1532 370 1607 illis
401 1532 617 1605 existas
638 1566 650 1616 ;
670 1551 730 1611 et
760 1547 915 1619 apud
950 1563 1056 1602 nos
1085 1563 1259 1603 verax
1288 1551 1346 1601 et
1376 1546 1633 1618 prudens
1665 1544 1906 1617 scripto-

250 1654 383 1697 rum
414 1641 652 1693 tuorum
678 1636 828 1693 serie
856 1635 1069 1693 relator
1099 1635 1433 1691 inveniaris.
1466 1635 1678 1690 Datum
1708 1652 1744 1689 x
1795 1634 1902 1689 Ka-

244 1720 455 1783 lendas
485 1725 849 1793 Novembris,
884 1724 1197 1780 indictione
1229 1723 1439 1797 prima.

981 1876 1172 1933 CLIII.
1220 1932 1225 1939 .

622 1994 697 2032 AD
736 1992 1005 2032 CAROLUM
1044 1991 1268 2030 CALVUM
1308 1990 1519 2029 REGEM.
1935 1944 1983 2009 B

890 2092 1078 2160 (Anno
1109 2090 1259 2161 867.)

245 2220 393 2276 Petit
423 2225 482 2273 ut
508 2217 727 2273 auxilio
750 2217 822 2271 sit
868 2217 1133 2288 episcopis
1181 2214 1264 2288 ad,
1297 2220 1587 2288 conventas
1635 2209 1903 2265 habendos

558 2289 625 2343 de
650 2290 867 2357 negotio
897 2285 1202 2359 'quod‘ipsis
1231 2285 1597 2341 demandauit.

759 2411 950 2487 [Apud
982 2408 1191 2480 Mansi,
1227 2408 1386 2483 ibid]

320 2540 653 2614 Comperiat
708 2538 995 2595 celsitudo
1020 2540 1232 2604 vestra,
1268 2553 1374 2592 nos
1423 2533 1902 2606 metrOpolitanos

245 2630 529 2704 praesules
551 2627 714 2702 regni
733 2627 914 2684 vestri
932 2628 1003 2683 ad
1027 2627 1296 2699 quaedam
1316 2624 1621 2683 tractanda
1637 2621 1904 2679 ecclesia-

245 2720 397 2776 stica
410 2719 927 2792 negotia,quorum
949 2715 1146 2789 gloriae
1167 2719 1369 2771 vestrae
1391 2718 1650 2770 tenorem
1672 2710 1901 2769 ostendi

246 2808 653 2882 praecepimus,
678 2805 942 2878 singulos
972 2821 1108 2865 cum
1131 2802 1516 2875 suifraganeis
1539 2800 1663 2859 suis
1685 2798 1902 2873 pariter

244 2896 555 2955 convenire
585 2895 899 2955 mandasse
932 2911 946 2950 :
980 2894 1152 2965 cuius
1199 2891 1467 2949 videlicet
1513 2888 1901 2947 exsecutionis

244 3002 544 3045 summam
575 2984 740 3040 fratri
763 2988 819 3040 et
840 2983 1179 3055 coepiscopo
1204 2984 1402 3038 nostro
1423 2980 1735 3039 Hincmaro
1751 2994 1902 3035 com-

244 3075 543 3131 misimus.
575 3076 940 3146 Quapropter
986 3088 1266 3145 rogamus
1318 3069 1477 3142 piam
1527 3067 1902 3125 dilectionem

241 3167 519 3231 vestram,
546 3150 611 3219 ut
664 3166 826 3218 tanto
885 3161 1116 3235 negotio
1164 3159 1476 3224 auxiliaris,
1510 3174 1627 3230 quo
1672 3156 1902 3213 facilius

246 3254 431 3317 iidem
476 3254 686 3310 fratres
735 3251 919 3309 nostri
970 3249 1276 3309 convenire
1305 3248 1556 3315 valeant,
1592 3244 1897 3319 suffragari

2017 661 2206 711 vestra
2230 655 2505 722 dicimus,
2538 656 2622 710 sic
2653 655 2921 711 Ecclesiae
2953 658 3159 714 matris
3191 663 3389 714 vestrae
3436 677 3667 731 semper

2016 745 2233 799 damna
2260 744 2533 811 duxistis,
2556 749 2834 817 tanquam
2863 744 2910 800 si
2946 744 3090 800 nihil
3122 747 3191 800 ad
3226 764 3326 802 vos
3358 747 3490 803 inde
3521 766 3664 820 quo-

2016 834 2309 907 quomodo
2342 833 2748 905 pertineret,et
2778 833 2954 889 veluti
2988 836 3118 906 ejus
3149 852 3262 890 non
3296 853 3423 892 esse
3444 837 3544 891 ﬁlii
3565 855 3668 909 per

2015 923 2216 978 omnia
2243 922 2604 978 videremini.
2630 926 2888 989 Quantos
2918 928 3113 981 autem
3148 925 3670 998 sudores,quanta—

2017 1029 2129 1084 que
2145 1012 2468 1068 certamina
2482 1029 2585 1084 pro
2606 1011 2913 1067 recidendo
2933 1011 3206 1085 malo,cuj
3218 1031 3285 1069 us
3305 1014 3668 1071 Guntharius

1990 1108 1993 1111 ’
2015 1106 2072 1156 et
2084 1101 2528 1173 Theutgualdus
2547 1105 2814 1156 auctores
2835 1106 2889 1156 et
2912 1102 3255 1157 conflatores
3273 1102 3489 1157 inventi
3506 1109 3665 1171 sunt,

2015 1188 2386 1261 pertulimus,
2410 1189 2528 1245 imo
2558 1206 2690 1245 vero
2716 1189 3115 1245 indesinenter
3141 1191 3572 1261 perferimus,et
3596 1209 3668 1248 ne

2016 1277 2265 1333 rediviva
2313 1278 2525 1334 iterum
2583 1278 2776 1333 radice
2829 1284 3178 1348 succrescat,
3214 1279 3665 1336 incessabilibus

2014 1365 2314 1422 laboribus
2342 1367 2695 1440 fatigamur?
2725 1368 3038 1438 Nunquam
3086 1370 3283 1423 tamen
3328 1385 3430 1424 vos
3480 1368 3539 1423 in
3571 1368 3664 1426 his

2015 1455 2289 1511 omnibus
2318 1459 2721 1511 concertantes
2751 1459 2854 1511 aut
2883 1454 3308 1512 collaborantes
3340 1457 3509 1512 nobis
3561 1458 3664 1513 ad-

2015 1543 2328 1600 haerescere
2359 1545 2759 1601 consensistis.
2776 1545 2885 1601 Sed
2910 1562 3067 1601 nunc
3092 1562 3194 1618 pro
3210 1546 3665 1603 reconciliandis

2015 1632 2422 1706 Thcutgualdo
2444 1639 2501 1690 et
2522 1634 3053 1703 Gunthario,totius
3073 1634 3251 1707 hujus
3273 1635 3665 1692 malifabrica-

2014 1721 2560 1795 toribus,satagitis,
2577 1723 2829 1791 curritis,
2849 1724 3252 1793 anxiamini,et
3271 1725 3441 1781 nobis
3462 1726 3664 1782 crebro

2015 1812 2073 1867 id
2094 1811 2288 1884 ipsum
2308 1810 2540 1868 mittere
2557 1811 2799 1868 minime
2816 1813 3129 1869 recusatis:
3147 1830 3455 1887 quousque
3468 1815 3666 1870 nescio

2015 1902 2308 1973 quomodo
2340 1901 2688 1957 amaricatos
2721 1902 3197 1975 appelletis,dum
3229 1908 3381 1960 certe
3412 1902 3496 1960 illi
3516 1921 3665 1977 pene

2014 1990 2274 2063 quotidie
2299 1994 2502 2062 potum
2533 1990 2945 2047 amaritudinis
2969 1992 3281 2064 propinare
3327 1993 3497 2049 nobis
3545 2010 3662 2049 non

2013 2078 2292 2135 desinunt
2325 2096 2338 2134 :
2372 2096 2509 2135 nam
2543 2079 2774 2151 quoties
2805 2096 3008 2136 eorum
3040 2080 3176 2136 facti
3207 2081 3492 2138 memoria
3510 2081 3666 2139 inter

2013 2167 2263 2223 aliorum
2295 2168 2443 2224 dura
2467 2184 2714 2240 qumque
2756 2168 2927 2224 nobis
2970 2169 3361 2242 ingerentium
3392 2171 3660 2240 infertur,

2011 2256 2185 2312 toties
2204 2274 2310 2312 nos
2332 2256 2557 2329 absque
2586 2256 2755 2313 multi
2775 2258 3042 2314 maeroris
3066 2260 3457 2317 amaritudine
3476 2277 3664 2317 rema-

2013 2362 2148 2400 nere
2180 2346 2514 2419 nequimus.
2549 2346 2745 2402 Cesset
2788 2347 2987 2419 itaque
3035 2352 3239 2404 vestrae
3286 2348 3484 2423 gloria)
3533 2350 3662 2422 jam

1972 2470 1985 2485 .
2012 2450 2119 2490 nos
2146 2451 2323 2507 super
2353 2434 2461 2491 hoc
2491 2434 2728 2508 pulsare
2758 2435 3114 2506 sublimitas,
3134 2432 3192 2493 et
3219 2439 3375 2510 quod
3398 2439 3523 2495 ﬁeri
3545 2456 3664 2495 non

2011 2526 2220 2595 potest,
2254 2524 2492 2581 tandem
2522 2523 2840 2596 aliquando
2870 2527 3292 2597 praetermittat.
3325 2528 3476 2584 Dum
3506 2528 3664 2585 enim

2011 2629 2127 2668 non
2156 2630 2478 2685 possumus
2507 2613 2749 2686 adipisci
2784 2615 2940 2687 quod
2971 2614 3264 2684 volumus,
3298 2632 3535 2673 necesse
3578 2620 3668 2673 est

2013 2706 2078 2757 ut
2110 2700 2218 2757 hoc
2248 2701 2496 2758 velimus
2526 2704 2805 2776 consequi
2827 2704 3067 2760 omnino
3092 2705 3247 2776 quod
3272 2722 3591 2778 possumus
3610 2711 3669 2762 et

2011 2790 2313 2847 debemus.
2358 2791 2503 2847 Nam
2558 2791 2717 2848 sedis
2765 2792 3096 2864 apostolicae
3155 2793 3448 2850 sententia
3502 2799 3669 2852 tanta

2015 2895 2246 2951 semper
2276 2879 2503 2935 consilii
2545 2880 2943 2938 moderatione
2989 2882 3335 2954 concipitur,
3368 2886 3531 2939 tanta
3557 2901 3666 2955 pa-

2009 2967 2224 3024 tientia:
2257 2968 2593 3024 maturitate
2614 2970 3263 3044 decoquitur,tantaque
3294 2971 3664 3029 deliberatio-

2010 3056 2104 3112 nis
2134 3057 2417 3131 gravitate
2456 3058 2749 3130 profertur
2777 3062 2843 3113 ut
2871 3060 3279 3116 retractatione
3310 3076 3428 3116 non
3476 3065 3662 3134 egeat,

2010 3162 2116 3201 nec
2138 3144 2436 3202 immutari
2461 3146 2856 3203 necessarium
2880 3148 3056 3203 ducat
3082 3165 3095 3202 :
3121 3148 3234 3204 nisi
3258 3149 3404 3206 forte
3425 3149 3509 3205 sic
3530 3167 3671 3223 pro:

2009 3233 2131 3290 lata
2154 3235 2231 3291 sit
2262 3239 2327 3291 ut
2357 3236 2655 3291 retractari
2687 3236 2896 3307 possit,
2928 3236 3016 3292 vel
3047 3237 3417 3294 immutanda
3448 3255 3665 3294 secun-

245 3343 520 3416 dignetur
548 3359 560 3397 :
585 3346 877 3414 quatenus
901 3340 1045 3413 ipsis
1066 3343 1257 3396 vestro
1278 3336 1482 3395 solatio
1504 3336 1726 3409 petitis,
1758 3316 1903 3407 ῥηθ-
1930 3316 1973 3383 C
2016 3325 2156 3416 dum
2179 3325 2504 3416 praemissae
2534 3330 2796 3416 tenorem
2828 3327 3179 3383 conditionis
3200 3329 3428 3384 existat.
3453 3329 3668 3385 Theut-

255 3449 394 3490 sens
442 3432 744 3505 negotium
794 3431 902 3487 rite
948 3428 1360 3493 tractantibus,
1393 3444 1493 3484 vos
1535 3442 1766 3498 quoque
1798 3442 1902 3496 pro

248 3526 424 3579 tantis
456 3520 690 3594 pietatis
720 3520 914 3577 studio
946 3517 1253 3591 praemium
1296 3513 1757 3588 consequamini.
1781 3513 1904 3569 Erit

249 3615 449 3668 autem
470 3610 556 3667 eis
586 3614 642 3666 et
670 3608 829 3665 aliud
861 3611 994 3681 poet
1022 3607 1319 3664 modicum
1348 3606 1578 3662 decreto
1595 3607 1793 3661 nostro
1816 3620 1905 3675 sy-

247 3700 454 3757 nodice
480 3698 882 3756 ventilandum
917 3714 930 3752 :
964 3697 1068 3754 sed
1113 3712 1185 3752 ne
1232 3694 1564 3767 duplicatus
1611 3692 1776 3749 labor
1817 3692 1902 3749 eis

246 3804 533 3845 onerosus
562 3788 793 3855 existat,
821 3785 1056 3843 interim
1085 3785 1147 3840 in
1173 3785 1285 3841 hoc
1329 3800 1569 3856 operam
1599 3783 1738 3838 dare
1768 3780 1902 3836 illos

246 3881 576 3950 oportet,ut
601 3876 869 3933 videlicet
898 3876 970 3932 ad
1002 3875 1253 3931 alterum
1284 3872 1564 3928 libentius
1585 3888 1652 3928 ac
1667 3870 1903 3943 expedi-

245 3967 386 4035 tius,
404 3968 514 4024 Deo
534 3967 778 4038 juvante
804 3965 1133 4039 pertingere
1172 3962 1418 4035 possint.
1444 3961 1727 4032 Optamus
1772 3958 1899 4032 glo-

249 4057 396 4113 riam
427 4060 683 4113 vestram
716 4072 874 4111 nunc
905 4058 963 4111 et
986 4069 1218 4125 semper
1246 4052 1304 4108 in
1335 4050 1562 4107 Christo
1611 4050 1758 4105 bene
1798 4065 1901 4104 va-

247 4145 387 4214 lere,
411 4145 790 4202 dilectissime
815 4144 918 4200 fili.
952 4143 1098 4199 Data
1128 4159 1185 4197 1x
1216 4139 1505 4197 Kalendas
1535 4137 1900 4205 Novembris,

249 4233 565 4290 indictione
595 4234 806 4307 prima.

983 4356 1170 4414 CLIV.

558 4476 631 4516 AD
671 4474 1003 4515 LUDOVICUM
1042 4473 1233 4512 REGEM
1273 4472 1596 4511 GERMANIIE.

899 4575 1087 4645 (Anno
1117 4572 1267 4645 867.)

330 4704 393 4761 Ut
421 4694 636 4760 desinat
663 4699 884 4757 tandem
916 4698 1244 4754 intercedere
1267 4713 1369 4770 pro
1405 4694 1768 4766 Theutgualdo
1796 4701 1849 4750 et
1942 4680 1991 4747 D

922 4771 1242 4827 Gunthario.

782 4897 973 4971 [Apud
1004 4866 1217 4985 Mansi,
1248 4894 1406 4960 ibid.]

288 5082 295 5085 γ
328 5024 618 5079 Νιοοωυε
647 5022 984 5096 episcopus,
1008 5037 1211 5078 servus
1232 5036 1530 5075 servorum
1553 5017 1674 5086 Dei,
1708 5017 1915 5073 dilecto

258 5111 379 5168 ﬁlio
409 5109 694 5166 Ludovico
725 5109 979 5183 glorioso
1012 5109 1155 5183 regi.

333 5196 647 5274 Epistolam
680 5198 1017 5255 serenitatis
1045 5202 1249 5255 vestra:
1278 5214 1383 5270 pro
1414 5196 1819 5270 Theutgualdo
1864 5200 1921 5253 et

261 5289 585 5355 Gunthario
618 5288 846 5345 dudum
878 5286 1169 5362 episcoPis
1216 5304 1323 5343 nos
1371 5285 1580 5342 obnixe
1627 5286 1921 5359 precantis

262 5379 616 5452 accepimus,
643 5382 701 5434 et
737 5376 1121 5451 quamobrem
1154 5394 1258 5449 pro
1286 5375 1404 5432 illis
1434 5378 1519 5431 tot
1543 5379 1736 5431 vestra
1762 5374 1926 5431 celsi-

262 5469 405 5524 tudo
436 5467 668 5525 labores
703 5470 993 5534 assumat,
1011 5466 1329 5522 admodum
1360 5464 1546 5521 fateor
1564 5463 1851 5520 miramur
1872 5468 1929 5519 et

265 5544 761 5629 obstupescimus.
829 5555 1057 5620 Quanta
1105 5571 1316 5627 nempe
1365 5554 1521 5610 mala
1552 5570 1659 5609 nos
1684 5551 1926 5624 perpeti,

265 5650 489 5720 quanta
509 5646 892 5703 incommoda
914 5643 1206 5701 sustinere
1228 5660 1379 5715 saepe
1404 5642 1736 5714 audistis,et
1755 5640 1929 5715 liqui-

266 5736 338 5798 do
367 5752 524 5794 nunc
554 5751 703 5809 cogn
716 5733 962 5792 ovistis?
994 5749 1290 5807 nusquam
1339 5735 1536 5791 tamen
1585 5732 1725 5808 quia
1755 5747 1934 5790 causa

599 5863 867 5931 PATROL.
917 5861 1126 5926 CXIX.

2018 3413 2272 3487 gualdus
2300 3414 2480 3487 igitur
2508 3418 2565 3470 et
2593 3415 2956 3473 Guntharius
2986 3416 3165 3488 hujus
3196 3421 3409 3474 sancta:
3440 3421 3498 3473 et
3524 3434 3666 3490 apo-

2018 3502 2232 3577 stolicae
2265 3502 2422 3560 sedis
2466 3504 2755 3560 sententia
2803 3505 3077 3578 perculsi,
3111 3506 3160 3561 si
3210 3505 3494 3578 patienter
3532 3522 3667 3579 ege-

2015 3590 2152 3658 rint,
2186 3590 2561 3648 etmalorum
2613 3609 2866 3665 quorum
2919 3594 3277 3667 plantatores
3326 3596 3504 3665 fuere,
3539 3612 3666 3651 era-

2016 3679 2305 3736 dicatores
2349 3681 2693 3751 exstiterint,
2727 3686 2904 3754 atque
2934 3683 2985 3739 si
3031 3683 3153 3740 haec
3198 3684 3450 3756 perfecta
3490 3684 3551 3740 in
3605 3700 3669 3741 se

2020 3767 2376 3835 humilitate,
2411 3770 2723 3842 dignisque
2767 3770 3125 3843 poenitentia;
3172 3771 3405 3828 ﬂetibus
3439 3772 3670 3830 abolere

2022 3858 2171 3929 [edit
2188 3862 2364 3926 Rom,
2381 3858 2637 3930 abluere]
2661 3861 2795 3916 stud
2805 3860 3016 3929 uerint,
3032 3864 3305 3933 poterunt
3325 3862 3526 3933 utique
3556 3860 3672 3918 alia

2014 3946 2411 4003 miserationis
2432 3947 2836 4005 ecclesiastica:
2856 3950 3136 4006 beneﬁcia
3156 3950 3475 4022 praestolari
3492 3969 3505 4018 ;
3520 3950 3672 4021 prio-

2016 4035 2097 4091 ris
2122 4040 2315 4092 tamen
2350 4036 2691 4105 ministerii,
2723 4042 2824 4094 aut
2855 4040 3262 4110 cujuscunque
3293 4039 3671 4095 sacerdotalis

2016 4124 2194 4179 ofﬁcii
2226 4125 2573 4197 dignitatem
2604 4127 2824 4184 frustra
2852 4129 3091 4200 quidem
3122 4144 3355 4200 sperare
3372 4132 3668 4200 poterunt,

2013 4230 2315 4270 resumere
2342 4218 2535 4271 autem
2556 4215 2614 4270 in
2642 4216 3068 4287 sempiternum
3092 4233 3207 4272 non
3241 4220 3533 4289 poterunt.
3558 4217 3671 4272 Sed

2014 4302 2152 4375 quia
2195 4302 2451 4360 charitas
2481 4303 2834 4361 excellentia:
2863 4309 3068 4361 vestrae
3099 4321 3203 4377 pro
3236 4305 3332 4361 his
3361 4304 3673 4373 dolet,lau~

2014 4391 2229 4447 damus
2269 4408 2282 4448 :
2322 4392 2462 4464 quia
2487 4396 2546 4447 et
2575 4409 2702 4460 nos,
2734 4392 2887 4450 sicut
2916 4394 2988 4450 ad
3019 4410 3222 4450 eorum
3251 4393 3674 4450 detrimentum

2012 4483 2153 4535 tunc
2181 4479 2303 4536 zelo
2341 4484 2399 4536 et
2422 4479 2656 4552 justitia
2684 4481 2787 4537 Dei
2809 4482 3087 4538 commoti
3119 4486 3419 4555 gementes
3450 4481 3679 4538 deveni-

2018 4586 2184 4637 mus;
2208 4569 2290 4624 ita
2304 4572 2363 4626 et
2379 4570 2794 4641 nunc,quoties
2814 4586 3018 4627 eorum
3038 4570 3676 4639 reminiscimur,toties

2020 4658 2242 4731 ingenti
2273 4657 2535 4715 cruciatu
2566 4658 2781 4715 mentis
2812 4658 3209 4732 accendimur,
3223 4663 3397 4732 atque
3422 4660 3494 4716 de
3522 4659 3678 4732 ipso-

2022 4764 2154 4803 rum
2184 4746 2523 4804 discrimine
2553 4747 2669 4804 illis
2700 4747 2866 4806 valde
2894 4749 3288 4822 compatimur
3319 4754 3379 4806 et
3408 4748 3676 4806 condole-

2022 4854 2177 4897 mus.
2203 4837 2538 4893 Secundum
2558 4836 2907 4909 Apostolum
2937 4838 3270 4911 namque,si
3293 4837 3434 4910 quid
3456 4836 3679 4909 patitur

2025 4942 2211 4983 unum
2242 4927 2597 4994 membrum,
2631 4927 3071 4999 compatiuntur
3099 4931 3157 4983 et
3186 4925 3384 4983 omnia
3413 4924 3680 4980 membra

2029 5016 2075 5089 (ι
2104 5017 2231 5072 Cor.
2267 5014 2385 5088 in).
2418 5015 2634 5071 Verum
2667 5014 2718 5071 si
2748 5016 2819 5072 de
2849 5016 2962 5085 his,
2982 5015 3071 5072 vel
3102 5016 3174 5071 de
3204 5015 3433 5071 actibus
3453 5028 3677 5079 eorum,

2027 5103 2117 5161 vel
2148 5120 2275 5177 qua:
2308 5103 2386 5160 sit
2415 5096 2594 5176 penes
2624 5120 2732 5160 nos
2762 5104 2834 5159 de
2862 5103 3008 5175 ipsis
3058 5104 3173 5158 ﬁxa
3218 5102 3530 5169 sententia,
3560 5100 3679 5173 ple-

2031 5194 2184 5249 niter
2212 5196 2278 5249 ut
2303 5192 2548 5249 innuitis
2593 5193 2895 5265 cognitum
2944 5191 3109 5248 vobis
3157 5191 3282 5249 ﬁeri
3332 5191 3566 5264 cupitis,
3609 5188 3681 5246 ad

2032 5282 2290 5355 epistolae
2322 5287 2606 5351 tenorem,
2642 5300 2821 5355 quam
2851 5282 2923 5337 ad
2972 5280 3331 5337 venerabiles
3380 5278 3682 5351 episcopos

2034 5371 2197 5445 regni
2253 5374 2429 5429 vestri
2490 5372 2956 5439 transmisimus,
3014 5370 3065 5427 si
3131 5369 3339 5442 placet,
3394 5366 3686 5424 industria

2036 5460 2417 5517 sublimitatis
2488 5465 2692 5517 vestrae
2764 5464 3043 5517 recurrat.
3097 5460 3382 5532 Optamus
3439 5457 3686 5531 gloriam

2036 5554 2288 5611 vestram
2350 5549 2411 5605 in
2461 5548 2689 5605 Christo
2739 5566 2895 5605 nunc
2945 5553 3002 5605 et
3049 5565 3279 5622 semper
3306 5550 3453 5605 bene
3476 5544 3689 5613 valere,

2039 5656 2072 5697 o
2106 5638 2485 5697 dilectissime
2516 5638 2630 5697 ﬁlil
2664 5639 2814 5697 Data
2841 5654 2904 5696 ιιι
2937 5639 3178 5698 Kalend.
3210 5637 3570 5705 Novembris,
3598 5634 3695 5692 in«

2044 5728 2299 5790 dictione
2333 5729 2379 5791 1.

3301 5857 3383 5944 37.
