4138 6460
304 439 463 498 1165

1520 444 1644 503 EPI
1654 442 1927 504 STOL/E
1968 442 2067 504 ET
2112 444 2499 507 DECRETA.

3558 454 3717 515 1166

296 577 501 628 vocata
529 573 579 627 si
633 577 788 628 certe
839 578 1102 647 tempore
1151 593 1266 630 non
1325 580 1670 641 occurreret,
1703 577 1775 630 ab
1831 577 1954 648 ipso
1983 578 2038 645 Α
2068 576 2158 632 bis
2180 576 2741 651 hujusmodipotius
2759 584 3163 639 auctoritatem
3186 586 3546 657 etjudicium
3568 592 3720 659 pete-

293 666 523 717 sacrato
576 661 819 735 collegio
862 663 1109 719 vinculis
1165 664 1559 720 anatliematis
1617 665 1949 720 vinciretur.

291 751 573 821 Quodque
594 750 697 806 illa
717 756 938 808 statuto
960 756 1222 825 tempore
1248 771 1361 809 non
1390 758 1727 808 occurrente
1759 758 1950 824 patra-

285 844 412 895 tum
438 844 546 905 est,
572 841 1042 913 sententiamque
1074 842 1131 897 in
1168 843 1356 915 ipsam
1382 860 1415 897 a
1447 843 1668 914 synodo
1698 843 1949 897 auctori-

289 933 407 983 tate
434 936 636 984 nostra
655 936 969 985 convocata
1001 948 1106 985 nos
1140 949 1391 1003 quoque,
1419 938 1483 986 ut
1514 930 1663 985 sacri
1697 948 1949 985 canones

283 1018 953 1091 praeeipiunt,consensu
987 1025 1186 1075 nostro
1222 1020 1608 1075 firmavimus.
1643 1021 1797 1075 Inter
1828 1020 1947 1075 haec

280 1124 438 1173 vero,
463 1112 881 1179 cognoscentes
912 1110 1178 1163 eamdem
1215 1109 1493 1164 feminam
1539 1109 1598 1164 in
1640 1126 1818 1181 regno
1846 1110 1943 1164 de-
1980 1100 1981 1103 “

279 1210 416 1267 gere
441 1196 697 1251 Lotharii
721 1197 898 1268 regis,
923 1214 1038 1252 non
1060 1198 1205 1255 satis
1228 1197 1547 1253 habuimus
1570 1215 1695 1269 quae
1720 1198 1789 1253 de
1813 1198 1941 1269 ipsa

283 1290 449 1359 gesta
485 1285 703 1341 femina
749 1286 1027 1342 fuerant:
1061 1289 1163 1342 sed
1211 1287 1284 1342 ad
1340 1287 1493 1342 hanc
1555 1288 1939 1342 revocandam

282 1376 578 1448 prioribus
595 1375 811 1431 nostris
833 1374 1133 1432 laboribus
1151 1378 1218 1433 ad
1228 1377 1341 1431 huc
1361 1376 1658 1448 qumrendi
1677 1376 1940 1431 studium

279 1465 666 1537 apposuimus
692 1482 705 1521 ε
730 1465 1173 1521 reminiscentes
1196 1465 1461 1521 videlicet
1484 1465 1843 1537 Domini,qui
1868 1466 1937 1520 de

278 1554 441 1610 cmlis
471 1553 600 1610 ideo
631 1554 703 1609 ad
752 1558 968 1610 terram
1016 1554 1336 1621 descendit,
1362 1561 1426 1609 ut
1464 1559 1749 1626 quaereret
1782 1555 1937 1625 quod

277 1643 547 1716 perierat,
571 1644 746 1715 juxta
782 1644 935 1715 quod
983 1660 1018 1697 a
1055 1644 1365 1699 Psalmisla
1405 1644 1721 1715 rogabatur
1760 1644 1935 1698 eonfi-

274 1737 434 1788 tente
464 1736 637 1804 atque
668 1731 897 1788 dicente
923 1750 936 1787 :
970 1735 1169 1788 Erravi
1202 1734 1346 1787 sicut
1371 1735 1485 1788 ovis
1517 1748 1642 1804 qua:
1665 1734 1927 1804 perierat,

272 1823 494 1893 require
521 1838 740 1877 servum
767 1831 921 1877 tuum
944 1823 1114 1893 (Psul.
1138 1822 1353 1891 cxvm).
1371 1822 1664 1893 Missaque
1686 1820 1933 1893 epistola

2064 672 2325 737 re,atque
2339 667 2645 722 consilium
2668 671 3138 740 praestolariin
3156 674 3261 727 nos
3274 676 3717 743 audito,missos

2062 754 2299 825 quidem
2319 756 2612 813 destinare
2633 763 2750 813 tam
2771 760 2993 816 concite
3011 779 3118 817 nos
3142 780 3242 833 pro
3262 763 3600 834 hujusmodi
3624 782 3719 820 ne-

2059 842 2215 914 gotio
2245 861 2359 899 non
2392 862 2562 916 posse
2595 850 3045 919 respondimus:
3074 852 3361 907 missuros
3390 857 3585 908 tamen
3618 870 3718 910 eos

2061 935 2263 1002 postea
2285 933 2607 988 certissime
2632 938 2997 1006 repromisim
3010 956 3098 1003 us,
3115 940 3494 994 admonentes
3518 943 3713 1009 etiam,

2058 1020 2401 1076 nullatenus
2434 1022 2667 1078 interim
2701 1042 2734 1078 a
2766 1027 3018 1096 quodam
3052 1028 3122 1082 de
3166 1028 3506 1098 liujusmodi
3540 1048 3719 1085 causa

2058 1109 2383 1180 quidquam
2419 1113 2652 1181 penitus
2683 1113 3148 1171 deliberandum.
3185 1118 3295 1172 Sed
3340 1117 3438 1172 ille
3479 1119 3712 1188 horum,

2054 1197 2447 1270 Theutgualdi
2473 1204 2528 1255 et
2553 1202 2880 1272 Guntharii,
2897 1208 3036 1259 tunc
3057 1205 3480 1278 episcoporum,
3498 1211 3563 1261 ut
3588 1225 3716 1278 pos-

2054 1292 2148 1341 tea
2177 1285 2406 1355 claruit,
2444 1289 2789 1346 auctoritate
2841 1293 3045 1358 fretus,
3066 1293 3289 1366 legatos
3330 1300 3563 1351 nostros
3596 1313 3711 1351 non

2054 1376 2415 1446 prwstolans,
2435 1378 2666 1449 publico
2685 1381 2948 1453 festoque
2971 1382 3307 1454 nuptiarum
3327 1384 3439 1438 ritu
3459 1384 3710 1440 celebra-

2008 1520 2027 1535 .
2053 1472 2127 1530 to,
2145 1464 2518 1521 Waldradam
2544 1468 2797 1539 sibijure
2822 1472 3181 1526 matrimonii
3201 1472 3709 1528 sociavit.Verum-

2050 1557 2246 1608 tamen
2270 1555 2426 1609 sedis
2450 1556 2800 1628 apostolicae,
2826 1560 2925 1630 qui
2950 1561 3075 1631 jam
3109 1561 3349 1632 profecti
3381 1562 3614 1617 fuerant
3644 1561 3703 1616 in

2050 1641 2289 1710 Gallias,
2315 1648 2488 1715 atque
2520 1646 2589 1699 ad
2627 1646 2967 1703 Lotharium
3000 1649 3422 1721 pervenientes,
3446 1651 3599 1722 quod
3632 1651 3704 1705 ad

2049 1730 2216 1786 illum
2251 1732 2468 1788 fuerint
2499 1734 2666 1789 missi
2711 1738 3037 1791 secundum
3085 1737 3564 1809 pollicitationem
3598 1756 3704 1793 no—

2051 1825 2235 1874 stram
2270 1822 2560 1889 dixerunt,
2586 1829 2642 1877 et
2670 1826 2823 1895 quod
2859 1826 3027 1882 binos
3060 1845 3127 1881 ex
3155 1843 3331 1898 regno
3361 1826 3708 1899 gloriosissi-

275 1915 499 1980 nostra,
555 1911 801 1966 fratrum
861 1915 918 1965 et
963 1912 1442 1983 coepiscoporum
1496 1915 1831 1965 nostrorum
1876 1909 1935 1964 in
1974 1948 2016 2011 Β
2052 1926 2278 1964 morum
2314 1927 2542 1983 regum,
2572 1913 2847 1968 Ludovici
2889 1914 3337 1979 scilicet,Caroli
3370 1917 3609 1989 majoris
3651 1922 3709 1973 et

275 2017 457 2073 regno
517 1999 741 2073 praefati
800 1999 955 2073 regis
1013 2000 1488 2066 constitutorum,
1539 2005 1597 2054 et
1652 1999 1939 2070 praecipue

279 2088 677 2162 Theutgualdi
697 2088 1219 2160 atqueGuntharii,
1238 2088 1296 2143 in
1320 2105 1571 2160 quorum
1590 2088 1938 2143 dioecesibus

278 2179 483 2234 eadem
513 2178 742 2251 perdita
773 2177 953 2233 libere
992 2177 1206 2233 mulier
1253 2178 1938 2250 morabaturﬁtorporem

275 2266 466 2323 valide
497 2267 929 2340 redarguimus,
947 2270 1005 2322 et
1033 2267 1417 2337 quamobrem
1452 2267 1603 2322 inter
1632 2283 1729 2322 eos
1760 2265 1937 2322 licen-

282 2363 371 2413 ter
416 2356 580 2412 illam
611 2357 920 2429 degentem
978 2356 1223 2412 minime
1270 2357 1341 2411 ad
1388 2355 1578 2411 virum
1638 2356 1939 2428 proprium

282 2445 471 2501 redire
521 2445 837 2518 coegerint,
870 2462 987 2502 non
1040 2445 1415 2501 mediocriter
1460 2443 1889 2515 increpavimus
1924 2462 1943 2499 ι

290 2534 614 2590 indicantes
645 2535 819 2590 etiam
853 2534 1004 2591 hanc
1033 2552 1068 2591 a
1092 2535 1260 2590 nobis
1292 2533 1681 2589 anathematis
1712 2532 1941 2587 vinculo

288 2622 653 2691 innodatam,
677 2627 735 2679 et
766 2624 837 2679 ab
868 2623 1028 2679 omni
1052 2623 1386 2679 Christiana
1411 2623 1822 2678 communione
1851 2638 1939 2677 re-

288 2713 656 2767 motam.Sed
700 2711 1144 2783 Theutgualdus
1189 2716 1365 2783 atque
1387 2711 1765 2777 Guntharius,
1802 2715 1942 2765 tunc

287 2801 631 2874 episcopi,et
646 2800 1003 2873 pracipuum
1022 2800 1214 2856 locum
1233 2805 1291 2855 et
1310 2799 1761 2855 familiaritatem
1786 2800 1940 2871 apud

287 2890 610 2963 principem
635 2891 986 2955 obtinentes,
1007 2908 1121 2945 non
1144 2889 1337 2945 solum
1356 2905 1507 2956 eam,
1523 2906 1656 2943 cum
1681 2891 1941 2960 possent,

287 2995 663 3052 nequaquam
686 2980 758 3035 ad
780 2981 1090 3052 conjugem
1112 2978 1416 3051 proprium
1442 2977 1645 3033 reverti
1668 2976 1942 3032 suasione

286 3070 569 3135 fecerunt,
594 3073 696 3124 aut
754 3069 1103 3125 auctoritate
1160 3067 1461 3131 canonica,
1504 3067 1674 3138 juxta
1722 3066 1876 3137 quod
1911 3083 1945 3121 a

284 3159 423 3215 sede
453 3157 774 3231 apostolica
821 3158 1023 3213 crebro
1069 3156 1300 3212 fuerant
1348 3154 1663 3222 adhortati,
1700 3154 1941 3209 minime

284 3246 722 3320 compulerunt;
756 3247 1078 3319 praesertim
1109 3264 1244 3302 cum
1274 3245 1333 3299 in
1356 3244 1707 3299 dimcesibus
1738 3261 1939 3299 eorum

2050 1997 2537 2069 Carolijunioris,
2563 2002 2871 2057 convenire
2915 2020 3114 2057 secum
3147 2003 3364 2075 pariter
3400 2021 3534 2059 cum
3584 2005 3706 2078 epi-

2050 2086 2241 2158 scopis
2260 2089 2421 2161 regni
2440 2090 2533 2143 sui
2552 2090 2782 2157 faceret,
2793 2092 2964 2160 juxta
2981 2092 3424 2164 praeceptionem
3441 2099 3704 2150 nostram

2047 2176 2160 2246 ipsi
2193 2177 2311 2248 regi
2345 2195 2658 2249 suggerere
2685 2181 3041 2235 studuerunt
3072 2198 3084 2235 :
3121 2182 3357 2253 etquod
3384 2182 3705 2239 Theutber-

2049 2282 2182 2337 gam
2217 2268 2414 2321 sedem
2445 2269 2825 2339 apostolicam
2849 2269 3413 2341 appellantem,data
3444 2271 3653 2327 idonea
3672 2290 3708 2328 a

2050 2370 2184 2425 rege
2229 2354 2501 2410 Lothario
2541 2357 2872 2425 securitate,
2897 2358 3085 2413 eidem
3142 2360 3450 2415 conventui
3498 2362 3705 2418 adesse

2050 2442 2724 2513 praaceperimus,verbis
2773 2451 3171 2503 asseruerunt.
3197 2448 3323 2503 Non
3367 2447 3523 2504 enim
3583 2449 3701 2521 epi-

2051 2529 2415 2603 stolas,quas
2445 2534 2517 2588 ad
2537 2551 2636 2589 vos
2661 2538 3108 2607 vestrorumque
3135 2553 3448 2609 regnorum
3481 2537 3704 2610 episco-

2051 2636 2157 2690 pos
2206 2620 2580 2689 miseramus,
2625 2640 2824 2678 secum
2873 2623 3087 2680 habere
3130 2630 3442 2696 poterant:
3486 2627 3705 2698 quippe

2052 2726 2198 2780 quas
2232 2710 2341 2765 sibi
2376 2711 2447 2766 ab
2502 2711 2708 2767 amicis
2740 2713 2997 2769 Lotharii
3031 2715 3184 2787 regis
3226 2715 3354 2785 jam
3404 2716 3709 2771 constabat

2052 2798 2298 2854 ablatas.
2326 2802 2398 2854 At
2456 2818 2589 2857 vero
2648 2818 2743 2857 rex
2806 2802 3138 2869 Lotharius,
3188 2802 3397 2859 horum
3454 2806 3707 2860 duorum

2053 2888 2390 2959 magisterio
2421 2906 2586 2955 usus,
2614 2906 2717 2944 nec
2758 2890 3136 2962 Theutbergaa
3175 2891 3389 2963 reginae
3420 2892 3711 2947 indubita-

2051 2981 2173 3031 tam
2206 2978 2276 3032 de
2306 2978 2591 3033 servanda
2612 2978 2867 3049 justitia,
2891 2978 2981 3033 vel
3012 2980 3084 3033 de
3117 2996 3229 3034 non
3263 2980 3566 3035 inferenda
3594 2981 3710 3037 vio-

2052 3065 2251 3133 lentia,
2287 3066 2696 3122 certitudinem
2732 3066 2985 3122 tribuere
3014 3066 3217 3139 voluit,
3249 3085 3352 3123 nec
3385 3067 3531 3124 alios
3561 3086 3707 3142 prs:-

2052 3157 2140 3208 ter
2170 3154 2331 3226 regni
2357 3154 2448 3209 sui
2481 3155 2795 3221 antistites,
2821 3155 3089 3211 videlicet
3108 3172 3257 3227 quos
3279 3155 3364 3211 vel
3386 3157 3704 3226 beneficiis,

2050 3242 2139 3297 vel
2172 3243 2515 3315 minis,jam
2549 3246 2619 3300 ad
2653 3249 2853 3300 votum
2886 3261 3060 3300 suum
3088 3246 3416 3314 deﬂexerat,
3440 3247 3511 3301 ad
3536 3246 3706 3301 illum

283 3336 635 3393 commorari
666 3352 818 3409 saepe
849 3340 1307 3391 commemorata
1337 3338 1394 3389 et
1424 3334 1702 3388 damnata
1726 3332 1941 3389 femina
1972 3312 2013 3378 (ἶ
2054 3333 2543 3405 conventum,qui
2568 3350 2748 3405 penes
2771 3334 2971 3395 urbem
3006 3334 3354 3390 Metensium
3385 3351 3707 3407 congrega—

286 3426 576 3481 dieeretur
607 3441 621 3480 :
654 3441 857 3480 verum
903 3424 1102 3488 etiam,
1126 3428 1192 3479 ut
1220 3423 1375 3477 licite
1424 3426 1622 3494 posset
1670 3422 1935 3477 omnium

286 3513 400 3569 frui
432 3512 864 3587 communione,
880 3517 1054 3584 atque
1080 3512 1139 3567 in
1162 3512 1363 3584 refuga
1384 3509 1937 3575 obstinatione,sine

284 3604 636 3675 cujusquam
668 3601 1123 3657 contradictione
1152 3601 1241 3657 vel
1271 3600 1693 3673 impedimento
1736 3600 1936 3654 subsi-

285 3691 727 3759 stendi,valeret
750 3695 1051 3762 potentum
1077 3706 1564 3762 quorumcunque
1587 3688 1755 3760 potiri
1783 3687 1935 3743 sola-

282 3781 403 3848 tiis,
425 3780 578 3836 hanc
628 3779 947 3844 absolvere,
979 3783 1265 3851 quantum
1311 3777 1371 3833 in
1422 3777 1567 3849 ipsis
1602 3777 1728 3844 fuit,
1763 3781 1936 3848 atque

282 3871 538 3942 recipere
555 3875 774 3925 temere
795 3884 1240 3941 praesumpsere.
1269 3868 1329 3922 In
1358 3883 1474 3938 quo
1505 3866 1734 3922 etiamsi
1778 3865 1936 3921 sedis

283 3959 614 4032 apostolica
636 3958 933 4031 judicium
972 3974 1007 4012 a
1044 3956 1250 4029 quovis
1291 3956 1728 4011 retractandum
1759 3958 1933 4022 esset,

282 4049 513 4105 etiamsi
537 4049 609 4104 ab
632 4047 1008 4104 inferioribus
1035 4046 1325 4119 potiorum
1349 4044 1639 4100 sententia
1661 4043 1938 4099 solvenda

283 4155 526 4210 prorsus
574 4136 864 4203 existeret,
905 4139 1197 4207 quantum
1257 4132 1701 4207 Theutgualdus
1760 4137 1935 4204 atque

283 4226 644 4283 Guntharius
665 4227 821 4281 circa
842 4242 1039 4281 sacros
1062 4241 1335 4289 canones,
1352 4227 1408 4279 et
1438 4223 1725 4295 praecipue
1753 4222 1934 4278 Niem-

284 4333 413 4385 nos,
428 4316 524 4388 qui
550 4314 880 4371 luculenter
897 4314 1157 4369 innuunt
1177 4331 1292 4368 non
1310 4313 1518 4367 debere
1536 4312 1633 4384 qui
1659 4310 1937 4383 abjiciun-

280 4410 379 4461 tur
403 4406 476 4461 ab
506 4404 642 4461 aliis
675 4403 874 4476 recipi,
909 4407 1286 4458 contumaces
1325 4401 1669 4467 exstiterint,
1693 4401 1805 4473 ipsi
1836 4418 1938 4456 vos

281 4494 527 4551 solerter
559 4492 989 4550 advertite.Sed
1023 4508 1096 4547 ne
1124 4491 1240 4547 tale
1271 4491 1409 4563 quid
1441 4508 1539 4546 eos
1570 4490 1939 4546 commisisse

282 4584 585 4650 dubitetis,
610 4583 816 4638 scitote
860 4597 1056 4637 coram
1088 4580 1247 4636 omni
1280 4579 1537 4635 Ecclesia
1576 4584 1777 4635 nostra
1804 4578 1937 4634 illos

281 4673 393 4728 hoc
426 4688 488 4728 se
519 4671 813 4745 peregisse
840 4670 1159 4726 confessos.

355 4763 580 4817 Interea
594 4759 878 4834 flagitium
898 4759 956 4813 in
972 4758 1352 4830 Theutberga:
1370 4758 1581 4830 regina:
1597 4757 1937 4828 dejectione,

284 4856 337 4907 et
370 4850 731 4907 admissione
751 4847 1100 4911 Waldradze,
1126 4864 1160 4902 a
1190 4863 1324 4918 rege
1348 4846 1618 4901 Lothario
1650 4848 1940 4916 perpetra-

280 4947 431 5009 tum,
448 4940 659 4996 horum
684 4937 857 5009 ccepit
878 4934 1235 4991 adulationis
1256 4939 1312 4989 et
1341 4934 1556 5005 iniquae
1584 4933 1938 4989 defensionis

284 5028 558 5086 fomentis
607 5044 887 5093 crescere,
921 5029 1097 5096 atque
1144 5023 1320 5079 latius
1352 5022 1662 5077 diffamari.
1699 5024 1822 5089 Qua
1868 5022 1940 5077 de

289 5137 350 5175 re
381 5135 488 5174 nos
519 5120 923 5191 agnoscentes,
949 5117 1170 5186 quanta
1206 5111 1507 5184 potuimus
1536 5110 1835 5177 instantia,
1869 5128 1941 5165 ne

282 5211 518 5263 tantum
532 5205 725 5263 scelus
746 5204 1209 5260 committeretur
1223 5199 1671 5267 inhibuimus,et
1687 5216 1790 5271 per
1801 5200 1940 5255 ﬁde-

286 5297 373 5352 les
404 5311 691 5368 quosque,
722 5309 945 5350 necnon
976 5296 1031 5348 et
1060 5292 1277 5365 scripta
1307 5293 1508 5345 nostra
1537 5289 1780 5345 suadere
1812 5305 1944 5343 con-

283 5385 607 5440 tendimus.
632 5383 810 5439 Mittit
830 5399 929 5438 rex
948 5381 1258 5437 Lotharius
1280 5380 1427 5435 duos
1450 5379 1521 5433 ad
1546 5396 1650 5433 nos
1672 5378 1939 5445 comites,

283 5491 388 5547 per
408 5490 555 5545 quos
582 5473 641 5527 in
664 5470 897 5543 scriptis
920 5474 978 5525 et
996 5470 1187 5525 verbis
1218 5469 1412 5523 innuit
1442 5467 1744 5539 episcopos
1778 5467 1939 5538 regni

284 5562 556 5627 sui,eum
607 5559 735 5616 aliis
777 5558 1151 5631 quibusdam,
1181 5557 1294 5612 sibi
1342 5558 1481 5613 dare
1531 5555 1934 5611 auctoritatem

283 5651 717 5723 Theutbergam
759 5646 1095 5722 repellendi,
1120 5652 1178 5701 et
1199 5646 1575 5703 Waldradam
1626 5645 1684 5700 in
1736 5643 1936 5699 matri-

284 5741 551 5803 monium
572 5737 852 5802 SOrtiendi
874 5754 886 5797 :
908 5736 1006 5795 scd
1032 5738 1183 5806 sc,ut
1200 5735 1340 5795 ordo
1358 5735 1819 5809 custodiretur,a
1841 5750 1939 5794 no~

2046 3420 2237 3487 batur,
2264 3422 2497 3492 penitus
2524 3424 2900 3495 exspectavit.
2925 3423 3034 3479 Sed
3060 3423 3368 3495 corruptis,
3395 3422 3513 3479 imo
3546 3428 3602 3478 et
3633 3424 3706 3480 ad

2046 3509 2301 3564 favorem
2334 3526 2508 3564 suum
2542 3511 2828 3567 traductis
2849 3511 3059 3583 legatis
3090 3511 3328 3579 nostris,
3346 3513 3501 3584 quod
3531 3511 3706 3568 libuit

2046 3596 2206 3653 nullo
2230 3598 2537 3655 resistente
2562 3601 2839 3672 patravit:
2867 3601 3138 3673 factoque
3162 3606 3465 3671 conventu,
3481 3601 3703 3656 antisti-

2044 3690 2133 3742 tes
2163 3687 2261 3758 qui
2294 3692 2704 3755 convenerant,
2733 3689 2884 3744 inter
2914 3707 3060 3761 quos
3092 3690 3452 3763 prmcipuum
3483 3690 3701 3746 Theut-

2044 3775 2315 3848 gualdus,
2341 3780 2517 3849 atque
2545 3776 2908 3833 Guntharius
2940 3779 3244 3850 fastigium
3275 3780 3624 3849 retinebant,
3648 3783 3706 3835 et

2043 3864 2412 3920 eminentiori
2464 3869 2749 3938 potestate
2786 3866 3081 3939 vigebant,
3120 3868 3561 3939 praevenientes,
3587 3869 3705 3925 imo

2045 3953 2154 4009 sibi
2173 3959 2732 4027 usurpantes,atque
2744 3955 3127 4026 vindicantesj
3138 3957 3395 4011 udicium
3415 3962 3704 4027 nostrum,

2041 4043 2311 4099 videlicet
2332 4045 2485 4115 quod
2510 4048 2567 4099 et
2592 4044 2803 4117 regina:
2830 4044 3210 4117 Theutbergae
3234 4046 3492 4117 primum
3516 4046 3712 4117 appel.

2044 4132 2280 4199 latione,
2308 4149 2372 4188 ac
2404 4133 2614 4189 deinde
2650 4133 2911 4188 Lotharii
2941 4132 3095 4204 regis
3126 4133 3401 4205 petitione
3433 4136 3705 4205 permoti,

2037 4222 2165 4292 jam
2215 4238 2323 4277 nos
2372 4221 2596 4277 laturos
2658 4222 3205 4294 repromiseramus,
3250 4222 3708 4294 ineboatumque

2046 4314 2168 4365 tam
2202 4327 2303 4381 per
2334 4310 2569 4377 missos,
2596 4327 2897 4383 quamque
2919 4328 3023 4383 per
3052 4311 3330 4383 epistolas
3351 4316 3581 4367 nostras
3610 4311 3709 4366 ba-

2046 4399 2183 4454 bere
2208 4396 2336 4453 luce
2357 4398 2573 4453 clarius
2599 4399 2963 4468 videbamur,
2981 4400 3409 4472 Theutbergam
3441 4401 3702 4473 reginam

2046 4486 2356 4542 obnoxiam
2380 4484 2775 4555 crediderunt,
2795 4492 2972 4559 atque
2995 4489 3501 4545 condemnandam
3523 4489 3583 4546 in
3609 4491 3707 4546 ab-

2049 4575 2236 4631 sentia
2270 4580 2640 4648 putaverunt.
2676 4576 3019 4649 Seriptoque
3051 4578 3122 4633 de
3155 4577 3267 4647 bis,
3292 4595 3420 4651 quae
3452 4578 3569 4635 illic
3599 4596 3702 4651 pro

1971 4670 2019 4735 D
2050 4669 2179 4721 voto
2212 4665 2365 4738 regis
2399 4665 2601 4737 iniqua
2639 4668 2779 4720 sunt
2828 4665 2993 4721 fauce
3040 4667 3408 4738 deprompta,
3446 4669 3702 4741 quodam

2051 4754 2291 4826 profano
2324 4753 2541 4821 libello,
2568 4770 2635 4808 ea
2658 4753 2742 4809 sic
2774 4758 3099 4823 censentes,
3123 4754 3347 4811 illibata
3366 4758 3699 4828 persistere,

2046 4841 2298 4915 propriis
2314 4843 2539 4898 subseri
2551 4842 2847 4914 ptionibus
2860 4844 3702 4916 roboraverunt,’1‘heutgualdo

2048 4931 2324 5002 primitus
2349 4935 2408 4986 et
2438 4931 2762 4987 Guntharie
2791 4932 2849 4986 in
2883 4933 3026 5004 ipsis
3057 4932 3607 5003 subscriptionibus,
3632 4934 3705 4989 si-

2050 5024 2148 5074 cut
2175 5025 2233 5075 et
2272 5019 2331 5074 in
2373 5019 2593 5075 caeteris
2634 5021 2835 5093 gestis,
2862 5019 3349 5091 prmcellentibus,
3373 5025 3430 5075 et
3465 5021 3609 5078 alios
3639 5040 3701 5078 se

2050 5108 2217 5180 sequi
2247 5109 2517 5181 pestifero
2570 5108 3076 5181 compellentibus.
3110 5109 3215 5172 Qui
3264 5126 3399 5164 mox
3454 5111 3700 5167 Romam

2049 5204 2349 5267 venturos,
2382 5215 2446 5254 ac
2479 5199 2647 5254 nobis
2687 5200 2757 5254 de
2787 5198 2879 5253 his
2910 5214 3035 5268 quae
3075 5202 3377 5270 gesserant
3415 5200 3700 5257 rationem

2050 5288 2347 5360 posituros
2380 5305 2440 5343 se
2473 5305 2575 5359 per
2606 5288 2803 5343 omnia
2834 5288 3291 5360 spoponderunt.
3320 5289 3702 5362 Tandemque

2054 5377 2452 5448 pervenientes
2484 5381 2682 5432 nostro
2732 5383 2873 5433 sunt
2909 5376 3245 5449 conspectui
3294 5394 3490 5433 coram
3539 5377 3700 5434 omni

2050 5465 2303 5521 Ecclesia
2335 5466 2758 5538 praesentati,et
2786 5467 2927 5520 dum
2961 5467 3032 5521 ab
3066 5467 3149 5521 eis
3180 5465 3429 5538 qualiter
3450 5465 3549 5522 illa
3572 5468 3697 5522 fue—

2048 5554 2166 5609 rint
2195 5559 2359 5627 gesta
2390 5554 2984 5626 requireremus,jam
3016 5560 3403 5611 memoratum
3434 5555 3697 5612 libellum

2047 5645 2375 5712 offerentes,
2410 5643 2833 5716 perhibuerunt
2872 5660 2976 5699 nec
3016 5644 3170 5717 plus,
3208 5662 3310 5701 nec
3341 5644 3558 5715 minus,
3592 5661 3698 5703 nec

2048 5733 2217 5795 aliter
2245 5733 2569 5811 quidquam
2591 5748 2653 5792 se
2676 5732 2951 5811 gessisse,
2974 5733 3090 5791 nisi
3119 5738 3187 5793 ut
3211 5734 3440 5794 oblatus
3463 5733 3699 5817 videba;
