4138 6482
408 420 562 503 μεν

1785 421 2099 516 NICQLAI
2143 421 2375 485 PAP1E
2414 421 2467 484 1.

3680 418 3853 483 1168

401 557 502 611 tur
543 554 840 611 continere
880 554 1136 613 libellus.
1170 558 1292 623 Quo
1331 558 1588 628 accepto,
1614 572 1681 612 ac
1719 572 1914 612 coram
1944 554 2066 628 epi-
2094 555 2152 623 Α
2179 555 2268 611 vel
2293 553 2653 625 favendo,vel
2677 572 2793 612 non
2819 552 3435 629 corripiendo,similis
3456 552 3574 610 illis
3597 552 3855 610 sicutvi-

399 661 714 718 scoporum
737 649 1072 701 nostrorum
1095 650 1267 715 coetu,
1287 646 1385 718 qui
1410 645 1719 701 nobiscum
1741 646 1960 714 aderat,
1983 648 2065 700 at-

399 751 513 808 que
539 750 736 791 coram
759 733 1348 809 ipsis,Theutgualdo
1382 733 1603 790 scilicet
1634 739 1690 790 et
1717 733 2062 803 Gunthario,

398 824 906 897 recensito,quam
938 823 1340 897 multipliciter
1370 824 1528 879 hunc
1555 822 2064 897 reprehendimus,

399 930 466 969 ac
487 931 592 986 per
613 915 814 971 omnia
848 913 1367 987 reprehensibilem
1403 913 1827 986 judicavimus,
1852 917 1909 968 et
1938 930 2066 985 quae

398 1003 461 1059 in
501 1020 567 1059 eo
612 1008 779 1077 gesta
822 1003 1187 1077 legebantur,
1220 1003 1473 1076 qualiter
1519 1003 1760 1059 inimica
1799 1001 2066 1075 justitize,

400 1091 637 1166 Deoque
669 1109 878 1166 perosa
904 1090 1317 1161 Consisterent,
1343 1092 1723 1148 audientibus
1744 1092 1891 1165 ipsis
1916 1092 2066 1163 [edit.

401 1184 579 1251 Rom,
629 1181 940 1255 episcoPis]
992 1182 1289 1239 elimatius
1339 1181 1745 1255 exposuimus.
1793 1181 2070 1247 Quamvis

403 1288 509 1327 nec
538 1274 679 1326 tunc
711 1272 913 1327 omnia
950 1271 1474 1345 reprehensionum
1505 1272 1634 1343 ejus
1676 1269 1804 1326 loca
1832 1270 1892 1326 in
1923 1270 2072 1343 ipsis

402 1359 664 1434 profanis
693 1360 876 1435 gestis
906 1360 1144 1417 inventa
1173 1361 1314 1430 sint,
1340 1377 1446 1417 nec
1477 1378 1684 1416 rursus
1718 1360 1915 1416 omnia
1942 1376 2072 1431 quae

400 1448 639 1506 inventa
668 1454 826 1527 sunt,
862 1467 1019 1506 nunc
1052 1451 1123 1506 ad
1157 1450 1505 1506 memoriam
1541 1454 1805 1506 nostram
1838 1448 2074 1505 valeant

402 1540 684 1613 repedare
718 1558 731 1597 :
764 1544 930 1597 tanta
959 1544 1157 1597 tamen
1211 1557 1278 1597 ac
1329 1539 1473 1595 talia
1525 1540 1706 1607 fuere,
1736 1543 1800 1594 ut
1848 1556 1952 1612 pro
1978 1537 2072 1593 his

403 1629 613 1685 merito
644 1630 989 1686 canonicam
1032 1628 1421 1704 depositionis
1481 1628 1959 1702 Theutgualdum
2019 1632 2075 1684 et

402 1717 798 1774 Guntharium
823 1724 1088 1792 oportere
1110 1718 1310 1775 subire
1334 1718 1709 1783 sententiam,
1735 1723 1939 1775 sancta
1959 1736 2075 1774 me-

405 1823 542 1863 cum
574 1808 835 1880 synodus
867 1809 1132 1865 residens
1173 1809 1390 1880 saepius
1441 1807 1813 1865 acclamaret.
1849 1810 1973 1874 Qua
2003 1808 2075 1864 de

2176 644 2273 700 tiis
2297 644 2377 701 ita
2396 650 2454 702 et
2474 645 2663 718 poenis
2681 645 2935 701 efﬁcitur
2949 661 2963 700 :
2977 646 3149 717 juxta
3167 644 3325 717 quod
3342 647 3399 700 et
3416 642 3717 716 apostolus
3734 642 3772 699 h
3785 662 3855 702 u-

2169 734 2431 806 jusmodi
2456 733 2687 790 scribit:
2714 735 2989 803 Quoniam
3009 735 3107 808 qui
3144 733 3281 789 talia
3310 741 3502 804 agunt,
3526 733 3686 803 digni
3715 740 3857 789 sunt

2173 831 2364 892 morte,
2388 840 2496 879 non
2527 824 2726 892 solum,
2759 825 2861 895 qui
2886 825 3126 896 faciunt,
3150 822 3242 879 sed
3282 831 3332 880 et
3374 824 3473 897 qui
3500 824 3862 879 consentiunt

2175 913 2525 984 facientibus.
2552 912 2767 979 Quinto
2792 911 2930 985 quia
2952 913 3022 968 de
3045 912 3277 986 negotio
3307 912 3462 968 unde
3484 912 3555 967 ab
3589 916 3856 984 utraque

2178 1007 2364 1075 parte,
2398 1002 2456 1058 id
2500 1006 2608 1069 est,
2632 1006 2688 1058 et
2719 1020 2753 1057 a
2795 1001 3188 1074 Theutberga,
3212 1004 3269 1057 et
3299 1019 3334 1057 a
3360 1000 3862 1071 Lothario,juxta

2180 1092 2334 1165 quod
2341 1093 2468 1163 jam
2488 1091 3169 1159 memoravimus,fuerat
3190 1090 3572 1163 appellatum,
3589 1089 3687 1145 isti
3709 1107 3864 1163 prce-

2178 1185 2267 1236 ter
2292 1181 2702 1237 auctoritatem
2734 1185 2997 1239 nostram
3029 1180 3088 1235 id
3121 1180 3232 1237 sibi
3264 1179 3659 1252 subripientes
3679 1179 3854 1251 judi-

2180 1287 2312 1326 care
2331 1288 2397 1325 ae
2420 1270 2677 1326 difﬁnire
2709 1275 2929 1326 temere
2951 1274 3459 1343 praesumpserunt
3485 1287 3499 1324 :
3528 1273 3586 1325 et
3610 1268 3717 1324 hoc
3742 1268 3856 1323 ad-

2179 1377 2384 1416 versus
2433 1377 2722 1436 canones;
2775 1359 3069 1431 siquidem
3120 1360 3191 1416 de
3251 1358 3679 1431 appellationis,
3716 1374 3857 1430 quae

2181 1450 2338 1521 apud
2368 1440 2715 1505 memoriam
2744 1448 2932 1505 sancti
2962 1446 3111 1503 Petri
3142 1448 3311 1515 ﬁunt,
3328 1446 3722 1519 judicandum
3748 1447 3858 1501 Ro-

2182 1539 2344 1594 mani
2374 1537 2643 1611 praesulis
2693 1537 2933 1594 arbitrio
2978 1542 3034 1593 et
3087 1536 3334 1605 consilio
3402 1554 3577 1593 sacrze
3636 1534 3860 1610 regulae

2183 1628 2626 1685 commiserunt.
2651 1628 2869 1683 Verum
2904 1626 3021 1695 isti,
3054 1627 3207 1683 beati
3257 1625 3409 1681 Petri
3460 1625 3862 1682 reverentiam

2182 1736 2299 1791 pra:
2319 1717 2504 1773 oculis
2537 1734 2650 1774 non
2680 1716 2984 1784 habentes,
3017 1718 3074 1772 et
3093 1715 3392 1786 judicium
3410 1716 3567 1787 quod
3604 1718 3859 1787 utraque

2182 1825 2318 1881 pars
2342 1826 2376 1864 a
2397 1806 2565 1863 nobis
2593 1805 3024 1878 efﬂagitavit,et
3053 1822 3161 1862 nos
3191 1805 3430 1878 exsequi
3456 1821 3855 1878 cmperamus,

405 1911 469 1951 re
487 1894 610 1951 zelo
633 1894 995 1967 divino,ecce
1018 1915 1214 1954 coram
1237 1897 1653 1964 Deo‘dicimus,
1672 1897 1943 1970 permoti,
1968 1914 2074 1954 nec
2107 1932 2157 1998 B
2185 1897 2498 1953 temeraria
2527 1895 2985 1969 praesumptione
3017 1895 3415 1965 defﬁnierunt,
3434 1899 3493 1951 et
3522 1894 3858 1950 Theutber-

408 1982 565 2039 aliud
592 1985 707 2040 nisi
719 1986 953 2057 justum
975 1987 1268 2059 judicium
1292 2003 1556 2043 exercere
1577 1988 1902 2060 cupientes,
1921 2004 2075 2043 com-

409 2073 577 2128 muni
608 2080 1052 2145 sensu,cassato
1083 2076 1344 2149 primum
1378 2076 1660 2133 adulteris
1693 2079 1918 2133 favente
1945 2094 2079 2132 con-

409 2160 735 2235 cilio,quod
783 2166 940 2237 apud
994 2166 1348 2222 Metensium
1391 2168 1598 2223 urbem
1657 2170 2077 2240 congregatum

407 2251 595 2308 fuisse
617 2270 798 2325 supra
818 2256 1436 2326 commemoravimus,
1454 2256 1512 2311 in
1533 2272 1652 2325 eos,
1672 2257 1822 2327 quod
1850 2272 2081 2329 gemen-

406 2344 496 2397 tes
528 2359 950 2411 memoramus,
978 2344 1363 2417 depositionis
1393 2345 1749 2401 sententiam
1783 2345 2075 2412 dedimus,

410 2434 467 2487 et
499 2431 549 2488 si
574 2433 745 2505 juxta
774 2435 1201 2506 praecedentem
1236 2434 1727 2490 consuetudinem
1752 2434 1976 2506 aliquid
2008 2434 2079 2489 de

410 2520 737 2578 ministerio
768 2523 1244 2596 sacro‘deinceps
1278 2525 1423 2579 forte
1468 2521 1822 2597 tetigissent,
1847 2540 2076 2579 excom-

412 2610 867 2668 municavimus.
884 2611 1077 2667 Primo
1099 2612 1508 2685 quidem,quia
1525 2613 1740 2668 nostris
1758 2630 1860 2684 pro
1875 2613 1956 2667 En
1965 2611 2081 2685 gel-

411 2699 697 2768 trudi,vel
725 2700 1120 2773 Theutberga,
1147 2719 1249 2757 seu
1280 2701 1597 2757 Waldrada
1630 2701 1926 2757 salubrius
1948 2702 2078 2772 jus-

415 2787 500 2842 sis
533 2788 767 2843 obedire
806 2794 1305 2862 contempserunt.
1339 2791 1487 2846 Nam
1534 2789 1928 2846 inobedicntia
1957 2795 2079 2845 tam

415 2876 776 2933 horrendum
801 2877 1021 2934 malum
1049 2883 1155 2948 est,
1172 2884 1237 2935 ut
1257 2878 1600 2935 idololatriae
1626 2880 1832 2935 merito
1850 2897 2083 2953 compa-

413 2969 596 3035 retur,
631 2966 857 3023 dicente
889 2967 1158 3024 Samuele
1183 2987 1195 3024 :
1224 2970 1396 3037 Quasi
1436 2977 1716 3041 peccatum
1763 2969 2082 3025 hariolo-udi

417 3060 497 3111 est
520 3053 869 3129 repugnare}
885 3065 937 3113 et
956 3061 1118 3131 quasi
1135 3060 1310 3115 scelus
1342 3058 1676 3116 idololatria
1696 3060 1840 3115 nollc
1860 3062 2081 3132 acquie-

417 3162 566 3201 scere
602 3148 650 3217 (Ι
692 3148 817 3218 Reg.
862 3147 997 3222 xv)).
1024 3147 1188 3203 Unde
1238 3148 1446 3204 merito
1491 3148 1807 3220 Apostolus
1856 3148 1984 3204 ait:
2018 3149 2083 3204 In

411 3244 671 3308 promptu
690 3237 947 3293 habentes
969 3238 1165 3293 ulcisci
1182 3255 1392 3294 omnem
1420 3238 1842 3294 inobedicntiam
1862 3240 1936 3309 (II
1951 3242 2075 3296 Cor.

2191 2004 2350 2060 gam,
2367 1986 2543 2042 etiam
2573 1986 2643 2041 ad
2665 1985 2973 2043 ecclesiam
2995 1984 3450 2059 conl'ugientem,
3478 1983 3865 2041 damnatione

2186 2074 2442 2149 opprimi
2464 2080 2838 2131 censuerunt.
2856 2075 3207 2147 Sexto,quia
3225 2075 3335 2130 hoc
3356 2074 3416 2129 in
3437 2073 3705 2130 absentia
3723 2090 3861 2146 per-

2186 2168 2670 2238 egerunt,contra
2698 2162 2845 2219 illud
2882 2164 3040 2236 quod
3072 2164 3294 2236 tropice
3326 2162 3545 2218 dicitur
3573 2180 3585 2219 :
3620 2163 3697 2219 Nc
3724 2179 3860 2217 ma-

2188 2253 2389 2309 ledicas
2416 2253 2808 2309 surdo.Surdo
2833 2252 3049 2326 quippe
3080 2251 3515 2324 maledicit,qui
3548 2251 3859 2308 absentem

2187 2343 2559 2399 condemnat.
2583 2343 2809 2398 Surdus
2849 2359 3107 2414 namque
3141 2342 3577 2414 quodammodo
3609 2344 3720 2410 est,
3745 2342 3854 2412 qui

2188 2433 2248 2488 in
2281 2432 2547 2488 absentia
2577 2431 2809 2505 positus
2835 2449 2963 2504 qua:
2994 2430 3106 2488 sibi
3132 2431 3497 2503 objiciuntur
3520 2449 3636 2489 non
3663 2430 3857 2489 audit.

2187 2522 2463 2587 Quamvis
2494 2522 2764 2578 absentia
2793 2520 2941 2594 ipsa,
2967 2539 3083 2577 non
3116 2520 3308 2577 studio
3335 2520 3739 2594 Theutbergaa,
3758 2520 3852 2576 vel

2186 2611 2544 2667 conscientia
2572 2610 2895 2680 vulnerata,
2928 2615 2994 2665 ut
3020 2610 3116 2666 isti
3146 2614 3375 2683 putant,
3393 2611 3494 2665 sed
3522 2609 3729 2665 timore
3758 2626 3875 2665 res

2187 2700 2277 2773 gis
2306 2700 2579 2757 idoneam
2621 2699 2705 2755 illi
2751 2699 3003 2756 nolentis
3056 2700 3312 2755 tribuere
3362 2698 3759 2767 securitatem,
3790 2705 3854 2754 et

2189 2789 2417 2844 factiosi
2449 2788 2678 2845 consilii
2703 2788 3058 2861 suspicione,
3086 2788 3259 2845 fuerit
3279 2789 3489 2845 merito
3518 2793 3854 2860 procurata.

2190 2880 2473 2951 Septimo,
2496 2878 2777 2952 quoniam
2810 2897 2925 2935 non
2958 2878 3149 2935 solum
3182 2877 3296 2952 ipsi
3325 2877 3763 2935 subscribentes
3791 2878 3856 2933 in

2189 2968 2453 3041 profanis
2475 2968 2678 3042 gestis,
2695 2973 2905 3025 cuncta
2925 2986 3053 3041 quae
3085 2967 3239 3025 male
3259 2966 3577 3040 compilata
3598 2968 3852 3037 fuerant,

2189 3057 2317 3114 sine
2347 3062 2612 3131 respectu
2647 3059 2801 3115 sedis
2827 3057 3160 3131 apostolicae
3191 3058 3627 3126 roboraverunt,
3643 3074 3849 3113 verum

2188 3145 2365 3201 etiam
2381 3144 2528 3202 alios
2541 3146 2910 3203 subscribere
2922 3144 3567 3218 compellentes,eorum
3579 3145 3851 3225 omnium

2189 3236 2683 3307 praevaricationis
2714 3240 2981 3292 auctores
3012 3234 3201 3291 eﬁ'ecti
3230 3240 3391 3305 sunt,
3416 3238 3471 3292 et
3503 3238 3589 3291 tot
3619 3234 3847 3291 anima-

414 3303 494 3395 it).
520 3303 809 3395 secundo,
829 3325 969 3399 quia
994 3328 1261 3383 eamdem
1287 3326 1698 3401 Engeltrudem
1723 3346 1755 3383 a
1777 3303 1945 3383 nobis
1969 3332 2024 3384 et
2045 3346 2079 3385 a
2109 3303 2150 3369 C
2189 3303 2323 3380 rum
2357 3325 2438 3380 rei
2470 3325 2773 3381 constituti
2815 3329 2974 3396 sunt,
3000 3328 3161 3398 quot,
3188 3303 3384 3397 utpote
3414 3324 3849 3397 praeminentes,

412 3415 635 3487 synodo
659 3415 951 3488 abjectam
970 3419 1027 3473 et
1057 3416 1608 3472 anathematizatam
1632 3416 1888 3489 recipere
1910 3421 1966 3473 et
1986 3418 2081 3474 ab-

409 3502 633 3560 solvere
663 3509 1171 3578 przesumpserunt
1203 3523 1215 3561 :
1251 3510 1308 3562 et
1337 3506 1448 3562 hoc
1480 3510 1684 3562 contra
1713 3523 1987 3576 canones,
2022 3511 2079 3563 et

408 3593 701 3666 pracipue
731 3598 935 3651 contra
973 3595 1173 3668 ipsum
1206 3595 1510 3652 Nicaenum
1553 3612 1832 3669 magnum
1878 3596 2071 3653 conci-

407 3681 770 3755 lium,quod,
798 3682 859 3738 hi
881 3682 982 3756 qui
1005 3684 1369 3756 abjiciuntur
1395 3685 1467 3741 ab
1492 3684 1624 3741 aliis
1646 3703 1760 3740 non
1785 3685 2073 3758 recipian-

406 3774 522 3840 tur,
540 3772 804 3829 sanxisse
834 3772 1219 3846 dignoscitur.
1239 3775 1350 3831 Sed
1392 3777 1449 3829 et
1487 3775 1697 3830 beatus
1725 3792 1877 3847 papa
1908 3774 2070 3832 Gela-

406 3858 550 3928 sius,
569 3861 726 3932 quod
750 3860 952 3917 eadem
984 3879 1109 3934 qum
1142 3861 1367 3935 ligavit,
1395 3866 1451 3918 et
1481 3863 1736 3919 maxime
1767 3862 1959 3936 prima
1988 3882 2073 3920 se-

404 3949 530 4017 des,
545 3950 753 4007 debeat
773 3949 1070 4007 absolvere
1088 3968 1206 4006 non
1234 3952 1414 4007 semel
1438 3952 1692 4025 exponit.
1709 3952 2071 4026 Tertio,quia

403 4037 629 4095 fraudis
658 4038 746 4095 vel
778 4038 1052 4095 falsitatis
1084 4040 1167 4096 rei
1197 4041 1680 4104 manifestissime
1707 4041 2065 4113 claruerunt,

401 4122 545 4183 (Tum
562 4127 821 4201 epistolae
843 4133 1078 4197 nostrze,
1095 4129 1295 4187 missis
1313 4131 1531 4187 nostris
1548 4148 1652 4203 pro
1670 4148 1847 4187 causa
1866 4132 2068 4205 Engel-

401 4216 594 4273 trudis
621 4218 836 4291 refugae
856 4218 1239 4287 transmissae,
1257 4224 1433 4292 atque
1452 4221 1604 4293 apud
1627 4220 1832 4276 urbem
1851 4221 2067 4277 Meten-

400 4306 556 4362 sium
588 4305 646 4362 in
671 4307 798 4379 jam
832 4307 1138 4381 designato
1184 4309 1435 4365 nefando
1468 4314 1756 4365 conventu
1788 4310 2061 4381 recitatae,

399 4397 668 4468 quaedam
690 4397 893 4454 fraude
907 4395 1567 4471 subtraxissc,qua3dam
1588 4415 1722 4454 vero
1742 4398 1887 4457 falso
1906 4399 2065 4455 addi-

397 4484 757 4558 disse,atque
769 4492 1166 4543 commutasse
1189 4488 1401 4560 reperti
1422 4488 1881 4560 sunt,talemque
1897 4486 2061 4544 illam

396 4574 958 4647 effecerint,qualem
980 4575 1170 4632 libitui
1188 4595 1294 4632 suo
1310 4593 1629 4649 congruere
1650 4577 2062 4649 possejudica-

2188 3412 2249 3468 iu
2280 3413 2390 3470 hoc
2420 3413 2508 3470 vel
2540 3414 2714 3470 verbo
2745 3412 2832 3469 vel
2863 3415 3013 3471 facto
3055 3415 3554 3486 pravaricationis
3582 3414 3847 3489 praacipi-

2186 3505 2336 3560 tium
2369 3506 2793 3561 demerserunt.
2828 3506 2941 3562 Sed
2974 3504 3025 3561 si
3052 3504 3327 3562 volumus
3357 3510 3588 3573 cuncta,
3614 3522 3740 3578 quae
3772 3505 3848 3562 ab

2184 3593 2305 3650 illis
2337 3597 2503 3668 gesta
2545 3594 2750 3664 fuisse,
2780 3599 2903 3650 tam
2953 3612 3058 3668 per
3106 3594 3370 3651 oblatum
3401 3612 3436 3651 a
3463 3611 3527 3650 se
3557 3592 3847 3675 libellum,

2185 3700 2362 3755 quam
2394 3700 2497 3756 per
2528 3683 2644 3741 alia
2674 3683 2911 3752 indicia,
2936 3684 3109 3740 nobis
3147 3688 3205 3740 et
3247 3687 3461 3740 sancta:
3491 3684 3711 3758 synodo
3740 3700 3844 3756 pa-

2183 3776 2442 3842 tuerunt,
2477 3773 2656 3830 latius
2710 3772 2946 3846 scriptis
2993 3772 3317 3840 insinuare,
3346 3772 3580 3829 facilius
3618 3773 3844 3844 charta,

2180 3878 2359 3935 quam
2391 3861 2561 3919 nobis
2604 3880 2798 3919 sermo
2831 3861 3078 3919 deﬁciet.
3109 3863 3348 3936 Septem
3384 3878 3520 3935 ergo
3561 3861 3838 3934 capitula,

2180 3968 2308 4024 quae
2339 3969 2578 4009 causam
2608 3950 2994 4025 depositionis
3025 3950 3421 4026 Theutgualdi
3450 3955 3507 4008 et
3530 3950 3840 4007 Guntbarii

2177 4041 2467 4114 praecipue
2510 4044 2861 4114 genuerunt,
2894 4057 3002 4097 nos
3033 4057 3530 4097 commemorasse
3560 4039 3834 4096 sufﬁciat.

2179 4130 2335 4187 Solet
2354 4147 2607 4203 namque
2624 4147 2727 4203 per
2742 4128 3138 4203 septenarium
3159 4147 3472 4186 numerum
3486 4128 3837 4187 universitas

2176 4219 2809 4292 signiﬁcariﬁaaterum
2834 4219 2967 4291 quis
2988 4236 3191 4275 eorum
3213 4219 3430 4288 omnia,
3446 4236 3574 4291 qua:
3597 4219 3717 4277 sive
3736 4236 3838 4276 an-

2174 4311 2250 4377 te,
2268 4308 2389 4365 sive
2411 4312 2546 4380 post
2566 4307 3028 4378 damnationem,
3045 4326 3351 4382 perperam
3385 4308 3829 4378 commiserunt,

2172 4415 2445 4454 enarrare
2476 4397 2769 4454 sufﬁciat?
2798 4397 3057 4461 Qualiter
3084 4396 3353 4454 videlicet
3383 4416 3490 4455 nos
3520 4415 3582 4454 se
3615 4398 3835 4456 frustra

2171 4487 2542 4562 redarguisse
2565 4488 2795 4543 mentiti
2819 4492 3196 4555 sunt,contra
3216 4486 3363 4543 illud
3380 4489 3534 4562 quod
3558 4493 3671 4544 Deo
3694 4488 3832 4563 dici-

2170 4582 2267 4632 tur
2290 4594 2302 4632 :
2326 4578 2521 4633 Perdes
2546 4593 2733 4633 omnes
2753 4579 2851 4650 qui
2872 4578 3173 4650 loquuntur
3190 4578 3546 4634 mendacium
3567 4578 3736 4650 (Psal.
3752 4578 3827 4651 v.)

392 4668 622 4720 verunt.
648 4667 884 4733 Quarto,
910 4666 1192 4737 quoniam
1216 4664 1503 4723 adulterio
1531 4667 1789 4722 detentis
1821 4684 1934 4722 non
1967 4685 2058 4724 so-
2090 4682 2138 4747 D
2169 4665 2427 4730 Qualiter
2449 4666 2707 4739 primum
2731 4666 2970 4738 quidem
2994 4666 3430 4740 Theutbergam
3452 4684 3554 4738 per
3576 4665 3826 4729 electum

391 4752 514 4809 lum
539 4753 912 4827 pastoraliter
929 4772 1043 4810 non
1068 4755 1429 4823 restiterunt,
1445 4772 1549 4811 nec
1572 4761 1637 4811 ut
1659 4755 2057 4828 speculatores

387 4842 720 4898 venientem
754 4841 1019 4916 gladium
1069 4843 1586 4911 annuntiaverunt,
1619 4862 1822 4902 verum
1872 4847 2051 4903 etiam

2168 4757 2240 4812 ab
2273 4755 2390 4812 illis
2420 4756 2714 4829 judicium
2745 4757 3285 4830 purgatam,denuo
3315 4757 3594 4829 impetere
3624 4761 3827 4813 contra

2163 4845 2420 4901 divinam
2449 4850 2506 4901 et
2535 4845 2857 4901 humanam
2882 4845 3070 4921 legem
3093 4845 3335 4901 minime
3358 4845 3819 4905 formidaverint.

387 4930 481 4985 his
504 4932 922 4988 consentiendo
947 4935 1003 4988 et
1023 4932 1288 5000 favendo,
1313 4932 1373 4987 in
1406 4933 1669 5006 nequitia
1697 4934 2049 5007 persistendi

385 5020 667 5076 ﬁduciam
690 5022 1109 5089 tribuerunt,et
1129 5026 1358 5078 tantum
1382 5023 1666 5095 ﬂagitium
1699 5029 1820 5080 tota
1838 5025 2051 5082 virtute

386 5109 698 5166 defendere
716 5111 830 5166 ﬁne
845 5115 1018 5167 tenus
1042 5115 1429 5167 tentaverunt.
1446 5112 1609 5168 Unde
1632 5114 1838 5169 merito
1861 5114 2050 5171 adhae—

383 5216 609 5255 rescere
643 5200 777 5255 fecit
807 5201 1095 5257 Dominus
1127 5201 1386 5274 linguam
1422 5219 1626 5258 eorum
1658 5202 1854 5276 palato
1890 5204 2047 5277 ipso-

382 5288 826 5345 rum:videlicet
850 5294 915 5345 ut
936 5291 1037 5363 qui
1070 5290 1332 5363 linguam
1369 5290 1596 5346 facinus
1622 5293 1904 5365 arguendi
1929 5311 2043 5350 non

378 5376 897 5448 habuerant,hanc
921 5396 1026 5435 nec
1054 5379 1125 5434 ad
1158 5380 1311 5435 bona
1342 5396 1572 5452 quoque
1601 5382 2042 5453 przedicandum

378 5466 588 5525 saltem
609 5468 823 5525 habere
841 5468 1373 5541 potuissent,juxta
1393 5470 1547 5541 quod
1571 5469 1716 5526 alias
1740 5476 2040 5528 cantatur:

373 5561 658 5616 Peccatori
680 5567 860 5614 autem
884 5558 1031 5614 dixit
1050 5560 1405 5630 Dcus,usquo
1426 5567 1476 5615 ct
1499 5576 1621 5614 cum
1642 5561 1903 5617 adulteris
1921 5579 2045 5634 por-

374 5650 575 5702 tionem
596 5656 750 5705 tuam
764 5649 1005 5721 ponebas
1021 5647 1425 5721 (Ps.xux).lllo
1440 5649 1656 5723 quippe
1673 5667 1805 5706 cum
1826 5650 2044 5708 adulte-

371 5729 456 5793 ris
479 5736 808 5807 portionem
838 5755 1006 5798 suam
1033 5737 1220 5813 ponit,
1246 5737 1344 5815 qui
1377 5737 1469 5794 his
1493 5737 1577 5796 vel
1602 5741 2039 5817 conscntiendc,

1228 5821 1261 5848 ο

2160 4934 2419 4999 Qualiter
2448 4934 2598 5011 hanc
2630 4939 2832 5006 postea
2865 4935 2996 5008 (hoc
3046 4940 3296 5008 utraque
3334 4934 3462 5009 lege
3502 4935 3821 5010 inhibente)

2159 5024 2285 5081 sine
2317 5030 2654 5080 accusatore
2697 5024 3130 5091 damnaverint,
3160 5024 3411 5098 qualiter
3439 5029 3617 5082 testes
3649 5043 3822 5099 quos-

2159 5114 2294 5170 dam
2319 5114 2579 5186 quidem,
2596 5114 2814 5185 quibus
2839 5114 3114 5186 imperari
3140 5132 3174 5170 a
3195 5132 3329 5188 rege
3358 5119 3603 5188 poterat,
3618 5120 3820 5175 contra

2157 5202 2315 5276 leges
2330 5202 2598 5275 publicas
2621 5202 2680 5258 in
2698 5204 2827 5275 ejus
2840 5203 3301 5273 damnationem,
3316 5206 3604 5278 quosdam
3621 5210 3816 5263 autem

2155 5292 2509 5349 domesticos
2540 5292 2886 5365 imperantis
2926 5293 3293 5351 admiserint.
3319 5294 3578 5360 Qualiter
3617 5298 3818 5353 contra

2155 5381 2538 5438 reverentiam
2567 5382 3216 5457 sacerdotalem,turpis
3241 5400 3512 5456 quaeque,
3536 5385 3815 5443 adversus

2156 5469 2510 5544 apostolum,
2541 5488 2606 5527 ac
2639 5471 2978 5544 criminosa,
3004 5490 3230 5530 necnon
3257 5478 3313 5530 et
3337 5491 3620 5531 nauseam
3651 5475 3812 5548 peni-

2152 5565 2249 5617 tus
2273 5565 2329 5617 et
2350 5562 2633 5634 pudorem
2652 5562 2932 5619 omnibus
2952 5562 3263 5621 inferentia
3279 5565 3456 5623 verba
3474 5565 3652 5622 etiam
3675 5567 3812 5623 scri-

2152 5651 2268 5725 ptis
2299 5650 2668 5722 tradiderint,
2691 5656 2748 5707 et
2788 5650 2983 5724 palam
3015 5654 3242 5711 cunctis
3275 5655 3657 5723 ostenderint,
3675 5673 3809 5714 cum

2150 5745 2296 5799 teste
2329 5740 2575 5800 Domino
2625 5741 2800 5802 etiam
2833 5744 2903 5803 de
2934 5743 3119 5804 otioso
3150 5744 3324 5804 verbo
3374 5745 3659 5806 reddituri
3692 5737 3812 5805 sint

3646 6475 3686 6482 -ι
3760 6473 3792 6478 ἡ
3868 6467 4046 6478 «ui
