4138 6458
216 498 377 564 1173

1437 498 1839 564 EPISTOLJE
1878 495 1981 561 ET
2022 495 2409 563 DECRETA.

3471 494 3632 565 1171

216 638 471 703 constat,
499 637 562 689 ut
590 632 793 690 eadem
818 632 1140 691 Waldrada
1168 633 1227 690 in
1260 633 1486 691 Italiam
1521 636 1869 706 mitteretur,
1898 632 1956 699 Α
1985 634 2309 689 Gunthario
2338 652 2405 689 ea
2436 652 2552 706 qua
2581 651 2680 690 vos
2727 632 2896 691 nobis
2945 630 3250 693 affectione
3296 633 3626 708 scripsisse,

216 730 511 798 quatenus
534 728 733 779 utrum
751 724 995 780 Romam
1021 742 1200 779 necne
1226 726 1523 796 pervenire
1554 726 1870 791 debuisset,

213 819 433 872 nostrae
455 831 712 870 censurae
736 815 965 870 decreto
996 814 1432 886 praestolaretur
1463 817 1583 886 [al.,
1612 814 1871 886 postula-

211 910 398 972 retur,
414 905 645 975 llannj.
662 904 740 959 De
762 904 855 959 his
878 904 1091 976 quippe
1114 903 1403 977 personis,
1428 921 1679 976 quarum
1704 904 1874 959 sedes

212 994 539 1067 apostolica
569 992 899 1066 specialiter
928 992 1165 1048 inchoat
1196 994 1416 1066 agitare
1444 994 1768 1066 negotium,
1795 992 1871 1048 si-

212 1084 333 1140 cuti
360 1100 465 1139 nos
489 1082 745 1138 Lotharii
769 1088 827 1137 et
856 1082 1237 1154 Theutbcrgze
1271 1100 1501 1155 regum,
1519 1086 1695 1154 atque
1717 1081 1870 1137 Wal-

213 1174 410 1230 dradaa
429 1172 654 1244 pellicis
677 1172 912 1243 exsequi
937 1172 1388 1228 controversiam
1413 1170 1869 1243 ccepimus,nulli

212 1263 304 1319 fas
329 1266 418 1317 est
448 1260 545 1316 alii
574 1261 662 1316 vel
694 1277 1010 1328 removere,
1043 1260 1132 1316 vel
1182 1260 1404 1333 aliquid
1451 1260 1725 1326 diffinire,
1759 1259 1871 1316 nisi

217 1352 365 1408 forte
426 1350 519 1406 cui
576 1349 706 1421 ipsa
760 1349 1117 1422 praeceperit.
1149 1350 1465 1405 Waldrada
1503 1366 1659 1422 ergo,
1693 1367 1869 1421 quam

213 1439 434 1496 nostris
481 1439 833 1509 hortatibus,
862 1438 1198 1510 nostrisque
1243 1438 1511 1507 decretis,
1547 1457 1580 1494 a
1613 1438 1868 1494 Lotharii

212 1532 445 1585 constat
467 1532 751 1584 remotam
775 1545 903 1583 esse
925 1526 1458 1593 lateribus,nostris
1484 1545 1717 1600 quoque
1738 1545 1869 1599 spc-

210 1617 442 1675 cialiter
466 1618 655 1684 debet,
682 1618 753 1672 ad
778 1634 1098 1689 congruam
1124 1616 1386 1672 Ecclesiae
1411 1634 1588 1689 quam
1612 1617 1760 1672 lzcsit
1782 1634 1870 1673 sa-

209 1707 631 1773 tisfactionem,
654 1705 1357 1777 submittijudiciis.Quod
1385 1706 1645 1777 quandiu
1663 1706 1868 1762 Lotha-

207 1798 335 1853 rius
361 1813 477 1852 non
500 1795 701 1867 egerit,
728 1794 899 1850 sicuti
929 1811 1031 1850 nec
1054 1795 1225 1850 nobis
1247 1795 1501 1867 requies,
1527 1812 1633 1850 nec
1655 1796 1867 1851 Theut-

204 1888 395 1958 bergze
424 1883 728 1950 securitas,
764 1882 846 1937 sic
897 1901 1001 1939 nec
1049 1883 1159 1957 ipsi
1213 1884 1427 1955 poterit
1466 1888 1591 1939 tuta
1623 1902 1733 1956 pax
1766 1889 1866 1939 aut

1984 724 2077 779 cui
2104 724 2241 796 quia
2272 741 2451 797 super
2481 724 2590 779 hoc
2633 724 2791 780 brevi
2842 726 3058 798 scripto
3110 727 3543 799 respondimus,
3578 726 3626 782 si

1983 811 2214 885 plenius
2244 831 2417 869 nosse
2448 813 2660 885 placet,
2684 832 2810 886 quae
2834 815 2904 869 de
2928 815 3044 871 illis
3069 817 3143 871 sit
3166 833 3345 888 penes
3376 834 3484 872 nos
3515 817 3631 872 ﬁxa

1983 901 2659 970 sententia,industriam
2693 904 2820 973 ejus
2852 904 2923 958 ad
2956 904 3135 975 hujus
3166 905 3627 977 epistolae,quam

1982 991 2329 1047 fraternitati
2365 996 2565 1046 vestrae
2599 993 3043 1060 destinavimus,
3078 998 3338 1050 tenorem
3371 999 3633 1051 scrutan-

1968 1081 2123 1136 dum
2148 1081 2896 1146 direximusQuamobnm
2930 1086 3064 1154 agat
3095 1083 3485 1138 sanctimonia
3502 1101 3628 1140 ves-

1981 1173 2164 1235 tra,ut
2180 1169 2368 1241 ipsius
2392 1170 2504 1242 piis
2526 1173 2593 1224 ad
2621 1168 2931 1242 legendum
2957 1172 3258 1227 obtutibus
3280 1188 3413 1227 cum
3432 1173 3630 1229 debita

1983 1263 2318 1330 reverentia,
2354 1275 2455 1313 seu
2488 1258 2658 1313 celeri
2692 1259 2993 1331 diligentia
3024 1261 3334 1317 deferatur.
3371 1261 3545 1316 Porro
3576 1262 3626 1316 si

1980 1346 2162 1417 aliqui
2198 1348 2443 1403 fortasse
2475 1352 2631 1415 sunt,
2666 1347 2765 1420 qui
2798 1349 2995 1403 dicant
3036 1348 3279 1405 liberam
3311 1367 3439 1405 esse
3464 1349 3626 1404 Wal-

1980 1436 2247 1505 dradam,
2281 1440 2337 1489 et
2368 1436 2494 1490 ideo
2546 1436 2701 1492 hunc
2746 1437 3154 1509 proﬁciscendi
3187 1438 3236 1492 ei
3270 1455 3384 1493 non
3417 1439 3627 1494 debeat

1978 1522 2201 1595 imponi
2233 1524 2582 1591 necessitas;
2609 1526 2875 1581 noverint
2908 1544 3021 1581 non
3056 1544 3183 1581 esse
3215 1525 3624 1599 liberamque:

1978 1628 2013 1667 a
2044 1616 2278 1683 peccato
2328 1617 2621 1685 superata,
2655 1614 2840 1686 ipsius
2871 1619 2929 1670 et
2960 1614 3173 1670 ancilla
3216 1616 3451 1671 addicta
3487 1620 3577 1672 est
3609 1633 3622 1672 :

1978 1700 2401 1757 Petro'dicente
2432 1702 2693 1775 apostolo
2728 1720 2741 1760 :
2774 1704 2813 1758 Α
2846 1720 2949 1776 quo
2977 1706 3126 1760 enim
3163 1707 3285 1776 quis
3312 1714 3623 1777 superatur,

1974 1790 2093 1861 ejus
2149 1798 2200 1845 et
2254 1807 2442 1847 servus
2500 1792 2747 1848 addictus
2803 1802 2878 1849 est
2927 1796 2974 1859 (I
3003 1798 3147 1849 Pctr.
3184 1795 3266 1862 II),
3304 1798 3362 1849 et
3418 1811 3627 1851 rursus

1976 1878 2114 1934 alibi
2148 1896 2160 1935 :
2198 1880 2304 1948 Qui
2347 1882 2485 1952 facit
2528 1890 2831 1952 peccatum,
2863 1899 3049 1937 SCI't‘IlS
3100 1891 3178 1937 est
3206 1886 3414 1954 peccati
3444 1884 3624 1955 (Joan.

204 1974 621 2047 aliquainesse
653 1972 863 2028 salutis
894 1971 1127 2027 fiducia.
1146 1973 1332 2028 Tanto
1357 1972 1536 2044 igitur
1557 1972 1864 2027 sollicitius
1894 2004 1944 2070 B
1973 1968 2114 2035 vin).
2148 1970 2193 2023 A
2235 1986 2355 2070 quo
2400 1968 2669 2070 videlicet
2720 1969 2834 2025 ista
2883 1972 3145 2026 nondum
3194 1970 3459 2039 liberata,
3496 1974 3628 2044 ejus

205 2065 281 2121 ad
315 2063 736 2120 correctionem
783 2061 940 2117 illius
991 2078 1227 2133 Operam
1274 2063 1429 2127 date,
1463 2065 1741 2132 tantoque
1772 2061 1866 2115 in-

203 2153 465 2210 stantius
506 2168 621 2207 non
652 2150 844 2206 solum
878 2149 1070 2218 illum,
1102 2154 1167 2205 ut
1194 2150 1253 2205 in
1286 2150 1378 2205 his
1409 2150 1579 2205 nobis
1610 2149 1863 2217 obediat,

206 2244 541 2310 admonete,
558 2256 761 2296 verum
793 2240 967 2295 etiam
1004 2243 1061 2294 et
1082 2239 1359 2295 dilectum
1387 2238 1571 2294 tilium
1598 2245 1865 2294 nostrum

209 2331 572 2389 Ludovicum
619 2327 1179 2385 excellentissimum
1229 2345 1445 2400 regem,
1481 2346 1597 2399 quo
1628 2345 1760 2384 eum
1794 2330 1864 2383 ad

209 2420 718 2478 audiendanostra
732 2417 956 2473 monita
976 2433 1206 2489 semper
1228 2415 1862 2485 ineitet,cohortamini,

212 2514 437 2583 quanto
491 2507 771 2563 attentius
820 2506 1016 2577 legitis
1051 2523 1063 2561 :
1101 2506 1241 2574 Quia
1289 2508 1387 2578 qui
1414 2508 1653 2561 converti
1678 2508 1869 2578 fecerit

207 2607 542 2673 peccatorem
562 2598 629 2651 ab
659 2612 843 2651 errore
864 2597 967 2651 vice
986 2610 1124 2662 suae,
1152 2595 1408 2650 liberabit
1432 2597 1684 2650 animam
1710 2612 1865 2650 suam

209 2707 250 2747 a
269 2697 459 2752 morte,
484 2695 535 2742 et
566 2688 771 2757 aperiet
800 2684 1215 2740 multitudinem
1241 2692 1588 2756 peccatorum
1614 2686 1751 2754 (Jac.
1785 2687 1862 2753 v).

210 2779 339 2835 Non
372 2776 560 2833 solum
594 2779 789 2830 autem
839 2773 974 2828 hinc
1024 2772 1347 2845 gloriosum
1382 2790 1577 2845 regem
1608 2777 1865 2828 vestrum

212 2868 392 2934 adito,
426 2882 626 2921 verum
660 2864 835 2918 etiam
868 2862 1199 2935 specialiter
1228 2860 1643 2934 deprccamini,
1670 2866 1732 2916 ut
1763 2863 1865 2917 ad-

208 2960 447 3013 moneat
460 2958 517 3010 et
529 2954 775 3009 suadeat
795 2953 983 3007 cidem
1009 2951 1299 3019 Lothario,
1317 2956 1606 3023 quatenus
1620 2952 1863 3006 Romam

208 3063 329 3103 non
361 3044 475 3100 nisi
507 3046 812 3115 purgatus,
838 3045 893 3096 et
924 3040 1157 3112 quando
1188 3058 1293 3095 nos
1325 3040 1731 3108 annuerimus,
1765 3057 1865 3096 ve-

210 3135 339 3191 nire
371 3134 707 3205 praesumat.
740 3131 887 3185 Nam
922 3128 1032 3184 nisi
1067 3129 1237 3184 nobis
1268 3128 1548 3185 obediens
1581 3129 1865 3200 suspicio-

211 3240 354 3280 num
376 3220 613 3278 etmalze
630 3220 796 3275 fama
811 3218 1011 3274 sordes
1036 3218 1257 3273 diluere
1277 3217 1534 3290 primum
1558 3218 1867 3286 curaverit,

209 3313 406 3368 videat
427 3327 498 3365 ne
518 3311 659 3364 forte
682 3307 1044 3379 leprosorum
1070 3323 1228 3361 more
1260 3306 1330 3360 de
1362 3305 1569 3360 castris
1600 3306 1865 3360 Domini-

1977 2057 2232 2129 profecto
2264 2057 2455 2112 adhuc
2486 2056 2698 2113 ancilla
2728 2060 3037 2125 credenda,
3064 2076 3130 2115 ac
3162 2076 3263 2130 per
3292 2060 3400 2116 hoc
3426 2066 3626 2116 nostro

1974 2147 2303 2217 estjudicio
2327 2146 2563 2218 speciali
2578 2164 2651 2218 pu
2664 2148 2902 2219 rganda,
2918 2150 3089 2219 cujus
3103 2149 3626 2222 decretoiniquitas

1975 2238 2105 2308 ejus
2138 2236 2343 2308 agitari
2379 2237 2573 2308 empit,
2608 2240 2664 2291 et
2691 2235 2921 2291 Christo
2952 2237 3203 2309 propitio
3249 2236 3625 2294 abolitionem

1975 2325 2293 2398 percipere.
2326 2325 2473 2379 Nam
2508 2324 2617 2379 nisi
2650 2323 2811 2379 illam
2844 2326 3105 2380 nondum
3141 2343 3175 2379 a
3203 2326 3446 2381 crimine
3476 2327 3626 2382 libe-

1975 2431 2100 2469 ram
2125 2430 2252 2469 esse
2275 2414 2971 2486 sciremus,ncquaquam
2997 2430 3124 2469 eam
3140 2432 3241 2486 pro
3258 2415 3622 2486 liberatione,

1975 2507 2098 2559 tam
2121 2520 2225 2557 sua
2247 2519 2425 2574 quam
2449 2503 2743 2558 fautorum
2767 2503 2915 2573 ejus,
2942 2503 2999 2556 in
3028 2503 3254 2559 Italiam
3277 2504 3471 2560 venire
3490 2522 3629 2577 quo-

1977 2592 2271 2664 quomodo
2303 2592 2629 2647 faceremus
2663 2608 2675 2646 :
2710 2591 2846 2647 licet
2874 2609 3002 2647 eam
3030 2610 3132 2664 per
3163 2593 3465 2650 ministros
3487 2611 3627 2651 suos

1974 2687 2200 2753 postea,
2234 2698 2305 2736 ne
2336 2679 2451 2735 huc
2484 2680 2829 2752 perveniret,
2860 2681 3107 2737 Satanas
3140 2681 3626 2753 impedierit.Jam

1973 2788 2128 2836 vero,
2154 2770 2203 2825 si
2226 2771 2399 2842 jussa
2431 2774 2632 2825 nostra
2662 2768 2745 2825 vel
2780 2771 3109 2826 sanctiones
3140 2770 3627 2842 impleverit,ideo

1976 2876 2039 2915 se
2071 2863 2237 2931 putat
2268 2857 2581 2925 ancillam;
2615 2874 2750 2930 ergo
2783 2858 3095 2913 Lotharius
3127 2876 3226 2914 rex
3268 2877 3471 2915 servus
3513 2860 3629 2915 dici

1975 2949 2165 3016 debet,
2192 2948 2291 3019 qui
2326 2950 2625 3018 utcunque
2657 2950 2857 3001 nostra
2887 2947 3094 3002 fecisse
3118 2948 3398 3003 mandata
3422 2948 3627 3020 digno-

1976 3037 2195 3094 scitur:
2230 3052 2367 3107 ergo
2397 3035 2512 3091 ista
2546 3040 2814 3090 teneatur
2842 3052 2946 3107 pro
2979 3036 3239 3104 domina,
3269 3053 3397 3108 qua:
3429 3037 3627 3094 inobe-

1976 3126 2141 3182 diens
2155 3128 2539 3198 permanet,et
2555 3124 2891 3179 dominetur
2908 3124 3306 3197 Lothario,qui
3330 3129 3628 3198 utcunque

1977 3215 2196 3272 nostris
2238 3214 2465 3270 studuit
2513 3213 2745 3269 obedire
2776 3213 3043 3281 decretis,
3077 3215 3232 3286 quod
3265 3215 3629 3271 absurdissi-

1977 3322 2142 3360 mum
2156 3302 2577 3371 est,etomnino
2591 3303 3150 3358 nefandum.\’erum
3166 3304 3214 3359 si
3229 3306 3391 3359 tanta
3405 3321 3502 3359 rex
3515 3304 3628 3361 Lo-

213 3401 299 3457 cis
317 3417 450 3455 cum
484 3396 740 3452 maxima
766 3394 1105 3450 confusione
1140 3393 1867 3465 pellatur.Quomodovero
1898 3371 1943 3439 Ο
1980 3393 2208 3449 tharius
2240 3392 2560 3447 intentione
2604 3391 2979 3447 Waldradam
3025 3391 3306 3448 voluisset
3336 3392 3626 3448 mcecham

212 3488 377 3561 ipsas
409 3484 595 3559 possit
628 3500 838 3555 ponere
871 3482 1090 3548 sordes,
1115 3479 1363 3535 breviter
1385 3480 1731 3535 intimamus
1755 3497 1767 3534 :
1792 3480 1872 3536 vi-

215 3576 443 3642 delicet,
466 3576 515 3631 si
535 3573 966 3644 Theutbergam
987 3588 1224 3625 uxorem
1248 3570 1595 3639 suamjuxta
1614 3570 1873 3642 praestita

208 3668 554 3739 juramenta
578 3662 828 3734 benigne
860 3662 1164 3726 tractet,et
1196 3658 1519 3713 secundum
1553 3659 1772 3731 regiam
1791 3659 1873 3714 di-

218 3756 316 3830 gni
326 3758 500 3810 tatem
527 3752 795 3818 retineat,
811 3748 1309 3819 Waldradamque
1330 3747 1401 3801 ad
1426 3765 1532 3802 nos
1553 3748 1872 3805 accelerare

215 3842 549 3915 compellat,
571 3846 747 3911 atque
775 3838 834 3893 in
866 3836 1124 3910 praefatis
1154 3836 1452 3903 Ecclesiis,
1475 3837 1679 3891 ordine
1696 3854 1870 3908 quem

216 3934 267 3989 ei
304 3930 674 3997 dictavimus,
709 3926 1006 3982 antistites
1055 3926 1324 3980 ordinare
1374 3924 1695 3996 permittat.
1725 3926 1870 3981 Nam

219 4021 483 4094 quandiu
532 4017 914 4073 Waldradam
964 4015 1045 4070 sic
1096 4030 1332 4068 manere
1376 4013 1688 4080 dimiserit,
1723 4014 1875 4069 sicut

218 4107 708 4178 onmibusliquet,
725 4104 1275 4175 Theutbcrgamque
1288 4119 1391 4157 nec
1408 4101 1564 4173 regio
1578 4102 1874 4170 cultu,nec

219 4196 515 4270 conjugali
578 4194 888 4250 dilectione
960 4190 1313 4257 tractaverit,
1377 4190 1638 4261 quandiu
1696 4191 1874 4246 etiam

216 4283 692 4359 Thcutgualdum
706 4281 792 4337 vel
809 4280 1208 4337 Guntharium
1230 4278 1507 4334 ecclesias
1525 4280 1747 4336 dudum
1764 4280 1874 4336 sibi

217 4372 687 4435 cumsaccrdotio
712 4370 944 4426 ablatas
976 4369 1236 4424 obtinere
1266 4368 1601 4439 permiserit
1622 4386 1874 4441 occupa-

215 4472 440 4533 tas,ncc
455 4464 657 4535 alepra
671 4460 849 4516 inusti
873 4458 1160 4522 criminis,
1176 4474 1279 4512 nec
1293 4475 1326 4512 a
1340 4457 1613 4513 sordibus
1627 4459 1869 4529 pessimi

218 4554 497 4622 odoris,id
512 4550 791 4615 est,malae
806 4546 1119 4621 opinionis,
1132 4545 1221 4601 vel
1239 4545 1616 4617 suspicionis,
1633 4546 1780 4602 liber
1792 4565 1878 4603 es-

219 4663 281 4700 se
296 4642 525 4716 poterit,
542 4658 647 4696 nec
660 4658 734 4711 pu
745 4639 824 4694 ris
835 4636 1084 4693 ecclesia
1096 4652 1150 4689 m
1176 4634 1479 4707 gressibus
1496 4633 1713 4690 intra-re
1727 4635 1877 4691 vale-

1979 3484 2050 3539 ad
2084 3500 2189 3537 nos
2221 3482 2472 3549 mittere,
2503 3481 2575 3536 ad
2604 3482 2733 3552 ejus
2764 3480 2987 3536 scilicet
3016 3498 3048 3535 a
3080 3481 3249 3537 nobis
3280 3499 3522 3537 causam
3544 3481 3627 3538 le-

1978 3572 2181 3646 gitime
2194 3569 2608 3636 deliniendam,
2624 3574 2845 3641 quanta
2864 3570 3047 3625 voluit
3067 3569 3389 3642 legitimam
3409 3571 3626 3625 Theut-

1979 3663 2219 3733 bergam
2252 3659 2545 3717 destinare
2572 3658 2901 3730 conjugem,
2936 3659 3006 3713 ad
3040 3659 3188 3713 falsa
3217 3662 3509 3716 contrase
3538 3677 3628 3715 ex-

1978 3754 2134 3805 torta
2188 3747 2408 3803 scelera
2465 3747 2845 3818 proferenda;
2879 3748 3024 3802 forte
3067 3748 3193 3817 jam
3252 3748 3420 3803 nobis
3481 3766 3628 3820 qua-

1979 3838 2287 3908 liscunque
2310 3853 2421 3908 pax
2443 3835 2531 3890 vel
2560 3836 2785 3890 reddita
2817 3836 3047 3907 requies
3081 3835 3412 3893 haberetur.
3445 3839 3632 3909 Atque

1981 3927 2207 3983 utinam
2250 3925 2332 3979 sic
2383 3924 2615 3979 studeat
2660 3924 3041 3979 Waldradam
3074 3926 3143 3979 ad
3178 3942 3284 3981 nos
3316 3926 3630 3992 destinare,

1982 4033 2109 4089 quas
2135 4015 2309 4069 habet
2330 4014 2400 4068 de
2421 4012 2636 4068 scelere
2658 4031 2764 4068 suo
2788 4014 2943 4085 quod
2967 4014 3203 4085 pandat,
3235 4013 3405 4069 sicuti
3430 4013 3637 4086 gestie-

1981 4106 2081 4161 bat
2104 4103 2365 4176 reginam
2390 4102 2977 4174 Theutbergam,qum
2993 4120 3105 4156 non
3132 4101 3367 4173 quidem
3382 4101 3638 4157 habebat

1983 4194 2138 4266 quod
2172 4194 2241 4247 de
2273 4191 2516 4247 crimine
2548 4193 2847 4263 panderet,
2868 4191 2969 4246 sed
3001 4190 3155 4263 quod
3188 4191 3258 4245 de
3288 4190 3561 4246 violentia
3582 4195 3639 4246 et

1974 4282 2105 4354 jugi
2155 4298 2327 4353 pcena
2386 4279 2549 4335 illata
2605 4278 2719 4334 sibi
2780 4278 3181 4350 multipliciter
3227 4282 3543 4346 enarraret,
3579 4282 3637 4334 et

1984 4388 2163 4444 quam
2196 4369 2436 4440 injustis
2469 4368 2668 4435 minis,
2703 4371 2768 4422 ut
2797 4372 2998 4423 contra
3037 4385 3099 4423 se
3148 4367 3364 4423 falsum
3412 4366 3635 4423 crimen

1984 4475 2179 4515 coram
2233 4458 2403 4512 nobis
2451 4458 2838 4528 depromeret,
2873 4455 3189 4511 multifarie
3229 4455 3633 4529 compellebat.

1985 4549 2268 4620 Optamus
2300 4546 2721 4603 fraternitatem
2758 4550 3010 4600 vestram
3043 4546 3099 4600 in
3134 4546 3361 4602 Christo
3393 4563 3549 4600 nunc
3580 4550 3641 4601 et

1986 4654 2218 4708 semper
2247 4636 2394 4689 bene
2425 4634 2635 4688 valere.
2670 4634 2815 4688 Data
2845 4635 3034 4706 pridie
3072 4634 3363 4691 Kalendas
3392 4635 3636 4690 Novem-

217 4734 326 4801 bit,
359 4748 463 4787 nec
496 4728 898 4786 sacerdotibus
931 4724 1154 4781 Christi
1187 4724 1369 4779 libera
1394 4740 1529 4779 eum
1554 4723 1643 4779 vel
1674 4741 1879 4782 secura
1905 4742 1955 4808 D
1986 4727 2128 4792 bris,
2164 4724 2482 4779 indictione
2517 4740 2554 4776 ι.

220 4820 522 4895 tangendi,
543 4818 633 4874 vel
656 4818 817 4873 intra
837 4819 1030 4871 castra
1059 4812 1374 4884 recipiendi
1397 4812 1654 4884 profecto
1685 4814 1879 4886 quibit

218 4929 347 4968 esse
377 4908 650 4966 facultas.
687 4907 833 4980 Ergo
863 4904 1124 4960 laborate
1154 4902 1212 4956 in
1239 4901 1349 4957 hoc
1375 4900 1707 4969 nobiscum,
1735 4903 1877 4959 cha-

219 5000 462 5065 rissimi,
486 5000 777 5053 decertate
808 4994 1047 5067 pariter,
1083 4992 1291 5045 fratres
1324 5006 1337 5044 :
1372 4988 1510 5060 quia
1541 4989 1693 5045 sicut
1716 4990 1878 5047 labor

222 5094 312 5147 est
369 5085 679 5157 multiplex
727 5085 786 5138 in
836 5082 1030 5149 terris,
1063 5079 1147 5136 ita
1203 5095 1309 5133 nos
1364 5094 1586 5133 merces
1645 5080 1882 5151 copiosa

224 5176 486 5234 manebit
516 5176 573 5229 in
606 5172 788 5229 cmlis.
821 5173 937 5227 Nec
988 5170 1235 5226 dubium
1286 5170 1376 5222 est
1422 5166 1879 5238 huncjuvenem

226 5266 512 5339 plurimos
535 5264 747 5318 habere
772 5279 925 5316 nunc
942 5278 1043 5339 pro
1058 5276 1167 5316 sua
1188 5255 1448 5329 potentia
1469 5254 1553 5310 vel
1577 5257 1881 5313 dominatu

227 5355 341 5409 sibi
373 5353 807 5409 consentientes
843 5367 855 5404 :
886 5350 956 5404 de
1000 5363 1251 5419 quorum
1312 5344 1575 5399 omnium
1624 5347 1881 5415 profecto

229 5441 603 5500 conversione
635 5456 701 5495 ac
734 5438 925 5494 salute
966 5454 1171 5491 omnes
1222 5432 1400 5490 simul
1450 5432 1798 5502 iactabimur,
1835 5436 1883 5490 si

229 5534 441 5589 horum
468 5529 762 5603 princeps,
789 5526 888 5581 Dei
914 5526 1103 5599 gratia
1133 5522 1537 5597 prmveniente,
1563 5525 1886 5579 communi-

230 5624 343 5679 bus
366 5620 583 5677 nostris
605 5616 924 5674 sudoribus
954 5613 1271 5686 perfoctius
1301 5611 1888 5668 emundabitur.Pra3-

229 5717 387 5769 terea
420 5709 647 5766 noverit
678 5705 960 5763 sanctitas
994 5702 1348 5772 vestra,jam
1379 5704 1767 5757 me'noratum
1796 5721 1887 5759 su-

230 5801 657 5859 blimissimum
715 5812 912 5869 regem
962 5796 1225 5849 vestrum
1257 5806 1360 5862 pro
1392 5790 1801 5862 Thentgnaldo
1834 5799 1890 5849 ct

2713 4838 2902 4892 CLVI.

2288 4945 2355 4985 AD
2398 4943 2731 4983 LUDOVICUM
2771 4944 2962 4982 REGEM
3001 4946 3328 4984 ΟΕΒΜΛΝΙᾸΞ.

2628 5018 2817 5085 (Anno
2847 5018 2997 5089 867.)

1992 5128 2355 5198 Conqueritur
2395 5125 2458 5180 de
2504 5124 2778 5198 Lothario,
2814 5124 2953 5195 quod
2993 5126 3136 5179 nihil
3186 5140 3375 5179 eorum
3417 5133 3644 5196 praestet

2063 5196 2188 5271 qua:
2212 5198 2486 5271 promisit.
2522 5196 2776 5271 Prohibet
2821 5212 2891 5271 ne
2938 5201 3166 5250 Romam
3211 5198 3640 5271 veniat,qprius-

2064 5267 2228 5341 quani
2284 5268 2649 5331 Waldratlam,
2702 5276 2761 5321 ut
2811 5267 2999 5337 jussus
3051 5275 3147 5334 cst,
3206 5284 3265 5322 eo
3321 5268 3546 5341 dirigat,
3591 5276 3642 5322 ct

2067 5340 2452 5407 Theutbergam
2500 5346 2689 5393 tractet
2734 5346 2793 5393 ut
2834 5341 3103 5406 reginam,
3136 5347 3186 5394 et
3219 5340 3453 5394 Treviris
3483 5348 3645 5410 atque

2066 5414 2306 5469 Coloniae
2338 5410 2571 5478 legitimi
2599 5411 2839 5480 episcopi
2867 5410 3208 5466 ordinentur.
3239 5410 3304 5465 In
3333 5411 3560 5477 embolo,
3579 5410 3645 5465 de

2064 5484 2329 5539 reditibus
2358 5481 2537 5537 sancti
2562 5481 2732 5534 Petri.

2506 5585 2695 5657 [Apud
2728 5586 2940 5655 Mansi,
2979 5590 3141 5659 ibim]

2066 5708 2355 5762 NICOLAUS
2385 5703 2717 5775 episcopus,
2739 5719 2945 5760 servus
2977 5723 3273 5763 servorum
3298 5706 3419 5774 Dei,
3444 5704 3653 5761 dilecto

1997 5795 2115 5851 ﬁlio
2152 5797 2443 5851 Lunovlco
2475 5792 2730 5864 glorioso
2764 5792 2905 5865 regi.
