4138 6502
442 419 598 484 1175

490 514 512 549 5
536 506 593 549 ."K

434 663 567 702 cum
590 647 800 705 dilecto
832 649 953 705 ﬁlio
986 655 1187 708 nostro
1217 651 1418 707 Carolo
1448 652 1701 727 glorioso
1735 671 1887 726 rege,
1913 654 2092 710 fratre

430 736 700 794 videlicet
728 743 945 806 vestro,
980 742 1050 796 ad
1083 757 1397 798 commune
1427 742 1784 816 colloquium
1815 744 2048 801 venisse
2074 765 2087 814 ;

433 825 526 882 cui
549 827 690 899 quia
722 828 909 884 defuit
940 830 1252 886 Lotharius
1279 848 1399 898 rex,
1422 849 1604 905 nepos
1627 833 1848 889 scilicet
1875 837 2087 903 vester,

433 916 760 988 perhibetis
778 934 880 974 vos
902 920 972 974 ad
995 937 1128 975 eum
1145 921 1272 991 jam
1304 922 1529 977 dictum
1561 922 1799 979 fratrem
1830 928 2090 981 vestrum

432 1005 707 1062 Carolum
737 1010 1253 1081 regem,adjuncto
1285 1011 1395 1067 sibi
1431 1013 1687 1085 quodam
1712 1031 1779 1069 ex
1799 1015 2092 1088 episcopis

434 1096 599 1169 regni
650 1097 848 1164 vestri,
882 1097 1117 1154 misisse
1153 1115 1166 1155 :
1203 1103 1518 1173 quatenus,
1551 1107 1725 1175 prout
1775 1104 1942 1160 vobis
1988 1122 2093 1178 per

434 1185 710 1257 epistolas
728 1191 960 1243 nostras
980 1189 1053 1243 ad
1079 1205 1179 1244 vos
1202 1190 1454 1247 directas
1475 1191 1952 1264 injunximus,ab
1974 1195 2092 1251 illis

434 1272 939 1345 admoneretur,ut
959 1277 1015 1333 in
1044 1280 1710 1353 omnibusjussionibus
1733 1284 1950 1341 nostris
1963 1286 2092 1341 obe-

436 1363 602 1419 diens
633 1366 906 1422 existeret
930 1385 943 1423 :
968 1368 1130 1432 Quod
1156 1370 1295 1442 quia
1318 1375 1438 1426 tam
1471 1376 1673 1445 utpote
1694 1372 1773 1446 pii
1794 1374 2092 1448 principes

423 1453 721 1525 justitiam
739 1455 1074 1529 diligentes,
1094 1476 1270 1531 quam
1293 1461 1542 1532 proximi
1562 1461 1811 1519 salutem
1838 1481 1939 1536 per
1959 1465 2093 1521 cha-

433 1544 663 1601 ritatem
691 1550 1041 1618 quaerentes,
1058 1549 1394 1621 nostrisque
1415 1550 1803 1609 nihilominus
1825 1555 2093 1613 adhorta-

432 1632 696 1690 ti0nibus
755 1635 1247 1719 obsecundantes,
1299 1638 1523 1712 egistis,
1584 1641 1810 1699 debitas
1868 1645 2089 1718 gratias

432 1724 665 1798 agimus
702 1742 715 1783 :
748 1730 1038 1798 quantum
1084 1730 1280 1784 tamen
1314 1727 1459 1785 lucri
1493 1731 1753 1788 efﬁcacia
1780 1738 1974 1790 vestra
2001 1734 2090 1791 vel

436 1817 638 1868 nostra
666 1814 891 1869 monita
910 1831 1087 1886 penes
1110 1815 1383 1872 eumdem
1407 1834 1602 1890 regem
1626 1818 1968 1876 Lotharium
1985 1821 2091 1877 im—

434 1902 743 1975 petrarint,
780 1903 963 1959 fateor
1009 1904 1297 1961 hactenus
1347 1924 1464 1962 non
1512 1906 1718 1964 elucet.
1753 1909 1865 1965 Sed
1897 1910 2089 1968 dicitis

429 2007 565 2047 eum
586 1996 707 2047 tam
736 1992 1040 2049 absentem
1066 2010 1242 2067 quam
1266 2000 1467 2068 postea
1491 2003 1903 2069 praesentem,a
1922 2001 2089 2058 vobis

430 2079 620 2153 ipsam
647 2082 1105 2165 admonitionem
1131 2084 1380 2157 benigne
1403 2087 2089 2164 suscepisse,dcindeque

430 2172 760 2244 professum
796 2172 975 2228 fuisse
1008 2174 1065 2228 in
1097 2174 1374 2230 omnibus
1406 2193 1469 2232 se
1502 2178 1719 2234 nostris
1749 2181 2087 2254 praeceptio—

434 2262 613 2319 nibus
643 2264 997 2335 parituram.
1032 2266 1195 2331 Quod
1228 2265 1367 2337 quia
1396 2283 1547 2339 saepe
1578 2267 1932 2337 audivimus,
1969 2289 2086 2328 non

432 2354 629 2408 tamen
662 2353 799 2409 hinc
832 2354 1101 2410 effectum
1146 2355 1536 2428 percepimus,
1571 2359 1714 2414 satis
1746 2358 2086 2432 ingemisci-

430 2458 586 2509 mus,
612 2446 669 2497 et
684 2442 863 2515 hujus
884 2443 965 2499 rei
991 2444 1181 2517 gratia
1201 2444 1356 2500 ultra
1375 2462 1551 2517 quam
1586 2446 1700 2503 dici
1729 2450 1915 2520 possit
1936 2451 2085 2506 affli-

427 2531 627 2603 gimur
656 2550 668 2589 :
703 2534 987 2589 nimirum
1039 2534 1138 2607 qui
1187 2535 1363 2591 etiam
1405 2552 1508 2609 pro
1542 2553 1649 2592 sua
1678 2536 1866 2609 ipsius
1899 2539 2087 2596 salute

428 2621 689 2692 quotidie
712 2622 1049 2680 laborantes
1072 2625 1227 2697 apud
1253 2625 1448 2696 ipsum
1473 2625 1619 2680 nihil
1643 2627 1883 2683 omnino
1906 2630 2085 2701 proﬁ-

427 2708 642 2776 cimus,
665 2712 805 2766 dum
831 2714 985 2784 quod
1010 2730 1280 2769 sermone
1300 2713 1461 2781 dicit,
1488 2714 1639 2770 facto
1662 2732 1777 2771 non
1810 2718 2036 2789 perﬁcit
2068 2736 2093 2777 :.

426 2802 483 2852 et
504 2799 791 2872 prazcipue
810 2818 943 2857 cum
965 2802 1141 2857 verba
1161 2803 1309 2873 ejus,
1333 2806 1400 2857 ut
1422 2803 1696 2859 arborum
1714 2804 2086 2874 folia,sonare

428 2888 667 2960 quidem
695 2890 938 2959 possint,
960 2895 1226 2947 saturare
1246 2908 1401 2959 vero,
1423 2909 1555 2947 cum
1581 2893 1700 2948 sint
1720 2893 1845 2950 sine
1871 2896 2083 2970 fructu,

429 2993 546 3033 non
570 2980 1241 3052 possint.Quamobrem,
1263 2981 1404 3037 dum
1428 2981 1747 3054 quaerimus
1768 2984 1858 3039 cui
1882 2983 2087 3058 hujus-

427 3068 585 3123 modi
607 3068 695 3124 vir
712 3068 902 3126 valeat
923 3071 1271 3144 comparari,
1306 3070 1507 3127 nullus
1539 3073 1719 3131 menti
1745 3074 2087 3131 convenien-

425 3156 546 3237 tius
575 3158 849 3227 occurrit,
879 3176 1057 3232 quam
1091 3159 1187 3215 ille
1217 3158 1397 3231 ﬁlius,
1432 3160 1525 3216 cui
1559 3161 1713 3234 apud
1744 3162 2083 3221 Matthaeum

425 3250 592 3318 pater
620 3248 838 3305 dixisse
868 3249 1085 3323 legitur
1116 3267 1129 3305 ε
1164 3251 1292 3317 Fili,
1324 3249 1461 3307 vade
1518 3251 1694 3320 hodie,
1754 3270 1979 3325 operare
2022 3258 2083 3311 in

421 3426 528 3479 ivit
550 3425 753 3495 ΧΜαιιὴ.
777 3427 915 3499 xxx).
941 3426 1104 3483 Unde
1127 3427 1336 3483 merito
1365 3428 1612 3499 ﬁguram
1636 3429 1863 3485 Judaici
1880 3433 2079 3505 populi

420 3512 712 3586 exprimit.
744 3516 875 3589 Ipse
906 3516 1122 3589 quippe
1153 3516 1601 3589 repromittebat
1628 3518 1809 3591 Moysi
1839 3520 2074 3578 dicens:

417 3608 627 3662 Cuncta
675 3622 801 3677 quae
859 3606 1074 3661 locu/us
1121 3615 1199 3662 est
1249 3608 1517 3662 Dominus
1561 3610 1824 3679 faciemus
1873 3610 2075 3682 (Exod.

415 3700 532 3764 xIx)
568 3711 581 3750 :
616 3713 733 3751 non
764 3701 961 3751 tamen
994 3712 1121 3767 quae
1166 3695 1358 3751 verbis
1411 3696 1850 3767 repromittebat
1881 3716 2076 3757 rerum

418 3784 721 3840 eﬂ‘ectibus
744 3784 1122 3857 adimplebat.
1149 3786 1253 3852 Ita,
1280 3785 1424 3857 proh
1450 3784 1641 3841 dolor!
1667 3790 1723 3843 et
1755 3786 1865 3843 iste
1894 3807 2076 3863 nepos

414 3877 625 3944 vester,
652 3891 885 3947 semper
915 3875 1151 3946 quidem
1186 3878 1390 3929 nostra
1420 3874 1643 3930 monita
1673 3875 1818 3932 velle
1850 3879 2072 3949 audire,

422 3980 655 4036 semper
685 3962 1006 4036 adimplere
1046 3980 1258 4036 cupere
1291 3967 1649 4035 protestetur
1682 3982 1695 4020 :
1730 3983 1845 4022 non
1876 3972 2074 4025 tamen

419 4053 573 4128 quod
591 4070 707 4120 ore,
724 4054 879 4126 quod
902 4053 1139 4126 scriptis
1161 4056 1509 4125 opportune,
1528 4053 1859 4126 importune
1874 4058 2075 4130 saepis-

420 4150 567 4206 sime
579 4142 1197 4219 proﬁtetur,0peribus
1221 4158 1485 4197 exercere
1508 4142 1593 4197 vel
1617 4144 1786 4200 factis
1803 4145 2074 4203 exhibere

420 4235 799 4299 contendit,et
813 4232 1072 4306 paternis
1089 4231 1327 4286 monitis
1342 4231 1558 4286 nostris
1573 4250 1689 4287 non
1702 4237 1984 4306 tanquam
1999 4237 2073 4292 ﬁ-

414 4327 533 4383 lius
564 4325 844 4381 obediens
876 4326 1059 4395 paret,
1089 4320 1190 4376 sed
1212 4326 1495 4391 tanquam
1518 4322 1786 4393 ingratus
1804 4329 1936 4395 post
1959 4328 2073 4381 ter-

412 4433 555 4491 gum
571 4411 950 4487 repodavit.Si
973 4409 1209 4482 quidem
1234 4409 1291 4464 in
1318 4425 1430 4481 quo
1453 4408 1770 4481 aliquando
1802 4414 2075 4485 apparuit

413 4523 513 4562 rex
529 4502 835 4560 Lotharius
858 4499 1026 4556 nobis
1049 4497 1369 4554 obediens?
1388 4502 1489 4553 aut
1510 4498 1652 4571 quid
1675 4500 1747 4555 ab
1769 4500 1866 4557 illo
1879 4502 2070 4577 exegi-

411 4611 545 4650 mus
561 4593 673 4649 nisi
688 4592 935 4648 salutem
962 4590 1173 4645 suam?
1196 4587 1308 4642 nisi
1332 4588 1695 4659 jurationem
1722 4606 1899 4662 quam
1923 4591 2071 4649 laesit

1813 426 2128 519 NicoLAI
2154 425 2415 553 leam;
2438 426 2503 509 1.,

572 508 625 541 κ’
1944 510 1979 551 ι’
2154 508 2163 551 Ι
2222 508 2227 549 ἰ

508 544 877 628 Syllabarum
908 561 1236 617 vestrarum
1267 564 1466 619 tenore
1498 564 1810 635 pandistis,
1843 544 1949 619 vos
1977 580 2096 617 una
2124 544 2570 635 Agconsecrare,
2603 559 2946 633 regulariter
2974 559 3405 631 ordinarentur.
3430 560 3542 618 Sed
3569 578 3702 635 cum
3736 561 3889 616 haec

2174 632 2401 707 I'bmnia
2432 670 2539 707 nos
2570 658 2903 725 opportuna
2923 669 3050 709 esse
3067 670 3134 709 ac
3152 650 3482 708 necessaria
3503 650 3889 724 prospicien-

2200 741 2456 825 tes,‘ipsi
2506 742 2627 816 regi
2674 741 2949 798 Lothario
2999 742 3202 797 crebro
3234 741 3708 808 mandassemus,
3741 757 3888 825 quo

2201 834 2413 887 nostrae
2436 830 2823 888 institutionis
2855 835 3162 887 exsecutor
3191 831 3450 903 effectus,
3483 835 3549 887 ut
3574 826 3696 886 haec
3727 847 3888 887 con-
3934 826 3941 831 ’

2201 923 2644 977 summarentur
2664 925 2969 989 annueret,
2992 920 3111 977 imo
3131 925 3198 976 ut
3218 937 3326 976 sua
3346 936 3589 993 prorsus
3618 937 3884 977 exsecu-

2200 1010 2360 1066 tione
2383 1013 2861 1084 perpetrarentur
2890 1010 3208 1079 insisteret,
3234 1009 3455 1083 aliquid
3486 1008 3697 1066 horum
3722 1009 3883 1067 eire-

2200 1104 2358 1155 ctum
2412 1099 2736 1173 quemlibet
2761 1100 3077 1173 ﬁe‘cepisse
3124 1117 3231 1156 nos
3280 1100 3535 1173 profecto
3593 1100 3882 1156 nondum

2201 1189 2603 1262 cognovimus,
2636 1193 2693 1245 et
2721 1194 2917 1246 tamen
2949 1188 3046 1244 ille
3079 1194 3279 1245 nostra
3309 1205 3371 1244 se
3399 1186 3545 1245 velle
3582 1186 3882 1261 perﬁcere

2201 1279 2259 1333 in
2283 1278 2558 1335 omnibus
2590 1279 2815 1335 monita
2842 1279 3169 1352 proﬁtetur.
3183 1277 3444 1351 Denique
3470 1277 3879 1350 Waldradam

2199 1368 2272 1422 ad
2287 1385 2393 1424 nos
2407 1385 2522 1424 non
2536 1368 2726 1424 solum
2745 1386 2859 1425 non
2874 1367 3624 1440 misit,sicutsaepiusillum
3639 1367 3875 1424 hortati
3930 1362 3935 1371 ’

2199 1474 2438 1527 sumus;
2458 1475 2660 1515 verum
2692 1459 2870 1514 etiam
2893 1456 3348 1524 Ticinum,dum
3381 1457 3453 1513 ad
3484 1474 3592 1513 nos
3619 1459 3878 1514 tendere

2198 1548 2550 1623 crederetur,
2567 1548 2694 1620 jam
2718 1548 3059 1621 profectam,
3085 1546 3143 1601 in
3167 1544 3387 1604 Gallias
3414 1546 3691 1603 reducere
3717 1564 3878 1619 pro-

2199 1636 2657 1694 curavit.Filiam
2678 1655 2813 1694 vero
2836 1639 3099 1693 nostram
3122 1634 3556 1710 Theutbergam
3568 1636 3871 1709 reginam,

2200 1740 2326 1799 quae
2349 1726 2505 1782 beati
2526 1725 2679 1783 Petri
2703 1743 2765 1783 se
2786 1722 3045 1799 tegmine
3066 1742 3301 1799 semper
3320 1722 3538 1782 muniri
3571 1725 3897 1800 poposcit,_
3932 1742 3937 1749 '

2199 1830 2315 1872 non
2339 1816 2530 1872 solum
2555 1816 2708 1872 sicut
2732 1816 2994 1889 reginam
3012 1810 3337 1872 secundum
3359 1815 3684 1889 praestitum
3701 1817 3878 1889 jura-
3930 1832 3937 1843 '

2198 1907 2464 1961 mentum
2497 1922 2613 1961 non
2646 1909 2895 1985 tractat:
2929 1923 3132 1962 verum
3165 1901 3341 1961 etiam
3374 1922 3481 1961 nec
3513 1922 3615 1979 pro
3645 1904 3874 1963 timore

2197 2084 2313 2157 gali
2338 2084 2567 2152 ﬁndere,
2594 2102 2698 2140 nec
2719 2083 2896 2140 etiam
2919 2101 3022 2156 pro
3044 2084 3246 2140 eodem
3270 2084 3479 2141 collato
3500 2078 3871 2156 iuramento,

2198 2173 2405 2229 saltem
2438 2174 2496 2228 in
2529 2171 2792 2229 minimis
2819 2172 3154 2246 quibusque
3186 2171 3439 2246 negotiis
3470 2170 3655 2230 suam
3697 2170 3864 2232 hanc

2198 2280 2327 2319 esse
2380 2261 2723 2336 participem
2782 2262 3185 2336 recognoscit;
3219 2262 3437 2337 quippe
3483 2278 3660 2337 quam
3692 2266 3867 2321 omni

2197 2353 2466 2425 egestati,
2501 2353 2662 2408 omni
2694 2352 3031 2426 opprobrio,
3065 2351 3225 2409 omni
3266 2370 3507 2425 prorsus
3540 2348 3879 2425 abiectioni'
3920 2340 3925 2349 ’

2198 2442 2694 2499 submittit.Porro
2717 2443 2787 2498 de
2800 2441 3264 2514 praememoratis
3295 2441 3556 2499 ecclesiis
3577 2443 3866 2501 ordinan-
3924 2456 3931 2463 ‘

2196 2531 2287 2587 dis
2320 2549 2435 2587 non
2485 2531 2678 2588 solum
2728 2531 3008 2604 mandata
3052 2526 3254 2588 nostra
3283 2532 3625 2602 contemnit,
3661 2534 3763 2589 sed
3798 2538 3863 2590 et

2197 2638 2498 2677 sacrorum
2531 2638 2823 2677 canonum
2856 2610 3143 2694 praecepta
3171 2621 3495 2687 conculcat,
3517 2623 3659 2679 dum
3689 2623 3859 2680 vide-

3702 423 3947 545 se.

2184 1994 2322 2067 jDei,
2347 2011 2452 2051 nec
2477 2012 2578 2067 pro
2602 1995 2787 2051 sancti
2813 1994 2967 2050 Petri
3000 1990 3342 2063 reverentia,
3376 2010 3481 2051 nec
3512 2011 3617 2068 pro
3648 1995 3871 2067 conju-
3934 2004 3939 2013 ‘

2195 2708 2602 2767 liceteeclesiis
2625 2729 2740 2767 non
2764 2709 3138 2783 compatitur,
3155 2712 3255 2767 sed
3276 2710 3382 2768 has
3399 2705 3563 2767 tanto
3586 2716 3854 2786 tempore
3898 2714 3905 2721 ’

2195 2800 2568 2857 sine'rectore
2595 2818 2829 2857 manere
2861 2800 3168 2873 permittit.
3194 2801 3359 2869 Ecce,
3381 2798 3461 2855 fili
3485 2796 3870 2871 charissime,‘

2196 2888 2491 2963 quomodo
2524 2889 2834 2946 Lotharius
2866 2907 2965 2946 rex
3006 2886 3295 2961 instituta,
3324 2894 3526 2947 nostra
3574 2886 3856 2960 custodit,
3916 2904 3925 2919 '

2194 2996 2324 3036 ecce
2357 2981 2650 3053 quomodo
2680 2997 2880 3035 verum
2914 2978 3193 3052 est,quod
3227 2979 3372 3035 dicit
3399 2984 3600 3036 nostra
3620 2996 3681 3037 se
3705 2980 3856 3039 velle
3914 2996 3923 3009 ‘

2193 3070 2253 3125 in
2288 3068 2565 3126 omnibus
2604 3069 2911 3125 observare
2943 3070 3194 3124 decreta.
3230 3068 3298 3124 Et
3327 3068 3520 3125 adhuc
3546 3069 3619 3125 ad
3651 3087 3760 3127 nos
3789 3066 3855 3129 se
3896 3068 3921 3073 λ’

2193 3172 2503 3232 preperare
2532 3158 2677 3214 velle
2710 3159 3097 3228 demonstrat,
3131 3174 3266 3214 cum
3296 3156 3355 3213 id
3390 3175 3463 3214 ne
3493 3157 3619 3215 sine
3648 3158 3854 3217 nostra
3894 3158 3899 3165 ’

2193 3247 2427 3305 licentia
2454 3252 2853 3322 praesumeret,
2887 3265 2995 3304 nos
3026 3247 3078 3304 ei
3111 3264 3264 3321 saepe
3293 3247 3620 3306 districtius
3648 3242 3851 3322 injun-
3908 3246 3917 3265 '

422 3336 584 3389 vinea
606 3352 727 3392 mea
753 3352 766 3393 :
790 3340 850 3392 at
871 3320 966 3393 ille
990 3338 1349 3410 respondens
1373 3337 1454 3393 ait
1479 3354 1491 3392 :
1515 3338 1609 3406 Eo,
1632 3320 1879 3407 Domine,
1901 3351 1953 3398 et
1969 3360 2081 3399 non
2111 3320 2155 3389 C
2189 3320 2539 3417 xerimusvet
2588 3336 3082 3411 prohibuerimus.
3115 3320 3346 3412 Verrunt
3377 3354 3556 3410 quam
3600 3339 3672 3395 ob
3710 3320 3846 3397 rem
3908 3342 3915 3349 ’

2187 3424 2502 3484 Lotharius
2559 3428 2806 3483 Romam
2865 3426 3156 3500 proﬁcisci
3215 3427 3447 3500 gestiat,
3480 3428 3769 3485 miramur
3792 3430 3844 3486 si
3904 3422 3915 3451 “

2186 3522 2443 3573 veStram
2486 3516 2665 3573 latere
2713 3516 2905 3589 potuit
2942 3515 3335 3589 prudentiam.
3370 3515 3573 3590 Itaque
3604 3510 3846 3590 impleat
3904 3512 3911 3541 ί

2188 3602 2353 3679 prius
2373 3610 2583 3662 cuncta
2613 3622 2741 3679 quae
2771 3606 3186 3679 praemisimus,
3209 3607 3390 3663 totius
3414 3607 3736 3664 occasionis
3754 3609 3844 3666 vel

2187 3695 2439 3750 sinistrae
2489 3695 2847 3768 suspicionis
2896 3694 3156 3751 fomitem
3192 3688 3225 3751 a
3259 3712 3321 3751 se
3349 3696 3552 3768 procul
3584 3697 3840 3769 abjiciat,

2186 3784 2305 3839 imo
2347 3801 2481 3841 vero
2511 3802 2545 3840 a
2576 3785 2795 3840 nostris
2844 3778 3146 3842 mentibus
3196 3789 3481 3858 amputet,
3515 3791 3572 3842 et
3596 3791 3758 3856 tunc,
3789 3790 3838 3845 si
3878 3780 3911 3812 ”

2186 3874 2235 3931 ei
2261 3874 2337 3930 sit
2358 3874 2473 3929 huc
2492 3873 2871 3942 veniendum,
2894 3892 2929 3930 a
2952 3874 3121 3930 nobis
3143 3879 3233 3931 est
3262 3864 3510 3931 sollicite
3540 3877 3839 3948 providen-

2185 3964 2349 4020 dum.
2383 3963 2687 4037 Siquidem
2738 3963 2913 4020 etiam
2965 3963 3013 4019 si
3064 3967 3294 4033 cuncta,
3328 3981 3458 4037 quae
3509 3982 3615 4022 nos
3656 3966 3705 4022 ei
3739 3984 3836 4023 su-

2185 4048 2930 4125 pra"commemoravimus
2978 4053 3330 4125 injunxisse,
3362 4054 3598 4126 penitus
3647 4046 3835 4113 adim-

2184 4142 2341 4215 pleta
2388 4141 2673 4215 potuisset
2730 4141 3057 4210 ostendere,
3093 4159 3199 4198 nec
3237 4140 3321 4199 sic
3352 4143 3401 4199 ei
3436 4147 3639 4201 contra
3666 4145 3837 4202 inter-

2184 4232 2406 4287 dictum
2465 4236 2729 4287 nostrum
2785 4231 3031 4287 Romam
3091 4233 3281 4287 fuerat
3347 4235 3830 4307 properandum:

2184 4326 2403 4393 quanto
2460 4321 2660 4377 minus
2711 4338 2887 4390 nunc,
2919 4321 3155 4393 quando
3207 4321 3381 4378 toties
3431 4339 3466 4378 a
3516 4323 3685 4381 nobis
3733 4327 3831 4382 ad-

2184 4410 2442 4465 monitus
2491 4410 2638 4465 nihil
2690 4410 2761 4465 de
2803 4410 2887 4465 eis
2937 4402 3831 4471 consummasse’convincitur?

2142 4504 2145 4513 '
2182 4500 2365 4573 Igitur
2405 4499 2638 4555 dilectio
2679 4504 2872 4555 vestra
2917 4490 3087 4554 illum
3138 4517 3294 4556 nunc
3341 4500 3538 4557 venire
3587 4494 3824 4559 Romam

2180 4605 2377 4661 qumso
2409 4587 2713 4660 prohibeat
2746 4604 2758 4643 :
2794 4586 3077 4660 alioquin,
3112 4586 3258 4643 mihi
3286 4588 3529 4656 credite,
3552 4587 3602 4644 si
3632 4594 3824 4655 contra

412 4686 595 4755 [forte,
629 4680 921 4753 praestitit]
956 4677 1265 4734 Ecclesiae?
1296 4675 1409 4731 nisi
1442 4677 1825 4752 Theutbergac
1858 4681 2068 4754 reginas
2102 4695 2147 4761 D
2180 4678 2546 4751 propositum
2598 4679 2866 4733 nostrum
2911 4676 3057 4733 forte
3087 4672 3551 4750 praesumpserit,
3587 4678 3822 4736 minime

406 4771 679 4845 conjugis
709 4771 836 4841 ejus
861 4769 1012 4840 apud
1037 4770 1310 4823 sanctum
1343 4770 1582 4822 Petrum
1611 4768 1950 4839 praesidium
1976 4788 2066 4827 re-
2176 4762 2337 4823 ébm‘
2364 4782 2479 4839 qua
2527 4766 2692 4840 cupit
2736 4762 3043 4822 honestate
3072 4766 3160 4823 vel
3198 4765 3301 4822 hic
3333 4764 3709 4840 suscipietur,
3740 4769 3820 4825 vel
3873 4772 3878 4783 '

405 4862 503 4935 qui
514 4860 696 4917 rentis
710 4858 1082 4915 securitatem
1095 4855 1122 4910 ‘?
1137 4855 1248 4911 nisi
1266 4859 1526 4910 nostram
1542 4855 1715 4912 etiam
1731 4862 1861 4929 post
1872 4863 1959 4915 tot
1978 4859 2062 4917 la-

401 4953 574 5008 bores
589 4948 904 5022 aliquando
920 4945 1182 5017 requiem
1197 4945 1224 4999 ?
1244 4943 1390 4998 Nam
1408 4942 1541 4999 hinc
1557 4944 1707 5000 inter
1720 4945 2062 5009 innumeras

400 5040 545 5097 alias
558 5057 729 5095 curas
746 5036 1033 5110 praecipue
1047 5032 1553 5100 laboramus,binc
1570 5036 1867 5093 omnimod
1878 5055 1971 5094 am
1988 5041 2071 5098 de’

395 5129 719 5185 Waldrada
749 5125 975 5182 mcecba
1004 5130 1063 5180 et
1108 5122 1615 5179 cxcommunicata
1659 5126 2054 5198 suspicionem

394 5218 711 5275 adimenda
761 5232 913 5287 sepe
968 5214 1355 5270 decrevimus.
1391 5212 1535 5268 Hinc
1585 5214 1760 5269 etiam
1812 5221 1878 5271 ut
1921 5218 2052 5274 nevi

391 5307 727 5365 Treverensi
762 5310 817 5360 et
846 5301 1178 5360 Coloniensi
1211 5301 1485 5357 Ecclesiis
1517 5302 1809 5359 antistites
1838 5306 2048 5363 daren-

387 5403 486 5454 tur
516 5396 883 5470 injunximus
918 5412 929 5449 :
967 5392 1234 5448 videlicet
1256 5390 1356 5463 qui
1388 5408 1495 5448 nec
1526 5408 1630 5464 per
1655 5391 2046 5466 Theutgualdi

389 5484 772 5544 etGuntbarii
797 5485 1024 5539 dudum
1059 5481 1491 5554 episcoporum,
1516 5498 1622 5536 nec
1647 5483 1891 5553 perjam
1920 5486 2045 5541 fatae

385 5577 718 5633 Waldrada:
771 5577 1022 5631 favorem
1060 5571 1535 5645 proveherentur,
1572 5572 1672 5626 sed
1705 5572 1980 5629 canonice
2012 5593 2046 5630 a

384 5664 520 5719 ﬁliis
539 5672 587 5721 et
610 5668 678 5721 de
700 5664 975 5735 ﬁliisjam
995 5661 1426 5719 nominatarum
1452 5659 1832 5716 ecclesiarum
1848 5661 2040 5731 electi,

382 5752 453 5807 ab
468 5753 557 5809 his
571 5755 666 5826 qui
682 5754 1020 5810 earumdem
1033 5750 1411 5807 ecclesiarum
1427 5749 1718 5806 antistites
1735 5749 1885 5805 soliti
1901 5757 2043 5808 sunt

2176 4856 2312 4912 hinc
2335 4857 2591 4929 profecto
2615 4855 3003 4933 regredietur:
3020 4850 3162 4911 Nam
3184 4850 3563 4913 sicutmulier
3581 4847 3818 4915 Domino
3854 4858 3857 4863 ’
3890 4866 3894 4881 ¹

2172 4946 2286 5001 ﬁde
2311 4946 2650 5018 proximans
2668 4944 2858 5018 tangit
2879 4960 2892 5013 ;
2913 4940 3086 5001 turba
3104 4962 3239 5002 vero
3262 4944 3395 5001 li‘cet
3416 4942 3814 5019 tangit,tamen

2170 5034 2531 5107 comprimit;
2559 5034 2642 5090 sic
2674 5034 2817 5107 proh
2851 5033 3043 5090 dolor!
3068 5034 3180 5091 isto
3211 5034 3270 5089 in
3299 5039 3559 5107 tempore
3583 5036 3809 5109 quidam
3864 5032 3893 5061 ’-

2165 5123 2275 5180 etsi
2314 5125 2719 5196 approximare
2763 5124 3057 5190 videntur,
3109 5116 3301 5180 tactus
3347 5128 3545 5181 tamen
3594 5120 3807 5195 eorum,

2163 5214 2301 5285 quia
2326 5230 2437 5269 non
2461 5229 2529 5269 ex
2555 5214 2685 5281 ﬁde,
2710 5228 3049 5285 pressuram
3078 5212 3285 5287 gignit,
3304 5206 3807 5288 et'approximatio

2160 5302 2559 5359 turbationem
2591 5303 2849 5359 adducit.
2883 5303 3031 5375 Ergo
3060 5320 3296 5361 necesse
3318 5308 3415 5361 'est
3454 5309 3518 5360 ut
3546 5304 3722 5361 talem
3753 5322 3805 5363 se

2159 5392 2216 5448 in
2240 5394 2469 5449 cunctis
2500 5393 2769 5449 exhibeat
2801 5408 2898 5449 rex
2929 5392 3260 5460 Lotharius,
3288 5397 3353 5450 ut
3373 5411 3480 5452 nos
3512 5411 3647 5451 eum
3679 5408 3802 5468 gra-

2156 5484 2301 5537 tanti
2336 5482 2532 5538 animo
2560 5482 2835 5555 primitus
2887 5482 3186 5555 suscipere
3237 5483 3613 5552 delectemur,
3645 5488 3702 5542 et
3730 5476 3800 5542 ita

2154 5572 2394 5627 demum
2423 5572 2748 5626 venientem
2782 5572 3056 5643 expansis
3088 5573 3342 5630 brachiis
3365 5573 3797 5646 amplectemur.

2152 5661 2313 5725 Quod
2337 5660 2504 5717 aliter
2521 5660 2641 5715 ﬁeri
2668 5676 2781 5716 non
2807 5661 3043 5733 poterit,
3063 5661 3174 5717 nisi
3198 5662 3518 5721 Waldrada
3538 5664 3793 5731 Romam,

2152 5750 2324 5808 sicuti
2383 5753 2637 5821 coeptum
2697 5744 3349 5845 fuerat,dirigatur,gut
3387 5752 3657 5843 videlicet
3698 5760 3827 5811 nos'
