4138 6476
428 493 584 558 1179

1801 479 2115 546 NICOLAI
2157 479 2385 545 ΡΑΡΛΕ
2427 481 2478 545 Ῑ.

3697 479 3864 544 1180

425 631 552 689 1000
587 626 926 694 reconditis,
960 622 1075 681 sia
1116 622 1350 697 speciali
1407 621 1526 676 tilio
1576 624 1774 676 nostro
1822 622 2085 691 Augusto
2116 617 2164 683 Α
2198 618 2304 673 Sed
2344 618 2482 690 quia
2525 618 2678 674 idem
2713 617 3002 691 gloriosus
3060 636 3160 675 rex
3217 622 3377 675 metu
3436 611 3863 691 Teutbergain,

429 720 694 779 obtinere
710 715 1172 791 potuerimus,ut
1193 729 1325 769 cum
1351 712 1541 784 ipsius
1562 710 1799 766 homine
1822 713 2086 765 nostrum

426 811 569 867 illuc
594 808 1008 882 dirigamus,et
1028 822 1095 861 ea
1112 806 1175 859 ut
1192 802 1363 858 nobis
1395 802 1521 857 sine
1552 799 1750 872 aliquo
1781 798 2088 871 dispendio

427 902 788 966 deferantur,
814 896 1186 969 recipiamus,
1212 893 1536 967 gratiarum
1559 891 1819 946 actiones
1838 888 2087 944 Domino

428 989 810 1064 rependendas
842 989 998 1041 sunt.
1019 984 1117 1039 Sin
1143 986 1363 1051 autem,
1387 981 1638 1037 missum
1670 983 1937 1035 nostrum
1971 979 2087 1033 Deo

430 1081 637 1154 opiﬁce
667 1075 1117 1139 destinabimus,
1150 1072 1253 1145 qui
1303 1070 1557 1143 qualiter
1588 1070 1647 1124 in
1686 1074 1878 1124 vestro
1910 1085 2087 1141 regno

430 1172 550 1227 sint
579 1166 877 1224 recondita
905 1182 971 1219 ac
1002 1163 1313 1226 custodita,
1338 1178 1473 1216 cum
1499 1164 1691 1214 vestro
1726 1158 1907 1213 misso
1941 1176 2086 1230 prse-

426 1261 650 1325 videat;
684 1260 741 1312 et
766 1254 860 1310 his
891 1251 1278 1309 nihilominus
1312 1249 1544 1305 interim
1579 1249 1636 1303 in
1669 1252 1858 1304 vestro
1909 1263 2088 1320 regno

428 1351 577 1406 bene
627 1345 886 1410 salvatis,
921 1347 1021 1398 aut
1051 1341 1223 1397 nobis
1256 1339 1571 1406 renuntiet,
1606 1342 1709 1393 aut
1739 1342 1892 1393 certe
1925 1337 2091 1409 quid-

429 1439 569 1513 quid
628 1434 1087 1510 przeviderimus,
1139 1429 1227 1485 vel
1284 1428 1675 1497 sanxerimus,
1718 1428 1905 1482 facere
1972 1444 2087 1481 non

428 1528 681 1586 omittat.
715 1526 829 1579 Aut
858 1522 907 1577 si
939 1520 1123 1591 gloria
1155 1524 1368 1585 vestra,
1404 1534 1768 1589 quaacunque
1816 1515 1917 1570 illa
1961 1516 2084 1571 fue-

430 1618 549 1674 rint
604 1615 755 1670 int‘ra
813 1610 1170 1667 territorium
1222 1607 1465 1663 ditionis
1529 1611 1754 1669 vestrm,
1821 1604 2091 1660 videlicet

430 1721 619 1778 usque
667 1701 988 1758 Bononiam
1039 1703 1139 1753 aut
1189 1698 1523 1752 Ravennam
1579 1694 1817 1767 perduci
1867 1694 2087 1759 fecerit,

428 1799 662 1851 tantum
713 1796 779 1846 ut
828 1805 1037 1844 secura
1084 1787 1224 1845 sint.
1256 1786 1365 1841 hoc
1415 1784 1600 1839 multo
1649 1783 1905 1856 amplius
1946 1782 2090 1838 utile

432 1888 490 1940 et
537 1885 769 1957 gratum
828 1876 1200 1943 habebimus,
1260 1874 1539 1946 quoniam
1600 1877 1656 1929 et
1712 1891 1821 1928 nos
1877 1873 2089 1928 deinde

2201 709 2512 764 admisisse
2546 726 2606 765 se
2637 709 2778 764 dicit
2810 727 2823 764 :
2856 727 2957 765 vos
2989 708 3132 765 illud
3165 709 3568 783 evangelicum
3602 708 3863 775 recolite,

2201 798 2359 871 quod
2392 799 2678 855 Dominus
2713 817 2724 855 :
2758 801 2958 867 Nolite,
2987 798 3400 872 inquit,timere
3427 815 3512 855 eos
3540 801 3640 871 qui
3665 815 3870 871 corpus

2200 888 2453 945 occidunt
2490 889 2706 959 (Matth.
2757 888 2843 961 x);
2897 892 2955 944 et
2999 890 3213 945 iterum
3263 889 3347 945 ait
3396 905 3409 945 :
3464 889 3605 958 Quid
3648 889 3877 962 prodest

2200 979 2490 1041 homini,si
2518 980 2840 1033 universum
2877 979 3147 1035 mundum
3194 980 3458 1047 lucretur,
3492 981 3700 1036 anima;-
3735 995 3873 1035 vero

2198 1083 2317 1123 sua?
2366 1068 2755 1123 detrimentum
2803 1070 3094 1140 patiatur?
3142 1070 3350 1137 (Matth.
3384 1069 3484 1141 v1.)
3528 1074 3590 1123 In
3643 1069 3873 1141 quibus

2199 1156 2520 1212 Dominicis
2570 1157 2876 1213 sententiis
2925 1158 3418 1213 considerandum
3470 1163 3577 1225 est,
3621 1158 3776 1230 quod
3811 1159 3867 1213 si

2200 1246 2489 1302 occisores
2520 1263 2829 1319 corporum
2864 1247 3109 1302 timendi
3143 1265 3257 1303 non
3291 1252 3429 1303 sunt
3458 1251 3663 1303 contra
3682 1248 3868 1320 justi-

2201 1334 2341 1391 tiam
2377 1335 2678 1392 hominem
2711 1335 3166 1408 impellentes,et
3196 1336 3426 1392 lucrum
3450 1337 3630 1393 totius
3652 1337 3865 1393 mundi

2200 1443 2315 1480 non
2366 1426 2552 1497 prosit
2599 1426 2824 1481 homini
2873 1426 3071 1481 anima
3111 1426 3358 1498 perdita,
3391 1431 3611 1498 quanto
3662 1427 3868 1481 minus

2201 1520 2358 1570 metu
2395 1516 2572 1571 unius
2602 1515 2859 1572 hominis
2883 1519 3087 1571 tantus
3128 1533 3227 1571 rex
3279 1515 3500 1583 debuit,
3531 1520 3734 1572 contra
3763 1516 3862 1571 di-

2198 1604 2400 1660 vinum
2434 1586 2877 1678 praeceptumIin
2907 1605 3167 1661 immane
3199 1605 3587 1678 praecipitium
3628 1605 3868 1678 mergi?

2201 1695 2263 1751 111
2312 1694 2419 1751 hoc
2461 1700 2613 1750 certe
2641 1712 2702 1751 se
2726 1694 2916 1766 magis
2945 1695 3465 1767 reprehensibilem
3494 1695 3768 1764 ostendit,
3800 1696 3867 1750 in

2199 1802 2316 1857 quo
2344 1784 2527 1839 amori
2560 1783 2766 1839 mundi
2799 1801 3058 1839 amorem
3091 1784 3190 1839 Dei
3225 1784 3688 1857 postposuit.Ubi
3713 1785 3867 1841 nihil

2198 1874 2364 1929 vobis
2394 1873 2553 1928 aliud
2585 1873 2981 1946 prmcipimus,
3014 1873 3489 1931 manifestatione
3519 1891 3628 1931 sua
3656 1876 3865 1931 eodem

433 1974 609 2029 modo
640 1987 755 2043 quo
785 1965 1143 2025 valuerimus
1174 1981 1363 2036 usque
1394 1964 1733 2035 Romanyea
1765 1962 2086 2034 ferrijube-
2121 1992 2168 2057 B
2201 1981 2334 2035 rege
2376 1963 2657 2028 convicto,
2712 1963 2826 2019 nisi
2879 1966 2942 2018 ut
2989 1964 3318 2019 secundum
3369 1965 3714 2021 canonicam
3760 1983 3869 2020 au-

432 2063 652 2119 bimus.

1160 2153 1375 2208 CLVII.

576 2267 648 2306 Αι)
687 2263 987 2304 01³1000000
1031 2261 1270 2300 LEGATOS
1312 2261 1367 2299 IN
1408 2258 1686 2298 FRANCIAM
1727 2258 1947 2297 MISSOS.

433 2342 594 2397 Mittit
624 2339 693 2395 ad
721 2354 808 2395 eos
833 2335 1310 2392 commonitorium
1352 2350 1454 2404 pro
1500 2349 1668 2387 causa
1722 2332 2090 2400 Theutbergae.

804 2425 993 2500 [Apud
1025 2422 1237 2490 Mansi,
1273 2424 1432 2479 Cone.
1465 2426 1608 2476 tom.
1641 2420 1737 2476 XV

506 2541 1017 2603 Reverentissimis
1063 2544 1122 2595 et
1181 2537 1574 2594 sanctissimis
1630 2538 1978 2593 Rnonoawo
2036 2541 2095 2593 et

432 2638 644 2695 JOANNI
675 2632 986 2706 episcopis.

507 2722 1015 2790 Quemadmodum
1043 2722 1256 2775 sancta:
1288 2718 1561 2772 Romanae
1594 2715 1859 2771 Ecclesiae
1894 2716 2094 2771 fideles

436 2814 600 2883 estis,
628 2816 685 2868 et
733 2808 1063 2884 apostolicae
1124 2807 1281 2863 sedis
1338 2805 1625 2861 columna:
1684 2805 1960 2873 existitis;
2012 2806 2096 2861 ita

434 2902 833 2961 custodientes
872 2898 1073 2955 omnia
1111 2897 1435 2954 secundum
1472 2895 1724 2968 priorem
1766 2895 2097 2968 praaceptio-

434 3012 569 3051 nem
602 2996 865 3048 nostram
890 3005 1166 3063 peragere
1188 2986 1479 3051 festinate,
1503 2990 1561 3042 et
1582 2985 1750 3040 Metis
1772 2984 2095 3057 apostolica

434 3082 781 3141 auctoritate
828 3078 1049 3152 synodo
1098 3079 1354 3141 evocata,
1388 3080 1588 3131 nostra
1613 3076 1786 3145 jussa
1808 3074 2089 3146 perﬁcite.

433 3173 595 3239 Quod
619 3171 665 3227 si
691 3169 951 3244 synodus
968 3167 1377 3239 episcoporum
1402 3181 1463 3220 se
1485 3164 1624 3220 illuc
1645 3164 1889 3220 minime
1912 3164 2091 3220 colle-

433 3257 1041 3337 gerit,autLotharius
1060 3255 1255 3312 venire
1268 3254 1731 3322 distulerit,tunc
1751 3272 1851 3309 vos
1869 3255 1941 3310 ad
1955 3272 2089 3310 eum

432 3368 671 3426 pergere
702 3349 1017 3415 studete,et
1045 3349 1247 3402 nostra
1267 3346 1439 3417 jussa
1468 3347 1643 3416 atque
1686 3344 1958 3400 instituta
1990 3346 2087 3399 de-

431 3441 669 3498 clarate.
703 3440 773 3494 Et
800 3437 1012 3493 deinde
1042 3452 1177 3489 cum
1212 3451 1314 3507 pro
1345 3451 1525 3489 causa
1555 3432 1781 3489 Baldini
1813 3434 1884 3489 ad
1912 3435 2090 3490 Caro-

431 3529 553 3586 lum
588 3524 1176 3603 perrexeritis,eidem
1195 3523 1451 3596 glorioso
1476 3523 1595 3595 regi
1620 3522 1898 3595 epistolas
1922 3541 2090 3595 syno-

431 3620 678 3686 dicas,et
705 3617 813 3672 has
843 3632 993 3688 quas
1017 3630 1172 3668 nunc
1188 3611 1353 3668 vobis
1375 3611 1934 3685 dirigimus,pariter
1953 3629 2087 3667 cum

430 3705 878 3766 commonitorio
906 3702 1294 3776 praesentibus
1311 3701 1537 3756 cunctis
1553 3702 1871 3770 ostendite;
1895 3706 1953 3757 et
1972 3719 2088 3757 non

432 3797 625 3854 solum
676 3794 749 3863 ei,
780 3794 880 3849 sed
927 3796 984 3848 et
1031 3790 1307 3846 omnibus
1354 3790 1666 3862 episcopis,
1701 3795 1757 3845 et
1802 3792 2090 3847 universis

429 3885 705 3942 fidelibus
734 3884 842 3938 hoc
876 3886 1079 3937 notum
1113 3880 1388 3935 facientes
1421 3880 1613 3952 palam
1648 3880 1837 3953 legere
1886 3886 1944 3936 et
1991 3881 2089 3936 de-

431 3974 706 4033 nuntiare
737 3973 984 4029 studete.
1022 3971 1303 4025 Praeterea
1350 3970 1557 4024 scitote
1604 3987 1638 4024 a
1687 3970 1856 4025 nobis
1883 3974 2088 4026 vestrae

430 4062 729 4123 sanctitati
787 4064 936 4118 duas
996 4058 1171 4130 dirigi
1230 4057 1508 4132 epistolas
1566 4059 1687 4114 vice
1736 4059 2085 4128 ablatarum,

430 4145 610 4212 unam
642 4152 843 4209 Carolo
874 4149 1015 4223 regi,
1050 4149 1368 4205 secundam
1401 4166 1531 4204 vero
1570 4148 1757 4203 uxori.
1793 4148 2091 4221 Episcopis

430 4248 626 4302 autem
652 4242 847 4299 Galliae
899 4244 955 4296 et
1006 4238 1327 4295 Germaniae
1373 4237 1614 4294 alterum
1648 4254 1783 4292 cum
1825 4238 1933 4293 hac
1963 4239 2092 4310 ipsa

431 4334 504 4390 ad
534 4349 637 4388 vos
666 4331 960 4387 destinata
989 4329 1365 4383 mandamus.

548 4462 1039 4504 COMMONITORIUM
1082 4460 1307 4498 LEGATIS
1346 4458 1715 4498 SUPRADICTIS
1755 4458 1972 4498 DATUM.

507 4566 579 4637 (a)
614 4562 925 4619 Lotharius
956 4561 1265 4633 proﬁtetur
1301 4558 1683 4613 Waldradam
1734 4576 1796 4613 se
1849 4576 1883 4613 a
1931 4562 2092 4631 patre

432 4653 751 4725 accepisse,
783 4655 841 4706 et
878 4667 1138 4705 sororem
1187 4649 1565 4721 postmodum
1615 4647 1925 4703 admisisse
1973 4649 2090 4703 Hu-

2203 2053 2532 2109 ctoritatem
2590 2055 2791 2108 nostra
2846 2069 2983 2108 voce
3031 2053 3185 2120 freti,
3227 2070 3466 2109 causam
3514 2053 3675 2110 illius
3722 2055 3872 2111 deﬁ-

2203 2142 2401 2199 niatis.
2437 2142 2536 2198 Sin
2567 2159 2701 2198 vero
2734 2142 2977 2197 minime
3009 2141 3322 2215 probatum
3375 2143 3570 2212 fuerit,
3613 2145 3868 2201 Wadra-

2204 2234 2339 2288 dam
2372 2248 2614 2287 uxorem
2634 2231 3374 2305 fuisselegitimam,neque
3404 2232 3626 2304 nuptiis
3651 2250 3870 2289 secun-

2204 2323 2346 2378 dum
2383 2339 2604 2377 morem
2653 2321 2978 2387 celebratis,
3013 2339 3116 2394 per
3162 2321 3595 2379 beneditionem
3643 2323 3872 2379 scilicet

2205 2411 2548 2478 sacerdotis,
2580 2411 2700 2468 ﬁlio
2731 2416 2930 2467 nostro
2963 2410 3236 2467 Lothario
3278 2412 3572 2469 exstitisse
3611 2413 3869 2483 conjun-

2203 2504 2358 2557 ctam
2394 2518 2407 2555 :
2442 2500 2933 2573 suggeriteilli,ut
2959 2518 3072 2557 non
3099 2500 3345 2557 moleste
3368 2501 3863 2575 feratlegitimam

2204 2590 2337 2658 sibi,
2374 2591 2421 2645 si
2453 2591 2584 2664 ipsa
2611 2590 2895 2646 innocens
2926 2591 3285 2663 apparuerit,
3320 2590 3681 2647 reconciliari
3730 2609 3872 2648 uxo-

2204 2698 2359 2748 rem;
2394 2697 2499 2736 nec
2529 2680 2588 2735 in
2622 2680 2730 2735 hoc
2762 2679 2925 2735 canis
2953 2680 3079 2735 voci
3113 2680 3498 2752 obtemperet,
3533 2682 3634 2737 sed
3668 2680 3871 2754 potius

2203 2769 2417 2825 divinis
2448 2768 2755 2841 perceptis
2787 2768 3087 2839 obediens,
3121 2769 3338 2841 pudeat
3367 2786 3524 2839 eum,
3544 2769 3663 2825 imo
3695 2772 3875 2843 perti-

2203 2860 2513 2926 mescat,in
2561 2857 2801 2913 luxuriae
2861 2862 3116 2914 stercore
3165 2860 3559 2929 putreﬁeri,et
3600 2860 3871 2917 volunta-

2201 2951 2319 3003 tem
2353 2947 2649 3019 propriam
2684 2947 2981 3018 sequendo
3014 2950 3149 3002 ante
3181 2947 3441 3002 tribunal
3467 2947 3678 3004 Christi
3703 2950 3872 3006 stric-

2202 3042 2323 3093 tam
2359 3054 2572 3110 ponere
2604 3036 2909 3092 rationem.
2948 3036 3232 3092 Praeterea
3249 3054 3352 3093 vos
3383 3037 3532 3093 scire
3553 3037 3700 3107 volo,
3729 3039 3872 3111 quia

2202 3127 2445 3199 prmfata
2475 3126 2852 3199 Theutberga
2880 3124 3263 3198 apostolicam
3296 3126 3495 3182 sedem
3529 3127 3620 3183 bis
3669 3132 3726 3183 et
3781 3132 3871 3185 ter

2203 3215 2536 3289 appellavit,
2562 3220 2618 3271 et
2649 3232 2711 3271 se
2733 3233 2767 3270 a
2798 3216 3038 3288 praefato
3071 3231 3204 3287 rege
3234 3213 3490 3288 glorioso
3537 3221 3745 3290 questa
3774 3224 3867 3275 est

2202 3304 2423 3377 injuste
2454 3305 2635 3361 fuisse
2665 3306 2974 3376 dejectam,
3006 3308 3062 3359 et
3087 3305 3140 3359 vi
3172 3308 3432 3361 coactam
3460 3304 3671 3362 falsum
3715 3324 3860 3362 con-

2204 3399 2295 3451 tra
2324 3412 2385 3451 se
2409 3394 2812 3468 composuisse
2842 3392 3163 3466 piaculum.
3198 3394 3342 3449 Nam
3388 3410 3453 3449 eo
3479 3398 3741 3468 tempore
3785 3399 3858 3453 ad

2200 3484 2581 3558 apostolicam
2614 3484 2811 3540 sedem
2842 3482 3105 3538 libellum
3137 3483 3548 3556 appellationis
3577 3502 3695 3541 suae
3745 3488 3856 3541 mi-

2200 3576 2295 3642 sit,
2331 3574 2389 3629 in
2422 3591 2538 3646 quo
2571 3591 2685 3630 non
2721 3573 2958 3645 quidem
3008 3573 3202 3629 adhuc
3254 3573 3604 3641 confessam,
3638 3576 3738 3631 sed
3793 3582 3859 3633 ut

2200 3668 2403 3720 contra
2433 3680 2493 3718 se
2527 3663 2739 3718 falsum
2771 3663 2990 3718 diceret
3013 3661 3389 3735 crimen,cogi
3420 3679 3548 3719 sese
3578 3663 3854 3722 innotuit.

2200 3751 2447 3822 Insuper
2495 3751 2883 3822 subjungens.
2926 3749 3084 3812 Quod
3137 3749 3183 3804 si
3237 3749 3495 3823 amplius
3552 3753 3855 3825 compulsa

2200 3841 2381 3905 fuero,
2416 3839 2621 3895 scitote
2652 3855 2768 3894 non
2815 3838 3080 3908 veritate,
3132 3839 3233 3894 sed
3282 3838 3490 3896 timore
3540 3842 3767 3911 mortis,
3800 3847 3895 3899 et-

2198 3928 2479 3986 evadendi
2510 3928 2727 3992 studio,
2766 3927 2907 4000 quia
2935 3927 3101 3984 aliter
3128 3945 3244 3983 non
3275 3945 3541 4000 possum,
3574 3932 3731 4003 quod
3759 3949 3857 3988 vo-

2198 4019 2416 4077 luerint
2446 4018 2660 4073 dicam.
2684 4017 2801 4073 Vos
2824 4022 3020 4073 autem
3053 4035 3344 4075 memores
3375 4023 3559 4076 estote
3590 4018 3704 4075 mei
3738 4020 3861 4076 haec

2198 4109 2364 4164 vobis
2396 4107 2773 4162 insinuantis.
2806 4107 2968 4163 Unde
2998 4106 3374 4180 prazcipimus
3402 4107 3588 4176 vobis,
3623 4113 3688 4165 ut
3725 4126 3861 4165 cum

2200 4198 2403 4254 eadem
2453 4197 2823 4269 Theutberga
2866 4197 2939 4251 ad
2990 4196 3319 4252 condictam
3371 4198 3660 4270 synodum
3702 4199 3861 4255 sicut

2200 4286 2518 4343 statuimus
2549 4286 2870 4354 advenerit,
2901 4303 3141 4341 causam
3173 4286 3302 4356 ejus
3333 4286 3599 4360 diligenti
3643 4288 3861 4343 exami-

2200 4376 2436 4432 natione
2468 4375 2761 4443 tractetis;
2795 4378 2851 4429 et
2883 4376 2930 4430 si
2956 4375 3007 4430 ei
3040 4374 3497 4448 objicitur,quod
3522 4375 3622 4431 illa
3640 4378 3862 4434 crimen

2202 4482 2263 4520 se
2295 4464 2531 4536 aliquod
2561 4463 2872 4519 admisisse
2903 4464 3171 4519 confessa
3201 4465 3427 4532 fuisset,
3461 4470 3520 4521 et
3563 4470 3765 4522 contra
3793 4466 3858 4522 i1-

2200 4554 2259 4610 la
2303 4553 2640 4609 violentiam
2693 4569 2755 4608 se
2805 4552 3117 4624 pertulisse
3167 4553 3635 4625 proclamaverit,
3678 4554 3767 4610 vel
3812 4556 3861 4611 si

2200 4644 2473 4699 inimicos
2530 4642 2641 4697 sibi
2693 4642 2928 4713 judices
2984 4642 3167 4696 fuisse
3225 4646 3439 4698 testata
3478 4643 3683 4712 fuerit;
3718 4649 3857 4699 tunc

432 4742 636 4798 cberti.
691 4739 796 4796 Ubi
856 4739 1115 4812 primum
1175 4736 1441 4809 diligenti
1498 4734 1946 4809 investigatione
2002 4738 2090 4793 in-
2122 4742 2171 4807 D
2202 4732 2347 4789 illud
2380 4730 2669 4788 renovetis
2692 4729 2986 4801 judicium
3020 4731 3346 4787 secundum
3402 4732 3695 4804 azquitatis
3728 4751 3857 4789 nor-

431 4831 666 4905 quirite,
701 4834 759 4885 et
789 4828 837 4885 si
869 4829 1143 4884 eumdem
1175 4825 1499 4899 gloriosum
1532 4842 1725 4899 regem
1760 4826 2095 4898 praedictam

430 4920 812 4977 Waldradam
870 4916 1193 4991 praemissis
1250 4915 1507 4980 dotibus,
1558 4932 1755 4971 coram
1813 4917 2086 4989 testibus,

432 5010 761 5067 secundum
804 5008 992 5081 legem
1040 5010 1098 5062 et
1146 5004 1345 5074 ritum,
1379 5022 1494 5077 quo
1543 5004 1759 5077 nuptiae
1810 5006 2089 5063 celebrari

431 5099 641 5166 solent,
675 5115 778 5171 per
834 5095 1035 5152 omnia
1090 5092 1432 5150 inveneritis
1489 5094 1804 5166 accepisse,
1866 5100 1923 5151 et
1978 5114 2090 5168 pu-

431 5187 587 5244 blica
626 5185 1103 5242 manifestatione
1132 5185 1335 5239 eadem
1361 5182 1677 5239 Waldrada
1698 5182 1757 5238 in
1789 5185 2089 5239 matrimo-

431 5279 597 5335 nium
631 5277 820 5349 ipsius
847 5275 1111 5331 admissa
1153 5278 1270 5341 est;
1304 5276 1483 5328 restat
1532 5277 1595 5328 ut
1641 5274 2092 5345 perscrutemini

432 5385 538 5424 cur
582 5365 687 5421 illa
737 5364 1045 5437 repudiata
1088 5362 1182 5431 sit,
1214 5362 1302 5418 vel
1353 5361 1472 5418 illia
1520 5362 1764 5419 Bosonis
1809 5363 2089 5419 admissa.

504 5512 582 5585 (α)
616 5511 903 5585 ιονιὴανίιιδ
931 5509 1234 5585 proﬁtetur.
1268 5507 1447 5585 Apud
1472 5508 1713 5585 _Ivone‘m
1746 5510 1926 5585 parte
1969 5524 2092 5585 vui,

434 5578 719 5655 0011⁷334,
754 5587 814 5655 et
841 5578 995 5655 apud
1045 5578 1392 5655 Gratianum
1423 5579 1514 5655 2|,
1548 5596 1605 5655 q.
1638 5582 1694 5643 2,
1727 5578 1853 5633 (11110
1881 5579 2093 5655 vocula:

435 5651 742 5726 perperam
801 5651 1155 5726 inferuntur,
1209 5651 1500 5726 Lotharius
1562 5651 1619 5705 in
1682 5652 2095 5726 commonitorio

431 5722 1103 5796 proﬁteturltedundant
1133 5722 1727 5796 enim,pertinentqu_e
1757 5722 1825 5796 ad
1854 5722 2092 5796 titulum

435 5793 716 5868 epiStolaa,
749 5813 864 5866 quo
915 5800 1071 5851 recte
1130 5795 1189 5850 in
1241 5793 1506 5850 Romana
1545 5793 1809 5850 Gratiani
1842 5794 2093 5852 editione

2209 4839 2389 4888 mam,
2424 4824 2486 4877 ut
2517 4819 2818 4892 injustitim
2849 4818 3002 4876 mole
3032 4837 3149 4876 non
3178 4820 3564 4893 opprimatur.

2909 4927 3143 4983 CLVIII.

2286 5035 2357 5073 AD
2398 5032 2748 5075 ROTLANDUM
2786 5030 3280 5074 ARCHIEPISCOPUI
3316 5034 3784 5075 ARELATENSENM.

2201 5108 2366 5164 Missa
2416 5124 2542 5162 cum
2598 5107 2773 5163 altera
2827 5107 3075 5178 epistola,
3136 5124 3245 5178 qua
3291 5107 3547 5164 Nicotaus
3594 5109 3855 5166 Rottando

2717 5181 2862 5234 vices
2890 5195 3020 5233 suas
3051 5178 3353 5250 delegabat.

2272 5270 2560 5324 NICOLAUS
2591 5266 2920 5339 episcopus,
2957 5285 3159 5323 servus
3191 5285 3491 5324 servorum
3541 5269 3663 5339 Dei,
3708 5271 3851 5327 Βοτ-

2201 5376 2384 5415 LANDO
2417 5355 2854 5428 archiepiscopo
2883 5356 3232 5413 Arelatensi.

2202 5505 2588 5574 observatum;
2634 5503 2741 5555 est.
2794 5502 2858 5556 In.
2896 5502 3308 5556 commonitorio
3358 5502 3557 5574 itaque
3611 5503 3852 5574 dictum,

2202 5576 2359 5649 quod
2389 5575 2463 5629 ab
2495 5571 2625 5649 aliis
2654 5574 3165 5649 commonitorium;
3199 5577 3265 5627 ut
3291 5571 3540 5649 lusimus
3558 5571 3850 5633 communi?

2200 5644 2405 5705 torium
2432 5644 2765 5717 presbyteris
2805 5652 2858 5699 et
2882 5644 3234 5717 Adiacﬁonibua
3269 5648 3366 5716 qui
3411 5647 3685 5704 Ravenna
3709 5658 3851 5717 sunt,

2201 5726 2258 5776 et
2290 5714 2445 5773 illud
2468 5714 2621 5788 apud
2655 5715 2999 5790 Gregorium
3026 5716 3085 5770 in
3121 5714 3369 5790 dialogis
3395 5734 3416 5790 κε
3444 5718 3687 5776 Sabinus
3707 5714 3854 5777 Chri-

2199 5794 2275 5849 sti
2302 5806 2490 5847 servus
2519 5788 2993 5844 commonitorium
3022 5788 3192 5844 Pado.
3225 5788 3348 5845 Jac.
3383 5789 3547 5846 SIRM.
3574 5834 3591 5849 .
