4138 6456
223 403 380 469 1181

1360 382 1365 387 ‘
1443 395 1851 460 EPISTOL/E
1890 392 1996 457 ET
2035 390 2425 457 occasu.

3487 401 3645 464 1182

298 537 599 613 Susceptis
616 535 948 595 sanctitatis
970 538 1082 592 tum
1104 532 1565 603 litterris,totius
1586 530 1881 588 humilita—
1908 533 1959 601 Α
1994 546 2199 585 omnes
2230 528 2453 600 recipit,
2489 545 2695 587 omnes
2726 531 2894 600 fovet,
2942 536 2999 590 et
3048 535 3301 609 protegit
3345 538 3644 610 proximos

222 632 304 688 tis
337 632 489 686 dono
519 628 768 695 refertis,
804 631 1270 697 cunctarumque
1308 623 1593 680 virtutum
1644 621 1886 675 ﬁoribus

223 719 539 785 redimitis,
559 716 915 789 multipliCes
936 715 1259 789 gratiarum
1286 713 1481 768 cultus
1503 710 1768 766 omnium
1792 709 1886 762 bo-

219 826 439 866 norum
458 806 681 864 auctori
697 806 1105 878 repecdimus;
1140 809 1425 875 tuamque
1448 819 1483 856 a
1506 799 1711 856 multis
1734 801 1886 853 retro

220 896 594 971 temporibus
626 912 764 967 erga
795 896 993 951 sedem
1024 892 1411 966 apostolicam
1439 889 1698 962 agnitam
1723 888 1885 942 devo-

219 989 444 1044 tionem
478 985 804 1059 plurimum
844 984 1353 1051 commendamus,
1387 985 1563 1051 atque
1595 983 1659 1032 ut
1690 977 1749 1031 in
1780 976 1887 1030 hoc

222 1076 450 1135 salubri
480 1074 781 1147 proposito
833 1076 1182 1145 perseveret,
1236 1070 1666 1126 fraternitatem
1724 1070 1888 1120 tuam

222 1165 502 1223 obnixius
524 1163 932 1219 adhortamur.
958 1162 1053 1217 Sic
1078 1162 1233 1216 enim
1261 1164 1474 1216 sanctae
1499 1153 1892 1212 conversatio-

222 1256 323 1312 nis
353 1254 581 1326 pedem,
609 1269 722 1325 quo
747 1252 981 1307 tendere
1004 1251 1236 1315 debeas,
1263 1245 1662 1321 perspicacius
1684 1258 1892 1314 cogno-

226 1360 393 1400 scere
424 1341 660 1414 poteris,
713 1345 771 1396 et
817 1339 1290 1412 supervenientia
1335 1350 1649 1409 pravorum
1691 1329 1892 1404 jacula

225 1432 543 1507 praevidere
574 1435 630 1486 et
660 1429 952 1485 declinare
981 1428 1246 1493 liberius,
1282 1425 1573 1482 revelante
1617 1420 1889 1498 Domino,

225 1521 590 1596 praevalebis,
621 1519 669 1576 si
702 1520 760 1574 in
793 1518 1126 1591 apostolicae
1158 1518 1316 1573 sedis
1349 1520 1534 1589 petra,
1568 1527 1733 1567 more
1767 1524 1892 1563 ma-

217 1612 446 1685 jorum,
472 1608 813 1681 praesidium
844 1613 1017 1663 tuum
1039 1607 1345 1674 locaveris,
1369 1607 1617 1676 ejusque
1640 1598 1773 1655 ﬁdei
1795 1598 1892 1652 do-

232 1699 443 1757 ctrinis
472 1698 561 1754 vel
593 1696 841 1754 decretis
879 1696 1098 1752 arctius
1146 1696 1428 1751 inhaerere
1474 1688 1883 1755 contenderis;

236 1807 421 1863 quam
450 1788 546 1844 ille
568 1805 678 1844 sua
696 1786 946 1843 sacravit
968 1785 1250 1851 sessione,
1265 1800 1440 1857 quem
1458 1780 1743 1838 Dominus
1762 1780 1890 1849 ejus

232 1878 504 1935 Christus
533 1876 803 1933 Ecclesiae
836 1894 954 1931 sum
998 1874 1183 1931 voluit
1229 1873 1487 1946 primum
1536 1875 1594 1926 et
1641 1866 1889 1941 speciale

228 1967 481 2023 retinere
512 1967 835 2039 fastigium,
868 1965 1010 2037 quin
1054 1969 1112 2019 et
1172 1962 1422 2019 caelestis
1477 1960 1613 2016 atrii
1671 1957 1887 2030 delegit

230 2073 539 2113 summum
573 2055 929 2112 constituere
952 2051 1460 2126 janitorem,quod
1485 2052 1610 2121 jam
1642 2048 1889 2103 beatitu-

230 2146 432 2201 dinem
447 2150 611 2200 tuam
625 2150 862 2200 strenue
875 2145 1322 2216 persequentem
1336 2139 1549 2196 debitis
1562 2137 1807 2193 attollim
1818 2154 1849 2191 u
1860 2153 1887 2191 s

230 2234 474 2291 omnino
507 2233 812 2307 praconiis
840 2249 957 2288 non
990 2231 1181 2287 solum
1212 2231 1271 2285 in
1304 2229 1433 2297 hoc,
1466 2244 1671 2283 verum
1711 2226 1886 2282 etiam

230 2325 295 2380 in
317 2324 568 2396 eo,quod
591 2322 985 2394 apostolatum
1007 2324 1277 2376 nostrum
1300 2318 1372 2373 ad
1395 2315 1888 2389 perseverantiam

234 2411 580 2468 cohortaris.
616 2413 679 2466 ln
710 2428 823 2485 quo
855 2409 1011 2466 enim
1041 2414 1163 2464 tam
1195 2407 1505 2463 manifeste
1552 2409 1886 2460 nostrarum

235 2501 609 2557 sanctionum
642 2505 700 2557 et
729 2501 1098 2556 decretorum
1120 2497 1423 2553 ostendere
1442 2499 1497 2551 te
1520 2493 1735 2567 poteris
1760 2509 1890 2548 esse

235 2591 755 2662 custodem,quam
778 2590 838 2644 in
859 2606 947 2657 eo,
966 2588 1120 2661 quod
1146 2590 1409 2643 nostram
1432 2600 1667 2656 quoque
1688 2580 1889 2638 solidi-

235 2683 420 2735 tatem
454 2697 633 2752 supra
662 2680 895 2735 ﬁrmam
942 2681 1167 2750 petram
1216 2676 1541 2741 fundatam,
1575 2677 1640 2727 ut
1685 2672 1745 2726 in
1795 2671 1889 2727 his

236 2774 588 2841 perseveret,
622 2768 946 2824 studiosius
977 2767 1238 2822 animare
1267 2762 1592 2836 procuras?

314 2859 475 2923 Quod
508 2862 705 2914 autem
726 2859 1070 2930 deprecatur
1088 2860 1190 2911 tua
1209 2852 1565 2918 fraternitas,
1581 2855 1646 2906 ut
1667 2854 1889 2906 scrute-

238 2946 604 3019 mur,quales
625 2948 1078 3020 praedecessores
1100 2943 1284 2999 nostri
1314 2942 1467 2997 circa
1495 2940 1889 3013 praedecesso-

240 3051 335 3091 res
366 3039 500 3091 tuos
531 3036 856 3109 antiquitus
888 3033 1123 3101 fuerint,
1174 3037 1232 3088 et
1277 3030 1562 3105 postulas,
1610 3034 1674 3084 ut
1721 3028 1892 3085 liceat

237 3124 348 3180 tibi
379 3125 660 3197 rescripto
689 3127 1272 3198 cognoscere,utrum
1307 3122 1549 3177 ﬁdenter
1573 3119 1774 3174 crebro
1796 3117 1889 3173 lit-

240 3214 389 3270 teris
418 3212 505 3269 vel
556 3213 762 3287 legatis
820 3230 935 3268 non
993 3213 1209 3268 audeas
1269 3212 1424 3279 [lege,
1485 3225 1593 3263 nos
1647 3207 1885 3271 audeas,

1996 634 2170 685 suos;
2204 619 2343 690 quia
2364 620 2534 687 juxta
2563 622 2894 691 apostolum
2931 626 3196 692 Paulum.
3233 632 3464 705 benigna
3484 644 3644 701 estmt

1995 709 2181 761 omnia
2205 708 2393 779 sil/fort
2434 714 2483 776 (Ι
2528 714 2650 767 Cor.
2699 716 2813 785 xv).
2873 716 3084 775 Verum
3135 739 3167 778 a
3214 724 3497 783 charitate
3543 734 3646 784 tua

1996 812 2182 850 unum
2217 796 2325 852 hoc
2358 801 2683 855 necessario
2714 805 3104 877 postulamus,
3140 812 3361 870 scilicet
3398 821 3463 872 ut
3510 835 3643 874 cum

1999 882 2254 956 aliquem
2278 887 2347 940 ad
2369 888 2749 959 apostolicam
2774 894 2971 950 sedem
2992 899 3489 967 miseris,studeat
3509 924 3643 963 eum

1997 976 2099 1027 tua
2129 990 2365 1029 monere
2396 979 2749 1046 fraternitas,
2782 989 3075 1054 quatenus
3104 987 3161 1043 in
3200 992 3498 1050 redeundo
3530 1014 3645 1052 non

1975 1079 2422 1135 usquequaque
2455 1066 2703 1124 festinus
2734 1079 3047 1143 appareat;
3079 1093 3145 1132 eo
3177 1082 3331 1150 quod
3379 1084 3644 1140 omnium

1999 1150 2374 1207 ecclesiarum
2408 1155 2508 1209 Dei
2540 1156 2713 1227 (sicut
2742 1160 2865 1230 ipse
2897 1165 3070 1236 nosti)
3102 1184 3241 1223 cura
3288 1173 3646 1247 constringi-

2000 1255 2153 1310 mur,
2185 1246 2241 1296 et
2271 1258 2406 1297 cum
2439 1245 2700 1316 undique
2729 1249 2800 1303 ad
2832 1252 3028 1307 sedem
3060 1258 3439 1327 apostolicam
3472 1245 3645 1318 multi

2000 1327 2226 1384 diversa
2256 1337 2582 1402 quaerentes
2602 1337 2918 1407 conﬂuant,
2943 1342 3231 1400 efﬁcimur
3250 1349 3398 1402 tardi
3427 1350 3499 1404 ad
3530 1350 3647 1406 sin-

2000 1417 2190 1490 gulos,
2223 1421 2364 1475 dum
2397 1421 2668 1480 volumus
2700 1426 3117 1501 benignitatem
3151 1438 3207 1488 et
3248 1436 3644 1508 dapsilitatem

2000 1524 2275 1598 spargere
2301 1527 2404 1581 per
2435 1510 2714 1569 diversos.
2748 1515 2892 1572 lllud
2941 1525 3134 1577 autem
3187 1523 3352 1580 valde
3402 1526 3642 1598 placuit,

2000 1597 2155 1651 unde
2172 1596 2343 1652 etiam
2364 1598 2653 1658 immenso
2674 1603 2930 1676 tripudio
2951 1596 3642 1685 exsultavimus,scilicet,

2000 1686 2277 1775 quoniam
2310 1689 2382 1743 ab
2413 1690 2738 1761 apostolatu
2779 1700 2976 1752 nostro
3025 1700 3307 1757 sciscitati
3356 1705 3494 1775 quid
3544 1710 3647 1760 tua

1999 1774 2282 1831 sanctitas
2312 1778 2476 1848 sequi
2501 1778 2816 1850 debuisset,
2839 1786 3299 1859 prudentissime
3320 1774 3644 1849 decrevisti.

1997 1864 2212 1920 Verum
2242 1868 2509 1938 quamvis
2532 1869 2721 1925 multa
2750 1872 2868 1928 sint
2898 1891 3026 1946 quae
3056 1879 3161 1933 tibi
3195 1880 3425 1938 mittere
3445 1900 3647 1954 posse-

1998 1971 2131 2009 mus
2157 1972 2169 2010 :
2196 1955 2430 2011 interim
2460 1962 2655 2013 tamen
2683 1977 2809 2032 quae
2834 1963 2891 2017 in
2923 1965 3039 2021 alia
3067 1969 3254 2023 nostri
3285 1971 3646 2042 apostolatus

1996 2044 2242 2115 epistola
2272 2046 2617 2103 beatitudini
2647 2053 2760 2105 tuae
2791 2050 3157 2125 intimamus,
3192 2057 3383 2114 solum
3413 2064 3527 2115 tuae
3558 2079 3647 2117 so-

1998 2133 2177 2189 lertiae
2208 2136 2327 2191 sint
2376 2138 2636 2211 pervigili
2687 2157 2829 2196 cura
2887 2146 3186 2213 sectanda,
3235 2149 3646 2222 praecipuoque

1998 2224 2193 2280 studio
2219 2229 2569 2299 peragenda.
2606 2228 2907 2301 Siquidem
2940 2249 3067 2304 qua:
3099 2235 3253 2291 circa
3302 2254 3430 2307 nos,
3464 2238 3646 2295 circa-

1998 2330 2111 2385 que
2142 2316 2340 2370 sedem
2371 2317 2525 2372 beati
2556 2319 2862 2386 Petri,non
2885 2327 2975 2377 est
3012 2323 3170 2380 aliud
3207 2325 3441 2399 signum
3475 2328 3644 2384 devo-

1998 2402 2177 2458 tionis
2209 2408 2344 2472 tuae,
2377 2422 2553 2478 quam
2582 2407 2896 2479 polliceris,
2931 2412 3043 2467 nisi
3085 2414 3547 2487 obtemperantia
3591 2422 3649 2473 et

1998 2494 2428 2549 consummatio
2460 2497 2823 2553 decretorum
2855 2503 2912 2554 et
2953 2501 3359 2559 deﬁnitionum
3416 2509 3647 2561 nostra-

1998 2599 2152 2652 rum,
2172 2582 2271 2654 qui
2301 2582 2437 2638 licet
2468 2584 2714 2657 indigni,
2737 2604 2841 2659 per
2860 2588 3281 2648 abundantiam
3304 2597 3502 2650 tamen
3524 2612 3652 2667 gra-

1998 2670 2090 2725 tiae
2121 2671 2355 2741 Christi,
2384 2672 2570 2744 ipsius
2601 2675 2801 2731 vicarii
2834 2694 3065 2735 sumus.
3089 2680 3235 2737 Data
3266 2700 3465 2740 mense
3487 2684 3645 2753 Maii,

2000 2760 2092 2815 die
2130 2764 2209 2829 12,
2242 2760 2559 2818 indictione
2587 2781 2684 2819 xu.

2737 2872 2918 2928 ΟΙιΙΧ.

2352 2995 2426 3033 AD
2465 2995 2734 3035 CAROLUM
2775 2998 2965 3038 REGEM
3007 3001 3296 3041 MAJOREM.

2602 3087 3040 3160 Fragmentum.

2394 3198 2473 3249 De
2499 3195 2753 3266 conjugio
2782 3199 2966 3255 Caroli
2979 3198 3246 3269 junz‘oris.

242 3303 453 3374 Hann]
485 3273 872 3375 frequentare,
897 3307 955 3357 et
985 3318 1231 3373 quaeque
1262 3273 1645 3371 congruentia
1667 3301 1889 3367 tempo-
1920 3273 1963 3339 C
2073 3298 2330 3354 Dilectus
2362 3299 2519 3356 ﬁlius
2550 3305 2606 3356 et
2637 3303 3036 3375 coaequivocus
3070 3312 3255 3363 vester
3281 3308 3527 3365 Carolus
3574 3311 3647 3366 ad

243 3392 410 3448 ribus
435 3391 779 3465 opportunis
804 3406 1144 3464 suggerere;
1169 3388 1315 3445 sciat
1334 3387 1633 3443 beatitudo
1653 3390 1890 3452 tua,nos

244 3482 392 3537 bene
421 3497 788 3554 cognoscere,
812 3481 966 3552 quod
991 3480 1443 3552 praedecessores
1465 3475 1579 3532 mei
1600 3476 1752 3530 inter
1781 3474 1895 3529 alia

244 3569 485 3626 honoris
535 3570 817 3625 beneﬁcia
862 3569 1317 3641 prazdecessores
1344 3573 1477 3622 tuos
1504 3566 1647 3622 adeo
1681 3564 1892 3620 dilexe-

244 3659 383 3726 rint,
414 3662 477 3714 ut
497 3659 582 3715 eis
601 3657 758 3714 vices
780 3675 920 3714 suas
952 3657 1013 3712 in
1045 3656 1162 3712 illis
1192 3655 1463 3729 partibus
1493 3655 1742 3711 retinere
1764 3671 1928 3723 con-,

244 3748 555 3815 senserint,
592 3746 1092 3820 quemadmodum
1124 3745 1331 3817 quinta
1370 3746 1544 3800 refert
1591 3749 1793 3800 sancta
1838 3746 1895 3799 et

243 3836 594 3892 universalis
626 3836 905 3909 synodus.
931 3836 1019 3890 Tu
1048 3851 1181 3891 vero
1212 3833 1258 3889 si
1292 3834 1583 3906 promissa
1610 3838 1722 3887 tuae
1754 3833 1894 3888 dile-

242 3925 453 3982 ctionis
499 3924 832 3999 perfeceris,
884 3928 941 3980 et
987 3924 1158 3979 nobis
1205 3921 1642 3990 consentiendo,
1693 3928 1895 3977 contra

242 4031 451 4087 pravos
482 4031 748 4087 quosque
776 4012 864 4069 vel
896 4016 1097 4069 contra
1131 4011 1409 4068 molestos
1459 4011 1628 4066 nobis
1679 4010 1895 4067 haerere

242 4104 639 4171 contenderis,
682 4107 738 4158 et
768 4120 801 4157 a
831 4101 1078 4158 decretis
1099 4101 1327 4157 deviare
1352 4100 1634 4173 refugeris
1668 4116 1682 4154 :
1716 4116 1896 4155 nove-

244 4192 326 4249 ris
346 4196 399 4248 te
416 4193 625 4249 deinde
641 4191 1005 4264 apostolatus
1022 4191 1206 4247 nostri
1224 4189 1423 4262 clypeo
1446 4190 1892 4261 protegendum,

244 4286 302 4337 et
331 4281 633 4347 charitatis
674 4298 740 4336 ac
790 4279 1023 4353 pietatis
1071 4278 1327 4335 brachiis
1379 4279 1571 4334 modis
1618 4278 1896 4334 omnibus

246 4368 647 4443 complectend
658 4387 786 4438 um;
811 4373 1075 4425 sanctam
1101 4386 1334 4441 quoque
1353 4367 1671 4424 Ecclesiam
1695 4367 1898 4422 divini-

242 4464 341 4516 tus
372 4460 479 4515 tibi
513 4460 796 4516 creditam
828 4463 1031 4514 nostra
1062 4457 1452 4514 sollicitudine
1481 4461 1538 4512 et
1573 4456 1895 4529 vigilantia,

243 4552 479 4606 auctore
508 4549 647 4613 Deo,
678 4546 1039 4620 peramplius
1068 4551 1126 4602 et
1154 4546 1469 4619 perfectius
1512 4549 1898 4618 augmentan-

245 4639 403 4693 dam.
441 4637 665 4692 Mittere
695 4641 894 4693 autem
924 4635 1093 4692 nobis
1123 4635 1344 4709 legatos
1364 4634 1451 4691 vel
1482 4634 1708 4690 litteras
1738 4639 1900 4691 tanto
1931 4641 1977 4704 Ι)

243 4726 424 4782 libere
454 4726 701 4793 debetis,
734 4730 953 4798 quanto
978 4725 1255 4793 charitas,
1289 4742 1406 4797 qua
1434 4723 1589 4780 circa
1619 4723 1898 4780 sanctita-

242 4820 363 4872 tem
393 4820 556 4872 tuam
588 4815 906 4889 ﬂagramus
929 4815 1130 4888 (quam
1151 4815 1336 4869 latum
1368 4816 1713 4870 mandatum
1744 4812 1898 4886 psal-

245 4904 605 4978 mographus
617 4904 984 4976 nuncupat),i
994 4908 1127 4959 ntra
1140 4902 1339 4958 sinum
1354 4902 1764 4975 amplitudinis
1779 4920 1896 4958 sua:

2000 3392 2261 3443 nostram
2279 3389 2657 3460 apostolicam
2681 3409 2837 3449 nunc
2859 3393 2917 3448 in
2939 3396 3208 3467 prasenti
3224 3397 3450 3454 destina
3468 3403 3651 3455 restu~

2001 3477 2129 3531 duit
2158 3478 2589 3549 paternitatem,
2613 3479 2900 3537 intimans
2920 3483 3189 3541 videlicet
3211 3488 3363 3558 quod
3388 3486 3490 3559 p'ro
3513 3506 3652 3561 qua-

2002 3564 2139 3619 dam
2173 3566 2392 3620 femina
2421 3583 2454 3621 a
2483 3566 2673 3639 primo
2697 3568 2826 3639 jam
2849 3572 3222 3628 matrimonio
3245 3573 3648 3647 relicta,quam

2004 3654 2129 3709 sine
2158 3660 2370 3723 vestro,
2404 3656 2560 3727 quod
2591 3673 2706 3711 non
2738 3658 3041 3726 debuerat,
3074 3677 3363 3718 consensu
3403 3663 3513 3718 sibi
3554 3681 3648 3719 so-

2003 3742 2175 3798 ciavit
2200 3742 2260 3798 in
2292 3743 2654 3817 conjugium,
2698 3751 2900 3802 vestra
2948 3750 3316 3820 paternitatis
3367 3752 3649 3809 offensam

2000 3831 2330 3887 incurrerit.

2071 3922 2221 3977 Item.
2256 3927 2333 3977 De
2364 3939 2540 3978 uxore
2570 3923 2690 3978 ﬁlio
2722 3929 2911 3981 vestro
2934 3929 3263 4000 conjuncta,
3288 3930 3337 3987 si
3359 3930 3492 3986 talis
3518 3948 3649 3986 con-

2000 4014 2093 4065 tra
2121 4010 2483 4067 divinitatem
2510 4012 2805 4069 invenitur
2824 4031 3002 4070 causa
3025 4034 3129 4088 pro
3152 4036 3269 4089 qua
3290 4019 3450 4075 nullo
3476 4021 3649 4076 modo

2003 4115 2132 4154 eam
2150 4099 2363 4155 habere
2380 4101 2885 4169 debeat,volumus
2902 4104 3073 4160 nobis
3090 4110 3325 4162 avestra
3342 4107 3650 4164 dilectione

2006 4187 2462 4255 mandari.Quod
2486 4189 2535 4245 si
2557 4190 2719 4247 nulla
2739 4192 3034 4248 invenitur
3048 4211 3117 4249 ex
3136 4194 3314 4251 latere
3335 4196 3451 4251 alia
3471 4213 3652 4254 causa

2005 4277 2160 4349 quod
2175 4295 2348 4349 grave
2361 4278 2545 4350 pariat
2559 4284 3070 4351 peccatorum,non
3099 4283 3383 4356 reperitur
3393 4285 3649 4341 auctori-

2004 4368 2096 4420 tas
2123 4369 2183 4420 ut
2207 4383 2409 4422 eorum
2433 4368 2619 4423 scindi
2642 4370 2849 4425 debeat
2869 4372 3232 4444 conjugium,
3256 4390 3360 4429 nec
3382 4378 3649 4429 nostrum

2008 4460 2097 4511 est
2118 4455 2202 4510 eis
2232 4456 2358 4511 sine
2388 4457 2700 4514 manifesta
2729 4459 2923 4514 delicti
2954 4461 3126 4534 culpa
3164 4479 3280 4517 sum
3334 4463 3652 4535 separatio-

2008 4544 2100 4600 nis
2129 4545 2341 4601 inferre
2371 4547 2797 4618 praejudicium.

2078 4637 2230 4691 Item.
2262 4636 2896 4707 Quanquamsciamus
2928 4639 3109 4695 ﬁliam
3132 4641 3471 4710 vestram,si
3493 4642 3653 4710 libet,

2008 4741 2181 4797 posse
2209 4741 2311 4780 vos
2342 4724 2626 4781 Balduino
2657 4726 2996 4800 legaliterin
3021 4747 3257 4786 uxorem
3283 4731 3659 4799 dimittere,et

2008 4813 2244 4886 pietatis
2273 4818 2475 4870 vestrae
2531 4815 2846 4872 clementer
2896 4818 3143 4891 gratiam
3192 4820 3500 4891 impertiri,
3536 4836 3653 4875 non

2005 4906 2203 4958 tamen
2226 4904 2398 4974 jussa
2428 4905 2723 4973 misimus,
2752 4907 2852 4962 sed
2885 4924 3084 4979 preces
3114 4906 3460 4965 obtulimus.
