4138 6478
468 437 501 498 1
514 435 628 499 t83

1026 434 1134 498 AD
1175 429 1613 496 EPISTOLAS
1655 422 1775 492 ET
1799 422 2532 490 DECRETA'NI‘COL‘AI
2568 421 2806 486 ΡΑῬιΕ
2845 421 2872 485 Ι
2915 417 3341 484 APPENDIX.

3740 398 3919 474 1181

1003 583 3916 619 ______________________________________——-

1770 727 2614 883 APPENDIX.
2744 737 2752 744 ’

959 1090 1480 1177 DECRETA
1543 1088 1764 1176 SEU
1835 1086 2283 1173 ltESCRIP
2314 1080 2438 1172 ΓΑ
2494 1080 2969 1169 NICOLAI
3026 1079 3320 1165 PAPfE
3377 1079 3415 1163 Ι

1836 1281 1903 1319 EX
1944 1280 2210 1319 GRATIANI
2248 1279 2540 1318 VOLUMINE

954 1423 1073 1484 Per
1099 1424 1401 1484 Joannem.
1434 1422 1781 1483 Cocuusum
1815 1418 1877 1478 in
1906 1436 2090 1478 unum
2119 1414 2369 1476 collecta
2395 1425 2452 1474 et
2481 1414 2543 1473 in
2573 1413 2795 1493 viginti
2819 1410 3027 1473 titulos
3054 1408 3397 1471 distributa.

1585 1605 1769 1671 (Apud
1800 1602 1987 1664 Mansi,
2013 1601 2212 1654 Concil.
2245 1601 2482 1667 general.
2509 1604 2640 1652 tom.
2668 1600 2778 1651 XV)

1965 1784 2392 1796 —_—_———-

750 1922 825 1978 De
851 1918 1328 1976 constitutionibus
1359 1914 1637 1982 Ecclesizc,
1672 1915 1758 1969 tit.
1789 1915 1832 1969 Ι.

537 2028 766 2098 I.(Dist.
792 2028 880 2096 10,
905 2043 956 2082 c.
983 2024 1348 2096 I,’Episcopi.s
1378 2023 1439 2077 in
1468 2022 1665 2077 concil.
1701 2020 1847 2093 apud
1879 2019 2123 2076 Const.v1

461 2118 741 2190 congreg.)
774 2113 1066 2188 Impériali
1093 2112 1322 2184 judicio
1356 2128 1471 2168 non
1504 2115 1755 2182 possunt
1776 2110 1917 2180 jura
1945 2107 2128 2164 eccle-

463 2209 704 2267 siastica
726 2204 964 2263 dissolvi
993 2222 1007 2272 ;
1042 2219 1148 2258 nec
1180 2204 1432 2275 possunt
1484 2201 1906 2271 imperatorum
1966 2197 2124 2270 leges

462 2295 815 2370 evangelicis
844 2298 901 2350 et
929 2290 1288 2366 apostolicis,
1314 2294 1493 2361 atque
1522 2287 1821 2345 canonicis
1852 2286 2122 2356 decretis,

464 2388 681 2462 quibus
713 2382 1127 2458 postponendaa
1162 2383 1322 2448 sunt,
1357 2379 1573 2435 inferre
1603 2376 2030 2451 praijudicium.

535 2476 605 2532 II.
637 2475 784 2530 Dist.
818 2473 908 2539 12,
941 2469 1301 2537 Ridiculum.)
1335 2464 1673 2522 Ridiculum
1715 2468 1824 2532 est,
1875 2466 1933 2519 et
1981 2462 2127 2518 satis

463 2562 858 2622 abominabile
880 2561 1229 2626 dedecus,ut
1254 2555 1600 2613 traditiones
1626 2571 1775 2627 quas
1798 2551 2126 2625 antiquitus

463 2674 499 2713 a
528 2652 795 2730 patribus
821 2648 1213 2720 suscepimus,
1248 2643 1489 2717 infringi
1516 2643 1836 2715 patiamur.

937 2758 1012 2812 De
1042 2752 1451 2820 consuetudine,
1487 2753 1551 2806 tit
1580 2751 1649 2805 11.

537 2871 581 2927 Ι.
615 2867 781 2943 (Dist.
815 2868 869 2934 8,
895 2880 943 2920 c.
966 2864 1022 2929 8,
1054 2860 1259 2927 Mala.)
1293 2857 1450 2914 Mala
1481 2856 1842 2913 consuetudo
1874 2873 1991 2913 non
2024 2856 2129 2911 mi-

465 2977 579 3017 nus
610 2973 789 3031 quam
820 2950 1151 3028 perniciosa
1182 2946 1515 3021 corruptela
1559 2945 1890 3018 abjicienda
1938 2949 1995 3001 et
2040 2944 2127 3000 vi-

467 3050 812 3207 ῐᾶῗῗθξῐξῗεξί.
845 3136 935 3200 22,
969 3131 1137 3189 Mich.
1170 3128 1333 3200 imp.)
1359 3125 1513 3181 Nihil
1547 3126 1766 3181 absunt
1804 3123 1981 3179 saluti
2003 3141 2128 3181 cre-

464 3229 731 3287 dentium
754 3223 1000 3280 diversae
1023 3236 1129 3293 pro
1151 3217 1276 3273 loco
1297 3221 1356 3273 et
1385 3221 1648 3288 tempore
1678 3212 2127 3270 constitutiones

462 3316 553 3373 vel
582 3290 1064 3376 consuetudines,
1108 3306 1158 3362 si
1206 3304 1326 3361 illis
1379 3303 1660 3361 canonica
1709 3319 1825 3358 non
1877 3301 2131 3358 obsistat
2159 3290 2207 3356 B

467 3404 809 3463 auctoritas.

537 3496 637 3551 IlI.
671 3493 840 3566 (Dist.
862 3491 953 3556 21,
982 3484 1273 3559 Denique.)
1296 3483 1385 3540 Illi
1417 3482 1519 3556 qui
1549 3486 1685 3539 ante
1718 3499 1826 3538 nos
1858 3482 2120 3553 fuerunt,

466 3583 768 3660 providam
799 3580 860 3637 in
892 3576 1166 3635 Ecclesiis
1215 3571 1702 3630 consuetudinem
1738 3572 2125 3640 tradiderunt,

463 3675 759 3745 hodieque
781 3671 839 3725 in
854 3674 1118 3725 Romana
1136 3662 1551 3734 Ecclesia,quze
1576 3662 1863 3733 magistra
1887 3665 1976 3717 est
1997 3678 2126 3717 om-

469 3765 637 3821 nium
672 3758 1088 3823 Ecclesiarum,
1112 3752 1591 3826 impraetermisse
1620 3754 1903 3819 servatur,
1938 3750 2021 3807 ita
2064 3755 2131 3806 ut

469 3853 670 3911 nullus
698 3848 991 3913 sacerdos,
1010 3843 1233 3913 majore
1256 3859 1361 3897 suo
1383 3857 1499 3896 non
1520 3840 1801 3896 innuente
1823 3857 2128 3897 consacer-

470 3944 625 4009 dote,
660 3936 980 4010 cujuslibet
1010 3933 1093 3989 rei
1114 3929 1581 3987 benedictionem
1602 3930 1741 3985 dare
1766 3928 2129 3985 nitatur.Sed

469 4037 527 4090 et
555 4029 814 4087 anterior
832 4030 997 4083 stans
1025 4023 1097 4079 ad
1124 4019 1623 4094 pronuntiandam
1650 4018 1909 4091 aliquam
1932 4018 2133 4074 lectio-

471 4114 1104 4189 nem,benedictionem
1128 4110 1369 4183 quidem
1396 4106 1784 4181 postulat,sed
1810 4108 1859 4163 ei
1884 4106 2132 4179 quilibet

470 4209 712 4268 inferior
739 4224 857 4267 non
891 4203 1067 4260 audet
1095 4199 1463 4267 benedicere,
1496 4196 1634 4270 quia
1658 4196 1718 4252 in
1752 4196 2012 4269 Epistola
2056 4197 2131 4252 ad

470 4301 741 4358 Hebraeos
773 4293 1024 4369 legimus
1055 4289 1213 4364 quod
1245 4287 1439 4344 minor
1459 4303 1493 4343 a
1515 4286 1738 4358 majore
1762 4285 2132 4342 benedicitur

470 4390 651 4464 (Hebr.
683 4388 790 4456 ιιι).

999 4490 1074 4545 De
1092 4486 1346 4560 judiciis,
1381 4485 1468 4540 tit.
1501 4483 1595 4539 III.

546 4606 587 4661 Ι.
619 4603 789 4676 (Dist.
826 4601 912 4668 12,
943 4615 993 4653 c.
1031 4592 1309 4667 Inferior.)
1341 4589 1588 4647 Inferior
1632 4590 1803 4645 sedes
1847 4589 2131 4661 potiorem

2154 1913 2207 1979 Α
2239 1913 2461 1982 martyr
2491 1907 2731 1964 effectus
2756 1908 2867 1967 est.
2892 1902 3244 1960 sententiam
3277 1901 3539 1975 proferre
3569 1914 3754 1954 ausus
3778 1898 3921 1955 fue-

2236 2001 2331 2068 rit,
2362 2000 2505 2055 dum
2532 1997 2584 2054 ei
2615 1995 2939 2069 sapissime
2970 2009 3175 2049 omnes
3206 1991 3503 2047 dicerent:
3530 1990 3656 2045 Tuo
3689 2005 3787 2044 ore
3810 1988 3915 2060 ju-

2235 2089 2367 2143 dica
2397 2103 2637 2143 causam
2668 2083 2857 2150 tuam,
2893 2100 3011 2138 non
3044 2084 3243 2139 nostro
3267 2079 3511 2153 judicio.
3545 2078 3616 2133 Et
3636 2078 3860 2133 iterum
3895 2093 3910 2131 :

2235 2176 2365 2233 Noli
2399 2174 2591 2231 audiri
2620 2174 2680 2230 in
2713 2177 2911 2229 nostro
2936 2170 3185 2245 judicio,
3203 2169 3303 2226 sed
3327 2166 3535 2241 collige
3554 2165 3616 2222 in
3638 2165 3773 2223 sinu
3798 2168 3910 2221 tuo

2235 2282 2477 2323 causam
2511 2269 2697 2332 tuam,
2731 2267 2840 2319 etc.

2308 2356 2402 2410 1V.
2440 2354 2634 2425 (Ibid.,
2668 2369 2718 2408 c.
2754 2353 2904 2425 seq.)
2925 2349 3286 2423 Acephalum
3317 2346 3505 2421 liquet
3532 2361 3662 2402 esse
3703 2344 3908 2401 conci-

2234 2444 2403 2514 lium,
2438 2445 2539 2500 ubi
2573 2445 2642 2499 de
2673 2447 2839 2498 tanta
2868 2456 3121 2514 persona
3141 2437 3354 2512 agitur,
3379 2441 3439 2493 et
3460 2435 3753 2507 majorum
3778 2448 3902 2489 non
3930 2440 3935 2445 '

2234 2536 2605 2606 exspectatur
2635 2529 2943 2598 sententia,
2960 2543 3094 2585 cum
3127 2531 3185 2583 et
3215 2526 3275 2581 in
3307 2541 3488 2580 causa
3507 2522 3782 2579 clericum
3809 2520 3902 2575 in-

2237 2622 2464 2679 ferioris
2476 2621 2696 2695 gradus
2717 2618 2903 2676 solius
2927 2615 3187 2690 episcopi
3211 2614 3302 2670 sui
3318 2611 3617 2686 judicium
3636 2614 3901 2667 tantum-

2236 2713 2408 2768 modo
2441 2708 2860 2783 postulandum
2895 2708 3013 2775 [al.,
3049 2696 3531 2779 priestolandum]
3560 2702 3645 2756 ﬁt.

2309 2801 2376 2857 V.
2412 2799 2603 2874 (Ibid.,
2619 2816 2668 2854 c.
2690 2799 2841 2870 seq.)
2861 2798 2925 2853 In
2948 2799 3180 2853 tantum
3202 2794 3354 2849 hanc
3374 2789 3901 2864 praesumptionem

2237 2889 2423 2948 sancti
2455 2890 2654 2945 Patres
2685 2887 2841 2960 apud
2872 2884 3299 2942 Chalcedonam
3334 2877 3605 2937 detestati
3637 2881 3802 2945 sunt,
3835 2881 3907 2932 ut

2236 2980 2581 3037 Dioscorum
2622 2975 3082 3033 Alexandrinum
3116 2971 3444 3030 antistitem
3494 2968 3647 3025 inter
3693 2971 3906 3024 caetera

2235 3069 2452 3126 idcirco
2484 3066 2859 3141 potissimum
2895 3065 3023 3121 sine
3054 3061 3176 3119 ulla
3205 3059 3575 3118 restitutione
3592 3057 3905 3113 damnave-

2236 3159 2377 3226 rint,
2413 3158 2568 3232 quod
2601 3171 2826 3228 ponens
2856 3155 2917 3210 in
2948 3152 3161 3210 ccelum
3193 3167 3259 3207 os
3292 3163 3491 3217 suum,
3523 3146 3729 3220 lingua
3767 3146 3901 3216 ejus

2236 3252 2581 3305 transeunte
2612 3263 2790 3318 super
2825 3248 3065 3312 terram,
3120 3236 3785 3298 excommunicationem
3833 3234 3900 3291 in

2238 3336 2511 3395 sanctum
2542 3337 2792 3392 Leonem
2828 3349 3039 3407 papam
3071 3329 3330 3387 dictavit.

2303 3428 2400 3484 Vl.
2434 3430 2511 3497 (2,
2546 3443 2603 3498 q.
2634 3429 2690 3493 2,
2727 3441 2777 3479 c.
2809 3427 2864 3495 2,
2899 3423 3089 3478 Carolo
3119 3421 3241 3491 regi
3266 3418 3650 3485 Francorum.)
3680 3414 3899 3471 Omnes
3926 3420 3937 3434 '

2236 3517 2414 3590 leges,
2445 3521 2569 3571 tam
2601 3511 3007 3570 ecclesiasticae
3039 3526 3216 3582 quam
3239 3507 3510 3581 vulgares
3540 3509 3598 3562 et
3626 3503 3896 3578 publicae,

2236 3605 2584 3681 praecipiunt
2613 3607 2679 3658 ut
2709 3601 2909 3660 omnia
2939 3600 3052 3657 sibi
3083 3598 3282 3655 ablata
3310 3596 3700 3654 restituantur
3719 3592 3770 3649 ei
3797 3590 3898 3666 qui

2237 3697 2368 3752 suis
2398 3699 2487 3751 est
2517 3694 2693 3749 rebus
2724 3689 3104 3763 exspoliatus.

2309 3784 2432 3841 VII.
2468 3782 2540 3857 (3,
2573 3798 2630 3854 q.
2663 3783 2717 3850 5,
2751 3797 2802 3836 c.
2833 3783 2887 3849 2,
2923 3779 3082 3834 Mich.
3128 3776 3286 3849 imp.)
3320 3775 3483 3843 Quod
3536 3772 3792 3846 suspecti
3839 3775 3900 3827 et
3936 3784 3939 3789 ‘

2235 3874 2460 3931 inimici
2481 3871 2719 3944 judices
2750 3885 2880 3925 esse
2909 3885 3025 3924 non
3057 3867 3328 3934 debeant,
3364 3869 3420 3921 et
3449 3865 3581 3937 ipsa
3619 3861 3767 3919 ratio
3808 3860 3901 3916 di-

2237 3967 2378 4031 ctat,
2395 3967 2451 4019 et
2479 3958 2755 4034 plurimis
2786 3958 3071 4031 probatur
3099 3952 3563 4028 exemplis.Nam
3596 3951 3736 4025 quid
3766 3966 3898 4024 gra-

2236 4053 2357 4110 tius
2388 4057 2444 4108 et
2478 4048 2793 4107 amabilius
2815 4048 2953 4103 dare
2974 4046 3110 4118 quis
3131 4044 3371 4100 inimico
3400 4045 3613 4117 potest,
3637 4054 3814 4114 quam
3846 4040 3896 4095 si
3936 4060 3940 4067 ·

2237 4143 2289 4200 ei
2321 4143 2394 4199 ad
2426 4138 2833 4213 impetendum
2866 4134 3250 4203 commiserit,
3297 4149 3474 4207 quem
3504 4131 3714 4188 laedere
3753 4130 3898 4187 forte
3940 4134 3945 4145 ’

2237 4230 2509 4288 voluerit.

2307 4320 2458 4376 VIII.
2480 4319 2552 4393 (3,
2573 4335 2630 4390 q.
2648 4316 2702 4386 9,
2720 4314 2968 4387 Revera.)
2998 4315 3218 4370 Revera
3239 4314 3443 4385 justus
3468 4309 3755 4367 mediator
3780 4325 3897 4364 non
3940 4316 3945 4323 '

2238 4415 2348 4478 est,
2383 4408 2485 4482 qui
2519 4423 2635 4464 uno
2670 4405 2959 4479 litigante,
2994 4407 3051 4460 et
3080 4402 3262 4459 altero
3294 4402 3555 4468 absente,
3588 4399 3894 4456 amborum

2239 4500 2605 4573 emergentes
2634 4495 2768 4551 lites
2801 4491 3066 4550 decidere
3097 4509 3210 4548 non
3242 4490 3539 4547 formidat.

2311 4591 2400 4645 IX.
2436 4586 2628 4661 (Ibid.,
2663 4602 2713 4641 c.
2746 4584 3054 4651 Indicam.)
3085 4580 3316 4638 Indicas
3345 4581 3748 4636 Hermannum
3778 4574 3897 4648 epi-
3936 4594 3941 4597 ·

473 4664 906 4758 absolvere,aut
922 4664 1147 4758 judicio
1177 4664 1362 4755 ligare
1392 4697 1509 4736 non
1529 4683 1854 4753 potest,nec
1877 4679 2130 4752 propriis
2169 4664 2211 4731 C
2241 4695 2485 4752 scopum
2518 4691 2697 4748 super
2726 4673 3087 4746 quibusdam
3109 4669 3649 4744 frequenter-fuisse
3670 4681 3899 4723 accusa—
3922 4668 3947 4685 "

474 4779 930 4840 ditﬁnitionibus
960 4774 1299 4846 subjugare.

543 4873 611 4929 II.
645 4869 842 4941 (Ibid.,
874 4884 923 4923 c.
956 4863 1179 4935 Nolite.)
1214 4861 1392 4918 Filios
1426 4860 1583 4916 circa
1614 4857 1980 4930 spiritualem
2016 4875 2131 4931 pa-

473 4967 644 5031 trem,
673 4963 738 5016 ut
763 4955 1090 5029 discipulos
1118 4968 1259 5025 erga
1287 4947 1663 5021 magistrum,
1692 4946 1776 5001 ita
1805 4946 2034 5003 sobrios
2066 4963 2132 5002 ac

474 5051 713 5107 devotos
743 5064 872 5105 esse
903 5046 1086 5111 decet,
1121 5046 1187 5099 ut
1217 5037 1380 5096 nulla
1413 5036 1646 5109 penitus
1686 5036 2011 5092 temeritate
2059 5036 2130 5090 ad

473 5157 677 5197 eorum
707 5138 889 5194 vitam
921 5131 1387 5206 dijudicandam,
1449 5142 1555 5182 nec
1612 5124 1820 5180 saltem
1878 5125 2134 5180 tenuiter

474 5225 1039 5302 reprehendendam,
1069 5218 1397 5295 prosiliant.

546 5318 623 5374 III
652 5316 848 5387 (Ibid.,
883 5330 932 5369 c.
966 5312 1167 5379 Nunc.)
1196 5310 1321 5365 Non
1355 5309 1545 5379 potest
1574 5303 1891 5376 quisquam
1921 5302 2028 5359 rite
2060 5305 2131 5361 ab

474 5406 568 5462 his
580 5404 680 5477 qui
702 5399 996 5458 inferioris
1016 5397 1241 5454 ordinis
1263 5394 1351 5450 vel
1375 5391 1685 5465 dignitatis
1707 5391 2134 5461 sunt,judicia-

473 5489 940 5551 libussubmittti
962 5482 1614 5543 difﬁnitionibus.Unde
1637 5479 1856 5535 factum
1879 5484 1967 5535 est
1988 5486 2051 5535 ut
2072 5483 2132 5536 in

472 5584 718 5640 concilio
731 5581 1141 5653 episcoporum
1166 5573 1367 5630 nullus
1390 5572 1447 5627 in
1464 5569 1870 5627 Marcellinum
1895 5586 2131 5642 papam,

475 5673 576 5743 qui
602 5678 864 5743 tempore
896 5665 1239 5724 Diocletiani
1269 5667 1327 5719 et
1363 5658 1703 5717 Maximiani
1730 5660 2133 5731 Augustorum

478 5760 649 5818 idolis
679 5758 1021 5831 compulsus
1052 5754 1502 5816 sacrificaverat,
1528 5750 1629 5806 sed
1658 5751 1862 5821 postea
1882 5747 2133 5823 insignis

2240 4774 2366 4825 tum
2384 4787 2397 4824 :
2415 4784 2518 4840 pro
2539 4761 2925 4839 quibus,quia
2946 4779 3016 4817 ex
3037 4765 3203 4835 parte
3225 4761 3416 4833 ipsius
3438 4773 3694 4832 persona
3715 4756 3891 4821 deest,

2240 4876 2350 4915 nos
2381 4857 2483 4912 uni
2515 4852 2669 4928 parti
2700 4853 2771 4909 ad
2803 4852 3123 4909 discrimen
3157 4849 3399 4906 alterius
3431 4848 3667 4903 credere
3699 4842 3894 4918 procul
3940 4854 3946 4863 ‘

2242 4946 2422 5003 dubio
2455 4962 2571 5001 non
2602 4957 2947 5017 possumus.

2310 5036 2376 5091 Χ.
2410 5034 2607 5105 (Ibid.,
2635 5049 2685 5088 c.
2717 5033 2772 5100 6,
2805 5031 2868 5086 Si
2899 5030 3084 5103 forte.)
3134 5029 3384 5085 Necesse
3434 5029 3524 5083 est
3572 5022 3893 5081 secundum

2242 5140 2544 5182 sacrarum
2559 5121 2998 5194 Scripturarum
3024 5119 3469 5185 documentum,
3485 5132 3553 5171 ac
3575 5111 3894 5171 secundum

2232 5213 2478 5286 justitiae
2511 5210 2830 5276 tramitem,
2859 5213 2915 5264 et
2947 5211 3291 5264 accusatum
3322 5210 3380 5263 et
3407 5206 3805 5262 accusatorem
3825 5200 3895 5256 si-

2242 5302 2367 5359 mul
2399 5303 2627 5366 adesse,
2649 5303 2708 5356 et
2730 5315 2910 5353 unam
2944 5301 3191 5370 partem,
3209 5299 3665 5370 quantacunque
3685 5294 3743 5345 et
3764 5306 3896 5362 qua-

2240 5393 2519 5465 licunque
2550 5388 2795 5463 praedita
2824 5386 2902 5443 sit
2933 5385 3403 5454 auctoritate,sic
3433 5399 3679 5457 prorsus
3709 5379 3891 5435 audiri

2243 5487 2309 5538 ut
2338 5481 2504 5539 alteri
2536 5479 2686 5552 parti
2719 5476 2949 5533 nullum
2981 5476 3389 5548 praejudicium
3421 5474 3731 5545 irrogetur.

2315 5572 2406 5627 ΧΙ.
2443 5573 2514 5644 (4,
2538 5587 2596 5642 q.
2633 5570 2683 5636 1,
2718 5584 2768 5622 c.
2800 5570 2855 5634 2,
2890 5565 3115 5622 Michael
3141 5566 3298 5638 imp.)
3330 5560 3629 5621 Haareticis
3659 5574 3778 5614 non
3825 5556 3892 5612 li«

2243 5665 2334 5719 cet
2363 5658 2766 5716 accusationes
2796 5658 3002 5709 contra
3044 5655 3397 5711 orthodoxos
3443 5651 3751 5725 episcopos
3797 5661 3891 5717 pro

2242 5747 2657 5809 ecclesiasticis
2690 5746 2877 5802 facere
2907 5742 3509 5819 negotiis.Haereticos
3538 5743 3734 5797 autem
3763 5735 3893 5792 dici-
