4138 6482
177 457 338 534 MSS

1176 454 1542 522 DECRETA
1589 454 1689 520 EX
1734 456 2138 527 GBA'I'LANO
2182 460 2601 525 COLLECTA.

3446 424 3609 525 “se

179 595 471 650 mustum
498 608 602 648 eos
628 590 727 664 qui
770 589 910 646 olim
960 590 1034 645 ab
1081 589 1339 646 Ecclesia
1387 590 1626 663 projecti
1677 594 1836 660 sunt,
1866 593 1922 660 Α
1953 610 2068 648 non
2100 611 2251 667 papa
2279 595 2367 650 vel
2415 595 2795 669 apostolicus,
2839 595 2939 652 sed
2987 596 3344 668 apostaticus
3392 597 3611 653 habea—

180 699 362 754 quam
397 681 498 755 qui
531 686 661 755 post
690 681 800 736 hoc
842 698 876 737 a
926 680 1097 736 nobis
1145 679 1621 735 anathematizati
1674 684 1832 735 sunt.

175 770 395 833 Praeter
422 770 529 827 hos
561 775 757 827 autem
789 775 846 827 et
871 786 969 825 eos
1002 768 1102 843 qui
1136 769 1312 823 fidem
1364 786 1569 826 sanam
1622 772 1839 843 negant

172 858 268 915 vel
302 859 591 917 simulant
620 858 905 916 conﬁteri.

253 948 373 1004 XII.
406 948 480 1022 (4,
516 950 633 1023 (1.4,
668 966 717 1005 c.
752 948 885 1019 ﬁn.)
919 947 1130 1004 Contra
1162 948 1341 1003 ritum
1374 948 1837 1005 ecclesiasticum

174 1042 502 1110 contraque
532 1038 892 1094 venerandae
912 1037 1069 1111 leges
1082 1036 1424 1111 producitur
1436 1042 1741 1093 accusator
1751 1036 1837 1092 vel

177 1125 350 1183 testis
381 1127 452 1182 de
470 1125 874 1200 imperialibus
896 1125 1309 1196 aedibus,etcui
1334 1126 1607 1199 imperari
1627 1128 1834 1199 potest.

176 1214 253 1271 ad
284 1213 500 1271 falsum
533 1215 847 1270 dicendum
881 1214 1290 1270 testimonium
1321 1214 1661 1283 adhibetur;
1688 1214 1839 1268 ﬁunt

177 1303 442 1375 suspecti
465 1303 736 1375 judices;
772 1308 827 1360 et
855 1303 1004 1376 lupi,
1036 1304 1332 1360 custodes.

251 1392 401 1448 XIII.
438 1392 509 1466 (6,
544 1410 601 1466 q.
636 1394 689 1463 4,
724 1392 874 1461 Quod
906 1395 1036 1449 bene
1068 1393 1261 1449 Carolo
1296 1395 1413 1464 regi
1458 1394 1837 1460 Francorum.)

175 1481 343 1545 Quod
375 1482 521 1537 bene
554 1480 731 1538 semel
765 1481 1085 1537 difﬁnitum
1117 1485 1226 1548 est,
1254 1486 1311 1537 et
1351 1481 1711 1553 interpositis
1733 1483 1838 1552 ju—

176 1570 464 1627 ramentis
513 1569 924 1639 deliberatum,
959 1570 1121 1626 nulla
1161 1570 1333 1625 debet
1362 1570 1686 1635 iteratione,
1722 1569 1835 1624 nisi

177 1658 451 1717 fortassis
482 1660 583 1716 ubi
613 1658 786 1716 fuerit
815 1661 1005 1732 major
1034 1659 1372 1727 auctoritas,
1406 1658 1727 1715 retractari.

249 1748 391 1806 XlV.
427 1751 544 1820 (24,
578 1766 634 1822 q.
672 1750 722 1821 1,
770 1750 861 1806 Ait
902 1749 1060 1806 Mich.
1116 1751 1247 1820 imp.
1299 1750 1547 1819 August.)
1577 1748 1671 1804 Ait
1713 1747 1835 1804 Cm-

174 1838 429 1903 lestinus
474 1855 646 1910 papa,
682 1837 1080 1894 Orientalibus
1111 1836 1399 1909 episcopis
1432 1837 1695 1892 scribens
1728 1853 1741 1891 :
1777 1835 1836 1891 Si

1948 685 2062 736 tur.
2101 682 2412 755 Liceatque
2446 684 2847 739 cardinalibus
2886 688 2942 739 et
2971 684 3102 740 aliis
3150 685 3374 741 clericis
3420 686 3606 742 Deum

1948 770 2315 839 timentibus,
2351 780 2407 827 et
2436 771 2627 841 laicis,
2658 774 2987 829 invasorem
3039 772 3207 829 illum
3257 775 3603 830 anathema-

1946 858 2144 928 tizare,
2179 864 2237 916 et
2274 859 2534 917 humano
2584 860 2801 918 auxilio
2851 880 2885 917 a
2936 863 3073 919 sede
3124 862 3445 935 apostolica
3492 863 3611 937 pel-

1946 946 2082 1003 lere.

2019 1036 2115 1093 ΙΙΙ.
2165 1037 2332 1109 (Dist.
2383 1041 2473 1109 97,
2518 1057 2568 1095 c.
2624 1041 2837 1097 Ludov.
2894 1041 3057 1113 imp.)
3108 1041 3266 1097 Licet
3307 1060 3613 1115 nunquam

1948 1124 2275 1197 apostolicae
2308 1127 2463 1184 sedis
2496 1130 2715 1185 modus
2750 1130 2923 1186 fuerit
2954 1131 3175 1203 absque
3207 1130 3456 1203 signatis
3489 1131 3612 1203 api-

1946 1215 2114 1270 cibus
2146 1217 2537 1288 undecunque
2568 1218 2922 1291 legationem
2962 1219 3396 1291 suscipere,nos
3415 1225 3613 1275 tamen

1947 1302 2374 1360 sublimitatem
2406 1311 2658 1361 vestram
2693 1307 2752 1362 in
2784 1307 3152 1365 nobilissimo
3185 1308 3308 1364 viro
3359 1325 3427 1363 ac
3459 1313 3613 1363 stre-

1947 1410 2064 1448 nuo
2103 1393 2293 1466 legato
2324 1399 2514 1451 vestro
2556 1396 2936 1464 honorantes,
2970 1398 3217 1469 ejusque
3264 1397 3611 1470 gravitatem

1946 1486 2005 1537 et
2035 1482 2402 1554 eloquiorum
2435 1483 2596 1539 illius
2625 1486 2912 1541 veridicas
2944 1489 3364 1559 cognoscentes
3411 1503 3602 1541 asser-

1946 1570 2156 1636 tiones,
2190 1572 2371 1627 nihilo
2420 1574 2617 1630 minus
2667 1592 2802 1630 cum
2848 1575 3072 1648 absque
3121 1575 3369 1648 epistola
3417 1564 3613 1631 vestra

1946 1661 2338 1733 suscepimus.

2018 1747 2109 1803 1V.
2145 1749 2220 1821 (1,
2255 1767 2312 1822 q.
2352 1753 2373 1806 1
2411 1756 2467 1806 et
2490 1750 2544 1818 9,
2579 1768 2637 1824 q.
2670 1752 2724 1818 3,
2758 1768 2808 1807 c.
2847 1757 2955 1808 Per
2983 1751 3393 1822 principalem.
3430 1754 3602 1811 Mich.

1945 1836 2109 1906 imp.)
2132 1837 2241 1893 Per
2268 1839 2651 1912 principalem
2684 1840 2988 1897 beatorum
3022 1841 3419 1914 apostolorum
3451 1841 3610 1897 Petri

177 1926 315 2000 quis
347 1927 419 1983 ab
449 1926 721 2000 episcopo
751 1926 1038 1994 Nesl‘orio,
1070 1925 1160 1983 vel
1189 1926 1261 1981 ab
1294 1924 1425 1981 aliis
1458 1925 1555 1997 qui
1588 1942 1722 2032 cum
1755 1942 1839 1980 se-
1870 1967 1919 2032 B
1948 1930 2003 1980 et
2036 1925 2197 1981 Pauli
2226 1928 2575 1995 dextram,et
2606 1933 2955 2000 potestatem
2977 1934 3032 1986 et
3046 1931 3149 2001 jus
3179 1930 3613 2000 habemus,non

180 2020 469 2090 quuntur,
506 2032 575 2072 ex
605 2033 721 2088 quo
756 2015 896 2072 talia
926 2016 1241 2088 praedicare
1272 2016 1589 2087 cmperunt,
1620 2013 1709 2069 vel
1741 2030 1839 2069 ex-

179 2106 657 2162 communicatus
687 2103 774 2160 vel
805 2109 1015 2161 exutus
1047 2109 1135 2160 est
1167 2120 1270 2160 seu
1302 2102 1586 2158 antistitis
1609 2119 1712 2157 seu
1731 2102 1839 2158 cle-

180 2193 291 2249 rici
321 2193 692 2267 dignitate,in
727 2197 930 2250 nostra
959 2193 1118 2248 hunc
1150 2192 1563 2249 communione
1595 2193 1839 2247 durasse

180 2287 241 2340 et
272 2283 483 2339 durare
510 2282 887 2341 manifestum
916 2283 1153 2339 est.Nec
1176 2282 1518 2354 judicamus
1546 2297 1681 2337 eum
1715 2297 1841 2335 esse

180 2375 497 2439 remotum,
530 2371 670 2444 quia
700 2389 816 2428 non
849 2376 1075 2445 poterat
1106 2388 1463 2444 quemquam
1498 2371 1626 2442 ejus
1657 2387 1843 2425 remo-

180 2478 315 2517 vere
345 2461 759 2534 sententia,qui
783 2462 910 2533 jam
937 2479 998 2517 se
1028 2461 1356 2533 praabuerat
1385 2460 1512 2532 ipse
1541 2477 1841 2515 removen-

190 2552 357 2608 dum.

260 2640 376 2695 XV.
418 2640 530 2710 (33,
574 2657 630 2712 q.
674 2643 729 2706 2,
781 2641 1042 2696 Historia.
1078 2639 1270 2695 Carolo
1310 2641 1435 2708 regi
1463 2640 1845 2707 Francorum.)

186 2728 443 2785 Historia
454 2727 851 2786 ecclesiastica
863 2728 935 2784 ab
953 2729 1197 2784 Eusebio
1211 2727 1560 2784 Caesareensi
1575 2727 1845 2799 episcopo

190 2818 551 2893 c_onfecta,de
577 2816 823 2873 muliere
853 2817 1108 2890 quadam
1142 2834 1257 2890 qua
1279 2817 1350 2871 de
1377 2817 1645 2873 castitate
1668 2834 1702 2871 a
1723 2833 1846 2871 ma-

190 2907 305 2963 rito
337 2905 1217 2978 accusabatur,ait:Praeceptum
1249 2910 1339 2962 est
1369 2907 1440 2962 ab
1472 2906 1845 2978 imperatore,

191 2996 322 3069 lege
354 2995 563 3062 lala,ut
593 2995 782 3069 primo
815 2995 1251 3069 permitteretur
1271 2994 1322 3051 ei
1353 3011 1473 3050 rem
1500 2995 1847 3050 familiarem

1951 2014 2139 2071 solum
2175 2017 2233 2071 in
2267 2017 2608 2087 monachos,
2640 2035 2842 2074 verum
2868 2019 3046 2075 etiam
3077 2018 3137 2073 in
3170 2017 3464 2091 quoslibet
3495 2017 3611 2074 cle-

1950 2104 2101 2160 ricos
2132 2105 2202 2159 de
2252 2122 2603 2177 quacunque
2651 2107 2905 2175 dioecesi,
2940 2124 3076 2162 cum
3126 2124 3364 2164 necesse
3411 2106 3608 2184 fuerit,

1950 2198 2127 2265 atque
2166 2193 2580 2250 ecclesiasticis
2632 2193 2997 2268 exigentibus
3046 2195 3607 2269 opportunitatibus,

1949 2281 2217 2337 invitare.

2020 2370 2089 2426 V.
2143 2375 2217 2440 (2,
2270 2388 2326 2442 q.
2378 2372 2432 2427 6.
2488 2373 2713 2444 Arguta
2768 2373 3077 2430 Rhemensi
3126 2375 3609 2445 archiepiscopo.)

1951 2461 2175 2531 Arguta
2204 2460 2492 2532 sapientia
2522 2466 2625 2516 tua
2657 2463 2962 2518 materiam
2996 2463 3376 2535 depositionis
3406 2466 3606 2520 adver-

1953 2566 2058 2604 sus
2078 2548 2418 2603 'Rothadum
2454 2551 2801 2623 assumpsit,
2834 2555 2890 2606 et
2920 2553 2991 2607 ab
3024 2553 3233 2608 itinere
3279 2552 3611 2625 apostolicae

1956 2637 2112 2693 sedis
2153 2638 2417 2703 removit,
2448 2643 2505 2695 et
2551 2639 2936 2696 continuatim
2987 2642 3365 2713 apostolicam
3414 2643 3613 2698 sedem

1956 2724 2347 2799 appellantem
2376 2727 2696 2797 damnavit,
2730 2733 2788 2784 et
2812 2730 3089 2785 carcerali
3120 2731 3397 2786 custodiae
3446 2748 3612 2787 man-

1957 2816 2187 2887 cipavit.
2222 2815 2530 2888 Privilegia
2560 2821 2754 2873 tamen
2785 2818 3115 2890 apostolicae
3148 2819 3307 2875 sedis
3334 2837 3437 2875 vos
3467 2819 3615 2875 obli-

1955 2904 2111 2959 vioni
2146 2905 2373 2961 tradere
2406 2906 2569 2960 nullo
2600 2907 2774 2961 modo
2806 2907 3181 2975 debuissetis,
3204 2908 3420 2980 quibus
3451 2925 3610 2965 vene-

1958 2993 2126 3048 randi
2156 3010 2409 3050 canones
2432 2994 2659 3065 judicia
2689 2994 2870 3050 totius
2899 2994 3166 3052 Ecclesiae
3220 2997 3290 3053 ad
3324 2997 3476 3053 hanc
3508 2998 3611 3054 de-

195 3085 379 3142 libere
411 3085 636 3142 diutius
677 3085 964 3153 ordinare,
995 3088 1138 3140 tunc
1186 3086 1425 3140 demum
1476 3084 1851 3156 responderet
1959 3081 2098 3139 ferri
2122 3082 2360 3154 jubent.

196 3173 463 3246 objectis.
496 3174 613 3230 Hoc
646 3191 848 3230 omnes
880 3173 1038 3246 leges
1067 3177 1188 3229 tam
1237 3172 1644 3229 ecclesiastica;
1671 3189 1847 3244 quam

192 3262 466 3335 vulgares
493 3262 856 3336 publiceque
888 3261 1251 3335 praecipiunt.
1286 3262 1344 3318 Si
1379 3266 1575 3317 autem
1617 3262 1688 3317 de
1718 3278 1849 3316 mu-

2029 3172 2124 3227 Vl.
2158 3172 2232 3244 (6,
2266 3188 2323 3244 q.
2357 3173 2411 3242 3,
2445 3174 2628 3228 Patet.
2663 3173 2829 3230 Mich.
2864 3174 3029 3246 imp.)
3053 3173 3216 3230 Patet
3245 3176 3501 3247 profecto
3531 3191 3618 3232 se-

1959 3260 2050 3317 dis
2080 3260 2611 3333 apostolicae,cujus
2637 3263 2985 3319 auctoritate
3009 3264 3205 3335 majus
3236 3281 3351 3320 non
3382 3270 3492 3335 est,
3508 3266 3612 3337 ju-

193 3352 440 3411 lieribus
470 3356 527 3408 et
557 3351 936 3409 saecularibus
964 3351 1108 3407 viris
1147 3351 1270 3406 haec
1322 3351 1640 3407 constituta
1688 3355 1848 3420 sunt,
1881 3331 1924 3398 C
1963 3348 2181 3404 dicium
2211 3366 2245 3404 a
2276 3349 2506 3406 nemine
2530 3350 2649 3406 fore
2665 3331 3321 3426 retractandummeque
3336 3331 3615 3425 cuiquam

195 3441 384 3509 multo
419 3440 606 3515 magis
636 3440 1050 3498 ecclesiasticis
1082 3440 1424 3496 hominibus
1454 3444 1511 3496 et
1539 3439 1851 3496 sacerdoti-

192 3534 309 3589 bus
340 3534 478 3588 sunt
509 3547 805 3588 concessa.

264 3620 407 3678 XVI.
442 3619 634 3693 (lbid.,
668 3637 718 3675 c.
750 3621 893 3676 Sive.
927 3620 1170 3687 Eidem.)
1195 3618 1325 3676 Sive
1356 3619 1428 3675 de
1457 3618 1714 3693 conjugii
1746 3619 1849 3675 fm-

190 3711 330 3771 dere
361 3709 477 3766 sive
508 3710 580 3765 de
610 3707 881 3765 adulterii
914 3708 1158 3764 crimine
1180 3707 1471 3781 judicium
1502 3707 1849 3781 agitandum

189 3798 292 3865 sit,
325 3796 487 3859 nulla
513 3796 660 3857 ratio
689 3797 911 3869 patitur
940 3796 1373 3869 Theutbergam
1405 3813 1539 3861 cum
1580 3796 1849 3852 Lothario

1960 3439 2032 3494 de
2060 3439 2188 3511 ejus
2219 3437 2390 3494 liceat
2411 3439 2681 3511 judicare
2701 3440 2948 3511 judicio.
2982 3440 3098 3496 Nec
3137 3442 3209 3496 de
3238 3442 3366 3514 ejus
3395 3441 3614 3513 judicio

1961 3544 2214 3583 canones
2245 3544 2507 3600 unquam
2531 3533 2930 3601 praeceperunt
2952 3529 3615 3600 judicari,sententiam-

1960 3633 2073 3689 que
2102 3615 2264 3673 illius
2295 3618 2729 3674 constituerunt
2758 3635 2876 3674 non
2898 3622 3163 3691 oportere
3176 3619 3617 3692 dissolvi,cujus

1959 3705 2154 3777 potius
2185 3707 2484 3777 sequenda
2511 3707 2743 3762 decreta
2771 3708 3217 3763 mandaverunt.

2028 3793 2149 3849 VII.
2186 3794 2293 3867 (l5,
2329 3812 2386 3866 q.
2421 3796 2475 3862 6,
2509 3812 2559 3851 c.
2587 3799 2641 3864 2,
2678 3796 2967 3866 Episcopis
3010 3797 3251 3869 Gallia'.)
3282 3797 3617 3854 Auctorita-

188 3904 365 3961 posse
398 3886 547 3943 inire
577 3890 894 3954 certamen,
927 3885 1041 3941 nisi
1073 3885 1238 3958 prius
1269 3886 1341 3939 ad
1394 3890 1628 3957 tempus
1676 3885 1852 3940 fuerit
1956 3886 2076 3938 tem
2106 3883 2523 3939 venerabilium
2550 3885 3045 3956 praedecessorum
3060 3890 3394 3942 nostrorum
3408 3886 3613 3955 secuti,

188 3976 421 4033 reddita
470 3994 588 4032 sum
636 3974 934 4048 potestati,
985 3979 1041 4029 et
1088 3973 1543 4046 consanguineis
1596 3972 1848 4046 propriis
1957 3977 2015 4027 et
2045 3971 2394 4027 nominatim
2426 3973 3615 4047 beatissimipapcaetmartyrisAlexandri

186 4065 369 4125 libere
396 4065 635 4129 sociata.
669 4065 871 4138 Itaque
900 4063 1078 4119 etiam
1113 4062 1276 4119 locus
1306 4062 1700 4135 providendus
1734 4066 1845 4131 est,
1957 4061 2212 4133 quinti,a
2242 4060 2412 4117 beato
2440 4062 2712 4128 Petro,ab
2738 4062 3015 4118 omnibus
3037 4063 3399 4134 juramentis
3430 4067 3487 4118 et
3514 4079 3616 4119 cu-

188 4156 253 4210 in
285 4172 398 4227 quo
428 4153 593 4211 nulla
620 4154 707 4209 vis
739 4152 1138 4211 multitudinis
1163 4152 1608 4220 formidetur,ne
1629 4151 1705 4207 sit
1734 4151 1844 4206 dif-

190 4242 345 4303 ﬁcile
374 4246 554 4300 testes
585 4243 905 4314 producere
951 4240 1042 4296 vel
1097 4245 1333 4297 caeteras
1383 4257 1684 4313 personas,
1718 4256 1844 4312 quas

190 4337 316 4389 tam
349 4350 383 4389 a
409 4330 628 4389 sanctis
660 4330 986 4386 canonibus
1025 4347 1203 4403 quam
1254 4347 1287 4384 a
1335 4329 1682 4385 venerandis
1731 4328 1845 4384 Ro-

189 4422 385 4487 manis
412 4420 642 4496 legibus
682 4420 740 4475 in
791 4419 1133 4491 hujusmodi
1189 4418 1599 4475 controversiis
1652 4418 1844 4490 requi-

189 4516 420 4568 runtur.

298 4602 374 4658 De
403 4601 644 4657 Romana
673 4600 933 4655 Ecclesia
963 4605 1017 4654 et
1041 4597 1161 4653 sede
1189 4598 1507 4665 apostolica,
1529 4598 1610 4653 lit.
1645 4597 1731 4654 IV.

1947 4150 2289 4221 jnscunque
2332 4149 2812 4224 obligationibus,
2845 4151 3063 4223 quibus
3110 4151 3196 4205 illi
3245 4167 3394 4220 sese,
3431 4151 3615 4207 coacti

1952 4238 2231 4294 violentia
2259 4239 2599 4311 impiorum,
2623 4239 3051 4313 obligaverunt,
3076 4238 3527 4307 absolvimus,et
3542 4246 3617 4296 ne

1955 4326 2055 4381 illa
2085 4332 2389 4382 serventur
2416 4327 2856 4394 vetuimus,tam
2890 4328 3395 4400 archiepiscopum
3417 4328 3612 4383 Trevi-

1955 4432 2185 4472 rensem
2217 4433 2394 4487 quam
2426 4417 2554 4487 ejus
2586 4415 2984 4488 praepositum,
3018 4421 3075 4473 ct
3103 4432 3312 4473 omnes
3342 4417 3441 4489 qui
3473 4421 3616 4473 tunc

1953 4504 2236 4576 temporis
2267 4503 2421 4576 capti
2451 4520 2512 4559 se
2551 4503 2670 4559 illis
2721 4505 3133 4576 quoquomodo
3182 4504 3613 4577 obligaverunt.

1953 4594 2152 4666 Neque
2181 4592 2361 4649 ullam
2394 4609 2492 4649 eos
2521 4592 2764 4665 proinde
2795 4593 3101 4648 infamiam
3120 4593 3208 4649 vel
3226 4592 3611 4657 calumniam,

262 4689 307 4745 Ι.
342 4689 511 4762 (Dist.
543 4693 634 4756 22,
667 4706 717 4745 c.
765 4690 814 4758 1,
848 4686 1385 4759 Mediolanensibus.)
1437 4686 1675 4754 Omnes,
1726 4674 1845 4743 sive
1876 4702 1922 4768 D
1954 4687 2055 4738 aut
2089 4700 2123 4739 a
2152 4682 2275 4738 suis
2303 4681 2476 4738 bonis
2505 4683 3035 4754 sequestrationem
3066 4699 3352 4755 unquam,
3379 4686 3616 4739 auctore

189 4777 537 4852 patriarchae
567 4777 881 4851 cujuslibet
891 4776 1136 4850 apicem,
1146 4776 1264 4832 sive
1277 4774 1615 4848 metropolis
1629 4775 1844 4848 prima-

187 4872 307 4937 tus,
363 4872 466 4925 aut
512 4867 918 4942 episcopatum
966 4865 1296 4933 cathedras,
1326 4858 1416 4920 vel
1467 4865 1846 4921 ecclesiarum

189 4958 597 5030 cujuscunque
628 4954 853 5012 ordinis
872 4953 1236 5028 dignitatem
1284 4952 1542 5008 instituit
1584 4954 1848 5009 Romana

186 5045 466 5101 Ecclesia.
503 5044 670 5100 Illam
698 5062 834 5100 vero
873 5042 1035 5101 solus
1073 5042 1199 5115 ipse
1248 5040 1533 5109 fundavit,
1563 5046 1620 5098 et
1668 5057 1848 5115 supra

188 5138 420 5206 petram
453 5132 589 5188 ﬁdei
619 5150 756 5189 mox
786 5131 1084 5189 nascentis
1116 5131 1425 5203 erexit,qui
1457 5131 1626 5187 beato
1658 5132 1842 5200 Petro,

189 5226 416 5278 aeternae
458 5220 587 5278 vitae
639 5220 948 5295 clavigero,
998 5219 1213 5277 terreni
1262 5218 1441 5276 simul
1491 5223 1547 5275 et
1594 5219 1845 5276 caelestis

188 5310 422 5384 imperii
445 5311 585 5383 jura
615 5307 912 5367 commisit
942 5310 1148 5381 (Matth.
1181 5312 1323 5378 xw.)

261 5400 336 5458 ΙΙ.
373 5400 538 5473 (Dist.
567 5399 661 5468 79,
695 5416 745 5456 c.
781 5399 832 5468 1,
865 5398 929 5454 Si
954 5400 1075 5471 quis
1094 5397 1378 5471 pecunia.)
1413 5398 1472 5455 Si
1505 5398 1638 5471 quis
1670 5415 1844 5471 pecu-

190 5489 290 5546 nia
333 5487 422 5546 vel
470 5489 661 5563 gratia
708 5487 988 5555 humana,
1022 5490 1123 5542 aut
1167 5486 1435 5562 populari
1468 5505 1570 5543 seu
1602 5486 1844 5544 militari

188 5578 474 5650 tumultu,
508 5577 839 5652 apostolicae
863 5576 986 5633 sedi
1019 5574 1145 5633 sine
1175 5574 1445 5632 concordi
1477 5580 1534 5631 et
1565 5574 1845 5633 canonica

189 5666 469 5741 electione
499 5664 889 5725 cardinalium
919 5666 1047 5739 ejus
1091 5662 1362 5722 Ecclesiae
1411 5681 1477 5721 ac
1508 5664 1716 5721 deinde
1747 5681 1843 5722 se-

189 5756 504 5845 quentium
531 5755 877 5827 clericorum
925 5753 1335 5832 religiosorum
1393 5753 1843 5831 inthronizaiur,

1956 4772 2071 4828 Deo
2101 4776 2159 4828 et
2188 4771 2406 4827 sanctis
2436 4770 2718 4843 apostolis
2749 4773 2807 4827 et
2824 4771 3045 4827 nostris
3062 4771 3610 4844 praedecessoribus,

1957 4861 2247 4917 sustinere
2277 4852 2698 4933 permittimus,
2718 4859 2870 4916 sicut
2901 4878 3005 4933 per
3033 4861 3376 4934 prophetam
3410 4858 3607 4916 Domi-

1956 4968 2069 5007 nus
2100 4950 2514 5007 dicitzbissolve
2542 4950 2934 5021 colligationes
2967 4950 3435 5021 impietatis,etc.
3471 4949 3608 5022 (Isa.

1957 5042 2131 5110 Lvm).

2025 5130 2144 5199 VII,
2181 5130 2290 5203 (17,
2319 5146 2374 5202 q.
2420 5130 2472 5196 4,
2522 5128 2766 5186 Nemini.
2812 5129 3087 5187 Omnibus
3127 5126 3326 5199 episc.)
3378 5126 3612 5183 Nemini

1955 5222 2044 5275 est
2072 5220 2142 5274 de
2177 5218 2333 5275 sedis
2364 5217 2693 5290 apostolicae
2727 5216 2950 5288 judicio
2972 5216 3263 5288 judicare,
3298 5219 3400 5272 aut
3447 5215 3612 5272 illius

1954 5307 2306 5365 sententiam
2338 5309 2651 5362 retractare
2682 5305 3058 5379 permissum,
3084 5304 3355 5361 videlicet
3374 5309 3613 5378 prepter

1954 5397 2228 5453 Romanis
2277 5395 2547 5452 Ecclesiae
2600 5395 2940 5468 primatum,
2987 5393 3207 5450 Christi
3255 5411 3498 5451 munere
3544 5393 3606 5450 in

1952 5486 2122 5543 beato
2156 5486 2322 5541 Petro
2355 5484 2616 5557 apostolo
2649 5483 2931 5539 divinitus
2956 5482 3255 5539 collatum.

2024 5574 2361 5643 IX.(55,q.2,
2376 5574 2441 5630 Si
2468 5572 2953 5646 quis.Universali
2987 5574 3207 5647 synodo
3238 5569 3606 5646 praesidens.)

1953 5664 2013 5722 Si
2058 5664 2191 5739 quis
2233 5664 2527 5736 dogmata,
2562 5664 2863 5733 mandata,
2896 5662 3229 5731 interdicta,
3271 5662 3606 5719 sanctiones

1952 5754 2042 5814 vel
2072 5755 2305 5813 decreta
2333 5769 2438 5830 pro
2467 5751 2757 5825 catholica
2777 5753 2892 5815 ﬁde
2914 5751 3003 5812 vel
3020 5751 3413 5813 ecclesiastica
3441 5750 3611 5813 disci-
