4138 6474
254 384 420 469 1139'

1250 408 1615 472 DECRETA
1658 410 1760 472 EX
1804 409 2203 473 GRATIANO
2248 409 2680 471 COLLECTA.

3512 413 3674 475 H90

234 539 445 627 ‘officio
478 539 824 596 sacerdotali
851 542 1548 616 cxcommunicati,atque
1572 561 1604 599 a
1626 543 1908 617 regimine
1936 551 1991 616 Α
2024 542 2187 616 regni
2220 542 2305 598 tui
2330 542 2682 617 suﬂ'raganei
2704 543 2832 614 ejus
2854 548 3016 611 sunt,
3040 544 3191 600 sicut
3214 546 3675 620 conscriptiones

249 628 625 702 episcopatus
656 628 892 685 alienati
926 630 1332 686 indubitanter
1361 631 1637 688 existunt.

324 717 416 772 IV.
445 717 559 789 (ll,
597 735 653 791 q.
687 719 741 785 3,
775 720 1082 792 Pnz'cipue.
1117 721 1371 777 Lothario
1422 722 1581 794 regi.)
1620 722 1911 795 Praecipue

248 806 562 864 Waldrade
608 807 833 879 pellicis
882 812 1016 877 tuae,
1042 814 1101 864 et
1152 810 1376 867 dudum
1409 816 1528 867 ate
1569 812 1907 884 repudiatae,

249 896 730 951 communionem
758 895 1002 952 declina.
1024 899 1541 955 Excommunicata
1561 905 1648 955 est
1669 900 1913 971 enim,et

250 1002 440 1057 usque
472 985 542 1039 ad
576 986 943 1057 prmsentiam
971 992 1231 1043 nostram
1256 988 1326 1043 ab
1347 987 1507 1043 omni
1529 989 1910 1044 contubernio

251 1073 720 1130 Christianorum
754 1080 1138 1147 sequestrata.
1169 1075 1686 1133 Excommunicata
1707 1083 1816 1147 est,
1840 1095 1912 1135 ne
1962 1126 1965 1129 .

254 1180 393 1218 cum
424 1180 494 1218 ea
526 1163 651 1234 pari
686 1180 965 1219 mucrone
994 1165 1330 1236 percellaris
1366 1167 1687 1234 sententiae,
1713 1186 1779 1221 ac
1810 1185 1911 1239 pro

254 1252 434 1307 unius
468 1250 825 1307 mulierculae
858 1254 1128 1323 passione
1158 1254 1390 1310 vinctus
1416 1260 1473 1310 et
1502 1255 1813 1327 obligatus,
1839 1257 1911 1311 ad

252 1358 508 1413 perenne
535 1340 783 1396 trahatis
813 1342 1075 1397 exitium.

327 1429 391 1484 V.
418 1429 611 1502 (Ibid.,
636 1446 685 1485 c.
710 1430 795 1485 Ita
843 1433 1106 1503 corporis.
1140 1431 1373 1504 Eidem.)
1405 1434 1489 1488 Ita
1523 1434 1797 1505 .corporis
1829 1433 1913 1488 tui

256 1518 516 1574 motibus
541 1519 743 1575 cedere
769 1519 1140 1587 consensisti,
1164 1526 1220 1576 et
1246 1522 1522 1578 relaxatis
1546 1522 1912 1595 voluptatum

253 1608 525 1675 nabenis,
548 1608 894 1681 temetipum
928 1609 988 1664 in
1018 1609 1212 1665 lacum
1244 1611 1494 1667 miseriae
1526 1616 1582 1667 et
1613 1612 1672 1666 in
1722 1611 1911 1667 lutum

254 1697 413 1752 faecis
441 1696 803 1769 prohibitum
834 1697 1120 1768 dejecisti,
1146 1703 1210 1753 ut
1237 1700 1335 1770 qui
1368 1700 1597 1771 positus
1630 1700 1822 1755 fueras
1852 1699 1912 1755 in

252 1785 679 1857 gubernatione
710 1785 1083 1856 populorum,
1112 1788 1352 1843 effectus
1383 1789 1463 1843 sis
1496 1789 1668 1843 ruina
1699 1789 1912 1844 multo-

252 1890 410 1929 rum.
442 1874 656 1929 Probat
694 1873 804 1930 hoc
844 1875 1230 1949 Theutgaudii
1261 1881 1317 1931 et
1346 1878 1657 1933 Guntharii
1688 1878 1913 1933 dudum

252 1962 664 2034 episcoporum
696 1962 996 2035 legitimus
1041 1982 1234 2030 casus,
1269 1966 1368 2037 qui
1401 1984 1504 2038 pro
1554 1984 1620 2022 eo
1671 1968 1825 2039 quod
1858 1972 1915 2023 te

256 2051 502 2107 minime
521 2058 917 2124 competenter
938 2054 1276 2122 erudierint,
1293 2055 1435 2127 quin
1458 2056 1596 2124 imo,
1613 2057 1751 2128 quia
1777 2074 1916 2129 prae-

254 2140 670 2196 varicationem
700 2146 864 2196 tuam
896 2143 1260 2215 argumentis
1305 2144 1431 2200 suis
1470 2150 1680 2217 tegere,
1716 2151 1773 2200 et
1804 2146 1913 2200 sub

254 2229 769 2302 quadamjustitia:
783 2232 994 2302 specie,
1008 2232 1218 2287 fucatis
1237 2222 1591 2305 quibusdam
1611 2234 1915 2306 exquisitis

258 2318 1141 2392 adinventionibus,a3qnitatem
1161 2322 1405 2377 obruere
1424 2324 1801 2390 studuerunt,
1821 2341 1916 2378 no-

257 2413 382 2464 stra
407 2413 547 2463 sunt
568 2409 890 2481 apostolica
910 2410 1159 2481 depositi
1195 2412 1559 2480 auctoritate,
1582 2418 1638 2467 et
1660 2414 1731 2467 ab
1755 2412 1915 2467 omni

257 2497 630 2570 episcopatus
662 2498 946 2570 regimine
979 2499 1324 2572 regulariter
1354 2502 1726 2572 sequestrati.

325 2586 422 2641 Vl.
459 2585 625 2658 (Ibid.
672 2586 1203 2643 Excellentissimus.
1254 2590 1547 2645 Hincmaro
1592 2589 1918 2645 Rhemorum

256 2677 704 2746 archiepiscopo.)
752 2675 1294 2733 Excellentissimus
1327 2696 1427 2733 rex
1457 2678 1699 2734 Carolus
1748 2696 1917 2751 apos-

261 2763 511 2819 tolatum
535 2769 801 2820 nostrum
825 2764 1143 2833 consuluit,
1163 2767 1305 2837 quid
1328 2768 1616 2839 agendum
1642 2768 1717 2822 sit
1739 2770 1809 2823 de
1826 2767 1918 2823 his

268 2853 372 2925 qui
412 2870 542 2909 cum
579 2853 912 2925 Ingeltrude
964 2873 1115 2928 saepe
1160 2856 1437 2912 damnata
1483 2858 1922 2913 communicant

266 2942 791 3015 lemina,quoniam
811 2961 938 2999 eam
958 2961 1091 2999 cum
1106 2945 1703 3001 communieatoribus
1721 2946 1845 3002 suis
1863 2951 1919 3002 et

268 3032 599 3087 fautoribus
623 3032 748 3104 pari
770 3032 1001 3088 vinculo
1023 3033 1417 3089 anathematis
1430 3038 1660 3090 constat
1680 3051 1808 3090 esse
1832 3052 1921 3090 as-

267 3120 520 3176 trictam.
546 3122 910 3194 Quapropter
940 3140 1095 3177 nunc
1126 3122 1474 3178 beatitudini
1519 3127 1632 3178 tuae
1663 3123 1918 3197 injungi-

268 3214 506 3275 mus,ut
524 3227 702 3283 super
727 3210 836 3266 hoc
885 3216 1087 3266 nostra
1115 3211 1459 3267 auctoritate
1482 3212 1683 3282 fretus,
1717 3230 1918 3269 curam

2020 634 2518 704 praedecessorum
2559 650 2824 688 meorum
2864 634 3162 689 evidenter
3191 635 3527 691 ostendunt.
3564 637 3675 691 Ne-

2020 738 2134 793 que
2164 720 2321 776 enim
2351 720 2638 777 Ecclesiae
2669 721 2770 776 Dei
2802 739 2907 794 per
2936 722 3261 779 discordias
3292 742 3495 797 regum
3529 726 3674 780 divi-

2019 810 2200 867 sionis
2228 809 2427 883 aliqua
2446 811 2663 865 damna
2684 810 2803 882 pati
2828 828 3065 867 necesse
3087 816 3195 878 est,
3220 818 3675 885 cum,quantum

2019 918 2087 956 ex
2118 917 2179 955 se
2210 905 2316 968 est,
2344 916 2545 971 pacem
2571 916 2747 971 quam
2778 900 3114 972 praedicant,
3141 918 3371 957 servare
3403 904 3680 958 studeant

2022 990 2079 1045 in
2115 990 2358 1044 invicem
2393 993 2450 1044 et
2484 1006 2708 1044 omnes.

2093 1079 2189 1133 III.
2215 1078 2286 1150 (9,
2320 1095 2376 1149 q.
2411 1079 2463 1145 3,
2498 1080 2824 1151 Conquestus
2863 1080 3196 1135 Bituricensi
3230 1081 3678 1154 archiepiscopo.)

2021 1166 2386 1238 Conquestus
2408 1170 2495 1221 est
2526 1166 2876 1239 apostolatui
2919 1172 3118 1223 nostro
3150 1168 3330 1223 frater
3361 1174 3560 1224 noster
3590 1170 3677 1225 Si-

2020 1257 2304 1327 gebodus,
2329 1255 2807 1328 archiepiscopus
2827 1256 3242 1325 Narbonensis,
3261 1258 3415 1329 quod
3439 1258 3679 1315 clericos

2021 1362 2183 1411 suos,
2204 1362 2271 1400 eo
2294 1345 2492 1411 invito,
2518 1346 2589 1400 ad
2607 1345 2901 1417 judicium
2933 1350 3098 1401 tuum
3120 1346 3316 1401 venire
3336 1345 3677 1419 compellas,

2022 1438 2077 1489 et
2108 1434 2179 1488 de
2201 1434 2376 1489 rebus
2398 1434 2470 1489 ad
2494 1432 2810 1489 Ecclesiam
2835 1452 3001 1490 suam
3031 1435 3481 1507 pertinentibus,
3505 1452 3571 1490 eo
3594 1434 3681 1490 in-

2021 1521 2308 1590 consulto,
2335 1522 2501 1594 quasi
2546 1524 2683 1593 jure
2722 1522 3159 1595 patriarchatus
3208 1524 3295 1578 tui
3349 1524 3675 1596 disponas:

2022 1628 2157 1666 cum
2181 1610 2290 1665 hoc
2313 1627 2500 1682 neque
2532 1610 2854 1682 antiquitas
2885 1612 3001 1681 (cui
3033 1612 3218 1668 sancti
3242 1612 3441 1668 Patres
3470 1629 3679 1668 sanxe-

2024 1705 2163 1756 runt
2198 1700 2602 1772 reverentiam)
2632 1700 2863 1769 habeat,
2896 1705 2953 1757 et
2991 1701 3306 1757 auctoritas
3337 1706 3677 1757 sanctorum

2024 1806 2317 1876 canonum
2351 1789 2586 1860 penitus
2626 1789 2958 1856 interdicat,
2992 1790 3106 1846 nisi
3155 1790 3303 1846 forte
3334 1808 3437 1861 pro
3485 1790 3679 1846 causis

1946 1925 1992 1988 Β
2025 1896 2151 1950 qua:
2185 1878 2337 1949 apud
2373 1895 2433 1933 se
2466 1878 2770 1933 terminari
2793 1896 2906 1934 non
2935 1884 3204 1951 possunt,
3229 1881 3300 1935 ad
3336 1885 3390 1935 te
3418 1879 3585 1951 quasi
3607 1879 3680 1935 ad

2023 1966 2407 1988 __1_.'-._-L-_.-
2448 1984 2613 1988 _______-
2649 1984 2977 1988 ______---___,
3002 1968 3080 1988 SAL
3114 1985 3208 1988 _-,,
3244 1968 3577 1988 ,___.A11A13A‘
3602 1985 3653 1988 Α-

2022 1966 2415 2038 patriarcham
2444 1984 2620 2022 suum
2648 1968 3086 2039 provocaverint
3111 1985 3212 2040 per
3236 1968 3680 2040 appellationes,

2022 2055 2107 2111 vel
2142 2056 2191 2111 si
2225 2056 2536 2128 episcopus
2581 2073 2726 2111 suus
2758 2057 3093 2123 decesserit,
3119 2074 3211 2112 res
3243 2056 3513 2112 Ecclesiae
3561 2073 3680 2112 suae

2015 2145 2240 2215 judicio
2272 2149 2372 2200 tuo
2394 2144 2733 2217 dispensare
2763 2144 3071 2200 voluerint.
3097 2145 3384 2201 Primates
3415 2144 3571 2201 enim
3592 2145 3681 2201 vel

2025 2233 2390 2306 patriarchas
2421 2233 2567 2288 nihil
2599 2233 2883 2306 privilegii
2916 2234 3129 2289 habere
3161 2252 3276 2306 prae
3307 2233 3530 2290 caeteris
3559 2234 3681 2306 epi-

2025 2323 2238 2395 scopis,
2273 2323 2386 2379 nisi
2419 2327 2706 2395 quantum
2748 2322 2898 2379 sacri
2949 2341 3203 2379 canones
3245 2325 3593 2392 concedunt,
3625 2326 3683 2378 et

2025 2412 2220 2483 prisca
2263 2412 2626 2468 consuetudo
2678 2411 2795 2467 illis
2845 2412 3172 2485 antiquitus
3225 2412 3491 2480 contulit,
3525 2412 3679 2467 difﬁ-

2026 2501 2246 2557 nimus.

2098 2589 2189 2645 1V.
2222 2590 2265 2661 (Ι
2288 2589 2333 2655 Ι,
2357 2607 2412 2662 q.
2440 2590 2493 2657 3,
2522 2590 2951 2659 Theutgaudum.
2977 2589 3239 2646 Omnibus
3265 2592 3527 2663 episcopis
3549 2589 3681 2645 Gal-

2027 2679 2123 2734 liae
2151 2686 2202 2733 et
2232 2678 2587 2748 Germaniw.)
2625 2679 3075 2751 Theutgaudum
3129 2680 3531 2735 Trevirensem
3563 2678 3681 2751 pri-

2027 2771 2244 2821 matem
2269 2767 2508 2840 Belgicae
2524 2769 2915 2839 provincize,et
2933 2769 3324 2824 Guntharium
3348 2768 3680 2841 Agrippinae

2027 2855 2276 2911 Colonia;
2298 2856 2960 2928 archiepiscopos,nunc
2984 2873 3179 2911 coram
3211 2858 3379 2913 nobis
3398 2862 3456 2911 et
3481 2860 3684 2912 sancta

2028 2946 2250 3017 synodo
2269 2946 2378 3001 sub
2405 2951 2706 3017 gestorum
2732 2944 3151 3010 insinuatione,
3168 2945 3421 3016 qualiter
3441 2961 3682 3000 causam

2030 3034 2284 3089 Lotharii
2305 3033 2455 3106 regis
2470 3038 2525 3089 et
2537 3035 2788 3088 duarum
2807 3032 3122 3089 mulierum
3141 3034 3681 3105 ejus,Theutberga:

2029 3122 2251 3179 scilicet
2271 3129 2329 3178 et
2347 3122 2698 3190 Waldradaa,
2718 3122 3161 3195 recognoverint
3187 3127 3245 3178 et
3265 3122 3680 3194 judicaverint,

2032 3214 2316 3284 scriptum
2347 3229 2524 3284 super
2575 3212 2684 3267 hoc
2726 3211 2978 3284 propriis
3018 3211 3295 3267 manibus
3341 3212 3689 3267 roboratunr

266 3301 338 3355 de
368 3299 462 3354 his
495 3316 727 3355 sumere
759 3301 1014 3356 studeas.
1038 3300 1103 3355 Et
1133 3301 1273 3372 quia
1302 3301 1471 3356 docta
1491 3301 1769 3358 divinitus
1789 3320 1918 3358 san-
1947 3291 1989 3356 C
2029 3302 2355 3369 offerentes,
2378 3304 2434 3356 et
2460 3300 2809 3356 sententiam
2833 3318 3011 3372 quam
3042 3318 3077 3356 a
3106 3301 3241 3357 sede
3273 3299 3594 3372 apostolica
3621 3299 3681 3353 in

267 3389 441 3444 ctitas
464 3392 564 3444 tua
586 3388 749 3444 valde
771 3388 928 3445 novit
949 3388 1107 3444 aliud
1130 3406 1257 3445 esse
1279 3407 1345 3445 ex
1370 3391 1737 3458 necessitate,
1758 3391 1917 3447 aliud

264 3493 334 3534 ex
362 3476 712 3550 ignorantia,
739 3483 913 3550 atque
935 3477 1096 3533 aliud
1120 3479 1276 3550 quod
1298 3479 1368 3533 de
1397 3477 1591 3535 studio
1621 3479 1917 3552 delinqui-

262 3572 387 3635 tur;
409 3566 686 3639 istudque
711 3568 1004 3640 posterius
1029 3568 1259 3624 duobus
1279 3556 1573 3640 prioribus
1595 3569 1917 3625 districtius

261 3672 390 3713 esse
419 3655 783 3729 puniendum
811 3672 822 3710 :
852 3657 1064 3711 idcirco
1094 3656 1342 3711 solerter
1368 3656 1719 3729 invigilet,et
1749 3662 1919 3714 cauta

262 3745 626 3801 districtione
658 3744 1027 3817 singulorum
1061 3746 1267 3801 modos
1297 3746 1599 3816 dijudicet,
1624 3752 1916 3819 quatenus

261 3834 362 3907 qui
392 3852 462 3890 ex
491 3833 836 3890 necessitate
858 3839 958 3889 aut
978 3833 1310 3905 ignorantia
1329 3835 1699 3905 delinquunt,
1724 3842 1918 3892 aucto-

262 3925 433 3979 ritate
466 3927 667 3979 nostra
717 3941 819 3995 per
858 3928 913 3979 te
954 3922 1347 3978 absolvantur.
1386 3923 1519 3978 Illos
1570 3928 1765 3979 autem
1815 3926 1915 3996 qui

263 4011 457 4068 studio
490 4028 596 4069 suo
629 4010 982 4083 obligantur,
1007 4017 1062 4066 et
1090 4015 1430 4083 contemptu
1471 4011 1783 4068 interdicta
1812 4030 1916 4068 no-

264 4105 388 4156 stra
417 4105 799 4174 postponunt,
829 4100 1061 4157 nonnisi
1110 4100 1289 4173 digna
1339 4100 1738 4156 satisfactione
1770 4119 1914 4173 prae-

262 4189 545 4257 veniente,
571 4190 845 4245 volumus
875 4207 909 4245 a
939 4194 995 4244 te
1026 4206 1269 4262 prorsus
1300 4188 1540 4246 absolvi.

339 4278 457 4335 VII.
485 4280 595 4351 (24,
620 4296 676 4351 q.
708 4278 877 4346 3,,An
907 4295 1034 4335 non.
1067 4279 1320 4335 Lothario
1346 4281 1510 4349 regi.)
1533 4280 1619 4334 An
1652 4296 1767 4335 non
1791 4280 1915 4336 dis-

266 4367 435 4423 tricta
466 4367 688 4423 ultione
716 4367 1014 4423 feriendus
1046 4385 1129 4433 es,
1154 4368 1254 4440 qui
1286 4368 1343 4422 in
1378 4369 1607 4424 duabus
1638 4369 1916 4425 uxoribus

262 4456 619 4513 adulterium
669 4457 919 4513 Lamech
953 4461 1009 4512 et
1040 4456 1327 4529 ﬂagitium
1357 4456 1627 4513 imitatus
1675 4475 1802 4514 esse
1829 4459 1916 4514 di-

261 4546 599 4620 gnosceris?
629 4546 784 4619 quod
816 4547 1102 4602 Dominus
1127 4546 1361 4602 nonnisi
1391 4550 1522 4618 post
1545 4547 1918 4620 septuaginta

2026 3389 2425 3462 Ingeltrudem
2468 3406 2707 3445 uxorem
2760 3390 3020 3459 Dosonis,
3045 3388 3457 3445 sanctissimus
3505 3388 3684 3443 frater

2026 3484 2227 3535 noster
2244 3478 2716 3550 archiepiscopus
2736 3478 3404 3534 MediolanensisThado
3422 3483 3477 3533 et
3493 3476 3682 3532 caeteri

2026 3568 2352 3640 coepisc0pi
2385 3568 2570 3623 nostri
2604 3567 2931 3640 petiverunt
2964 3567 3439 3633 emittendam,et
3466 3583 3572 3621 nos
3599 3565 3680 3620 di-

2024 3658 2158 3711 vino
2180 3656 2445 3712 succensi
2469 3655 2611 3721 zelo,
2638 3657 2747 3711 sub
2771 3656 3164 3712 anathematis
3186 3655 3558 3712 attestatione
3578 3671 3677 3709 ca—

2027 3747 2231 3801 nonice
2280 3745 2734 3817 protuleramus,
2760 3745 2991 3817 publice
3014 3763 3075 3801 se
3095 3745 3224 3800 viva
3255 3762 3394 3800 voce
3430 3744 3679 3800 violasse

2027 3836 2396 3903 conﬁtentes;
2430 3834 2491 3889 in
2522 3834 2738 3906 quibus
2762 3835 3038 3890 omnibus
3070 3833 3401 3890 invenimus
3426 3851 3524 3889 eos
3545 3850 3680 3906 apo-

2027 3923 2262 3980 stolicas
2283 3928 2457 3995 atque
2490 3923 2799 3978 canonicas
2830 3923 3165 3979 sanctiones
3198 3922 3256 3977 in
3288 3922 3558 3994 pluribus
3582 3939 3681 3978 ex.

2022 4014 2292 4080 cessisse,
2320 4016 2377 4067 et
2405 4010 2697 4083 aequitatis
2728 4028 2997 4066 normam
3032 4011 3300 4083 nequiter
3330 4015 3675 4076 temerasse,

2026 4104 2097 4158 ab
2116 4102 2271 4158 omni
2287 4101 2628 4172 judicamus
2644 4099 2949 4156 sacerdotii
2972 4100 3161 4155 officio
3185 4116 3421 4154 manere
3443 4099 3680 4171 penitus

2027 4192 2265 4248 alienos.
2293 4192 2357 4245 Et
2413 4190 2544 4245 ideo
2588 4188 2773 4245 sancti
2829 4188 3081 4261 Spiritus
3133 4188 3378 4259 judicio,
3411 4193 3469 4243 et
3526 4187 3679 4242 beati

2026 4280 2177 4336 Petri
2210 4297 2313 4352 per
2342 4296 2450 4335 nos
2482 4278 2849 4344 auctoritate,
2882 4277 3255 4350 episcopatus
3294 4280 3499 4333 exutos
3530 4276 3679 4349 regi-

2028 4369 2184 4424 mine
2216 4368 2536 4423 consistere
2567 4367 2918 4422 difﬁnimus.

2433 4461 2511 4512 De
2534 4458 2706 4512 sacris
2736 4455 3043 4521 ordinibus,
3073 4457 3156 4511 tit.
3190 4455 3272 4510 IX.

2097 4547 2139 4601 Ι.
2177 4546 2343 4619 (Dist,
2375 4546 2466 4612 23,
2498 4547 2793 4602 Praeterea.
2838 4544 3067 4616 Rodulfo
3116 4544 3453 4600 Bituricensi
3497 4543 3681 4598 archi-

262 4640 488 4707 septem
512 4636 926 4725 generationes
948 4653 1054 4692 suo
1085 4634 1386 4725 salutifero
1409 4636 1657 4725 adventu
1682 4636 1914 4706 delevit,
1950 4661 1996 4725 Ι)
2026 4634 2314 4725 episcopo.)
2348 4636 2482 4725 Qua:
2512 4634 2574 4725 in
2607 4632 3146 4725 consecrationibus
3171 4637 3228 4689 et
3256 4633 3565 4725 ordinibus
3589 4632 3683 4725 ob-

263 4740 399 4779 cum
432 4722 568 4779 Cain
620 4724 983 4780 fraticidium
1031 4724 1283 4797 septima
1329 4723 1700 4796 generatione
1749 4726 1919 4798 aquis

262 4813 550 4870 abolitum
586 4814 662 4869 sit
692 4813 1051 4887 cataclysmi,
1086 4813 1144 4868 id
1176 4817 1265 4868 est
1295 4812 1495 4869 diluvii
1530 4813 1677 4885 (Gen.
1709 4815 1808 4886 v1).

362 4950 375 4961 .
449 4904 523 4958 De
542 4903 888 4975 patriarchis
916 4911 968 4958 et
998 4902 1446 4973 archiepiscopis,
1480 4904 1564 4958 tit.
1605 4905 1738 4959 VIII.

335 4992 378 5046 Ι.
414 4992 581 5064 (Dist.
615 4992 705 5062 63,
740 4994 1044 5065 Episcopus.
1086 4992 1339 5048 Joummi
1385 4992 1690 5048 Ravennati
1734 4994 1920 5049 archi-

266 5078 453 5151 episc.)
486 5078 801 5152 Episcopos
831 5099 934 5153 per
980 5079 1268 5136 [Emiliam
1304 5097 1417 5135 non
1449 5097 1774 5152 consecres,
1809 5083 1922 5139 nisi

270 5172 404 5240 post
432 5166 774 5224 electionem
805 5169 893 5224 vel
924 5187 1275 5228 consensum
1306 5168 1441 5225 cleri
1473 5174 1529 5224 et
1560 5171 1777 5242 populi.

343 5256 413 5313 II.
447 5258 502 5325 3,
537 5274 593 5329 q.
618 5258 672 5323 6,
697 5258 825 5314 ch
852 5261 1068 5331 quippe.
1091 5258 1378 5315 Salo-mani
1405 5259 1525 5326 regi
1550 5259 1918 5327 Britannum).

267 5351 399 5401 Haec
429 5346 719 5402 ordinatio
749 5347 851 5403 Dei
882 5348 1070 5403 Patris
1100 5349 1207 5417 tui,
1241 5352 1299 5403 et
1329 5346 1451 5402 haec
1481 5350 1571 5402 est
1602 5346 1693 5402 lex
1722 5348 1921 5404 Eccle-

267 5433 366 5490 siae
398 5434 605 5491 matris
637 5439 770 5507 tuae,
793 5436 1059 5492 videlicet
1090 5441 1155 5492 ut
1186 5453 1391 5492 omnes
1423 5435 1726 5508 episcopos
1758 5438 1922 5510 regni

266 5524 350 5580 tui
386 5525 457 5580 ad
484 5526 885 5582 Turonensem
911 5524 1414 5599 archiepiscopum
1440 5525 1669 5581 mittere
1689 5543 1804 5581 non
1830 5528 1924 5583 de-

266 5617 500 5681 trectes,
528 5614 836 5689 ipsiusque
855 5615 1148 5688 judicium
1171 5615 1465 5688 postulare
1497 5632 1613 5672 non
1644 5615 1921 5690 dedigne-

269 5703 370 5766 ris.
396 5704 526 5783 Ipse
548 5710 636 5764 est
655 5705 812 5764 enim
841 5704 1349 5783 metr0politanus,
1364 5708 1421 5762 et
1442 5722 1645 5765 omnes
1666 5705 1920 5783 episcopi

2028 4723 2311 4782 servanda
2340 4723 2479 4790 sint,
2511 4722 2663 4777 beati
2712 4722 3033 4778 Innocentii
3074 4739 3242 4801 papae
3274 4720 3554 4776 canonica
3582 4722 3679 4775 de-

2029 4817 2204 4882 creta,
2240 4811 2560 4884 praesertim
2605 4811 2895 4883 principia
2939 4811 3163 4883 paginae
3215 4811 3289 4865 ad
3339 4808 3680 4864 Decentium

2026 4902 2402 4975 Eugubinum
2432 4898 2771 4970 episcopum
2805 4900 3049 4969 emissae,
3080 4899 3299 4956 affatim
3332 4898 3676 4953 edocebunt.

2102 4993 2171 5047 II.
2207 4991 2281 5063 (1,
2328 4992 2534 5062 quiest.
2580 4989 2630 5054 1,
2671 4989 2994 5058 Statuimus,
3030 5006 3078 5045 ο.
3111 4989 3189 5061 2.)
3236 4985 3550 5044 Simoniaci
3598 4985 3681 5042 si-

2031 5082 2295 5137 moniace
2325 5076 2578 5134 ordinati
2614 5075 2699 5133 vel
2730 5077 3113 5147 ordinatores,
3144 5078 3465 5134 secundum
3500 5073 3679 5130 eccle-

2032 5171 2298 5228 siasticos
2331 5183 2605 5233 canones,
2632 5172 2665 5220 a
2694 5164 2925 5236 proprio
2957 5169 3144 5239 gradu
3177 5166 3466 5223 decidant.
3491 5164 3681 5219 Simo—

2032 5260 2181 5317 niaci
2215 5275 2446 5332 quoque
2477 5254 2794 5311 simoniace
2825 5271 2859 5308 a
2890 5272 3006 5310 non
3040 5256 3378 5312 simoniacis
3408 5252 3680 5318 ordinati,

2031 5349 2302 5406 similiter
2333 5347 2405 5402 ab
2438 5345 2628 5401 otﬁeio
2670 5342 2822 5398 male
2864 5347 3100 5415 accepto
3131 5347 3559 5401 removeantur.
3594 5340 3684 5397 Si-

2031 5439 2332 5496 moniacos
2366 5439 2562 5490 autem
2594 5449 2711 5488 non
2743 5431 3061 5488 simoniace
3094 5450 3127 5488 a
3158 5431 3500 5491 simoniacis
3529 5429 3681 5487 ordi-

2032 5533 2223 5594 natos,
2258 5521 2712 5581 misericorditer
2740 5538 2843 5594 per
2868 5538 3080 5576 manus
3112 5522 3546 5594 impositionem
3579 5536 3682 5592 pro

2031 5617 2309 5690 temporis
2340 5611 2685 5670 necessitate
2723 5609 2782 5667 in
2816 5610 3006 5668 ofﬁcio
3046 5610 3422 5669 concedimus
3453 5625 3681 5685 perma-

2030 5724 2187 5767 ΠΟΡΘ·
