4138 6468
379 421 535 498 1199

942 437 1046 499 AD
1089 435 1519 499 EPISTULAS
1564 435 1667 497 ET
1710 436 2076 499 DECRETA
2122 422 2435 499 NICOLAI
2477 434 2706 496 PAPIE
2748 434 2774 496 1
2821 432 3242 497 APPENDIX.

3650 424 3810 495 η)ὒο

376 572 683 629 desideras
715 574 917 628 utrum
949 570 1165 628 mulier
1194 589 1322 644 quae
1352 571 1458 627 viri
1492 570 1684 628 ﬁlium
1714 589 1785 628 ex
1815 571 1930 627 alia
1957 571 2034 628 fe-
2063 571 2116 639 Α
2151 588 2308 640 mus,
2346 571 2444 643 qui
2478 587 2616 626 cum
2649 587 2717 626 ea
2747 586 2926 642 quam
2959 570 3031 626 de
3056 556 3222 625 sacro
3252 568 3412 624 fonte
3438 565 3817 640 baptismatis

376 662 541 719 mina
568 661 834 735 genitum
866 662 937 718 de
970 678 1134 719 sacro
1166 661 1323 717 fonte
1355 661 2045 735 levaverit,postmodum

377 751 566 825 possit
593 768 729 808 cum
760 752 964 808 eodem
996 751 1119 808 viro
1151 751 1741 824 copulari.Quosideo
1763 752 2044 824 conjungi

376 858 553 914 posse
586 840 1131 913 decernimus,quia
1161 841 1493 896 secundum
1537 857 1793 897 canones
1823 857 2043 909 sacros,

380 930 497 986 nisi
531 931 838 987 amborum
865 928 1440 999 consensu,mullius
1471 928 1773 1002 religionis
1806 930 2046 985 obtentu

381 1020 556 1091 debet
579 1020 709 1092 conj
719 1038 795 1076 ux
807 1019 1100 1076 dimittere
1113 1020 1243 1091 conj
1255 1036 1449 1093 ugem.
1465 1020 1930 1076 Pertinetautem
1973 1019 2045 1074 ad

383 1109 594 1183 ingens
623 1109 821 1166 uxoris
854 1108 1258 1180 exitium,quae
1288 1108 1517 1166 habens
1548 1109 1681 1166 odio
1711 1109 1928 1176 virum,
1957 1106 2048 1163 vel

384 1198 790 1255 inﬁrmitatem
822 1200 951 1271 ejus
982 1216 1096 1254 non
1131 1198 1708 1272 considerans,quasi
1731 1215 1911 1254 causa
1932 1197 2049 1270 pie-

382 1288 522 1345 tatis
554 1292 831 1361 operatur
859 1288 1250 1361 impietatem,
1284 1289 1541 1345 maxime
1571 1305 1707 1344 cum
1731 1287 2048 1360 Apostolus

380 1378 681 1451 prmeipiat
714 1395 725 1435 :
757 1380 956 1446 Nolite,
990 1379 1290 1452 inquiens,
1318 1379 1582 1451 fraudare
1620 1380 1875 1446 invicem,
1935 1371 2052 1433 nisi

381 1484 453 1525 ea:
479 1485 747 1526 consensu
776 1469 846 1525 ad
905 1477 1132 1541 tempus,
1197 1476 1259 1524 ut
1286 1471 1489 1525 vacetis
1537 1470 1777 1525 orationi
1832 1471 1880 1539 (ι
1913 1469 2044 1524 Dor.

379 1558 503 1632 vn.)

454 1647 523 1704 ΙΙ.
566 1647 737 1719 (Ibid.
790 1649 865 1705 De
915 1648 1001 1705 his
1039 1648 1269 1721 Rodulfo
1315 1649 1654 1705 Bituricensi
1700 1647 2045 1721 archiepisc.)

381 1737 463 1794 De
494 1737 588 1793 his
620 1738 720 1811 qui
754 1737 1033 1794 ﬁliastros
1066 1755 1205 1795 suos
1219 1738 1293 1793 ad
1313 1736 1817 1794 conﬁrmationem
1850 1754 2046 1793 coram

382 1827 676 1901 episcopis
704 1826 989 1894 tenent,id
1004 1831 1094 1883 est
1124 1826 1227 1899 qui
1260 1826 1412 1882 ﬁlios
1426 1827 1624 1883 uxoris
1655 1844 1773 1882 sua:
1787 1826 2048 1899 depriori

381 1917 505 1974 viro
535 1917 675 1973 dum
711 1917 1113 1973 chrismantur
1132 1917 1205 1972 ab
1226 1916 1535 1989 episcopis,
1572 1934 1751 1989 super
1783 1934 1845 1973 se
1874 1916 2049 1972 susti-

383 2011 544 2076 nent,
577 2007 627 2062 si
658 2007 717 2062 in
749 2007 994 2063 scientia
1027 2006 1204 2081 (sicut
1233 2006 1467 2079 asseris)
1501 2007 1620 2075 ﬁat,
1646 2006 1781 2062 licet
1813 2007 1889 2061 sit
1913 2024 2042 2080 pec-

383 2100 603 2165 catum,
636 2115 753 2152 non
785 2100 981 2153 tamen
1016 2112 1205 2169 usque
1240 2097 1311 2152 ad
1335 2096 1763 2169 separationem
1784 2096 2042 2170 conjugii

383 2186 749 2258 puniendum
780 2190 889 2243 est.
924 2186 1675 2261 Lugeanttamen,etdigna
1701 2186 2043 2258 poenitentia

382 2274 493 2332 hoc
525 2275 817 2333 diluentes
870 2276 1118 2333 Domino
1161 2275 1360 2331 dicant
1391 2292 1404 2331 :
1438 2275 1646 2331 Delicta
1703 2277 2044 2346 ignorantia

379 2381 520 2424 mea?
548 2381 616 2421 ne
641 2367 957 2423 memineris
989 2365 1159 2438 (Psal.
1182 2364 1398 2437 xxxxv.)

453 2453 548 2512 ΙΙΙ.
582 2456 695 2525 (30,
720 2473 775 2529 q.
807 2456 955 2511 5.Ad
985 2456 1233 2511 consulta
1262 2456 1767 2525 Bulgarorum.)lta
1796 2455 2041 2529 diligere

378 2546 552 2602 debet
579 2545 758 2601 homo
787 2562 924 2601 eum
955 2545 1056 2618 qui
1087 2544 1349 2617 suscepit
1369 2545 1565 2617 ipsum
1579 2545 1651 2600 de
1679 2561 1845 2601 sacro
1860 2545 2040 2612 fonte,

381 2634 535 2690 sicut
562 2639 808 2707 patrem.
842 2637 990 2689 Item
1023 2635 1158 2690 :Est
1186 2634 1341 2689 inter
1370 2634 1579 2689 fratres
1608 2638 1666 2690 et
1692 2634 1844 2690 ﬁlios
1874 2634 2043 2706 spiri-

381 2722 571 2779 tuales
601 2724 858 2797 gratuita
886 2727 944 2779 et
981 2727 1185 2779 sancta
1233 2723 1570 2779 communio
1616 2741 1742 2795 quae
1794 2723 2039 2779 dicenda

380 2829 497 2868 non
532 2817 620 2869 est
649 2813 1261 2886 consanguinitas,scd
1294 2812 1898 2885 habendaspiritualis
1917 2830 2042 2885 pro-

375 2901 804 2959 ximitas.Unde
819 2903 971 2958 inter
999 2920 1098 2958 eos
1128 2903 1383 2958 arbitror
1397 2920 1513 2957 non
1532 2919 1704 2975 posse
1718 2902 1840 2959 ﬁeri
1859 2903 2042 2975 quod-

376 2991 522 3048 libet
551 2992 736 3066 legale
760 2992 1616 3066 conjugium)Quaudoquidem
1643 3009 1749 3048 nec
1778 2993 2040 3049 intereos

380 3079 480 3153 qui
512 3084 724 3135 natura
753 3084 809 3135 et
840 3097 938 3136 eos
953 3081 1054 3153 qui
1081 3081 1396 3154 adoptione
1428 3079 2037 3137 ﬁliisuntvenerandaa

380 3168 826 3242 Romanaeleges
841 3169 1216 3226 matrimonia
1227 3169 1493 3226 contrahi
1510 3171 2049 3244 permittunt.ltem:

380 3257 441 3316 Si
471 3258 626 3314 inter
656 3274 755 3315 eos
814 3276 931 3316 non
981 3258 1352 3315 contrahitur
1391 3260 1861 3330 matrimonium,
1896 3277 2045 3333 quos

2156 660 2500 734 susceperit,
2534 665 2635 717 aut
2665 678 2801 716 cum
2832 659 2935 716 illa
2965 676 3143 732 quam
3174 658 3313 714 ante
3355 658 3696 730 episcopum
3730 662 3811 712 te-

2154 751 2508 819 nuerit,cum
2541 767 2706 806 sacro
2737 749 3053 806 chrismate
3074 748 3248 805 fuerit
3275 744 3816 815 uncta,fornicatio-

2156 838 2249 895 nis
2279 839 2696 912 perpetraverit
2741 837 2955 907 scelus,
2991 837 3320 910 legitimam
3374 840 3593 906 tamen,
3629 835 3677 892 si
3710 835 3815 892 ha-

2155 928 2368 997 buerit,
2402 946 2519 985 non
2551 928 2810 984 dimittat
2841 944 3104 984 uxorem.

2225 1017 2322 1073 VI.
2356 1019 2467 1088 (35,
2499 1022 2706 1091 quaest.
2738 1019 2874 1087 2,De
2900 1016 3693 1089 consanguinitSuﬂ‘ragdneis
3712 1018 3819 1071 Ec-

2154 1107 2341 1164 clesia
2370 1106 2772 1180 Amalsitana.)
2803 1106 2883 1162 De
2914 1104 3423 1179 consanguinitate
3456 1121 3817 1161 suauxorem

2156 1196 2357 1251 nullus
2386 1197 2563 1252 ducat
2590 1212 2777 1268 usque
2827 1199 2961 1268 post
3005 1194 3438 1268 generationem
3479 1196 3814 1267 septimam,

2152 1284 2244 1342 vel
2276 1301 2585 1357 quousque
2617 1285 2916 1358 parentela
2944 1284 3215 1358 cognosci
3248 1283 3696 1357 poterit.Laicus
3725 1300 3820 1340 ve-

2157 1392 2220 1430 ro
2253 1392 2490 1430 uxorem
2524 1374 2700 1430 simul
2731 1379 2788 1430 et
2810 1374 3201 1429 concubinam
3252 1374 3475 1429 habens
3507 1392 3620 1430 non
3655 1391 3815 1430 com-

2157 1464 2418 1521 munieet
2446 1464 2733 1521 Ecclesia).

2713 1610 2787 1666 De
2819 1609 2994 1675 bellis,
3032 1611 3117 1666 tit.
3146 1608 3255 1665 XX.

2230 1737 2271 1792 Ι.
2306 1739 2386 1806 (2,
2422 1752 2480 1808 q.
2542 1737 2595 1803 4,
2660 1735 3030 1792 Monachiam.
3090 1737 3174 1790 Ex
3201 1735 3320 1807 ejus
3376 1734 3644 1808 decretis.)
3695 1735 3822 1792 Mo-

2158 1825 2533 1882 nomachiam
2567 1825 2625 1880 in
2668 1824 2793 1898 lege
2842 1841 2959 1880 non
3010 1824 3393 1893 assumimus,
3445 1840 3624 1897 quam
3671 1840 3820 1896 prae-

2158 1920 2386 1988 ceptam
2418 1915 2599 1971 fuisse
2630 1931 2744 1969 non
2779 1913 3126 1987 reperimus,
3159 1930 3295 1969 cum
3344 1914 3466 1970 haec
3510 1919 3568 1970 et
3606 1913 3819 1986 hujus-

2157 2004 2315 2060 modi
2346 2009 2659 2070 sectantes,
2687 2004 2872 2061 Deum
2905 2002 3277 2060 solummodo
3310 2007 3534 2060 tentare
3576 2005 3816 2061 videan-

2153 2098 2268 2149 tur.

2225 2184 2293 2240 ΙΙ.
2327 2185 2439 2256 (15,
2476 2202 2534 2256 q.
2566 2187 2623 2251 6,
2658 2201 2708 2239 c.
2735 2187 2791 2253 2,
2823 2185 3018 2253 §Quin
3048 2186 3234 2239 etiam.
3258 2184 3537 2257 Episcopis
3570 2183 3816 2256 Galliae.)

2150 2272 2301 2337 Quin
2329 2273 2508 2330 etiam
2539 2274 2778 2346 prwfato
2802 2271 2967 2328 fratri
2990 2276 3211 2340 nostro,
3231 2272 3488 2347 ﬁliisque
3505 2272 3818 2330 Treviren-

2152 2363 2235 2419 sis
2265 2362 2837 2435 Ecclesizeﬁlliusque
2867 2362 3504 2431 defensoribus,haecin
3518 2361 3816 2420 mandatis

2152 2453 2366 2508 damus
2397 2457 2462 2508 ut
2491 2451 2785 2525 spirituali
2817 2451 2995 2508 simul
3023 2456 3080 2508 et
3100 2451 3596 2525 materialigladio
3609 2453 3818 2510 tandiu

2152 2541 2443 2615 malignos
2476 2541 2608 2599 illos
2640 2558 2963 2614 eorumque
2994 2541 3820 2615 fautoresinsequantur,quo-

2152 2648 2342 2705 usque
2373 2649 2507 2689 cum
2538 2631 2872 2705 integritate
2915 2630 3317 2704 possessiones
3341 2632 3428 2687 vel
3451 2650 3817 2706 quaecunque

2150 2743 2244 2782 res
2272 2722 2677 2781 ecclesiasticae
2700 2722 2810 2777 hoc
2840 2721 2992 2777 facto
3020 2721 3107 2778 vel
3125 2738 3478 2795 quocunque
3507 2727 3675 2795 pacto
3698 2723 3816 2779 dis-

2150 2818 2349 2871 tractae
2381 2831 2481 2869 seu
2517 2811 2760 2884 direptae
2791 2815 2949 2882 sunt,
2983 2815 3344 2868 revocentur.

2223 2904 2321 2960 IIl.
2358 2905 2468 2977 (23,
2502 2902 2707 2975 quaesi.
2740 2903 2797 2970 5,
2829 2900 3396 2958 Omniumli'xercitui
3422 2903 3810 2976 Francorum.)

2150 2994 2429 3050 Omnium
2461 2996 2719 3048 vestrum
2747 3007 2924 3047 nosse
2967 2989 3242 3046 volumus
3272 2990 3636 3062 charitatem,
3671 3009 3813 3066 quo-

2150 3084 2309 3140 niam
2342 3074 2637 3156 quisquis,
2671 3082 2826 3154 quod
2859 3098 2976 3137 non
3008 3086 3279 3154 optantes
3308 3080 3581 3151 dicimus,
3605 3082 3665 3138 in
3696 3082 3808 3139 hoc

2148 3172 2287 3230 belli
2317 3172 2636 3229 certamine
2688 3169 2936 3227 ﬁdeliter
2967 3176 3237 3228 mortuus
3283 3171 3478 3244 fuerit,
3510 3187 3691 3246 regna
3718 3170 3807 3228 illi

2155 3261 2413 3319 coelestia
2444 3261 2689 3317 minime
2719 3260 3108 3334 negabunfur.

377 3348 613 3422 adoptio
635 3348 836 3422 jungit
865 3352 1086 3422 quanto
1117 3350 1314 3422 potius
1336 3348 1601 3405 acarnali
1629 3353 1856 3422 oportet
1884 3349 2039 3406 inter
2068 3352 2111 3420 ί]
2222 3352 2313 3409 IV.
2349 3352 2460 3425 (23,
2494 3354 2700 3424 quaest.
2736 3353 2788 3419 8,
2822 3350 2886 3406 Si
2910 3350 3095 3406 Nulla.
3153 3350 3233 3406 Ad
3261 3352 3508 3408 consulta
3537 3351 3803 3421 Bulgaro-

373 3453 438 3495 se
463 3437 878 3495 conturbernio
908 3455 1138 3495 cessare
1184 3437 1317 3494 illos
1348 3456 1496 3511 quos
1524 3456 1626 3511 per
1676 3438 1906 3495 caeleste
1937 3456 2033 3495 sa-

372 3531 742 3585 cramentum
774 3527 1135 3602 regeneratio
1168 3527 1356 3584 sancti
1386 3528 1642 3601 Spiritus
1680 3528 1884 3601 jnngit
1904 3529 1933 3584 ?
1958 3529 2031 3602 (ο.

367 3618 422 3673 2.
485 3618 556 3674 ad
592 3620 845 3675 consulta
894 3618 1150 3690 Bulgar.)
1187 3618 1383 3692 Longe
1432 3635 1569 3690 ergo
1612 3618 2033 3692 congruentius

366 3705 529 3763 ﬁlius
587 3707 771 3779 patris
827 3706 963 3776 mei,
1020 3707 1112 3763 vel
1172 3707 1352 3763 frater
1391 3724 1559 3763 meus
1618 3707 1951 3780 appellatur
1981 3708 2029 3763 is

367 3812 544 3867 quem
575 3795 772 3852 divina
800 3795 990 3869 gratia
1015 3796 1209 3869 potius
1242 3812 1420 3869 quam
1467 3796 1730 3853 humana
1759 3796 2028 3853 voluntas

364 3888 432 3940 ut
462 3882 616 3940 tilius
672 3885 859 3959 patris
919 3885 1033 3941 mei
1091 3885 1179 3942 vel
1211 3886 1390 3942 frater
1426 3902 1592 3943 meus
1623 3890 1796 3955 esset,
1832 3886 2025 3959 elegit,

360 3974 830 4048 prudentiusque
862 3975 934 4032 ab
965 3974 1191 4032 alterna
1218 3975 1477 4049 corporis
1510 3976 1919 4033 commistione
1942 3994 2027 4033 ses

360 4063 642 4121 cernitur.

430 4153 524 4209 ιν.
561 4154 671 4229 (30,
706 4172 762 4229 q.
799 4156 853 4227 4,
886 4173 936 4212 c.
973 4158 1025 4212 1.
1055 4156 1344 4214 Salomoni
1400 4156 1802 4213 Constantiensi
1829 4157 2025 4228 episc.)

361 4242 711 4301 Sciscitatur
738 4263 771 4301 a
801 4245 973 4302 nobis
1003 4246 1288 4302 sanctitas
1311 4250 1503 4303 vestra
1525 4246 1576 4303 si
1599 4244 1817 4318 aliquis
1847 4244 2023 4301 homo

359 4333 509 4390 duas
538 4339 892 4392 commatres
920 4334 1137 4393 habere
1166 4335 1357 4392 valeat
1387 4352 1566 4392 unam
1601 4335 2019 4408 postalteram.

358 4426 426 4478 In
456 4441 573 4497 quo
604 4425 947 4482 meminisse
979 4425 1153 4481 debet
1183 4424 1468 4499 scriptum
1501 4442 1665 4482 esse:
1700 4428 1887 4481 Erunt
1916 4424 2022 4482 duo

357 4513 418 4568 in
448 4529 612 4570 carne
638 4531 754 4571 una
783 4514 934 4585 (Gen.
987 4513 1070 4587 II).
1103 4518 1310 4587 Itaque
1350 4531 1485 4570 cum
1518 4518 1746 4572 constet
1769 4514 1908 4587 quia
1936 4514 2024 4571 vir

357 4605 415 4657 et
444 4601 657 4659 mulier
686 4621 803 4659 una
832 4621 965 4660 caro
996 4621 1100 4676 per
1128 4605 1492 4661 connubium
1523 4604 1880 4673 efﬁciuntur,
1896 4621 2020 4662 res-

354 4693 442 4747 tat
466 4690 748 4746 nimirum
778 4708 978 4747 verum
1013 4698 1371 4766 compatrem
1402 4693 1679 4749 constitui
1703 4692 1785 4747 illi
1816 4692 2024 4748 mulie-

353 4780 426 4848 ri,
458 4781 630 4853 cujus
662 4782 1037 4838 matrimonio
1051 4786 1359 4856 assumpta
1380 4800 1526 4839 uxor
1556 4786 2019 4840 commateresse

348 4868 678 4927 videbatur.

417 4959 487 5015 V.
521 4961 633 5031 (33,
668 4978 725 5034 q.
754 4966 807 5032 2,
838 4961 901 5019 Si
927 4963 1093 5036 quis.)
1126 4961 1184 5019 Si
1216 4961 1350 5035 quis
1382 4979 1515 5018 cum
1550 4966 1735 5018 matre
1757 4961 2002 5019 fornica-

347 5053 444 5105 tus
474 5051 648 5106 fucrit
678 5051 993 5124 spirituali,
1021 5051 1509 5121 anathematis,ut
1538 5052 1722 5120 scitis,
1754 5052 2007 5124 percuti-

344 5142 444 5194 tur
474 5141 707 5198 ictibus.
729 5141 1014 5198 Similiter
1044 5145 1100 5198 et
1131 5141 1297 5197 illum
1330 5145 1632 5215 percutere
1664 5141 2005 5215 promulga-

416 5283 639 5360 (a)Hac
669 5301 785 5340 non
816 5284 1088 5342 videntur
1114 5285 1293 5357 hujus
1325 5286 1533 5341 aetatis.

2145 3441 2380 3515 rum.)Si
2409 3440 2572 3497 nulla
2601 3444 2771 3514 urget
2801 3440 3143 3508 necessitas,
3175 3458 3292 3497 non
3322 3439 3514 3498 solum
3548 3441 3804 3514 quadra-

2143 3530 2411 3603 gesimali
2445 3534 2728 3603 tempore,
2764 3529 2861 3586 sed
2906 3529 3084 3585 etiam
3138 3528 3301 3585 omni
3347 3534 3606 3603 tempore
3655 3535 3742 3588 est
3770 3548 3805 3589 ο.

2141 3619 2359 3693 praeliis
2388 3619 2828 3677 abstinendum.
2869 3619 2931 3675 Si
2983 3623 3179 3676 autem
3230 3618 3586 3676 inevitabilis
3635 3625 3805 3693 urget

2138 3708 2581 3782 importunitas,
2615 3725 2722 3765 nec
2752 3708 3251 3782 quadragesimali
3281 3711 3544 3781 tempore
3575 3726 3677 3782 pro
3708 3709 3804 3767 de-

2139 3796 2403 3853 fensione
2434 3801 2555 3852 tam
2590 3813 2700 3853 sua
2730 3812 2909 3868 quam
2940 3795 3140 3869 patriae
3169 3812 3274 3853 seu
3304 3795 3502 3869 legum
3536 3802 3803 3869 paterna-

2138 3903 2269 3942 rum
2302 3891 2392 3942 est
2422 3884 2709 3942 bellorum
2743 3885 3152 3958 praparationi
3202 3884 3404 3959 procul
3456 3886 3635 3942 dubio
3666 3904 3800 3959 par-

2138 3978 2390 4032 cendum
2428 3993 2442 4032 :
2478 3993 2550 4031 ne
2578 3975 2847 4031 videlicet
2867 3974 3050 4030 Deum
3068 3975 3336 4031 videatur
3359 3974 3534 4031 homo
3553 3979 3795 4047 tentare,

2137 4065 2184 4120 si
2220 4065 2397 4121 habet
2426 4065 2585 4138 quod
2618 4064 2813 4134 faciat,
2846 4068 2903 4121 et
2932 4081 3052 4121 suae
3074 4081 3140 4120 ac
3171 4057 3420 4121 aliorum
3450 4064 3627 4121 saluti
3658 4083 3795 4123 con-

2136 4154 2328 4211 sulere
2359 4172 2476 4211 non
2507 4158 2802 4227 procurat,
2836 4158 2895 4210 et
2925 4157 3139 4211 sanctae
3171 4153 3472 4229 religionis
3486 4155 3799 4213 detrimen-

2133 4248 2193 4301 ta
2221 4262 2339 4300 non
2369 4248 2670 4317 praecavet.

2204 4334 2270 4390 V.
2306 4335 2416 4407 (24,
2442 4339 2647 4407 quaest.
2681 4336 2733 4403 3,
2767 4335 2864 4390 Iili
2885 4336 2998 4407 qui.
3055 4333 3319 4391 Omnibus
3365 4335 3672 4409 episcopis.)
3705 4334 3795 4392 Illi

2132 4424 2233 4490 qui
2257 4423 2594 4498 peregrinos
2622 4422 2709 4480 vel
2733 4428 2993 4480 oratores
3016 4426 3426 4498 cujuscunque
3449 4424 3658 4493 sancti,
3676 4425 3795 4482 sive

2131 4512 2395 4580 clericos,
2431 4513 2549 4570 sive
2577 4513 2919 4584 monachos,
2945 4512 3035 4569 vel
3068 4514 3340 4582 feminas,
3392 4518 3495 4570 aut
3537 4514 3794 4571 inermes

2129 4620 2418 4677 pauperes
2448 4602 2764 4676 deprmdati
2796 4603 3032 4675 fuerint,
3061 4603 3147 4659 vel
3174 4603 3330 4660 bona
3358 4619 3561 4660 eorum
3593 4621 3797 4677 rapue-

2133 4692 2270 4763 rint,
2301 4693 2389 4748 vel
2422 4692 2479 4748 in
2511 4692 2733 4749 malum
2765 4692 2850 4749 eis
2866 4692 3646 4761 obviaverint,anathematis
3673 4694 3797 4749 vin-

2131 4782 2262 4839 culo
2291 4782 2596 4851 feriantur,
2633 4780 2748 4838 nisi
2779 4783 2954 4855 digne
2998 4783 3458 4840 emendaverint.
3511 4787 3629 4839 Pax
3657 4800 3792 4840 vero

2124 4872 2245 4941 illa,
2281 4889 2457 4945 quam
2494 4872 2568 4945 (a)
2611 4876 2881 4945 trcguam
2941 4872 3036 4927 Dei
3085 4872 3359 4941 dicimus,
3412 4873 3661 4929 ﬁdeliter
3687 4874 3791 4930 ob-

2123 4967 2405 5030 servetur,
2440 4962 2595 5018 sicut
2624 4962 2696 5018 ab
2729 4961 3188 5034 archiepiswpis
3220 4967 3279 5018 et
3326 4960 3619 5036 episcopis
3653 4962 3787 5018 uni-

2120 5053 2483 5123 uscujusque
2515 5050 2827 5122 provincia;
2859 5051 3155 5107 constitua
3184 5054 3291 5106 est.
3308 5051 3415 5116 Qui
3443 5056 3640 5107 autem
3654 5067 3786 5108 eam

2115 5140 2415 5214 infregerit
2448 5139 3042 5196 excommunicationi
3073 5140 3386 5196 subdatur.
