4050 6302
565 351 625 406 n
1541 311 1544 314 ’
1660 349 1861 406 FLORI
1903 351 2175 410 ancora
2215 351 2698 410 [.UGDUNENSIS
3748 357 3814 413 ts

691 465 895 528 Augusti
921 464 1094 516 montis
1119 463 1191 527 (a)
1217 471 1374 527 pastor
1400 467 1447 516 In
1471 475 1583 515 arce
1608 470 1799 527 potens.

573 587 776 640 Titulus
801 587 854 639 in
879 587 1058 657 upside
1096 588 1358 642 memoria:
1388 587 1447 643 S.
1483 587 1646 642 Iusti.
1671 601 1792 657 pag.
1831 588 1956 643 618.

633 657 687 710 4.
720 657 1044 736 Opusculum
1067 659 1312 736 adversus
1363 657 1690 736 Amalarium
1724 657 2136 736 Lugdunensem

568 724 1034 795 cborepisc0pum,
1096 727 1160 780 de
1213 724 1441 797 Corpore
1491 727 1686 797 Christi
1703 796 1708 797 ί
1744 724 2027 797 tripartito,
2083 731 2137 784 iu

569 805 714 848 tomo
762 809 904 849 nono
953 795 1424 851 monumentorum
1468 796 1713 850 Martenii
1757 795 1819 850 et
1862 795 2134 862 Durandi,

567 878 688 934 pag.
713 863 837 934 641.
868 864 944 918 De
974 865 1063 920 illo
1093 864 1351 919 Amalarii
1371 881 1559 921 errore
1584 865 1694 920 dixi
1737 880 1898 934 supra
1927 875 2072 922 tomo
2094 869 2155 922 l.‘

569 931 630 1013 ξι
646 931 890 1013 ῖτιμεοιιᾳο
918 934 1234 1013 Opusculum
1251 949 1348 1004 per
1368 931 1854 1013 modumepistolae
1877 937 2096 1013 scripsit
2121 955 2133 990 ε

567 1000 806 1084 Dominis
833 1000 1166 1084 beatissimis,
1189 1000 1665 1084 .réverentissimi‘s,‘
1683 1013 1730 1084 et
1766 1000 2016 1084 piissnimis
2043 1023 2139 1076 pa-

566 1070 790 1140 storibus
813 1073 982 1140 gregis
1007 1071 1222 1135 Christi,
1267 1073 1549 1126 rectoribus
1578 1070 1825 1126 Ecclesia:
1860 1073 1976 1138 Dei,
2005 1070 2139 1140 pra:-

569 1139 980 1194 dicatorib’us’ae
1009 1141 1786 1210 prapugnatoribus.catnolica:
1815 1142 1959 1210 ﬁdei.
1993 1139 2137 1198 Dao-

567 1222 689 1279 G_oat
707 1210 842 1279 sacri
858 1210 1062 1262 consilii
1076 1213 1325 1278 magistro
1350 1218 1398 1262 et
1418 1211 1651 1279 pontiﬁci
1668 1211 1982 1278 clarissimo,
2002 1214 2138 1268 Ηετι

572 1276 904 1330 Trevirorum
950 1276 1194 1344 antistiti,
1239 1276 1477 1333 Amineo
1511 1276 1918 1334 reverentissimo
1970 1276 2142 1338 Ceno-

567 1360 843 1417 manorum
869 1346 1152 1417 _episcopo,
1205 1348 1418 1402 RABBAN
1459 1349 1634 1402 abbati
1674 1349 1956 1404 venerabili
1993 1363 2042 1406 et
2077 1369 2140 1406 ex

601 1413 829 1488 reuinci}
858 1412 1193 1488 Lugdunensi
1213 1419 1404 1488 prima,
1448 1417 1718 1488 ALnsntco
1757 1417 2051 1488 Lingonum
2091 1432 2139 1476 et

609 1480 1104 1556 onmnCabilonensi
1136 1480 1556 1540 reuerentissimis
1583 1480 1879 1556 episcopis;
1895 1489 2140 1544 Ecclesia:

570 1549 851 1624 catholicre
893 1554 1138 1622 indignus
1177 1555 1339 1624 ﬁlium
1359 1565 1405 1607 et
1455 1549 1661 1623 pietatis
1707 1549 1769 1608 ac
1811 1549 2139 1624 patet-uitatis

562 1619 1258 1694 vestraaesuiguusservulus
1303 1619 1534 1694 FLonus.
1585 1619 1884 1694 Subjicitur
1920 1627 2134 1692 deinde,

565 1702 689 1768 pag.
731 1687 872 1753 649,
915 1688 1236 1768 Opust-alunt
1270 1691 1350 1768 ⁵ιιι»
1392 1693 1570 1768 eadem
1617 1687 1780 1768 causa
1823 1693 1878 1746 in
1921 1687 2139 1750 concilio

561 1760 922 1877 episcogouum
944 1761 1083 1828 apud
1109 1760 1440 1841 Cgrisiacum
1463 1761 1723 1842 palutium
1749 1772 1904 1826 acta;
1939 1772 1994 1818 et
2010 1779 2132 1885 pag.

564 1824 707 1878 166:
782 1828 970 1887 putola
1012 1827 1160 1882 Flor:
1202 1830 1270 1881 ad
1315 1828 1606 1883 Theodorus
1667 1829 1814 1884 Villa?
1861 1835 2004 1885 conci
2031 1835 2138 1887 ium
2171 1811 2214 1867 Β

564 1824 987 1893 166:Epistola'
1012 1827 1057 1878 Γ
1061 1828 1162 1882 lori
1202 1830 1270 1881 ad
1315 1824 1606 1883 Theodorus
1667 1829 1814 1884 Villa?
1861 1824 2046 1886 c‘oncili

564 1893 815 1948 adversus
845 1893 1002 1950 libros
1029 1897 1310 1950 Amalarii.

636 1963 689 2037 5.
741 1962 939 2037 Contra
973 1964 1222 2037 dammis
1276 1965 1425 2037 ‘Scoti
1481 1983 1725 2022 erroneus
1787 1969 2135 2037 deﬁnitiones.

567 2030 802 2106 §_cripsi_t
824 2033 1058 2106 nomine
1085 2035 1336 2106 Ecclesia;
1364 2034 1736 2106 Lugdunensis
1761 2053 1776 2099 ;
1807 2030 1862 2092 in
1910 2039 2137 2096 Gilberti

567 2100 839 2175 Manguini
889 2103 1149 2175 Vindiciis
1194 2100 1486 2175 gratiae,€t
1536 2108 2023 2174 prazdestinationis
2070 2125 2135 2164 ex

577 2170 757 2246 oraculi
810 2170 1614 2246 uo_n_i_scriptoribus,_tom.'l,
1667 2191 1788 2246 pag.
1835 2175 1956 2241 585,
2011 2178 2136 2244 738,

569 2238 808 2310 Parisiis,
827 2239 987 2304 1650,
1001 2241 1054 2302 4,
1072 2238 1125 2295 εἶ
1141 2252 1269 2296 tom.
1287 2241 1378 2297 XV
1394 2238 1992 2310 Bibliothecm'l’atrum,
2006 2238 2134 2302 edit.

568 2308 837 2380 Lugdun.,
869 2325 989 2380 pag:
1028 2312 1151 2365 6H.
1186 2313 1485 2367 Videndum
1537 2312 1768 2368 fueritne
1807 2315 1946 2369 alius
1978 2308 2010 2369 a
2039 2333 2137 2374 no-

565 2376 678 2455 stro
709 2376 901 2455 Florus
944 2376 1274 2455 'Prutlentius
1321 2382 1577 2455 Galindo,
1631 2385 1897 2452 episcopus
1929 2383 2142 2455 Tricas-

568 2447 734 2512 sinus,
752 2447 906 2516 cujus
925 2457 979 2504 et
999 2449 1116 2504 alite
1137 2461 1354 2506 exstant
1375 2453 1631 2507 adversus
1652 2447 1898 2508 eumdem
1921 2453 2141 2510 Scotum

2169 471 2218 530 Α
2245 463 2648 521 lucubrationes
2702 463 2771 518 ab
2830 463 3019 519 eodem
3080 463 3370 533 Mauguin
3434 464 3608 519 editae.
3685 447 3811 524 Vide

2243 534 2407 614 etiam
2432 545 2552 614 quae
2582 534 3122 614 cotitra_sententio!n
3155 533 3530 614 Floronostro
3542 535 3809 614 scriptum

2240 602 2368 656 illud
2394 602 2718 662 tribuentem
2757 603 3013 657 disseruit
3039 603 3414 656 Menetrierius
3457 604 3511 656 in
3541 602 3812 663 Menioriis

2241 669 2518 743 litterariis
2545 671 2870 743 Trevoltinis
2907 671 3034 724 anni
3065 671 3223 743 1705,
3249 671 3502 743 pagi)“
3529 689 3685 743 seqq.

2308 741 2362 794 6.
2393 739 2630 795 Alterius
2681 741 2845 794 etiam
2888 741 3202 795 vetustioris
3242 739 3414 806 Flori,
3467 739 3718 798 monachi
3751 744 3808 802 S.

2240 809 2529 873 Trudonis,
2579 809 2788 864 ordinis
2824 809 3180 872 Benedictini,
3225 809 3476 864 ditecesis
3520 811 3814 869 Leodicen-

2241 879 2333 942 sis,
2363 879 2511 934 circa
2559 892 2760 932 annum
2800 879 2925 942 760,
2965 879 3100 933 clari
3154 888 3280 934 sunt
3327 879 3697 935 Additamento
3745 884 3812 936 ad

2242 946 2673 1020 Martyrologium
2701 947 2860 1002 Bedae
2886 963 3009 1020 cum
3031 949 3124 1004 illo
3147 949 3359 1018 vulgata
3383 949 3451 1020 ab
3477 949 3814 1020 Heuschenio

2242 1018 2295 1072 in
2321 1017 2471 1072 Actis
2492 1025 2800 1072 sanctorum
2832 1017 2956 1071 ante
2984 1025 3186 1071 tomum
3215 1018 3509 1073 secundum
3535 1019 3734 1085 Martii,
3760 1029 3815 1075 et

2243 1086 2533 1159 novissime
2567 1100 2690 1139 cum
2739 1087 2903 1159 Beda;
2930 1085 3167 1159 Historia
3217 1087 3585 1159 ecclesiastica
3639 1091 3816 1159 gentis

2246 1154 2543 1226 Anglorum
2582 1170 2652 1226 ex
2699 1154 3264 1226 recensioneJoannis
3286 1155 3483 1221 Smith,
3523 1154 3812 1226 Cantabri-

2239 1224 2358 1295 giaa,
2388 1224 2547 1295 1:122,
2573 1224 2667 1277 fol.
2695 1225 2847 1279 Adde
2871 1224 3125 1295 Carolum
3154 1224 3519 1295 Cointe‘tomo
3545 1225 3610 1280 ιν
3635 1226 3816 1280 Anna-

2240 1291 2370 1348 lium
2405 1292 2756 1364 Francorum,
2786 1309 2908 1364 pag.
2943 1293 3046 1364 470
3075 1308 3190 1364 seq.
3216 1295 3232 1312 θ
3262 1291 3476 1364 Adjecit
3503 1297 3669 1350 etiam
3699 1297 3814 1350 ele-

2239 1365 2423 1434 giacos
2463 1363 2723 1434 quosdam
2762 1361 2951 1434 versus
2993 1363 3046 1416 in
3091 1361 3239 1434 calce
3281 1361 3560 1434 cujusdam
3616 1367 3817 1434 veteris

2241 1431 2617 1488 commentarii
2662 1433 2716 1487 in
2761 1432 3027 1495 Psalmos,
3079 1433 3172 1500 qui
3224 1431 3277 1484 in
3310 1433 3496 1486 codice
3539 1433 3684 1486 mille
3711 1449 3813 1488 an-

2240 1517 2438 1558 norum
2505 1503 2876 1572 manuscripto
2927 1503 2982 1572 in
3040 1501 3364 1572 bibliotheca
3427 1501 3816 1572 Mediolanensi

2244 1572 2603 1626 Ambrosiana
2627 1570 2894 1626 servatur.
2921 1571 3156 1626 Carmen
3180 1571 3281 1623 hoc
3303 1570 3468 1625 edens
3490 1570 3820 1626 Muratorius

2241 1641 2506 1710 Antiquit.
2547 1640 2796 1710 tom.lll,
2855 1656 2977 1709 pag.
3007 1638 3132 1710 856,
3177 1639 3243 1710 _in
3295 1652 3358 1691 ea
3408 1647 3493 1694 est
3540 1641 3817 1710 opinione,

2240 1707 2358 1777 ejus
2383 1707 2657 1764 auctorem
2683 1707 2872 1778 ipsum
2897 1707 3016 1764 esse
3045 1707 3456 1778 Lugdunensem
3503 1707 3817 1773 diaconum,

2241 1775 2422 1831 saeculi
2465 1775 2812 1847 suilumen;
2853 1793 3004 1847 teque
3049 1775 3228 1847 tamen
3264 1775 3485 1847 judicat
3539 1793 3818 1833 commen-

2245 1847 2505 1901 tariorum
2539 1846 2751 1916 illorum
2784 1843 3056 1902 auctorem
3086 1861 3116 1900 a
3156 1844 3215 1899 S.
3258 1843 3616 1916 Hieronymo,
3656 1847 3821 1916 cujus

2242 1929 2440 1988 nomen
2469 1915 2666 1988 ibidem
2701 1917 2939 1988 prarjert,
2968 1916 3126 1988 longe
3141 1929 3280 1988 esse
3323 1914 3821 1988 diversum._Porro

2243 1984 2297 2037 in
2337 1999 2402 2039 eo
2429 1986 2670 2040 carmine
2698 1983 2764 2038 ad
2794 1983 3086 2040 Eloarduni
3107 1983 3355 2038 abbatem
3387 1983 3597 2038 directo
3628 1985 3823 2040 Florus

2242 2053 2582 2108 recensuisse
2602 2068 2661 2108 se
2682 2055 3129 2109 commentarium
3157 2053 3306 2106 illum
3333 2062 3539 2107 narrat.
3564 2055 3824 2108 Eamdem

2241 2122 2749 2177 commentationem
2807 2139 2873 2178 ex
2933 2123 3182 2179 Elonensi
3237 2121 3424 2176 codice
3481 2123 3583 2178 sibi
3633 2133 3820 2177 notam

2241 2192 2414 2246 eidem
2443 2191 2604 2246 Floro
2637 2191 2887 2248 Usserius
2915 2193 2968 2246 in
2997 2194 3198 2248 Histor.
3224 2189 3500 2246 Gotteseh.
3525 2200 3579 2246 et
3609 2191 3822 2247 Caveas

2246 2261 2544 2323 ascribunt,
2587 2260 2682 2316 sed
2711 2277 2780 2316 ex
2824 2262 3117 2317 carminea
3156 2261 3448 2316 Muratorio
3491 2261 3660 2316 relato
3702 2261 3827 2314 nul-

2248 2329 2356 2382 lum
2387 2329 2539 2401 aliud
2569 2331 2637 2384 ab
2666 2332 2733 2401 oo
2779 2346 2975 2386 munus
3020 2330 3318 2401 praestitqu
3360 2329 3617 2401 discimus
3657 2345 3826 2398 quam

2247 2399 2593 2470 correctoris.
2652 2398 2920 2470 Cmterum
2978 2397 3036 2454 et
3078 2401 3191 2469 ipse
3251 2397 3442 2454 Florus
3494 2397 3826 2470 Hieronymo

2247 2468 2529 2523 vindicare
2556 2483 2694 2538 opus
2725 2469 2855 2523 illud
2876 2470 3026 2524 visus
3052 2468 3154 2524 est.
3215 2490 3222 2496 ο

645 2625 723 2695 (a)
757 2627 965 2683 Danum
1009 2631 1172 2686 Celtae
1217 2642 1453 2688 montem
1495 2632 1578 2688 vel
1615 2633 1836 2700 clivum,
1875 2645 1934 2689 ut
1974 2634 2145 2692 Grazci
2185 2636 2363 2708 βοῦνον
2391 2646 2445 2692 et
2463 2639 2570 2696 θῖνα
2604 2639 2893 2710 appellant.
2932 2642 3065 2698 Vide
3085 2642 3364 2712 Cangium.
3397 2652 3402 2656 '

579 2803 3832 2847 ._...____________.____________.___________________

1491 2957 2040 3076 FLOR!
2113 2957 2896 3085 DIACONI

1136 3227 1442 3352 LIBER
1516 3164 1648 3351 nit
1728 3225 2443 3415 statuamus
2527 3216 3256 3391 ausurum,

1435 3495 1891 3560 COLLECTUS
1933 3499 2047 3559 ΕΧ
2091 3499 2553 3574 SENTENTIIS
2598 3502 2947 3564 PATRUM.

1834 3638 1850 3699 ί
1861 3639 1995 3702 Apud
2016 3638 2254 3700 Calland.,
2279 3639 2363 3688 ubi
2387 3640 2574 3702 supra.)

1351 3714 1412 3772 ο

643 3900 682 3954 1.
723 3895 1060 3950 Manifestum
1088 3901 1172 3948 est
1191 3893 1441 3950 omnibus
1468 3894 1559 3965 qui
1593 3894 1645 3950 in
1670 3896 1906 3952 Ecclesia
1936 3895 2029 3953 Dei
2055 3908 2146 3954 sa-
2175 3899 2220 3962 ρ
2252 3892 2365 3966 ipsa
2397 3893 2449 3949 in
2482 3895 2847 3950 testimonium
2883 3904 3083 3951 sancta:
3113 3904 3167 3951 et
3193 3895 3445 3966 legitimae
3471 3900 3828 3961 ordinationis

577 3985 849 4042 cerdotale
877 3982 1111 4037 cilicium
1155 3984 1552 4048 administrant,
1584 4000 1703 4053 quae
1731 3995 1854 4040 sunt
1890 3986 1980 4039 illa
2030 4003 2149 4056 qua:

577 4079 630 4131 in
690 4074 1028 4130 ordinatione
1079 4074 1388 4144 episc0pali,
1443 4085 1496 4129 et
1543 4089 1819 4128 sacrorum
1883 4090 2148 4130 canonum

576 4169 892 4231 auctoritas,
921 4175 977 4221 et
1001 4167 1330 4221 consuetudo
1357 4165 1750 4231 ecclesiastica,
1789 4164 1943 4234 juxta
1973 4165 2150 4235 dispo-

576 4260 829 4314 sitionem
890 4257 1084 4311 divinae
1126 4255 1258 4326 legis
1305 4265 1360 4310 et
1410 4255 1753 4311 traditionem
1798 4255 2147 4326 apostolicam

573 4350 766 4418 jubeat
811 4347 1110 4402 observari.
1159 4345 1422 4401 Videlicet
1445 4355 1503 4400 ut
1528 4354 1744 4416 pastore
1784 4344 2056 4411 defuncto,
2093 4355 2148 4401 et

578 4439 708 4493 sede
736 4445 980 4501 vacante,
1027 4452 1166 4491 unus
1196 4438 1262 4491 de
1300 4436 1449 4492 clero
1491 4436 1764 4502 Ecclesiae,
1798 4452 1958 4506 quem
2003 4452 2149 4492 com-

578 4527 756 4581 munis
781 4535 836 4580 et
875 4539 1101 4580 concors
1125 4523 1363 4593 ejusdem
1391 4524 1519 4579 cleri
1549 4536 1604 4579 et
1633 4525 1796 4580 totius
1826 4523 1995 4594 plebis
2021 4541 2149 4580 con-

573 4631 766 4670 sensus
797 4614 1039 4685 elegerit,
1069 4621 1123 4667 et
1153 4615 1371 4684 publico
1401 4615 1621 4669 decreto
1648 4614 1940 4669 celebriter
1969 4630 2034 4670 ac
2061 4631 2149 4672 so-

574 4705 827 4760 lemniter
850 4704 1236 4773 designaret-it,
1262 4702 1502 4774 legitimo
1524 4703 1898 4773 episcoporum
1923 4721 2149 4762 numero

575 4804 940 4860 consecratus,
973 4795 1150 4850 locum
1181 4795 1492 4851 decedentis
1538 4796 1796 4852 antistitis
1824 4797 1926 4854 rite
1971 4797 2151 4855 valeat

574 4887 849 4952 obtinere;
877 4901 975 4941 nec
1002 4886 1277 4942 dubitetur
1304 4885 1701 4954 divinojudicio
1723 4895 1778 4941 et
1798 4887 2150 4957 dispositione

577 4976 869 5040 ﬁrmatum,
893 4975 1035 5044 quod
1059 4976 1126 5030 ab
1151 4975 1387 5030 Ecclesia
1413 4975 1505 5028 Dei
1535 4983 1642 5028 tam
1669 4983 1857 5030 sancto
1881 4976 2072 5032 ordine
2098 4987 2152 5033 et

577 5063 808 5132 legitima
840 5064 1216 5121 observatione
1239 5063 1402 5118 fuerit
1421 5061 1770 5118 celebratum.

646 5154 708 5208 ll.
753 5155 878 5210 llaec
903 5165 1026 5211 sunt
1052 5169 1171 5225 qua:
1209 5162 1264 5206 et
1310 5155 1362 5208 in
1402 5153 1656 5208 Conciliis
1694 5154 1937 5221 Patrum,
1983 5165 2037 5211 et
2094 5157 2147 5211 in

2252 3985 2368 4054 ejus
2392 3993 2706 4054 prosecutus
2733 3994 2817 4040 est
2835 3985 3020 4040 dicens
3042 3987 3209 4055 (epist.
3248 3986 3411 4056 lli):
3451 4006 3468 4038 ι
3506 3989 3702 4045 Factus
3740 4005 3829 4049 est

2251 4073 2532 4128 Cornelius
2555 4075 2839 4144 episcopus
2883 4075 2950 4128 de
3001 4073 3093 4128 Dei
3132 4083 3186 4130 et
3230 4075 3429 4130 Christi
3461 4077 3576 4144 ejus
3597 4080 3824 4149 judicio,

2251 4163 2318 4217 de
2362 4162 2680 4218 clericorum
2711 4164 2952 4218 omnium
2985 4165 3308 4231 testimonio,
3347 4167 3412 4221 de
3460 4167 3668 4236 plebeio
3714 4172 3827 4225 suf-

2251 4253 2445 4323 fragio,
2485 4253 2550 4307 de
2580 4254 2919 4308 sacerdotum
2950 4255 3293 4323 antiquorum
3348 4264 3402 4309 et
3437 4255 3698 4312 bonorum
3749 4261 3829 4313 vi-

2253 4357 2436 4397 rorum
2469 4358 2772 4408 consensu;
2804 4360 2926 4399 cum
2957 4359 3134 4400 nemo-
3157 4346 3443 4415 cpiscopus
3473 4347 3602 4402 inibi
3654 4348 3829 4406 factus

2251 4441 2418 4500 esset,
2459 4450 2584 4489 cum
2636 4435 2833 4506 gradus
2883 4437 3154 4491 cathedrae
3190 4437 3540 4492 sacerdotalis
3587 4450 3821 4495 vacaret.

2251 4523 2370 4590 Quo
2414 4535 2697 4595 occupato,
2746 4533 2802 4579 et
2846 4526 3085 4580 omnium
3115 4535 3420 4581 nostrorum
3471 4530 3828 4585 consensione

2253 4610 2487 4677 ﬁrmato,
2537 4612 2822 4682 quisquam
2869 4611 2982 4679 jam
3048 4615 3333 4684 episc0pus
3396 4615 3512 4669 fieri
3573 4616 3826 4683 voluerit,

2253 4703 2577 4758 omnimodis
2599 4718 2816 4758 necesse
2848 4712 2933 4757 est
2963 4712 3022 4758 ut
3049 4705 3476 4760 ecclesiasticam
3501 4721 3606 4760 non
3632 4706 3830 4762 habeat

2251 4792 2672 4858 ordinationem,
2695 4795 2783 4862 qui
2812 4793 3066 4849 Ecclesiae
3087 4811 3192 4849 non
3214 4805 3357 4850 tenet
3384 4812 3481 4865 per
3501 4812 3829 4853 consensum

2253 4885 2532 4940 unitatem.
2569 4886 2695 4939 Post
2737 4884 2974 4954 primum
3019 4887 3289 4941 secundus
3315 4902 3436 4941 esse
3485 4902 3589 4940 non
3626 4897 3826 4957 potest.

2254 4975 2507 5044 Quisquis
2537 4977 2678 5030 enim
2718 4984 2840 5045 post
2876 4991 3061 5038 unum,
3094 4976 3182 5044 qui
3216 4992 3312 5045 per
3333 4976 3652 5032 electionem
3707 4992 3829 5030 cou-

2252 5076 2496 5120 secratus
2538 5074 2638 5128 est,
2694 5081 2814 5120 esse
2857 5064 3109 5131 voluerit,
3127 5063 3240 5133 jam
3272 5079 3377 5118 non
3406 5068 3672 5120 secundus
3717 5066 3827 5129 ille,

2255 5156 2348 5210 sed
2376 5156 2550 5210 nullus
2575 5165 2681 5211 est.
2713 5175 2729 5206 ι

578 5243 811 5300 decretis
859 5245 1167 5315 apostolicae
1218 5243 1362 5300 sedis
1407 5243 1718 5313 pontificum
1747 5253 1948 5300 statuta
1995 5261 2147 5316 repe-
2177 5257 2226 5316 ι)
2321 5246 2407 5301 lll.
2441 5247 2598 5301 Juxta
2655 5247 2770 5301 lucc
2813 5246 2978 5300 verba
3036 5245 3180 5300 beati
3229 5244 3504 5316 Cypriani,
3552 5245 3830 5298 ordinatos

576 5335 814 5399 riuntur,
844 5343 900 5389 et
937 5337 1004 5388 ab
1030 5333 1267 5387 Ecclesia
1299 5334 1500 5388 Christi
1531 5342 1587 5389 et
1614 5335 1767 5390 initio
1800 5337 2146 5406 comprobata

578 5424 938 5494 reperiuntur,
971 5432 1024 5478 et
1053 5424 1495 5492 comprobantur.
1527 5422 1681 5479 Unde
1710 5434 1764 5480 et
1796 5425 1986 5480 beatus
2012 5440 2148 5478 mar-

577 5525 662 5585 tyr
685 5514 983 5584 Cyprianus
1009 5514 1076 5568 de
1104 5523 1293 5568 sancto
1315 5513 1567 5570 Cornelio
1612 5517 1762 5570 urbis
1802 5517 1986 5571 Romte
2018 5532 2150 5585 pon-

577 5605 742 5668 tilicc,
767 5620 886 5658 cum
913 5605 1280 5674 episc0patum
1307 5605 1424 5674 ejus
1459 5608 1722 5664 adversus
1749 5607 2012 5676 quosdam
2066 5621 2152 5661 su-

577 5693 770 5760 perbos
817 5703 869 5747 et
927 5693 1137 5749 invidos
1177 5696 1594 5753 calumniatores
1651 5697 1986 5764 defenderet,
2035 5697 2150 5752 lucc

2253 5337 2420 5392 fuisse
2441 5344 2672 5401 constat,
2698 5345 2752 5390 et
2783 5337 3022 5406 legitime
3055 5336 3334 5406 praefuisse
3362 5335 3614 5388 universo
3636 5333 3830 5402 populo

2254 5427 2506 5496 deinceps
2527 5441 2717 5481 omnes
2760 5426 3123 5481 Ecclesiarum
3158 5425 3251 5479 Dei
3285 5423 3576 5486 antistites,
3625 5422 3830 5490 absque

2254 5518 2364 5572 ullo
2413 5517 2660 5572 consultu
2732 5517 3018 5571 mundana:
3068 5515 3371 5585 potestatis,
3405 5529 3436 5567 a
3497 5511 3831 5580 temporibus

2255 5605 2640 5674 apostolorum,
2667 5614 2722 5658 et
2741 5613 2926 5674 postea
2957 5619 3056 5673 per
3082 5618 3256 5658 annos
3284 5601 3397 5656 fere
3419 5600 3826 5672 quadragintos.

2255 5697 2332 5751 Ex
2356 5711 2463 5767 quo
2491 5705 2670 5750 autem
2699 5696 3025 5751 Christianis
3053 5695 3325 5766 principes
3351 5708 3470 5750 esse
3514 5699 3816 5761 cmperunt,
