4050 6302
293 377 366 434 13
1337 380 1426 436 DE
1459 380 1964 442 ELECTIONIBUS
2003 382 2509 445 EPISGOPORUM.
3481 402 3547 456 η

289 491 539 551 eamdem
572 490 943 562 episcoporum
977 489 1411 549 ordinationibus
1444 494 1868 551 ecclesiasticam
1897 496 1950 559 Α
1976 494 2186 551 invitati
2213 497 2449 566 fuerant,
2474 507 2845 568 consecratus,
2870 517 3030 560 nemo
3059 503 3363 578 principum
3390 508 3550 582 hujus

288 581 597 638 libertatem
623 595 691 637 ex
718 588 872 650 parte
901 581 1136 636 maxima
1160 582 1546 651 permansisse,
1572 583 1868 639 manifesta

292 673 434 728 ratio
451 672 720 728 “declarat.
752 671 938 743 Neque
972 671 1118 728 enim
1159 673 1278 728 fieri
1321 674 1520 746 potuit,
1563 690 1687 730 cum
1729 689 1870 730 unus

290 762 587 833 imperator
609 762 758 818 orbis
785 769 943 818 terrae
968 763 1340 818 menarchiam
1385 762 1682 829 obtineret,
1715 772 1775 818 ut
1801 778 1866 818 ex

289 849 545 906 omnibus
584 849 864 905 latissimis
909 849 1093 904 mundi
1125 851 1388 919 partibus,
1418 851 1562 907 Asia:
1595 851 1866 917 videlicet,

289 939 520 1010 Europa:
540 937 829 1004 ctAfricae,
871 952 1058 994 omnes
1089 940 1181 1010 qui
1217 941 1506 996 ordinandi
1545 950 1703 997 erant
1752 943 1869 1013 epi-

291 1027 444 1098 scopi
480 1027 549 1082 ad
601 1027 718 1096 ejus
764 1028 1125 1100 cognitionem
1171 1030 1580 1087 deducerentur.
1619 1031 1726 1088 Sed
1769 1033 1871 1088 fuit

288 1131 506 1187 semper
535 1116 746 1188 integra
773 1127 827 1174 et
851 1126 968 1174 rata
991 1120 1282 1186 ordinatio,
1313 1137 1476 1191 quam
1529 1131 1720 1179 sancta
1767 1123 1871 1180 Ec-

290 1207 461 1262 clesia
503 1206 661 1276 juxta
718 1210 1060 1266 traditionem
1101 1213 1452 1283 apostolicam
1499 1223 1556 1272 et
1605 1215 1867 1286 religiosae

288 1297 686 1354 observationis
713 1299 945 1355 formam
971 1300 1285 1358 celebravit.

361 1386 452 1442 lV.
491 1387 644 1456 Quod
666 1403 796 1445 vero
837 1390 892 1444 in
935 1391 1256 1462 quibusdam
1301 1393 1480 1466 regnis
1521 1401 1709 1466 postea
1739 1410 1868 1452 con-

191 1492 193 1494 ·
289 1472 522 1532 suetudo
571 1479 824 1545 obtinuit,
881 1488 942 1534 ut
984 1481 1233 1536 consultu
1283 1483 1543 1554 principis
1597 1486 1865 1542 ordinatio

289 1566 448 1622 ﬁeret
467 1568 807 1640 episcOpalis,
835 1570 978 1626 valet
1008 1573 1193 1642 utique
1240 1574 1308 1628 ad
1349 1576 1628 1630 cumulum
1670 1576 1866 1632 frater-

289 1657 496 1724 nitatis,
524 1668 747 1730 propter
779 1676 966 1730 pacem
1006 1671 1060 1718 et
1079 1665 1424 1719 concordiam
1456 1666 1741 1722 mundana:
1763 1682 1865 1738 po-

287 1748 529 1813 testatis;
581 1765 689 1804 non
728 1757 905 1805 tamen
931 1751 998 1805 ad
1025 1752 1400 1821 complendum
1441 1755 1730 1809 veritatem
1777 1755 1862 1811 vel

287 1838 672 1893 auctoritatem
721 1854 890 1895 sacra:
929 1842 1304 1908 ordinationis,
1355 1859 1475 1912 qua:
1521 1859 1862 1915 nequaquam
1893 1833 1940 1893 B

289 1926 441 1995 regio
477 1935 786 1996 potentatu,
820 1929 914 1984 sed
937 1929 1053 1986 solo
1098 1931 1192 1985 Dei
1221 1939 1375 1998 nutu,
1418 1941 1474 1988 et
1503 1934 1758 1990 Ecclesia:
1799 1935 1864 1990 fi-

285 2013 486 2068 delium
511 2031 796 2083 consensu,
841 2018 1037 2087 cuique
1087 2019 1318 2074 conferri
1363 2029 1562 2090 potest.
1593 2021 1862 2089 Quoniam

283 2103 629 2175 episc0patus
652 2122 756 2161 non
778 2116 1069 2164 estmunus
1090 2110 1404 2176 humanum,
1428 2113 1523 2168 sed
1543 2114 1714 2170 sancti
1742 2113 1862 2185 Spi—

284 2193 422 2247 ritus
469 2194 690 2261 donum,
717 2197 859 2252 sicut
905 2198 1143 2253 ostendit
1172 2200 1467 2270 apostolus,
1507 2203 1598 2259 ubi
1639 2205 1707 2260 ad
1748 2204 1863 2274 epi-

295 2297 493 2352 scopos
543 2283 805 2355 loquitur,
857 2287 1042 2342 dicens
1096 2286 1232 2360 (Art.
1281 2306 1376 2355 xx,
1419 2290 1556 2362 28):
1604 2293 1861 2348 Attendite

282 2373 427 2428 vobis
480 2383 530 2428 α
584 2377 823 2431 uniuerso
866 2379 1036 2448 gregi,
1094 2379 1150 2433 in
1195 2394 1298 2450 quo
1345 2397 1436 2436 vos
1468 2380 1700 2451 Spiritus
1737 2399 1862 2438 san-

280 2471 399 2515 ctus
423 2465 595 2532 posuit
631 2467 898 2537 episcbpos
921 2470 1094 2538 regere
1120 2468 1410 2524 Ecclesiam
1432 2470 1553 2536 Dei,
1580 2489 1738 2541 quam
1769 2489 1860 2528 ac-

277 2552 492 2621 quisivit
513 2556 769 2630 sanguine
789 2571 906 2609 suo.
929 2555 1144 2613 Undeet
1163 2557 1219 2612 in
1247 2558 1486 2628 Epistola
1513 2561 1581 2615 ad
1603 2561 1859 2620 Hebraeos

283 2641 425 2710 (cap.
452 2656 506 2706 v,
537 2641 659 2714 4-6)
688 2644 765 2698 ait
790 2660 803 2697 :
829 2644 942 2699 Nec
981 2647 1254 2717 quisquam
1279 2648 1379 2702 sibi
1400 2650 1558 2703 sumit
1587 2649 1854 2717 honorem,

278 2729 374 2782 sed
396 2730 486 2798 qui
507 2740 721 2784 vocatur
759 2750 791 2786 α
827 2732 955 2798 Deo,
1003 2735 1136 2788 sicut
1165 2735 1364 2790 Aaron.
1409 2736 1497 2791 Sic
1528 2748 1577 2792 et
1618 2738 1856 2794 Christus

283 2833 387 2870 non
412 2819 744 2887 semetipsum
766 2820 1072 2890 gloriﬁcavit
1098 2833 1154 2876 ut
1184 2825 1417 2893 pontifex
1439 2826 1607 2893 ﬁeret,
1641 2827 1731 2881 sed
1766 2829 1859 2898 qui

281 2903 487 2959 locutus
509 2917 584 2960 est
606 2909 675 2961 ad
693 2925 831 2975 eum,
863 2910 1032 2966 Filius
1055 2930 1197 2967 meus
1220 2930 1273 2968 es
1299 2924 1377 2980 tu,
1406 2931 1498 2985 ego
1520 2917 1674 2972 hodie
1699 2920 1857 2988 genui

281 3003 351 3046 te.
377 2994 446 3049 Et
479 2995 674 3050 iterum
703 3016 717 3052 :
753 2998 829 3052 Tu
851 3017 904 3054 es
929 3001 1169 3056 sacerdos
1202 3004 1258 3057 in
1297 3014 1547 3059 wlernum
1571 2992 1856 3064 secundum

279 3083 520 3137 ordinent
580 3085 975 3145 Melchisedech.
1031 3091 1092 3145 lu
1142 3093 1336 3162 quibus
1387 3096 1625 3165 Apostoli
1674 3099 1858 3154 verbis

283 3171 688 3232 evidentissime
734 3161 1176 3248 demonstratur;
1198 3185 1266 3240 ad
1325 3186 1429 3242 hoc
1467 3203 1662 3244 munus
1686 3189 1854 3260 adipi-
1878 3161 1928 3228 ε

278 3266 541 3320 scendum
618 3276 780 3339 atque
845 3272 1164 3328 sumendum
1247 3275 1491 3333 sufﬁcere
1566 3280 1856 3352 unicuique

276 3358 511 3424 gratiam
548 3359 664 3425 Dei,
709 3373 1034 3432 cooperante
1072 3365 1174 3421 fide
1222 3375 1279 3422 et
1326 3369 1611 3426 devotione
1665 3374 1855 3443 gratia:

273 3445 417 3514 ejus,
445 3448 652 3516 absque
697 3451 783 3506 his
830 3462 1008 3507 autem
1066 3454 1302 3512 humano
1367 3459 1592 3516 arbitrio
1650 3461 1855 3517 nemini

279 3553 444 3607 posse
501 3543 749 3598 concedi.
817 3543 972 3600 Unde
1025 3547 1263 3616 graviter
1326 3551 1555 3620 quilibet
1604 3552 1856 3624 princeps

275 3627 561 3697 delinquit,
588 3632 633 3686 si
669 3632 770 3686 hoc
798 3647 896 3689 suo
939 3633 1200 3692 beneﬁcio
1245 3638 1429 3709 largiri
1459 3655 1619 3710 posse
1665 3643 1856 3697 existi-

279 3724 414 3782 mat,
443 3719 587 3788 quod
612 3720 724 3775 sola
751 3721 932 3777 divina
957 3725 1129 3793 gratia
1172 3727 1447 3795 dispensat
1473 3745 1489 3794 ;
1529 3745 1652 3784 cum
1697 3730 1856 3784 mini-

276 3809 506 3862 sterium
545 3825 658 3865 suae
690 3815 974 3882 potestatis
1002 3816 1056 3869 in
1084 3815 1388 3884 lmjusmodi
1420 3820 1692 3890 negotium
1731 3833 1857 3888 per-

275 3898 488 3964 agenda
519 3898 807 3972 adiungere
830 3904 1043 3971 debeat,
1075 3920 1180 3959 non
1206 3906 1481 3976 praeferre.

353 3987 417 4042 V.
459 3989 702 4060 Denique
753 4003 813 4048 ut
876 3995 1033 4051 istius
1084 3998 1160 4052 rei
1211 3999 1461 4053 nonnulla
1513 3999 1857 4070 proferantur

273 4079 550 4149 exempla,
579 4091 712 4150 puto
735 4085 880 4153 quod
929 4087 996 4141 de
1032 4088 1375 4144 ordinatione
1419 4089 1567 4146 beati
1616 4091 1852 4161 Martini,

274 4169 498 4235 quando
521 4184 589 4224 ex
619 4174 950 4230 monasterio
978 4178 1078 4232 sub
1122 4178 1226 4233 alia
1276 4183 1563 4238 occasione
1607 4184 1851 4251 eductus,

273 4262 333 4307 et
356 4268 387 4307 a
414 4257 612 4326 populo
657 4263 1096 4332 comprehensus,
1127 4276 1288 4337 atque
1317 4270 1385 4323 ad
1411 4271 1703 4327 Ecclesiam
1733 4289 1856 4344 pcr-

273 4342 474 4402 ductus
503 4355 606 4414 est,
647 4359 703 4405 et
751 4353 1005 4410 continuo
1053 4357 1121 4412 ab
1177 4357 1459 4429 episcopis,
1510 4362 1603 4431 qui
1641 4364 1710 4418 ad
1733 4342 1854 4419 hoc

1971 585 2155 641 saeculi
2190 586 2355 642 fuerit
2377 588 2761 661 interrogatus.
2792 590 2849 646 In
2880 591 3126 649 Ecclesia
3165 611 3379 668 quoque
3403 597 3546 672 Lug-

1973 677 2202 733 dunensi
2231 678 2312 734 sic
2337 678 2590 751 religiosa
2616 680 2745 736 olim
2770 689 2827 738 et
2859 684 3186 741 venerabilis
3210 690 3548 748 consuetudo

1971 768 2094 837 fuit,
2119 771 2260 827 sicut
2281 773 2503 844 antiqua
2525 782 2710 831 narrat
2731 775 2958 833 historia
2981 791 2997 832 :
3020 779 3226 836 scilicet
3247 789 3328 849 ut,
3353 783 3542 839 defun-

1971 869 2060 918 cto
2089 863 2366 933 pontifice,
2385 865 2563 922 omnis
2584 866 2638 920 in
2660 883 2826 922 unum
2853 870 3170 926 conveniret
3196 871 3462 940 Ecclesia,
3491 885 3548 930 et

1971 951 2222 1009 triduano
2236 953 2443 1024 jejunio
2468 955 2741 1011 communi
2771 966 2896 1014 voto
2929 974 2994 1015 ac
3030 961 3417 1032 supplicatione
3457 978 3546 1020 ce-

1970 1043 2197 1112 lebrato,
2228 1061 2604 1118 quemcunque
2633 1047 2713 1104 eis
2745 1047 3004 1107 Dominus
3035 1067 3134 1122 per
3158 1054 3544 1112 revelationem

1970 1134 2083 1190 sive
2111 1150 2180 1190 ex
2219 1150 2406 1192 eorum
2434 1137 2580 1193 clero
2601 1151 2698 1194 seu
2734 1138 2953 1196 aliunde
2983 1143 3314 1210 ostenderet,
3369 1145 3544 1216 ipsum

1972 1225 2090 1282 sine
2117 1227 2281 1283 dubio
2309 1228 2609 1284 antistitem
2650 1230 3062 1288 constituerent.
3093 1234 3248 1300 Quod
3282 1236 3350 1291 de
3383 1238 3544 1294 beato

1969 1314 2237 1373 Eucherio
2257 1317 2493 1388 praefatae
2512 1319 2660 1375 urbis
2680 1320 2953 1391 episcopo,
2977 1331 3035 1378 et
3061 1323 3281 1380 doctore
3303 1329 3542 1398 egregio,

1968 1408 2322 1465 sanctissimae
2375 1408 2508 1465 Vita:
2535 1409 2654 1480 ejus
2681 1411 2819 1468 liber
2861 1413 3145 1470 manifeste
3175 1422 3406 1472 testatur
3442 1420 3546 1475 im-

1968 1497 2188 1569 pletum.
2223 1499 2327 1567 Qui
2354 1515 2477 1555 cum
2499 1509 2645 1556 esset
2665 1515 2730 1555 ex
2757 1501 3094 1560 nobilissimo
3117 1514 3428 1562 senatorum
3448 1524 3542 1579 ge-

1967 1605 2097 1646 nere
2109 1589 2392 1657 oriundus,
2414 1599 2470 1645 et
2488 1591 2618 1647 huic
2639 1593 2836 1648 sarculo
2859 1594 3264 1663 abrenuntians,
3290 1599 3546 1668 omnique

1968 1680 2224 1738 facultate
2252 1696 2352 1738 sua
2382 1683 2436 1737 in
2467 1699 2735 1754 pauperes
2762 1685 2833 1741 ob
2857 1700 3098 1741 amorem
3122 1686 3322 1744 Christi
3365 1690 3546 1749 distri-

1968 1773 2118 1838 buta,
2149 1773 2392 1842 partibus
2422 1773 2719 1829 Provinciae
2739 1775 2794 1829 in
2823 1774 3056 1844 quodam
3083 1791 3248 1846 specu
3275 1785 3540 1844 retrusus,

1965 1869 2130 1932 atque
2175 1863 2249 1918 ibi
2298 1863 2396 1919 soli
2434 1863 2546 1919 Deo
2588 1863 2828 1933 jejunus,
2878 1873 2934 1920 et
2975 1869 3313 1924 orationibus
3339 1885 3544 1928 vacans

1965 1949 2222 2016 latitaret,
2255 1952 2348 2007 tali
2370 1952 2700 2009 revelatione
2719 1962 2992 2022 ostensus,
3020 1965 3184 2028 atque
3210 1958 3542 2027 inventusin

1963 2043 2257 2114 pontificali
2297 2045 2559 2116 regimine
2584 2045 2791 2103 locatus
2817 2057 2921 2104 est.
2962 2048 3044 2104 Ex
3079 2065 3189 2120 quo
3233 2052 3540 2110 certissime

1962 2139 2179 2187 constat
2204 2134 2346 2203 quod
2374 2135 2523 2189 omni
2551 2134 2642 2190 illo
2675 2142 2916 2206 tempore
2944 2152 3052 2209 quo
3093 2147 3301 2195 tantam
3329 2140 3542 2197 bonita-

1963 2229 2069 2276 tem
2108 2222 2224 2277 sive
2250 2223 2479 2294 gratiam
2501 2224 2846 2294 omnipotens
2867 2226 3011 2282 Deus
3042 2227 3096 2281 in
3127 2227 3216 2283 illa
3247 2229 3540 2287 voluitEc-

1961 2311 2126 2368 clesia
2157 2313 2551 2381 demonstrare,
2583 2314 2797 2371 valebat
2821 2331 2884 2372 ac
2912 2315 3208 2374 sufﬁciebat
3246 2320 3316 2375 ad
3342 2335 3538 2378 conse-

1962 2401 2264 2457 crationcm
2292 2410 2566 2460 rectorum
2601 2404 2715 2461 sola
2743 2404 2861 2477 ejus
2889 2409 3064 2477 gratia
3093 2415 3150 2464 et
3189 2408 3326 2466 ﬁdes
3355 2409 3541 2468 Eccle-

1960 2491 2054 2546 sia
2077 2491 2268 2548 devota

2030 2581 2119 2637 Vl.
2157 2581 2350 2640 Sedet
2372 2583 2428 2639 in
2470 2585 2713 2641 Romana
2754 2586 2997 2646 Ecclesia
3025 2604 3197 2661 usque
3232 2589 3287 2646 in
3312 2605 3546 2662 praesen.

1961 2680 2070 2728 tem
2101 2674 2244 2730 diem
2275 2677 2548 2733 cernimus
2575 2679 2781 2748 absque
2809 2679 3232 2750 interrogatione
3258 2682 3540 2752 principis,

1959 2764 2075 2819 solo
2104 2765 2469 2836 dispositionis
2481 2766 2706 2834 judicio,
2732 2776 2788 2822 et
2815 2767 3051 2823 ﬁdelium
3077 2769 3356 2841 suffragio,
3403 2771 3540 2842 legi-

1961 2854 2090 2909 time
2116 2855 2400 2924 pontilices
2427 2857 2783 2912 consecrari:
2828 2859 2921 2927 qui
2962 2859 3129 2915 etiam
3168 2861 3410 2915 omnium
3455 2877 3541 2916 re-

1959 2947 2180 3018 gionum
2197 2957 2256 3002 et
2287 2947 2565 3002 civitatum
2610 2962 2733 3018 quae
2772 2948 2849 3002 illi
2887 2949 3146 3019 subjectae
3182 2957 3331 3016 sunt,
3375 2951 3532 3019 juxta

1959 3035 2239 3105 antiquum
2265 3051 2493 3102 morem,
2538 3038 2726 3092 eadem
2766 3037 3017 3094 libertate
3064 3041 3318 3096 ordinant
3374 3049 3539 3112 atque

1957 3127 2289 3182 constituunt
2313 3127 2658 3194 sacerdotes;
2688 3143 2786 3183 nec
2805 3130 2940 3184 adeo
2963 3131 3249 3202 quisquam
3273 3131 3542 3189 absurdus

1957 3222 2074 3280 est,
2113 3223 2171 3269 ut
2205 3223 2358 3285 putet
2397 3215 2662 3270 minorem
2710 3215 2819 3270 illic
2864 3217 3306 3272 sanctificationis
3344 3218 3539 3275 divinae

1957 3322 2079 3363 esse
2125 3307 2378 3378 gratiam,
2425 3323 2493 3363 eo
2543 3307 2688 3378 quod
2721 3308 2868 3364 nulla
2921 3309 3206 3365 mundana:
3251 3314 3541 3380 potestatis

1957 3399 2248 3452 comitetur
2272 3399 2586 3453 auctoritas.

2028 3488 2140 3546 ‘Vll.
2179 3490 2308 3558 Qum
2334 3490 2514 3546 omnia
2558 3507 2666 3546 non
2696 3490 2815 3547 idco
2853 3491 3082 3548 dicimus
3107 3496 3263 3564 quasi
3293 3502 3539 3566 potesta-

1957 3585 2067 3633 tem
2096 3579 2404 3649 principum
2436 3579 2490 3633 in
2519 3578 2702 3649 aliquo
2750 3580 3094 3635 minuendam
3145 3590 3416 3650 putemus,
3450 3582 3536 3636 vel

1959 3677 2148 3722 contra
2178 3669 2488 3738 religiosum
2520 3684 2728 3742 morem
2759 3670 2908 3739 regni
2949 3670 3155 3740 aliquid
3193 3672 3535 3726 sentiendum

1957 3757 2410 3825 persuadeamus;
2483 3757 2579 3811 sed
2629 3741 2698 3812 ιιῖ
2757 3758 3059 3814 clarissime
3114 3760 3538 3826 demonstretur,

1960 3847 2015 3900 in
2054 3861 2114 3901 re
2161 3846 2470 3923 hujusmodi
2497 3846 2734 3901 divinam
2783 3847 3014 3918 gratiam
3043 3847 3307 3912 sufﬁcere,
3340 3851 3536 3905 huma-

1957 3951 2084 3990 nam
2115 3951 2243 3992 vero
2265 3937 2583 4006 potentiam,
2615 3937 2722 3991 nisi
2757 3937 2831 3992 illi
2855 3947 3137 4004 consonet,
3169 3939 3304 3994 nihil
3332 3940 3536 3996 valere.

1958 4026 2294 4098 Quapropter
2322 4028 2376 4082 in
2423 4029 2594 4083 sacris
2622 4029 2919 4084 canonihus
2953 4029 3195 4095 Patrum,
3227 4029 3322 4084 ubi
3369 4029 3536 4100 pluri«

1957 4133 2060 4173 ma:
2088 4133 2267 4173 causa:
2297 4126 2792 4173 commemorantur
2842 4119 2959 4173 sine
2992 4120 3188 4189 quibus
3213 4119 3538 4189 episcopalis

1955 4211 2227 4266 ordinatio
2243 4209 2394 4266 irrita
2410 4211 2658 4267 habenda
2681 4220 2783 4278 est,
2810 4211 2875 4267 de
2896 4211 2996 4266 hac
3024 4227 3084 4268 re
3104 4211 3236 4268 nihil
3261 4211 3536 4290 invenitur

1957 4305 2238 4359 insertum.
