  <div class='ocr_page' id='page_1' title='image "/cluster/home/n/w/nwhite01/storage/ocr_20150623/119/hvd.32044015466915/014.png"; bbox 0 0 4050 6302; ppageno 0'>
   <div class='ocr_carea' id='block_1_1' title="bbox 289 327 3522 435">
    <p class='ocr_par' dir='ltr' id='par_1_1' title="bbox 289 327 3522 435">
     <span class='ocr_line' id='line_1_1' title="bbox 289 327 3522 435; baseline -0.015 0"><span class='ocrx_word' id='word_1_1' title='bbox 289 378 355 435; x_wconf 80' lang='lat' dir='ltr'><strong>n</strong></span> <span class='ocrx_word' id='word_1_2' title='bbox 1490 355 1579 413; x_wconf 87' lang='lat' dir='ltr'><strong>DE</strong></span> <span class='ocrx_word' id='word_1_3' title='bbox 1617 350 2069 411; x_wconf 68' lang='lat' dir='ltr'><strong>exposmoue</strong></span> <span class='ocrx_word' id='word_1_4' title='bbox 2109 346 2357 404; x_wconf 61' lang='lat' dir='ltr'><strong>Missa).</strong></span> <span class='ocrx_word' id='word_1_5' title='bbox 2705 327 2760 375; x_wconf 76' lang='grc' dir='ltr'><strong><em>σ</em></strong></span> <span class='ocrx_word' id='word_1_6' title='bbox 3454 329 3522 385; x_wconf 76' lang='lat' dir='ltr'><strong>is</strong></span> 
     </span>
    </p>
   </div>
   <div class='ocr_carea' id='block_1_2' title="bbox 287 442 3524 566">
    <p class='ocr_par' dir='ltr' id='par_1_2' title="bbox 287 442 3524 566">
     <span class='ocr_line' id='line_1_2' title="bbox 287 442 3524 566; baseline -0.017 -17"><span class='ocrx_word' id='word_1_7' title='bbox 287 489 665 566; x_wconf 85' lang='lat' dir='ltr'><strong>prodiderunt,</strong></span> <span class='ocrx_word' id='word_1_8' title='bbox 701 480 1000 540; x_wconf 80' lang='lat' dir='ltr'><strong>Jerusalem</strong></span> <span class='ocrx_word' id='word_1_9' title='bbox 1047 478 1189 534; x_wconf 90' lang='lat' dir='ltr'><strong>dicta</strong></span> <span class='ocrx_word' id='word_1_10' title='bbox 1238 482 1340 531; x_wconf 90' lang='lat' dir='ltr'><strong>est.</strong></span> <span class='ocrx_word' id='word_1_11' title='bbox 1391 473 1534 543; x_wconf 83' lang='lat' dir='ltr'><strong>Ergo</strong></span> <span class='ocrx_word' id='word_1_12' title='bbox 1570 480 1862 566; x_wconf 67' lang='lat' dir='ltr'><strong>antequam</strong></span> <span class='ocrx_word' id='word_1_13' title='bbox 1892 470 1935 528; x_wconf 77' lang='grc' dir='ltr'>Α</span> <span class='ocrx_word' id='word_1_14' title='bbox 1967 464 2020 517; x_wconf 90' lang='lat' dir='ltr'><strong>in</strong></span> <span class='ocrx_word' id='word_1_15' title='bbox 2051 475 2232 563; x_wconf 70' lang='lat' dir='ltr'><strong>cruce,</strong></span> <span class='ocrx_word' id='word_1_16' title='bbox 2263 466 2321 512; x_wconf 91' lang='lat' dir='ltr'><strong>ut</strong></span> <span class='ocrx_word' id='word_1_17' title='bbox 2350 446 2555 512; x_wconf 82' lang='lat' dir='ltr'><strong>diceret</strong></span> <span class='ocrx_word' id='word_1_18' title='bbox 2581 472 2593 507; x_wconf 93' lang='lat'><strong>:</strong></span> <span class='ocrx_word' id='word_1_19' title='bbox 2621 444 3094 566; x_wconf 49' lang='lat' dir='ltr'><strong>Dirigalurxoralt&#39;o</strong></span> <span class='ocrx_word' id='word_1_20' title='bbox 3129 459 3241 498; x_wconf 84' lang='lat' dir='ltr'><strong>mea</strong></span> <span class='ocrx_word' id='word_1_21' title='bbox 3272 442 3404 497; x_wconf 83' lang='lat' dir='ltr'><strong>sicut</strong></span> <span class='ocrx_word' id='word_1_22' title='bbox 3434 442 3524 496; x_wconf 82' lang='lat' dir='ltr'><strong>in-</strong></span> 
     </span>
    </p>
   </div>
   <div class='ocr_carea' id='block_1_3' title="bbox 290 556 1855 649">
    <p class='ocr_par' dir='ltr' id='par_1_3' title="bbox 290 556 1855 649">
     <span class='ocr_line' id='line_1_3' title="bbox 290 556 1855 649; baseline -0.019 -11"><span class='ocrx_word' id='word_1_23' title='bbox 290 556 368 638; x_wconf 72' lang='lat' dir='ltr'><strong>ibi</strong></span> <span class='ocrx_word' id='word_1_24' title='bbox 398 582 689 649; x_wconf 73' lang='lat' dir='ltr'><strong>regnarent</strong></span> <span class='ocrx_word' id='word_1_25' title='bbox 712 570 906 634; x_wconf 74' lang='lat' dir='ltr'><strong>Judaei,</strong></span> <span class='ocrx_word' id='word_1_26' title='bbox 932 568 1003 623; x_wconf 82' lang='lat' dir='ltr'><strong>ibi</strong></span> <span class='ocrx_word' id='word_1_27' title='bbox 1028 574 1147 623; x_wconf 89' lang='lat' dir='ltr'><strong>erat</strong></span> <span class='ocrx_word' id='word_1_28' title='bbox 1173 563 1262 619; x_wconf 88' lang='lat' dir='ltr'><strong>ille</strong></span> <span class='ocrx_word' id='word_1_29' title='bbox 1292 560 1546 618; x_wconf 82' lang='lat' dir='ltr'><strong>sacerdos</strong></span> <span class='ocrx_word' id='word_1_30' title='bbox 1570 556 1855 649; x_wconf 58' lang='lat' dir='ltr'><strong>Melchise-</strong></span> 
     </span>
    </p>
   </div>
   <div class='ocr_carea' id='block_1_4' title="bbox 294 643 1855 735">
    <p class='ocr_par' dir='ltr' id='par_1_4' title="bbox 294 643 1855 735">
     <span class='ocr_line' id='line_1_4' title="bbox 294 643 1855 735; baseline -0.019 -10"><span class='ocrx_word' id='word_1_31' title='bbox 294 643 573 735; x_wconf 36' lang='lat' dir='ltr'><strong>dechﬁqui</strong></span> <span class='ocrx_word' id='word_1_32' title='bbox 598 660 852 717; x_wconf 73' lang='lat' dir='ltr'><strong>scribitur</strong></span> <span class='ocrx_word' id='word_1_33' title='bbox 878 659 934 713; x_wconf 82' lang='lat' dir='ltr'><strong>in</strong></span> <span class='ocrx_word' id='word_1_34' title='bbox 972 654 1167 712; x_wconf 87' lang='lat' dir='ltr'><strong>Genesi</strong></span> <span class='ocrx_word' id='word_1_35' title='bbox 1216 650 1467 708; x_wconf 84' lang='lat' dir='ltr'><strong>sacerdos</strong></span> <span class='ocrx_word' id='word_1_36' title='bbox 1491 647 1586 703; x_wconf 90' lang='lat' dir='ltr'><strong>Dei</strong></span> <span class='ocrx_word' id='word_1_37' title='bbox 1636 643 1855 702; x_wconf 82' lang='lat' dir='ltr'><strong>excelsi.</strong></span> 
     </span>
    </p>
   </div>
   <div class='ocr_carea' id='block_1_5' title="bbox 293 735 1862 829">
    <p class='ocr_par' dir='ltr' id='par_1_5' title="bbox 293 735 1862 829">
     <span class='ocr_line' id='line_1_5' title="bbox 293 735 1862 829; baseline -0.017 -15"><span class='ocrx_word' id='word_1_38' title='bbox 293 758 416 829; x_wconf 83' lang='lat' dir='ltr'><strong>Ipse</strong></span> <span class='ocrx_word' id='word_1_39' title='bbox 445 752 681 811; x_wconf 90' lang='lat' dir='ltr'><strong>occurrit</strong></span> <span class='ocrx_word' id='word_1_40' title='bbox 704 749 957 812; x_wconf 65' lang='lat' dir='ltr'><strong>Abrahae,</strong></span> <span class='ocrx_word' id='word_1_41' title='bbox 983 744 1198 816; x_wconf 84' lang='lat' dir='ltr'><strong>quando</strong></span> <span class='ocrx_word' id='word_1_42' title='bbox 1226 739 1473 797; x_wconf 77' lang='lat' dir='ltr'><strong>liberavit</strong></span> <span class='ocrx_word' id='word_1_43' title='bbox 1493 737 1642 829; x_wconf 82' lang='lat' dir='ltr'><strong>Loth</strong></span> <span class='ocrx_word' id='word_1_44' title='bbox 1655 735 1723 790; x_wconf 91' lang='lat' dir='ltr'><strong>de</strong></span> <span class='ocrx_word' id='word_1_45' title='bbox 1748 748 1862 829; x_wconf 79' lang='lat' dir='ltr'><strong>rna-</strong></span> 
     </span>
    </p>
   </div>
   <div class='ocr_carea' id='block_1_6' title="bbox 297 823 1865 914">
    <p class='ocr_par' dir='ltr' id='par_1_6' title="bbox 297 823 1865 914">
     <span class='ocr_line' id='line_1_6' title="bbox 297 823 1865 914; baseline -0.015 -10"><span class='ocrx_word' id='word_1_46' title='bbox 297 823 460 904; x_wconf 74' lang='lat' dir='ltr'><strong>nibus</strong></span> <span class='ocrx_word' id='word_1_47' title='bbox 490 839 952 914; x_wconf 86' lang='lat' dir='ltr'><strong>persequentium,</strong></span> <span class='ocrx_word' id='word_1_48' title='bbox 980 844 1034 891; x_wconf 88' lang='lat' dir='ltr'><strong>et</strong></span> <span class='ocrx_word' id='word_1_49' title='bbox 1056 830 1351 906; x_wconf 87' lang='lat' dir='ltr'><strong>prostravit</strong></span> <span class='ocrx_word' id='word_1_50' title='bbox 1375 843 1469 886; x_wconf 89' lang='lat' dir='ltr'><strong>eos</strong></span> <span class='ocrx_word' id='word_1_51' title='bbox 1497 843 1527 882; x_wconf 91' lang='lat' dir='ltr'><strong>a</strong></span> <span class='ocrx_word' id='word_1_52' title='bbox 1555 825 1750 897; x_wconf 87' lang='lat' dir='ltr'><strong>quibus</strong></span> <span class='ocrx_word' id='word_1_53' title='bbox 1777 823 1865 880; x_wconf 89' lang='lat' dir='ltr'><strong>ille</strong></span> 
     </span>
    </p>
   </div>
   <div class='ocr_carea' id='block_1_7' title="bbox 304 916 1865 999">
    <p class='ocr_par' dir='ltr' id='par_1_7' title="bbox 304 916 1865 999">
     <span class='ocr_line' id='line_1_7' title="bbox 304 916 1865 999; baseline -0.015 -6"><span class='ocrx_word' id='word_1_54' title='bbox 304 936 620 999; x_wconf 86' lang='lat' dir='ltr'><strong>feriebatur,</strong></span> <span class='ocrx_word' id='word_1_55' title='bbox 651 940 708 987; x_wconf 93' lang='lat' dir='ltr'><strong>et</strong></span> <span class='ocrx_word' id='word_1_56' title='bbox 733 927 983 985; x_wconf 82' lang='lat' dir='ltr'><strong>liberavit</strong></span> <span class='ocrx_word' id='word_1_57' title='bbox 1021 925 1264 980; x_wconf 81' lang='lat' dir='ltr'><strong>fratrem.</strong></span> <span class='ocrx_word' id='word_1_58' title='bbox 1313 920 1443 975; x_wconf 87' lang='lat' dir='ltr'><strong>Post</strong></span> <span class='ocrx_word' id='word_1_59' title='bbox 1490 916 1865 974; x_wconf 88' lang='lat' dir='ltr'><strong>liberationem</strong></span> 
     </span>
    </p>
   </div>
   <div class='ocr_carea' id='block_1_8' title="bbox 300 1004 1866 1084">
    <p class='ocr_par' dir='ltr' id='par_1_8' title="bbox 300 1004 1866 1084">
     <span class='ocr_line' id='line_1_8' title="bbox 300 1004 1866 1084; baseline -0.017 0"><span class='ocrx_word' id='word_1_60' title='bbox 300 1027 489 1084; x_wconf 80' lang='lat' dir='ltr'><strong>fratris</strong></span> <span class='ocrx_word' id='word_1_61' title='bbox 533 1021 772 1080; x_wconf 88' lang='lat' dir='ltr'><strong>occurrit</strong></span> <span class='ocrx_word' id='word_1_62' title='bbox 816 1019 867 1075; x_wconf 93' lang='lat' dir='ltr'><strong>ei</strong></span> <span class='ocrx_word' id='word_1_63' title='bbox 893 1014 1301 1073; x_wconf 83' lang='lat' dir='ltr'><strong>Melchisedech.</strong></span> <span class='ocrx_word' id='word_1_64' title='bbox 1348 1010 1560 1066; x_wconf 89' lang='lat' dir='ltr'><strong>Tantus</strong></span> <span class='ocrx_word' id='word_1_65' title='bbox 1587 1015 1709 1063; x_wconf 89' lang='lat' dir='ltr'><strong>erat</strong></span> <span class='ocrx_word' id='word_1_66' title='bbox 1734 1004 1866 1061; x_wconf 81' lang='lat' dir='ltr'><strong>Mel-</strong></span> 
     </span>
    </p>
   </div>
   <div class='ocr_carea' id='block_1_9' title="bbox 301 1092 1871 1177">
    <p class='ocr_par' dir='ltr' id='par_1_9' title="bbox 301 1092 1871 1177">
     <span class='ocr_line' id='line_1_9' title="bbox 301 1092 1871 1177; baseline -0.014 -7"><span class='ocrx_word' id='word_1_67' title='bbox 301 1112 594 1170; x_wconf 89' lang='lat' dir='ltr'><strong>chisedech</strong></span> <span class='ocrx_word' id='word_1_68' title='bbox 642 1125 673 1163; x_wconf 91' lang='lat' dir='ltr'><strong>a</strong></span> <span class='ocrx_word' id='word_1_69' title='bbox 711 1105 1265 1177; x_wconf 79' lang='lat' dir='ltr'><strong>quo~benediceretur</strong></span> <span class='ocrx_word' id='word_1_70' title='bbox 1299 1098 1589 1154; x_wconf 87' lang='lat' dir='ltr'><strong>Abraham.</strong></span> <span class='ocrx_word' id='word_1_71' title='bbox 1642 1092 1871 1150; x_wconf 84' lang='lat' dir='ltr'><strong>Protulit</strong></span> 
     </span>
    </p>
   </div>
   <div class='ocr_carea' id='block_1_10' title="bbox 300 1184 1869 1277">
    <p class='ocr_par' dir='ltr' id='par_1_10' title="bbox 300 1184 1869 1277">
     <span class='ocr_line' id='line_1_10' title="bbox 300 1184 1869 1277; baseline -0.014 -16"><span class='ocrx_word' id='word_1_72' title='bbox 300 1218 499 1277; x_wconf 89' lang='lat' dir='ltr'><strong>panem</strong></span> <span class='ocrx_word' id='word_1_73' title='bbox 542 1208 605 1256; x_wconf 93' lang='lat' dir='ltr'><strong>et-</strong></span> <span class='ocrx_word' id='word_1_74' title='bbox 632 1200 818 1254; x_wconf 88' lang='lat' dir='ltr'><strong>vinum</strong></span> <span class='ocrx_word' id='word_1_75' title='bbox 866 1204 922 1251; x_wconf 93' lang='lat' dir='ltr'><strong>et</strong></span> <span class='ocrx_word' id='word_1_76' title='bbox 946 1193 1221 1250; x_wconf 84' lang='lat' dir='ltr'><strong>benedixit</strong></span> <span class='ocrx_word' id='word_1_77' title='bbox 1245 1190 1539 1254; x_wconf 70' lang='lat' dir='ltr'><strong>Abraham,</strong></span> <span class='ocrx_word' id='word_1_78' title='bbox 1566 1195 1621 1242; x_wconf 91' lang='lat' dir='ltr'><strong>et</strong></span> <span class='ocrx_word' id='word_1_79' title='bbox 1649 1184 1869 1242; x_wconf 27' lang='lat' dir='ltr'><strong>deditoei</strong></span> 
     </span>
    </p>
   </div>
   <div class='ocr_carea' id='block_1_11' title="bbox 304 1274 1871 1353">
    <p class='ocr_par' dir='ltr' id='par_1_11' title="bbox 304 1274 1871 1353">
     <span class='ocr_line' id='line_1_11' title="bbox 304 1274 1871 1353; baseline -0.012 -4"><span class='ocrx_word' id='word_1_80' title='bbox 304 1274 544 1349; x_wconf 76' lang='lat' dir='ltr'><strong>decimas</strong></span> <span class='ocrx_word' id='word_1_81' title='bbox 571 1288 866 1345; x_wconf 83' lang='lat' dir='ltr'><strong>Abraham.</strong></span> <span class='ocrx_word' id='word_1_82' title='bbox 902 1285 1035 1339; x_wconf 79' lang='lat' dir='ltr'><strong>Vide</strong></span> <span class='ocrx_word' id='word_1_83' title='bbox 1080 1282 1209 1353; x_wconf 85' lang='lat' dir='ltr'><strong>quid</strong></span> <span class='ocrx_word' id='word_1_84' title='bbox 1234 1279 1453 1352; x_wconf 87' lang='lat' dir='ltr'><strong>protulit</strong></span> <span class='ocrx_word' id='word_1_85' title='bbox 1486 1285 1542 1333; x_wconf 85' lang='lat' dir='ltr'><strong>et</strong></span> <span class='ocrx_word' id='word_1_86' title='bbox 1583 1290 1742 1348; x_wconf 88' lang='lat' dir='ltr'><strong>quem</strong></span> <span class='ocrx_word' id='word_1_87' title='bbox 1783 1274 1871 1331; x_wconf 85' lang='lat' dir='ltr'><strong>be-</strong></span> 
     </span>
    </p>
   </div>
   <div class='ocr_carea' id='block_1_12' title="bbox 304 1366 1872 1445">
    <p class='ocr_par' dir='ltr' id='par_1_12' title="bbox 304 1366 1872 1445">
     <span class='ocr_line' id='line_1_12' title="bbox 304 1366 1872 1445; baseline -0.013 -6"><span class='ocrx_word' id='word_1_88' title='bbox 304 1382 531 1445; x_wconf 75' lang='lat' dir='ltr'><strong>nedixit,</strong></span> <span class='ocrx_word' id='word_1_89' title='bbox 579 1387 635 1434; x_wconf 88' lang='lat' dir='ltr'><strong>et</strong></span> <span class='ocrx_word' id='word_1_90' title='bbox 679 1378 883 1432; x_wconf 84' lang='lat' dir='ltr'><strong>dictum</strong></span> <span class='ocrx_word' id='word_1_91' title='bbox 929 1382 1011 1429; x_wconf 90' lang='lat' dir='ltr'><strong>est</strong></span> <span class='ocrx_word' id='word_1_92' title='bbox 1052 1380 1280 1443; x_wconf 87' lang='lat' dir='ltr'><strong>postea:</strong></span> <span class='ocrx_word' id='word_1_93' title='bbox 1325 1368 1402 1423; x_wconf 86' lang='lat' dir='ltr'><strong>Tu</strong></span> <span class='ocrx_word' id='word_1_94' title='bbox 1446 1384 1500 1422; x_wconf 84' lang='lat' dir='ltr'><strong>es</strong></span> <span class='ocrx_word' id='word_1_95' title='bbox 1546 1366 1789 1421; x_wconf 77' lang='lat' dir='ltr'><strong>sacerdos</strong></span> <span class='ocrx_word' id='word_1_96' title='bbox 1817 1366 1872 1419; x_wconf 93' lang='lat' dir='ltr'><strong>in</strong></span> 
     </span>
    </p>
   </div>
   <div class='ocr_carea' id='block_1_13' title="bbox 309 1455 1875 1526">
    <p class='ocr_par' dir='ltr' id='par_1_13' title="bbox 309 1455 1875 1526">
     <span class='ocr_line' id='line_1_13' title="bbox 309 1455 1875 1526; baseline -0.01 -1"><span class='ocrx_word' id='word_1_97' title='bbox 309 1480 563 1526; x_wconf 65' lang='lat' dir='ltr'><strong>(sternam</strong></span> <span class='ocrx_word' id='word_1_98' title='bbox 590 1465 875 1522; x_wconf 86' lang='lat' dir='ltr'><strong>secundum</strong></span> <span class='ocrx_word' id='word_1_99' title='bbox 903 1462 1134 1518; x_wconf 81' lang='lat' dir='ltr'><strong>ordinem</strong></span> <span class='ocrx_word' id='word_1_100' title='bbox 1158 1457 1553 1514; x_wconf 78' lang='lat' dir='ltr'><strong>Melchisedech.</strong></span> <span class='ocrx_word' id='word_1_101' title='bbox 1578 1455 1745 1511; x_wconf 88' lang='lat' dir='ltr'><strong>David</strong></span> <span class='ocrx_word' id='word_1_102' title='bbox 1772 1456 1875 1510; x_wconf 88' lang='lat' dir='ltr'><strong>hoc</strong></span> 
     </span>
    </p>
   </div>
   <div class='ocr_carea' id='block_1_14' title="bbox 309 1544 1876 1626">
    <p class='ocr_par' dir='ltr' id='par_1_14' title="bbox 309 1544 1876 1626">
     <span class='ocr_line' id='line_1_14' title="bbox 309 1544 1876 1626; baseline -0.01 -13"><span class='ocrx_word' id='word_1_103' title='bbox 309 1558 366 1613; x_wconf 89' lang='lat' dir='ltr'><strong>in</strong></span> <span class='ocrx_word' id='word_1_104' title='bbox 406 1557 597 1626; x_wconf 84' lang='lat' dir='ltr'><strong>spiritu</strong></span> <span class='ocrx_word' id='word_1_105' title='bbox 643 1554 779 1609; x_wconf 76' lang='lat' dir='ltr'><strong>dixit</strong></span> <span class='ocrx_word' id='word_1_106' title='bbox 818 1551 976 1620; x_wconf 89' lang='lat' dir='ltr'><strong>longe</strong></span> <span class='ocrx_word' id='word_1_107' title='bbox 1021 1557 1144 1620; x_wconf 90' lang='lat' dir='ltr'><strong>post</strong></span> <span class='ocrx_word' id='word_1_108' title='bbox 1178 1547 1469 1602; x_wconf 84' lang='lat' dir='ltr'><strong>Abraham.</strong></span> <span class='ocrx_word' id='word_1_109' title='bbox 1522 1544 1876 1614; x_wconf 85' lang='lat' dir='ltr'><strong>Temporibus</strong></span> 
     </span>
    </p>
   </div>
   <div class='ocr_carea' id='block_1_15' title="bbox 308 1632 1876 1705">
    <p class='ocr_par' dir='ltr' id='par_1_15' title="bbox 308 1632 1876 1705">
     <span class='ocr_line' id='line_1_15' title="bbox 308 1632 1876 1705; baseline -0.008 -5"><span class='ocrx_word' id='word_1_110' title='bbox 308 1655 490 1700; x_wconf 86' lang='lat' dir='ltr'><strong>autem</strong></span> <span class='ocrx_word' id='word_1_111' title='bbox 518 1642 749 1698; x_wconf 68' lang='lat' dir='ltr'><strong>Abrahae</strong></span> <span class='ocrx_word' id='word_1_112' title='bbox 792 1639 892 1694; x_wconf 90' lang='lat' dir='ltr'><strong>fuit</strong></span> <span class='ocrx_word' id='word_1_113' title='bbox 919 1636 1334 1694; x_wconf 84' lang='lat' dir='ltr'><strong>Melchisedech.</strong></span> <span class='ocrx_word' id='word_1_114' title='bbox 1371 1636 1447 1691; x_wconf 91' lang='lat' dir='ltr'><strong>De</strong></span> <span class='ocrx_word' id='word_1_115' title='bbox 1475 1649 1582 1705; x_wconf 90' lang='lat' dir='ltr'><strong>quo</strong></span> <span class='ocrx_word' id='word_1_116' title='bbox 1610 1647 1740 1702; x_wconf 89' lang='lat' dir='ltr'><strong>ergo</strong></span> <span class='ocrx_word' id='word_1_117' title='bbox 1772 1632 1876 1688; x_wconf 89' lang='lat' dir='ltr'><strong>alio</strong></span> 
     </span>
    </p>
   </div>
   <div class='ocr_carea' id='block_1_16' title="bbox 292 1722 1875 1789">
    <p class='ocr_par' dir='ltr' id='par_1_16' title="bbox 292 1722 1875 1789">
     <span class='ocr_line' id='line_1_16' title="bbox 292 1722 1875 1789; baseline -0.009 0"><span class='ocrx_word' id='word_1_118' title='bbox 292 1734 443 1789; x_wconf 63' lang='lat' dir='ltr'><strong>»dicit</strong></span> <span class='ocrx_word' id='word_1_119' title='bbox 465 1749 482 1788; x_wconf 86' lang='lat'><strong>:</strong></span> <span class='ocrx_word' id='word_1_120' title='bbox 508 1731 586 1786; x_wconf 86' lang='lat' dir='ltr'><strong>Tu</strong></span> <span class='ocrx_word' id='word_1_121' title='bbox 613 1747 666 1785; x_wconf 90' lang='lat' dir='ltr'><strong>es</strong></span> <span class='ocrx_word' id='word_1_122' title='bbox 689 1727 933 1785; x_wconf 85' lang='lat' dir='ltr'><strong>sacerdos</strong></span> <span class='ocrx_word' id='word_1_123' title='bbox 978 1728 1033 1781; x_wconf 88' lang='lat' dir='ltr'><strong>in</strong></span> <span class='ocrx_word' id='word_1_124' title='bbox 1058 1735 1308 1781; x_wconf 79' lang='lat' dir='ltr'><strong>wternum</strong></span> <span class='ocrx_word' id='word_1_125' title='bbox 1333 1723 1619 1778; x_wconf 83' lang='lat' dir='ltr'><strong>secundum</strong></span> <span class='ocrx_word' id='word_1_126' title='bbox 1641 1722 1875 1776; x_wconf 85' lang='lat' dir='ltr'><strong>ordinem</strong></span> 
     </span>
    </p>
   </div>
   <div class='ocr_carea' id='block_1_17' title="bbox 1958 541 3525 620">
    <p class='ocr_par' dir='ltr' id='par_1_17' title="bbox 1958 541 3525 620">
     <span class='ocr_line' id='line_1_17' title="bbox 1958 541 3525 620; baseline -0.015 -13"><span class='ocrx_word' id='word_1_127' title='bbox 1958 567 2168 606; x_wconf 82' lang='lat' dir='ltr'><strong>censum</strong></span> <span class='ocrx_word' id='word_1_128' title='bbox 2206 551 2261 603; x_wconf 91' lang='lat' dir='ltr'><strong>in</strong></span> <span class='ocrx_word' id='word_1_129' title='bbox 2295 556 2568 619; x_wconf 83' lang='lat' dir='ltr'><strong>conspectu</strong></span> <span class='ocrx_word' id='word_1_130' title='bbox 2608 554 2717 608; x_wconf 87' lang='lat' dir='ltr'><strong>tuo,</strong></span> <span class='ocrx_word' id='word_1_131' title='bbox 2744 541 2960 596; x_wconf 85' lang='lat' dir='ltr'><strong>elevatio</strong></span> <span class='ocrx_word' id='word_1_132' title='bbox 3000 550 3249 590; x_wconf 87' lang='lat' dir='ltr'><strong>manuum</strong></span> <span class='ocrx_word' id='word_1_133' title='bbox 3289 547 3525 620; x_wconf 58' lang='lat' dir='ltr'><strong>mearum</strong></span> 
     </span>
    </p>
   </div>
   <div class='ocr_carea' id='block_1_18' title="bbox 1960 620 3529 708">
    <p class='ocr_par' dir='ltr' id='par_1_18' title="bbox 1960 620 3529 708">
     <span class='ocr_line' id='line_1_18' title="bbox 1960 620 3529 708; baseline -0.011 -14"><span class='ocrx_word' id='word_1_134' title='bbox 1960 639 2275 708; x_wconf 80' lang='lat' dir='ltr'><strong>sacriﬁcium</strong></span> <span class='ocrx_word' id='word_1_135' title='bbox 2315 636 2659 705; x_wconf 82' lang='lat' dir='ltr'><strong>vespertinum</strong></span> <span class='ocrx_word' id='word_1_136' title='bbox 2708 624 3128 702; x_wconf 76' lang='lat' dir='ltr'><strong>(Psal.cxr.,2),</strong></span> <span class='ocrx_word' id='word_1_137' title='bbox 3184 624 3323 680; x_wconf 82' lang='lat' dir='ltr'><strong>sicut</strong></span> <span class='ocrx_word' id='word_1_138' title='bbox 3371 620 3529 677; x_wconf 88' lang='lat' dir='ltr'><strong>novi-</strong></span> 
     </span>
    </p>
   </div>
   <div class='ocr_carea' id='block_1_19' title="bbox 1962 711 3522 799">
    <p class='ocr_par' dir='ltr' id='par_1_19' title="bbox 1962 711 3522 799">
     <span class='ocr_line' id='line_1_19' title="bbox 1962 711 3522 799; baseline -0.013 -14"><span class='ocrx_word' id='word_1_139' title='bbox 1962 744 2104 794; x_wconf 89' lang='lat' dir='ltr'><strong>mus,</strong></span> <span class='ocrx_word' id='word_1_140' title='bbox 2150 727 2277 799; x_wconf 89' lang='lat' dir='ltr'><strong>quia</strong></span> <span class='ocrx_word' id='word_1_141' title='bbox 2326 725 2583 780; x_wconf 88' lang='lat' dir='ltr'><strong>Dominus</strong></span> <span class='ocrx_word' id='word_1_142' title='bbox 2633 723 2779 777; x_wconf 89' lang='lat' dir='ltr'><strong>circa</strong></span> <span class='ocrx_word' id='word_1_143' title='bbox 2830 729 3108 792; x_wconf 86' lang='lat' dir='ltr'><strong>vesperam</strong></span> <span class='ocrx_word' id='word_1_144' title='bbox 3160 711 3416 784; x_wconf 90' lang='lat' dir='ltr'><strong>pependit</strong></span> <span class='ocrx_word' id='word_1_145' title='bbox 3470 711 3522 765; x_wconf 91' lang='lat' dir='ltr'><strong>in</strong></span> 
     </span>
    </p>
   </div>
   <div class='ocr_carea' id='block_1_20' title="bbox 1963 802 3530 887">
    <p class='ocr_par' dir='ltr' id='par_1_20' title="bbox 1963 802 3530 887">
     <span class='ocr_line' id='line_1_20' title="bbox 1963 802 3530 887; baseline -0.012 -10"><span class='ocrx_word' id='word_1_146' title='bbox 1963 834 2144 886; x_wconf 87' lang='lat' dir='ltr'><strong>cruce,</strong></span> <span class='ocrx_word' id='word_1_147' title='bbox 2173 825 2229 875; x_wconf 92' lang='lat' dir='ltr'><strong>et</strong></span> <span class='ocrx_word' id='word_1_148' title='bbox 2258 816 2561 887; x_wconf 89' lang='lat' dir='ltr'><strong>impietates</strong></span> <span class='ocrx_word' id='word_1_149' title='bbox 2606 820 2804 868; x_wconf 75' lang='lat' dir='ltr'><strong>nostra:</strong></span> <span class='ocrx_word' id='word_1_150' title='bbox 2846 806 3148 880; x_wconf 78' lang='lat' dir='ltr'><strong>propitiata:</strong></span> <span class='ocrx_word' id='word_1_151' title='bbox 3192 812 3347 870; x_wconf 91' lang='lat' dir='ltr'><strong>sunt;</strong></span> <span class='ocrx_word' id='word_1_152' title='bbox 3400 802 3530 858; x_wconf 89' lang='lat' dir='ltr'><strong>alio-</strong></span> 
     </span>
    </p>
   </div>
   <div class='ocr_carea' id='block_1_21' title="bbox 1964 894 3527 980">
    <p class='ocr_par' dir='ltr' id='par_1_21' title="bbox 1964 894 3527 980">
     <span class='ocr_line' id='line_1_21' title="bbox 1964 894 3527 980; baseline -0.01 -16"><span class='ocrx_word' id='word_1_153' title='bbox 1964 910 2095 980; x_wconf 89' lang='lat' dir='ltr'><strong>quin</strong></span> <span class='ocrx_word' id='word_1_154' title='bbox 2142 905 2535 963; x_wconf 89' lang='lat' dir='ltr'><strong>absorbuerant</strong></span> <span class='ocrx_word' id='word_1_155' title='bbox 2579 916 2699 959; x_wconf 89' lang='lat' dir='ltr'><strong>nos.</strong></span> <span class='ocrx_word' id='word_1_156' title='bbox 2748 900 2939 957; x_wconf 87' lang='lat' dir='ltr'><strong>Merito</strong></span> <span class='ocrx_word' id='word_1_157' title='bbox 2982 897 3057 954; x_wconf 87' lang='lat' dir='ltr'><strong>illi</strong></span> <span class='ocrx_word' id='word_1_158' title='bbox 3098 895 3435 952; x_wconf 89' lang='lat' dir='ltr'><strong>cantavimus</strong></span> <span class='ocrx_word' id='word_1_159' title='bbox 3474 894 3527 949; x_wconf 91' lang='lat' dir='ltr'><strong>in</strong></span> 
     </span>
    </p>
   </div>
   <div class='ocr_carea' id='block_1_22' title="bbox 1964 983 3528 1071">
    <p class='ocr_par' dir='ltr' id='par_1_22' title="bbox 1964 983 3528 1071">
     <span class='ocr_line' id='line_1_22' title="bbox 1964 983 3528 1071; baseline -0.012 -14"><span class='ocrx_word' id='word_1_160' title='bbox 1964 999 2171 1071; x_wconf 85' lang='lat' dir='ltr'><strong>psalmo</strong></span> <span class='ocrx_word' id='word_1_161' title='bbox 2196 1016 2210 1053; x_wconf 90' lang='lat'><strong>:</strong></span> <span class='ocrx_word' id='word_1_162' title='bbox 2235 998 2303 1053; x_wconf 83' lang='lat' dir='ltr'><strong>Et</strong></span> <span class='ocrx_word' id='word_1_163' title='bbox 2340 995 2628 1067; x_wconf 82' lang='lat' dir='ltr'><strong>impietates</strong></span> <span class='ocrx_word' id='word_1_164' title='bbox 2669 1001 2872 1048; x_wconf 87' lang='lat' dir='ltr'><strong>nostras</strong></span> <span class='ocrx_word' id='word_1_165' title='bbox 2917 999 2974 1045; x_wconf 87' lang='lat' dir='ltr'><strong>tu</strong></span> <span class='ocrx_word' id='word_1_166' title='bbox 3012 987 3317 1060; x_wconf 83' lang='lat' dir='ltr'><strong>propitiabis</strong></span> <span class='ocrx_word' id='word_1_167' title='bbox 3355 983 3528 1057; x_wconf 84' lang='lat' dir='ltr'><strong>(Psal.</strong></span> 
     </span>
    </p>
   </div>
   <div class='ocr_carea' id='block_1_23' title="bbox 1964 1076 3530 1161">
    <p class='ocr_par' dir='ltr' id='par_1_23' title="bbox 1964 1076 3530 1161">
     <span class='ocr_line' id='line_1_23' title="bbox 1964 1076 3530 1161; baseline -0.011 -16"><span class='ocrx_word' id='word_1_168' title='bbox 1964 1105 2111 1157; x_wconf 69' lang='grc' dir='ltr'><strong>νων,</strong></span> <span class='ocrx_word' id='word_1_169' title='bbox 2140 1088 2218 1161; x_wconf 72' lang='grc'><strong>4).</strong></span> <span class='ocrx_word' id='word_1_170' title='bbox 2263 1087 2343 1142; x_wconf 91' lang='lat' dir='ltr'><strong>Tu</strong></span> <span class='ocrx_word' id='word_1_171' title='bbox 2384 1085 2660 1150; x_wconf 86' lang='lat' dir='ltr'><strong>sacerdos,</strong></span> <span class='ocrx_word' id='word_1_172' title='bbox 2708 1091 2765 1137; x_wconf 91' lang='lat' dir='ltr'><strong>tu</strong></span> <span class='ocrx_word' id='word_1_173' title='bbox 2807 1081 3049 1144; x_wconf 90' lang='lat' dir='ltr'><strong>victima,</strong></span> <span class='ocrx_word' id='word_1_174' title='bbox 3098 1085 3154 1133; x_wconf 89' lang='lat' dir='ltr'><strong>tu</strong></span> <span class='ocrx_word' id='word_1_175' title='bbox 3201 1076 3432 1140; x_wconf 88' lang='lat' dir='ltr'><strong>oblator,</strong></span> <span class='ocrx_word' id='word_1_176' title='bbox 3475 1086 3530 1129; x_wconf 93' lang='lat' dir='ltr'><strong>tu</strong></span> 
     </span>
    </p>
   </div>
   <div class='ocr_carea' id='block_1_24' title="bbox 1967 1166 3538 1247">
    <p class='ocr_par' dir='ltr' id='par_1_24' title="bbox 1967 1166 3538 1247">
     <span class='ocr_line' id='line_1_24' title="bbox 1967 1166 3538 1247; baseline -0.012 -13"><span class='ocrx_word' id='word_1_177' title='bbox 1967 1177 2187 1235; x_wconf 89' lang='lat' dir='ltr'><strong>oblatio.</strong></span> <span class='ocrx_word' id='word_1_178' title='bbox 2236 1174 2355 1247; x_wconf 86' lang='lat' dir='ltr'><strong>Ipse</strong></span> <span class='ocrx_word' id='word_1_179' title='bbox 2405 1172 2657 1229; x_wconf 88' lang='lat' dir='ltr'><strong>sacerdos</strong></span> <span class='ocrx_word' id='word_1_180' title='bbox 2700 1178 2803 1235; x_wconf 90' lang='lat' dir='ltr'><strong>est,</strong></span> <span class='ocrx_word' id='word_1_181' title='bbox 2832 1169 2924 1239; x_wconf 90' lang='lat' dir='ltr'><strong>qui</strong></span> <span class='ocrx_word' id='word_1_182' title='bbox 2965 1181 3110 1222; x_wconf 87' lang='lat' dir='ltr'><strong>nunc</strong></span> <span class='ocrx_word' id='word_1_183' title='bbox 3146 1166 3420 1236; x_wconf 87' lang='lat' dir='ltr'><strong>ingressus</strong></span> <span class='ocrx_word' id='word_1_184' title='bbox 3454 1171 3538 1217; x_wconf 91' lang='lat' dir='ltr'><strong>cst</strong></span> 
     </span>
    </p>
   </div>
   <div class='ocr_carea' id='block_1_25' title="bbox 1969 1261 3535 1329">
    <p class='ocr_par' dir='ltr' id='par_1_25' title="bbox 1969 1261 3535 1329">
     <span class='ocr_line' id='line_1_25' title="bbox 1969 1261 3535 1329; baseline -0.013 -1"><span class='ocrx_word' id='word_1_185' title='bbox 1969 1270 2229 1328; x_wconf 87' lang='lat' dir='ltr'><strong>interiora</strong></span> <span class='ocrx_word' id='word_1_186' title='bbox 2259 1267 2382 1322; x_wconf 89' lang='lat' dir='ltr'><strong>veli.</strong></span> <span class='ocrx_word' id='word_1_187' title='bbox 2423 1265 2584 1321; x_wconf 86' lang='lat' dir='ltr'><strong>Solus</strong></span> <span class='ocrx_word' id='word_1_188' title='bbox 2610 1263 2682 1319; x_wconf 87' lang='lat' dir='ltr'><strong>ibi</strong></span> <span class='ocrx_word' id='word_1_189' title='bbox 2710 1276 2774 1317; x_wconf 82' lang='lat' dir='ltr'><strong>ex</strong></span> <span class='ocrx_word' id='word_1_190' title='bbox 2804 1262 2892 1317; x_wconf 89' lang='lat' dir='ltr'><strong>his</strong></span> <span class='ocrx_word' id='word_1_191' title='bbox 2926 1261 3019 1329; x_wconf 87' lang='lat' dir='ltr'><strong>qui</strong></span> <span class='ocrx_word' id='word_1_192' title='bbox 3046 1272 3263 1314; x_wconf 87' lang='lat' dir='ltr'><strong>carnem</strong></span> <span class='ocrx_word' id='word_1_193' title='bbox 3294 1265 3535 1326; x_wconf 87' lang='lat' dir='ltr'><strong>gestave-</strong></span> 
     </span>
    </p>
   </div>
   <div class='ocr_carea' id='block_1_26' title="bbox 1971 1341 3540 1427">
    <p class='ocr_par' dir='ltr' id='par_1_26' title="bbox 1971 1341 3540 1427">
     <span class='ocr_line' id='line_1_26' title="bbox 1971 1341 3540 1427; baseline -0.014 -11"><span class='ocrx_word' id='word_1_194' title='bbox 1971 1367 2096 1416; x_wconf 88' lang='lat' dir='ltr'><strong>runt</strong></span> <span class='ocrx_word' id='word_1_195' title='bbox 2125 1356 2419 1427; x_wconf 87' lang='lat' dir='ltr'><strong>interpellat</strong></span> <span class='ocrx_word' id='word_1_196' title='bbox 2448 1367 2549 1423; x_wconf 91' lang='lat' dir='ltr'><strong>pro</strong></span> <span class='ocrx_word' id='word_1_197' title='bbox 2580 1351 2754 1407; x_wconf 90' lang='lat' dir='ltr'><strong>nobis.</strong></span> <span class='ocrx_word' id='word_1_198' title='bbox 2793 1348 2851 1404; x_wconf 86' lang='lat' dir='ltr'><strong>In</strong></span> <span class='ocrx_word' id='word_1_199' title='bbox 2875 1348 3029 1419; x_wconf 85' lang='lat' dir='ltr'><strong>cujus</strong></span> <span class='ocrx_word' id='word_1_200' title='bbox 3052 1346 3131 1401; x_wconf 88' lang='lat' dir='ltr'><strong>rei</strong></span> <span class='ocrx_word' id='word_1_201' title='bbox 3162 1346 3331 1414; x_wconf 84' lang='lat' dir='ltr'><strong>ﬁgura</strong></span> <span class='ocrx_word' id='word_1_202' title='bbox 3366 1343 3419 1397; x_wconf 91' lang='lat' dir='ltr'><strong>in</strong></span> <span class='ocrx_word' id='word_1_203' title='bbox 3450 1341 3540 1395; x_wconf 88' lang='lat' dir='ltr'><strong>illo</strong></span> 
     </span>
    </p>
   </div>
   <div class='ocr_carea' id='block_1_27' title="bbox 1970 1437 3541 1522">
    <p class='ocr_par' dir='ltr' id='par_1_27' title="bbox 1970 1437 3541 1522">
     <span class='ocr_line' id='line_1_27' title="bbox 1970 1437 3541 1522; baseline -0.013 -16"><span class='ocrx_word' id='word_1_204' title='bbox 1970 1450 2145 1522; x_wconf 91' lang='lat' dir='ltr'><strong>primo</strong></span> <span class='ocrx_word' id='word_1_205' title='bbox 2171 1446 2390 1519; x_wconf 90' lang='lat' dir='ltr'><strong>populo,</strong></span> <span class='ocrx_word' id='word_1_206' title='bbox 2422 1453 2477 1500; x_wconf 93' lang='lat' dir='ltr'><strong>et</strong></span> <span class='ocrx_word' id='word_1_207' title='bbox 2519 1444 2574 1500; x_wconf 92' lang='lat' dir='ltr'><strong>in</strong></span> <span class='ocrx_word' id='word_1_208' title='bbox 2612 1442 2702 1497; x_wconf 89' lang='lat' dir='ltr'><strong>illo</strong></span> <span class='ocrx_word' id='word_1_209' title='bbox 2726 1440 2902 1512; x_wconf 88' lang='lat' dir='ltr'><strong>primo</strong></span> <span class='ocrx_word' id='word_1_210' title='bbox 2943 1437 3164 1507; x_wconf 88' lang='lat' dir='ltr'><strong>templo,</strong></span> <span class='ocrx_word' id='word_1_211' title='bbox 3191 1451 3331 1491; x_wconf 90' lang='lat' dir='ltr'><strong>unus</strong></span> <span class='ocrx_word' id='word_1_212' title='bbox 3359 1449 3541 1490; x_wconf 86' lang='lat' dir='ltr'><strong>sacer-</strong></span> 
     </span>
    </p>
   </div>
   <div class='ocr_carea' id='block_1_28' title="bbox 1971 1527 3542 1599">
    <p class='ocr_par' dir='ltr' id='par_1_28' title="bbox 1971 1527 3542 1599">
     <span class='ocr_line' id='line_1_28' title="bbox 1971 1527 3542 1599; baseline -0.012 -3"><span class='ocrx_word' id='word_1_213' title='bbox 1971 1540 2069 1596; x_wconf 90' lang='lat' dir='ltr'><strong>dos</strong></span> <span class='ocrx_word' id='word_1_214' title='bbox 2106 1539 2343 1594; x_wconf 89' lang='lat' dir='ltr'><strong>intrabat</strong></span> <span class='ocrx_word' id='word_1_215' title='bbox 2371 1537 2427 1591; x_wconf 91' lang='lat' dir='ltr'><strong>in</strong></span> <span class='ocrx_word' id='word_1_216' title='bbox 2456 1535 2657 1590; x_wconf 88' lang='lat' dir='ltr'><strong>Sancta</strong></span> <span class='ocrx_word' id='word_1_217' title='bbox 2708 1539 3018 1588; x_wconf 88' lang='lat' dir='ltr'><strong>sanctorum</strong></span> <span class='ocrx_word' id='word_1_218' title='bbox 3050 1528 3208 1599; x_wconf 86' lang='lat' dir='ltr'><strong>(Heb.</strong></span> <span class='ocrx_word' id='word_1_219' title='bbox 3233 1543 3311 1591; x_wconf 77' lang='lat' dir='ltr'><strong>rx,</strong></span> <span class='ocrx_word' id='word_1_220' title='bbox 3336 1527 3417 1596; x_wconf 89' lang='lat'><strong>7),</strong></span> <span class='ocrx_word' id='word_1_221' title='bbox 3445 1540 3542 1596; x_wconf 89' lang='lat' dir='ltr'><strong>po—</strong></span> 
     </span>
    </p>
   </div>
   <div class='ocr_carea' id='block_1_29' title="bbox 1972 1615 3545 1701">
    <p class='ocr_par' dir='ltr' id='par_1_29' title="bbox 1972 1615 3545 1701">
     <span class='ocr_line' id='line_1_29' title="bbox 1972 1615 3545 1701; baseline -0.01 -15"><span class='ocrx_word' id='word_1_222' title='bbox 1972 1629 2130 1701; x_wconf 90' lang='lat' dir='ltr'><strong>pulus</strong></span> <span class='ocrx_word' id='word_1_223' title='bbox 2156 1627 2333 1684; x_wconf 90' lang='lat' dir='ltr'><strong>omnis</strong></span> <span class='ocrx_word' id='word_1_224' title='bbox 2361 1624 2493 1681; x_wconf 84' lang='lat' dir='ltr'><strong>foris</strong></span> <span class='ocrx_word' id='word_1_225' title='bbox 2529 1625 2730 1689; x_wconf 88' lang='lat' dir='ltr'><strong>stabat,</strong></span> <span class='ocrx_word' id='word_1_226' title='bbox 2760 1630 2816 1676; x_wconf 91' lang='lat' dir='ltr'><strong>et</strong></span> <span class='ocrx_word' id='word_1_227' title='bbox 2850 1620 2937 1675; x_wconf 88' lang='lat' dir='ltr'><strong>ille</strong></span> <span class='ocrx_word' id='word_1_228' title='bbox 2962 1618 3053 1689; x_wconf 90' lang='lat' dir='ltr'><strong>qui</strong></span> <span class='ocrx_word' id='word_1_229' title='bbox 3094 1617 3241 1674; x_wconf 91' lang='lat' dir='ltr'><strong>solus</strong></span> <span class='ocrx_word' id='word_1_230' title='bbox 3279 1615 3545 1687; x_wconf 86' lang='lat' dir='ltr'><strong>ingredie-</strong></span> 
     </span>
    </p>
   </div>
   <div class='ocr_carea' id='block_1_30' title="bbox 1973 1707 3543 1779">
    <p class='ocr_par' dir='ltr' id='par_1_30' title="bbox 1973 1707 3543 1779">
     <span class='ocr_line' id='line_1_30' title="bbox 1973 1707 3543 1779; baseline -0.01 -4"><span class='ocrx_word' id='word_1_231' title='bbox 1973 1719 2133 1775; x_wconf 87' lang='lat' dir='ltr'><strong>batur</strong></span> <span class='ocrx_word' id='word_1_232' title='bbox 2177 1716 2432 1773; x_wconf 86' lang='lat' dir='ltr'><strong>interiora</strong></span> <span class='ocrx_word' id='word_1_233' title='bbox 2474 1715 2602 1779; x_wconf 89' lang='lat' dir='ltr'><strong>veli,</strong></span> <span class='ocrx_word' id='word_1_234' title='bbox 2648 1710 2908 1768; x_wconf 82' lang='lat' dir='ltr'><strong>oﬂ‘erebat</strong></span> <span class='ocrx_word' id='word_1_235' title='bbox 2957 1707 3286 1764; x_wconf 87' lang='lat' dir='ltr'><strong>sacriﬁcium</strong></span> <span class='ocrx_word' id='word_1_236' title='bbox 3316 1721 3415 1776; x_wconf 88' lang='lat' dir='ltr'><strong>pro</strong></span> <span class='ocrx_word' id='word_1_237' title='bbox 3444 1720 3543 1775; x_wconf 90' lang='lat' dir='ltr'><strong>po-</strong></span> 
     </span>
    </p>
   </div>
   <div class='ocr_carea' id='block_1_31' title="bbox 314 1794 3546 1885">
    <p class='ocr_par' dir='ltr' id='par_1_31' title="bbox 314 1794 3546 1885">
     <span class='ocr_line' id='line_1_31' title="bbox 314 1794 3546 1885; baseline -0.01 -6"><span class='ocrx_word' id='word_1_238' title='bbox 314 1822 690 1878; x_wconf 76' lang='lat' dir='ltr'><strong>Melchisedech</strong></span> <span class='ocrx_word' id='word_1_239' title='bbox 715 1860 731 1885; x_wconf 95' lang='lat'><strong>,</strong></span> <span class='ocrx_word' id='word_1_240' title='bbox 778 1818 882 1873; x_wconf 85' lang='lat' dir='ltr'><strong>nisi</strong></span> <span class='ocrx_word' id='word_1_241' title='bbox 926 1817 993 1873; x_wconf 91' lang='lat' dir='ltr'><strong>de</strong></span> <span class='ocrx_word' id='word_1_242' title='bbox 1046 1815 1137 1870; x_wconf 90' lang='lat' dir='ltr'><strong>illo</strong></span> <span class='ocrx_word' id='word_1_243' title='bbox 1184 1813 1337 1885; x_wconf 84' lang='lat' dir='ltr'><strong>cujus</strong></span> <span class='ocrx_word' id='word_1_244' title='bbox 1379 1812 1626 1868; x_wconf 88' lang='lat' dir='ltr'><strong>novimus</strong></span> <span class='ocrx_word' id='word_1_245' title='bbox 1672 1799 1877 1866; x_wconf 69' lang='lat' dir='ltr'><strong>sacriﬁ—</strong></span> <span class='ocrx_word' id='word_1_246' title='bbox 1902 1801 1950 1861; x_wconf 88' lang='lat' dir='ltr'><strong>B</strong></span> <span class='ocrx_word' id='word_1_247' title='bbox 1976 1808 2104 1879; x_wconf 91' lang='lat' dir='ltr'><strong>pulo</strong></span> <span class='ocrx_word' id='word_1_248' title='bbox 2131 1805 2265 1862; x_wconf 88' lang='lat' dir='ltr'><strong>foris</strong></span> <span class='ocrx_word' id='word_1_249' title='bbox 2291 1812 2489 1860; x_wconf 91' lang='lat' dir='ltr'><strong>stante.</strong></span> <span class='ocrx_word' id='word_1_250' title='bbox 2521 1802 2658 1869; x_wconf 83' lang='lat' dir='ltr'><strong>Quid</strong></span> <span class='ocrx_word' id='word_1_251' title='bbox 2682 1801 2825 1856; x_wconf 91' lang='lat' dir='ltr'><strong>enim</strong></span> <span class='ocrx_word' id='word_1_252' title='bbox 2865 1806 3117 1868; x_wconf 81' lang='lat' dir='ltr'><strong>ageretur</strong></span> <span class='ocrx_word' id='word_1_253' title='bbox 3149 1797 3203 1849; x_wconf 90' lang='lat' dir='ltr'><strong>in</strong></span> <span class='ocrx_word' id='word_1_254' title='bbox 3232 1796 3322 1850; x_wconf 93' lang='lat' dir='ltr'><strong>illo</strong></span> <span class='ocrx_word' id='word_1_255' title='bbox 3352 1794 3546 1864; x_wconf 79' lang='lat' dir='ltr'><strong>populo</strong></span> 
     </span>
    </p>
   </div>
   <div class='ocr_carea' id='block_1_32' title="bbox 310 1914 497 1968">
    <p class='ocr_par' dir='ltr' id='par_1_32' title="bbox 310 1914 497 1968">
     <span class='ocr_line' id='line_1_32' title="bbox 310 1914 497 1968; baseline -0.005 0"><span class='ocrx_word' id='word_1_256' title='bbox 310 1928 455 1968; x_wconf 82' lang='lat' dir='ltr'><strong>ctum</strong></span> <span class='ocrx_word' id='word_1_257' title='bbox 473 1914 497 1967; x_wconf 67' lang='grc' dir='ltr'><strong><em>ἲ</em></strong></span> 
     </span>
    </p>
   </div>
   <div class='ocr_carea' id='block_1_33' title="bbox 383 1977 1932 2059">
    <p class='ocr_par' dir='ltr' id='par_1_33' title="bbox 383 1977 1932 2059">
     <span class='ocr_line' id='line_1_33' title="bbox 383 1977 1932 2059; baseline -0.01 -3"><span class='ocrx_word' id='word_1_258' title='bbox 383 2001 439 2056; x_wconf 79' lang='grc'><strong>5.</strong></span> <span class='ocrx_word' id='word_1_259' title='bbox 480 1999 763 2055; x_wconf 89' lang='lat' dir='ltr'><strong>Sublatum</strong></span> <span class='ocrx_word' id='word_1_260' title='bbox 789 2005 875 2053; x_wconf 91' lang='lat' dir='ltr'><strong>est</strong></span> <span class='ocrx_word' id='word_1_261' title='bbox 896 1997 1039 2054; x_wconf 88' lang='lat' dir='ltr'><strong>enim</strong></span> <span class='ocrx_word' id='word_1_262' title='bbox 1065 1993 1389 2051; x_wconf 89' lang='lat' dir='ltr'><strong>sacriﬁcium</strong></span> <span class='ocrx_word' id='word_1_263' title='bbox 1410 1992 1611 2056; x_wconf 81' lang='lat' dir='ltr'><strong>Aaron,</strong></span> <span class='ocrx_word' id='word_1_264' title='bbox 1641 1997 1699 2045; x_wconf 89' lang='lat' dir='ltr'><strong>et</strong></span> <span class='ocrx_word' id='word_1_265' title='bbox 1718 1987 1882 2059; x_wconf 64' lang='lat' dir='ltr'><strong>capit</strong></span> <span class='ocrx_word' id='word_1_266' title='bbox 1908 1977 1932 2041; x_wconf 71' lang='grc' dir='ltr'>ἱ</span> 
     </span>
    </p>
   </div>
   <div class='ocr_carea' id='block_1_34' title="bbox 313 2079 1877 2147">
    <p class='ocr_par' dir='ltr' id='par_1_34' title="bbox 313 2079 1877 2147">
     <span class='ocr_line' id='line_1_34' title="bbox 313 2079 1877 2147; baseline -0.009 0"><span class='ocrx_word' id='word_1_267' title='bbox 313 2106 435 2147; x_wconf 90' lang='lat' dir='ltr'><strong>esse</strong></span> <span class='ocrx_word' id='word_1_268' title='bbox 470 2087 796 2145; x_wconf 86' lang='lat' dir='ltr'><strong>sacriﬁcium</strong></span> <span class='ocrx_word' id='word_1_269' title='bbox 844 2085 1137 2142; x_wconf 87' lang='lat' dir='ltr'><strong>secundum</strong></span> <span class='ocrx_word' id='word_1_270' title='bbox 1181 2083 1427 2140; x_wconf 81' lang='lat' dir='ltr'><strong>ordinem</strong></span> <span class='ocrx_word' id='word_1_271' title='bbox 1469 2079 1877 2136; x_wconf 80' lang='lat' dir='ltr'><strong>Melchisedech.</strong></span> 
     </span>
    </p>
   </div>
   <div class='ocr_carea' id='block_1_35' title="bbox 314 2171 1883 2247">
    <p class='ocr_par' dir='ltr' id='par_1_35' title="bbox 314 2171 1883 2247">
     <span class='ocr_line' id='line_1_35' title="bbox 314 2171 1883 2247; baseline -0.01 -10"><span class='ocrx_word' id='word_1_272' title='bbox 314 2179 576 2237; x_wconf 77' lang='lat' dir='ltr'><strong>Dominus</strong></span> <span class='ocrx_word' id='word_1_273' title='bbox 609 2177 793 2247; x_wconf 89' lang='lat' dir='ltr'><strong>itaque</strong></span> <span class='ocrx_word' id='word_1_274' title='bbox 825 2183 1013 2232; x_wconf 80' lang='lat' dir='ltr'><strong>noster</strong></span> <span class='ocrx_word' id='word_1_275' title='bbox 1033 2172 1192 2230; x_wconf 84' lang='lat' dir='ltr'><strong>Jesus</strong></span> <span class='ocrx_word' id='word_1_276' title='bbox 1214 2172 1462 2229; x_wconf 80' lang='lat' dir='ltr'><strong>Christus</strong></span> <span class='ocrx_word' id='word_1_277' title='bbox 1491 2171 1546 2225; x_wconf 92' lang='lat' dir='ltr'><strong>in</strong></span> <span class='ocrx_word' id='word_1_278' title='bbox 1572 2182 1796 2240; x_wconf 85' lang='lat' dir='ltr'><strong>corpore</strong></span> <span class='ocrx_word' id='word_1_279' title='bbox 1828 2175 1883 2224; x_wconf 89' lang='lat' dir='ltr'><strong>et</strong></span> 
     </span>
    </p>
   </div>
   <div class='ocr_carea' id='block_1_36' title="bbox 314 2256 1882 2340">
    <p class='ocr_par' dir='ltr' id='par_1_36' title="bbox 314 2256 1882 2340">
     <span class='ocr_line' id='line_1_36' title="bbox 314 2256 1882 2340; baseline -0.008 -15"><span class='ocrx_word' id='word_1_280' title='bbox 314 2269 577 2340; x_wconf 73' lang='lat' dir='ltr'><strong>sanguine</strong></span> <span class='ocrx_word' id='word_1_281' title='bbox 621 2280 721 2323; x_wconf 90' lang='lat' dir='ltr'><strong>suo</strong></span> <span class='ocrx_word' id='word_1_282' title='bbox 744 2264 936 2321; x_wconf 79' lang='lat' dir='ltr'><strong>.voluit</strong></span> <span class='ocrx_word' id='word_1_283' title='bbox 980 2277 1101 2321; x_wconf 84' lang='lat' dir='ltr'><strong>esse</strong></span> <span class='ocrx_word' id='word_1_284' title='bbox 1144 2262 1373 2319; x_wconf 89' lang='lat' dir='ltr'><strong>salutem</strong></span> <span class='ocrx_word' id='word_1_285' title='bbox 1420 2267 1690 2316; x_wconf 86' lang='lat' dir='ltr'><strong>nostram.</strong></span> <span class='ocrx_word' id='word_1_286' title='bbox 1732 2256 1882 2314; x_wconf 86' lang='lat' dir='ltr'><strong>Unde</strong></span> 
     </span>
    </p>
   </div>
   <div class='ocr_carea' id='block_1_37' title="bbox 294 2346 1882 2422">
    <p class='ocr_par' dir='ltr' id='par_1_37' title="bbox 294 2346 1882 2422">
     <span class='ocr_line' id='line_1_37' title="bbox 294 2346 1882 2422; baseline -0.008 -9"><span class='ocrx_word' id='word_1_287' title='bbox 294 2366 496 2413; x_wconf 60' lang='lat' dir='ltr'><strong>autem</strong></span> <span class='ocrx_word' id='word_1_288' title='bbox 548 2353 947 2412; x_wconf 83' lang='lat' dir='ltr'><strong>commendavit</strong></span> <span class='ocrx_word' id='word_1_289' title='bbox 990 2366 1187 2422; x_wconf 89' lang='lat' dir='ltr'><strong>corpus</strong></span> <span class='ocrx_word' id='word_1_290' title='bbox 1232 2358 1289 2407; x_wconf 90' lang='lat' dir='ltr'><strong>et</strong></span> <span class='ocrx_word' id='word_1_291' title='bbox 1332 2348 1649 2421; x_wconf 90' lang='lat' dir='ltr'><strong>sanguinem</strong></span> <span class='ocrx_word' id='word_1_292' title='bbox 1689 2346 1882 2402; x_wconf 79' lang='lat' dir='ltr'><strong>suum?</strong></span> 
     </span>
    </p>
   </div>
   <div class='ocr_carea' id='block_1_38' title="bbox 306 2438 1885 2505">
    <p class='ocr_par' dir='ltr' id='par_1_38' title="bbox 306 2438 1885 2505">
     <span class='ocr_line' id='line_1_38' title="bbox 306 2438 1885 2505; baseline -0.008 0"><span class='ocrx_word' id='word_1_293' title='bbox 306 2450 397 2505; x_wconf 71' lang='lat' dir='ltr'><strong>‘De</strong></span> <span class='ocrx_word' id='word_1_294' title='bbox 447 2447 751 2504; x_wconf 81' lang='lat' dir='ltr'><strong>humilitate</strong></span> <span class='ocrx_word' id='word_1_295' title='bbox 796 2460 915 2501; x_wconf 88' lang='lat' dir='ltr'><strong>sua.</strong></span> <span class='ocrx_word' id='word_1_296' title='bbox 958 2443 1073 2499; x_wconf 88' lang='lat' dir='ltr'><strong>Nisi</strong></span> <span class='ocrx_word' id='word_1_297' title='bbox 1114 2442 1261 2499; x_wconf 90' lang='lat' dir='ltr'><strong>enim</strong></span> <span class='ocrx_word' id='word_1_298' title='bbox 1305 2449 1448 2497; x_wconf 88' lang='lat' dir='ltr'><strong>esset</strong></span> <span class='ocrx_word' id='word_1_299' title='bbox 1493 2438 1734 2504; x_wconf 89' lang='lat' dir='ltr'><strong>humilis,</strong></span> <span class='ocrx_word' id='word_1_300' title='bbox 1784 2450 1885 2493; x_wconf 91' lang='lat' dir='ltr'><strong>nec</strong></span> 
     </span>
    </p>
   </div>
   <div class='ocr_carea' id='block_1_39' title="bbox 315 2527 1882 2602">
    <p class='ocr_par' dir='ltr' id='par_1_39' title="bbox 315 2527 1882 2602">
     <span class='ocr_line' id='line_1_39' title="bbox 315 2527 1882 2602; baseline -0.008 -8"><span class='ocrx_word' id='word_1_301' title='bbox 315 2539 753 2601; x_wconf 80' lang='lat' dir='ltr'><strong>ruanducaretur,</strong></span> <span class='ocrx_word' id='word_1_302' title='bbox 798 2549 901 2590; x_wconf 91' lang='lat' dir='ltr'><strong>nec</strong></span> <span class='ocrx_word' id='word_1_303' title='bbox 944 2534 1240 2590; x_wconf 90' lang='lat' dir='ltr'><strong>biberetur.</strong></span> <span class='ocrx_word' id='word_1_304' title='bbox 1293 2530 1522 2602; x_wconf 86' lang='lat' dir='ltr'><strong>Respice</strong></span> <span class='ocrx_word' id='word_1_305' title='bbox 1549 2527 1882 2584; x_wconf 78' lang='lat' dir='ltr'><strong>altitudinem</strong></span> 
     </span>
    </p>
   </div>
   <div class='ocr_carea' id='block_1_40' title="bbox 316 2615 1886 2697">
    <p class='ocr_par' dir='ltr' id='par_1_40' title="bbox 316 2615 1886 2697">
     <span class='ocr_line' id='line_1_40' title="bbox 316 2615 1886 2697; baseline -0.008 -16"><span class='ocrx_word' id='word_1_306' title='bbox 316 2628 529 2697; x_wconf 77' lang='lat' dir='ltr'><strong>ipsius:</strong></span> <span class='ocrx_word' id='word_1_307' title='bbox 567 2624 635 2678; x_wconf 89' lang='lat' dir='ltr'><strong>In</strong></span> <span class='ocrx_word' id='word_1_308' title='bbox 680 2622 936 2694; x_wconf 82' lang='lat' dir='ltr'><strong>principio</strong></span> <span class='ocrx_word' id='word_1_309' title='bbox 968 2631 1077 2676; x_wconf 84' lang='lat' dir='ltr'><strong>erat</strong></span> <span class='ocrx_word' id='word_1_310' title='bbox 1130 2619 1377 2686; x_wconf 82' lang='lat' dir='ltr'><strong>Verbum,</strong></span> <span class='ocrx_word' id='word_1_311' title='bbox 1421 2627 1470 2674; x_wconf 87' lang='lat' dir='ltr'><strong>et</strong></span> <span class='ocrx_word' id='word_1_312' title='bbox 1507 2615 1726 2673; x_wconf 76' lang='lat' dir='ltr'><strong>Verbum</strong></span> <span class='ocrx_word' id='word_1_313' title='bbox 1772 2624 1886 2670; x_wconf 88' lang='lat' dir='ltr'><strong>erat</strong></span> 
     </span>
    </p>
   </div>
   <div class='ocr_carea' id='block_1_41' title="bbox 314 2704 1885 2786">
    <p class='ocr_par' dir='ltr' id='par_1_41' title="bbox 314 2704 1885 2786">
     <span class='ocr_line' id='line_1_41' title="bbox 314 2704 1885 2786; baseline -0.007 -16"><span class='ocrx_word' id='word_1_314' title='bbox 314 2715 459 2786; x_wconf 79' lang='lat' dir='ltr'><strong>apud</strong></span> <span class='ocrx_word' id='word_1_315' title='bbox 485 2714 672 2779; x_wconf 87' lang='lat' dir='ltr'><strong>Deum,</strong></span> <span class='ocrx_word' id='word_1_316' title='bbox 720 2723 769 2769; x_wconf 88' lang='lat' dir='ltr'><strong>et</strong></span> <span class='ocrx_word' id='word_1_317' title='bbox 796 2712 935 2768; x_wconf 82' lang='lat' dir='ltr'><strong>Deus</strong></span> <span class='ocrx_word' id='word_1_318' title='bbox 965 2720 1076 2767; x_wconf 87' lang='lat' dir='ltr'><strong>erat</strong></span> <span class='ocrx_word' id='word_1_319' title='bbox 1099 2709 1323 2765; x_wconf 83' lang='lat' dir='ltr'><strong>Verbum</strong></span> <span class='ocrx_word' id='word_1_320' title='bbox 1355 2709 1535 2782; x_wconf 86' lang='lat' dir='ltr'><strong>(Joan.</strong></span> <span class='ocrx_word' id='word_1_321' title='bbox 1569 2722 1607 2771; x_wconf 84' lang='grc' dir='ltr'><strong>ι,</strong></span> <span class='ocrx_word' id='word_1_322' title='bbox 1634 2705 1709 2777; x_wconf 78' lang='grc'><strong>1).</strong></span> <span class='ocrx_word' id='word_1_323' title='bbox 1746 2704 1885 2760; x_wconf 84' lang='lat' dir='ltr'><strong>Ecce</strong></span> 
     </span>
    </p>
   </div>
   <div class='ocr_carea' id='block_1_42' title="bbox 317 2794 1886 2873">
    <p class='ocr_par' dir='ltr' id='par_1_42' title="bbox 317 2794 1886 2873">
     <span class='ocr_line' id='line_1_42' title="bbox 317 2794 1886 2873; baseline -0.008 -13"><span class='ocrx_word' id='word_1_324' title='bbox 317 2805 472 2860; x_wconf 89' lang='lat' dir='ltr'><strong>cibus</strong></span> <span class='ocrx_word' id='word_1_325' title='bbox 515 2803 910 2873; x_wconf 90' lang='lat' dir='ltr'><strong>sempiternus;</strong></span> <span class='ocrx_word' id='word_1_326' title='bbox 940 2800 1034 2858; x_wconf 90' lang='lat' dir='ltr'><strong>sed</strong></span> <span class='ocrx_word' id='word_1_327' title='bbox 1063 2799 1390 2856; x_wconf 86' lang='lat' dir='ltr'><strong>manducant</strong></span> <span class='ocrx_word' id='word_1_328' title='bbox 1432 2795 1627 2867; x_wconf 77' lang='lat' dir='ltr'><strong>angeli,</strong></span> <span class='ocrx_word' id='word_1_329' title='bbox 1658 2794 1886 2851; x_wconf 77' lang='lat' dir='ltr'><strong>mandu-</strong></span> 
     </span>
    </p>
   </div>
   <div class='ocr_carea' id='block_1_43' title="bbox 316 2887 1888 2964">
    <p class='ocr_par' dir='ltr' id='par_1_43' title="bbox 316 2887 1888 2964">
     <span class='ocr_line' id='line_1_43' title="bbox 316 2887 1888 2964; baseline -0.006 -14"><span class='ocrx_word' id='word_1_330' title='bbox 316 2904 447 2950; x_wconf 86' lang='lat' dir='ltr'><strong>cant</strong></span> <span class='ocrx_word' id='word_1_331' title='bbox 489 2894 833 2964; x_wconf 75' lang='lat' dir='ltr'><strong>sempiterna:</strong></span> <span class='ocrx_word' id='word_1_332' title='bbox 864 2893 1112 2957; x_wconf 89' lang='lat' dir='ltr'><strong>virtutes,</strong></span> <span class='ocrx_word' id='word_1_333' title='bbox 1141 2891 1466 2947; x_wconf 86' lang='lat' dir='ltr'><strong>manducant</strong></span> <span class='ocrx_word' id='word_1_334' title='bbox 1490 2888 1740 2944; x_wconf 68' lang='lat' dir='ltr'><strong>ccelestes</strong></span> <span class='ocrx_word' id='word_1_335' title='bbox 1779 2887 1888 2957; x_wconf 88' lang='lat' dir='ltr'><strong>spi-</strong></span> 
     </span>
    </p>
   </div>
   <div class='ocr_carea' id='block_1_44' title="bbox 317 2977 1887 3051">
    <p class='ocr_par' dir='ltr' id='par_1_44' title="bbox 317 2977 1887 3051">
     <span class='ocr_line' id='line_1_44' title="bbox 317 2977 1887 3051; baseline -0.006 -12"><span class='ocrx_word' id='word_1_336' title='bbox 317 2985 478 3050; x_wconf 89' lang='lat' dir='ltr'><strong>ritus,</strong></span> <span class='ocrx_word' id='word_1_337' title='bbox 510 2991 567 3039; x_wconf 90' lang='lat' dir='ltr'><strong>et</strong></span> <span class='ocrx_word' id='word_1_338' title='bbox 593 2983 923 3039; x_wconf 89' lang='lat' dir='ltr'><strong>manducant</strong></span> <span class='ocrx_word' id='word_1_339' title='bbox 951 2989 1011 3038; x_wconf 84' lang='lat' dir='ltr'><strong>et</strong></span> <span class='ocrx_word' id='word_1_340' title='bbox 1036 2980 1372 3051; x_wconf 79' lang='lat' dir='ltr'><strong>saginantur,</strong></span> <span class='ocrx_word' id='word_1_341' title='bbox 1399 2986 1456 3034; x_wconf 93' lang='lat' dir='ltr'><strong>et</strong></span> <span class='ocrx_word' id='word_1_342' title='bbox 1478 2977 1742 3048; x_wconf 89' lang='lat' dir='ltr'><strong>integrum</strong></span> <span class='ocrx_word' id='word_1_343' title='bbox 1771 2991 1887 3030; x_wconf 88' lang='lat' dir='ltr'><strong>ma-</strong></span> 
     </span>
    </p>
   </div>
   <div class='ocr_carea' id='block_1_45' title="bbox 319 3068 1886 3145">
    <p class='ocr_par' dir='ltr' id='par_1_45' title="bbox 319 3068 1886 3145">
     <span class='ocr_line' id='line_1_45' title="bbox 319 3068 1886 3145; baseline -0.005 -15"><span class='ocrx_word' id='word_1_344' title='bbox 319 3084 411 3130; x_wconf 91' lang='lat' dir='ltr'><strong>net</strong></span> <span class='ocrx_word' id='word_1_345' title='bbox 446 3074 592 3145; x_wconf 87' lang='lat' dir='ltr'><strong>quod</strong></span> <span class='ocrx_word' id='word_1_346' title='bbox 628 3089 724 3130; x_wconf 89' lang='lat' dir='ltr'><strong>eos</strong></span> <span class='ocrx_word' id='word_1_347' title='bbox 763 3074 925 3129; x_wconf 82' lang='lat' dir='ltr'><strong>satiat</strong></span> <span class='ocrx_word' id='word_1_348' title='bbox 961 3080 1018 3128; x_wconf 89' lang='lat' dir='ltr'><strong>et</strong></span> <span class='ocrx_word' id='word_1_349' title='bbox 1037 3072 1299 3127; x_wconf 11' lang='lat' dir='ltr'><strong>alatiﬁcat.</strong></span> <span class='ocrx_word' id='word_1_350' title='bbox 1348 3069 1488 3137; x_wconf 85' lang='lat' dir='ltr'><strong>Quid</strong></span> <span class='ocrx_word' id='word_1_351' title='bbox 1512 3078 1692 3123; x_wconf 91' lang='lat' dir='ltr'><strong>autem</strong></span> <span class='ocrx_word' id='word_1_352' title='bbox 1722 3068 1886 3123; x_wconf 91' lang='lat' dir='ltr'><strong>homo</strong></span> 
     </span>
    </p>
   </div>
   <div class='ocr_carea' id='block_1_46' title="bbox 1977 1884 3539 1957">
    <p class='ocr_par' dir='ltr' id='par_1_46' title="bbox 1977 1884 3539 1957">
     <span class='ocr_line' id='line_1_46' title="bbox 1977 1884 3539 1957; baseline -0.011 -3"><span class='ocrx_word' id='word_1_353' title='bbox 1977 1896 2145 1954; x_wconf 63' lang='lat' dir='ltr'><strong>Judaei</strong></span> <span class='ocrx_word' id='word_1_354' title='bbox 2174 1894 2513 1957; x_wconf 88' lang='lat' dir='ltr'><strong>nescierunt;</strong></span> <span class='ocrx_word' id='word_1_355' title='bbox 2551 1890 2647 1947; x_wconf 89' lang='lat' dir='ltr'><strong>sed</strong></span> <span class='ocrx_word' id='word_1_356' title='bbox 2680 1889 2842 1944; x_wconf 89' lang='lat' dir='ltr'><strong>modo</strong></span> <span class='ocrx_word' id='word_1_357' title='bbox 2866 1888 3074 1952; x_wconf 89' lang='lat' dir='ltr'><strong>sciunt;</strong></span> <span class='ocrx_word' id='word_1_358' title='bbox 3105 1886 3173 1942; x_wconf 91' lang='lat' dir='ltr'><strong>de</strong></span> <span class='ocrx_word' id='word_1_359' title='bbox 3203 1884 3311 1939; x_wconf 90' lang='lat' dir='ltr'><strong>illis</strong></span> <span class='ocrx_word' id='word_1_360' title='bbox 3339 1885 3539 1954; x_wconf 81' lang='lat' dir='ltr'><strong>quippe</strong></span> 
     </span>
    </p>
   </div>
   <div class='ocr_carea' id='block_1_47' title="bbox 1979 1973 3549 2049">
    <p class='ocr_par' dir='ltr' id='par_1_47' title="bbox 1979 1973 3549 2049">
     <span class='ocr_line' id='line_1_47' title="bbox 1979 1973 3549 2049; baseline -0.01 -7"><span class='ocrx_word' id='word_1_361' title='bbox 1979 1985 2178 2043; x_wconf 88' lang='lat' dir='ltr'><strong>dictum</strong></span> <span class='ocrx_word' id='word_1_362' title='bbox 2209 1989 2328 2039; x_wconf 89' lang='lat' dir='ltr'><strong>est:</strong></span> <span class='ocrx_word' id='word_1_363' title='bbox 2355 1979 2604 2047; x_wconf 82' lang='lat' dir='ltr'><strong>Quandiu</strong></span> <span class='ocrx_word' id='word_1_364' title='bbox 2642 1976 2831 2049; x_wconf 81' lang='lat' dir='ltr'><strong>legitur</strong></span> <span class='ocrx_word' id='word_1_365' title='bbox 2849 1974 3101 2046; x_wconf 76' lang='lat' dir='ltr'><strong>Moyses,</strong></span> <span class='ocrx_word' id='word_1_366' title='bbox 3124 1973 3353 2029; x_wconf 83' lang='lat' dir='ltr'><strong>velamen</strong></span> <span class='ocrx_word' id='word_1_367' title='bbox 3389 1980 3549 2041; x_wconf 80' lang='lat' dir='ltr'><strong>supra</strong></span> 
     </span>
    </p>
   </div>
   <div class='ocr_carea' id='block_1_48' title="bbox 1980 2064 3550 2142">
    <p class='ocr_par' dir='ltr' id='par_1_48' title="bbox 1980 2064 3550 2142">
     <span class='ocr_line' id='line_1_48' title="bbox 1980 2064 3550 2142; baseline -0.009 -11"><span class='ocrx_word' id='word_1_368' title='bbox 1980 2092 2072 2132; x_wconf 87' lang='lat' dir='ltr'><strong>cor</strong></span> <span class='ocrx_word' id='word_1_369' title='bbox 2108 2089 2285 2129; x_wconf 86' lang='lat' dir='ltr'><strong>eorum</strong></span> <span class='ocrx_word' id='word_1_370' title='bbox 2329 2072 2556 2142; x_wconf 86' lang='lat' dir='ltr'><strong>positum</strong></span> <span class='ocrx_word' id='word_1_371' title='bbox 2592 2078 2691 2134; x_wconf 82' lang='lat' dir='ltr'><strong>est,</strong></span> <span class='ocrx_word' id='word_1_372' title='bbox 2716 2069 2789 2122; x_wconf 88' lang='lat' dir='ltr'><strong>ibi</strong></span> <span class='ocrx_word' id='word_1_373' title='bbox 2825 2066 3056 2122; x_wconf 82' lang='lat' dir='ltr'><strong>velamen</strong></span> <span class='ocrx_word' id='word_1_374' title='bbox 3093 2064 3264 2136; x_wconf 89' lang='lat' dir='ltr'><strong>ﬁgura</strong></span> <span class='ocrx_word' id='word_1_375' title='bbox 3297 2073 3412 2129; x_wconf 87' lang='lat' dir='ltr'><strong>est;</strong></span> <span class='ocrx_word' id='word_1_376' title='bbox 3460 2064 3550 2118; x_wconf 80' lang='lat' dir='ltr'><strong>sed</strong></span> 
     </span>
    </p>
   </div>
   <div class='ocr_carea' id='block_1_49' title="bbox 1981 2143 3547 2234">
    <p class='ocr_par' dir='ltr' id='par_1_49' title="bbox 1981 2143 3547 2234">
     <span class='ocr_line' id='line_1_49' title="bbox 1981 2143 3547 2234; baseline -0.011 -13"><span class='ocrx_word' id='word_1_377' title='bbox 1981 2164 2194 2221; x_wconf 82' lang='lat' dir='ltr'><strong>tolletur</strong></span> <span class='ocrx_word' id='word_1_378' title='bbox 2214 2162 2409 2234; x_wconf 87' lang='lat' dir='ltr'><strong>ﬁgura,</strong></span> <span class='ocrx_word' id='word_1_379' title='bbox 2445 2169 2494 2216; x_wconf 85' lang='lat' dir='ltr'><strong>et</strong></span> <span class='ocrx_word' id='word_1_380' title='bbox 2521 2158 2787 2231; x_wconf 84' lang='lat' dir='ltr'><strong>apparebit</strong></span> <span class='ocrx_word' id='word_1_381' title='bbox 2836 2156 3026 2212; x_wconf 79' lang='lat' dir='ltr'><strong>veritas</strong></span> <span class='ocrx_word' id='word_1_382' title='bbox 3056 2154 3141 2227; x_wconf 85' lang='lat' dir='ltr'><strong>(II</strong></span> <span class='ocrx_word' id='word_1_383' title='bbox 3168 2143 3294 2231; x_wconf 59' lang='lat' dir='ltr'><strong>Cor.</strong></span> <span class='ocrx_word' id='word_1_384' title='bbox 3327 2168 3405 2217; x_wconf 84' lang='lat' dir='ltr'><strong>ut,</strong></span> <span class='ocrx_word' id='word_1_385' title='bbox 3437 2153 3547 2222; x_wconf 84' lang='lat' dir='ltr'><strong>l5).</strong></span> 
     </span>
    </p>
   </div>
   <div class='ocr_carea' id='block_1_50' title="bbox 1983 2243 3548 2324">
    <p class='ocr_par' dir='ltr' id='par_1_50' title="bbox 1983 2243 3548 2324">
     <span class='ocr_line' id='line_1_50' title="bbox 1983 2243 3548 2324; baseline -0.01 -12"><span class='ocrx_word' id='word_1_386' title='bbox 1983 2254 2092 2311; x_wconf 84' lang='lat' dir='ltr'><strong>Sed</strong></span> <span class='ocrx_word' id='word_1_387' title='bbox 2140 2252 2353 2324; x_wconf 87' lang='lat' dir='ltr'><strong>quando</strong></span> <span class='ocrx_word' id='word_1_388' title='bbox 2411 2250 2629 2306; x_wconf 89' lang='lat' dir='ltr'><strong>tolletur</strong></span> <span class='ocrx_word' id='word_1_389' title='bbox 2683 2246 2970 2304; x_wconf 83' lang='lat' dir='ltr'><strong>velamen?</strong></span> <span class='ocrx_word' id='word_1_390' title='bbox 3026 2243 3548 2315; x_wconf 71' lang='lat' dir='ltr'><strong>audi‘Apostolum:</strong></span> 
     </span>
    </p>
   </div>
   <div class='ocr_carea' id='block_1_51' title="bbox 1982 2334 3553 2407">
    <p class='ocr_par' dir='ltr' id='par_1_51' title="bbox 1982 2334 3553 2407">
     <span class='ocr_line' id='line_1_51' title="bbox 1982 2334 3553 2407; baseline -0.008 -6"><span class='ocrx_word' id='word_1_391' title='bbox 1982 2343 2115 2401; x_wconf 82' lang='lat' dir='ltr'><strong>Cum</strong></span> <span class='ocrx_word' id='word_1_392' title='bbox 2135 2352 2309 2399; x_wconf 88' lang='lat' dir='ltr'><strong>autem</strong></span> <span class='ocrx_word' id='word_1_393' title='bbox 2336 2341 2595 2397; x_wconf 85' lang='lat' dir='ltr'><strong>transiens</strong></span> <span class='ocrx_word' id='word_1_394' title='bbox 2632 2340 2702 2395; x_wconf 88' lang='lat' dir='ltr'><strong>ad</strong></span> <span class='ocrx_word' id='word_1_395' title='bbox 2725 2339 3007 2394; x_wconf 87' lang='lat' dir='ltr'><strong>Dominum</strong></span> <span class='ocrx_word' id='word_1_396' title='bbox 3033 2336 3303 2407; x_wconf 78' lang='lat' dir='ltr'><strong>auferetur</strong></span> <span class='ocrx_word' id='word_1_397' title='bbox 3323 2334 3553 2391; x_wconf 76' lang='lat' dir='ltr'><strong>velamen</strong></span> 
     </span>
    </p>
   </div>
   <div class='ocr_carea' id='block_1_52' title="bbox 1984 2423 3555 2507">
    <p class='ocr_par' dir='ltr' id='par_1_52' title="bbox 1984 2423 3555 2507">
     <span class='ocr_line' id='line_1_52' title="bbox 1984 2423 3555 2507; baseline -0.007 -19"><span class='ocrx_word' id='word_1_398' title='bbox 1984 2433 2335 2507; x_wconf 83' lang='lat' dir='ltr'><strong>(Ibid.,vers.</strong></span> <span class='ocrx_word' id='word_1_399' title='bbox 2363 2430 2473 2499; x_wconf 78' lang='grc'><strong>16).</strong></span> <span class='ocrx_word' id='word_1_400' title='bbox 2530 2427 2845 2500; x_wconf 89' lang='lat' dir='ltr'><strong>Propitiatis</strong></span> <span class='ocrx_word' id='word_1_401' title='bbox 2897 2442 3027 2499; x_wconf 91' lang='lat' dir='ltr'><strong>ergo</strong></span> <span class='ocrx_word' id='word_1_402' title='bbox 3072 2425 3306 2495; x_wconf 89' lang='lat' dir='ltr'><strong>peccatis</strong></span> <span class='ocrx_word' id='word_1_403' title='bbox 3352 2423 3555 2479; x_wconf 89' lang='lat' dir='ltr'><strong>nostris</strong></span> 
     </span>
    </p>
   </div>
   <div class='ocr_carea' id='block_1_53' title="bbox 1984 2517 3553 2592">
    <p class='ocr_par' dir='ltr' id='par_1_53' title="bbox 1984 2517 3553 2592">
     <span class='ocr_line' id='line_1_53' title="bbox 1984 2517 3553 2592; baseline -0.007 -14"><span class='ocrx_word' id='word_1_404' title='bbox 1984 2531 2041 2578; x_wconf 89' lang='lat' dir='ltr'><strong>et</strong></span> <span class='ocrx_word' id='word_1_405' title='bbox 2064 2521 2427 2592; x_wconf 87' lang='lat' dir='ltr'><strong>impietatibus</strong></span> <span class='ocrx_word' id='word_1_406' title='bbox 2477 2534 2578 2590; x_wconf 89' lang='lat' dir='ltr'><strong>per</strong></span> <span class='ocrx_word' id='word_1_407' title='bbox 2618 2518 2750 2574; x_wconf 91' lang='lat' dir='ltr'><strong>illud</strong></span> <span class='ocrx_word' id='word_1_408' title='bbox 2792 2517 3115 2574; x_wconf 89' lang='lat' dir='ltr'><strong>sacriﬁcium</strong></span> <span class='ocrx_word' id='word_1_409' title='bbox 3165 2524 3553 2585; x_wconf 78' lang='lat' dir='ltr'><strong>vespertinum,</strong></span> 
     </span>
    </p>
   </div>
   <div class='ocr_carea' id='block_1_54' title="bbox 1986 2603 3555 2675">
    <p class='ocr_par' dir='ltr' id='par_1_54' title="bbox 1986 2603 3555 2675">
     <span class='ocr_line' id='line_1_54' title="bbox 1986 2603 3555 2675; baseline -0.008 -7"><span class='ocrx_word' id='word_1_410' title='bbox 1986 2611 2281 2668; x_wconf 88' lang='lat' dir='ltr'><strong>transimus</strong></span> <span class='ocrx_word' id='word_1_411' title='bbox 2306 2610 2373 2665; x_wconf 90' lang='lat' dir='ltr'><strong>ad</strong></span> <span class='ocrx_word' id='word_1_412' title='bbox 2397 2610 2701 2675; x_wconf 89' lang='lat' dir='ltr'><strong>Dominum,</strong></span> <span class='ocrx_word' id='word_1_413' title='bbox 2731 2616 2788 2663; x_wconf 93' lang='lat' dir='ltr'><strong>et</strong></span> <span class='ocrx_word' id='word_1_414' title='bbox 2816 2605 3092 2662; x_wconf 79' lang='lat' dir='ltr'><strong>auferetur</strong></span> <span class='ocrx_word' id='word_1_415' title='bbox 3120 2605 3359 2660; x_wconf 87' lang='lat' dir='ltr'><strong>velamen</strong></span> <span class='ocrx_word' id='word_1_416' title='bbox 3423 2603 3555 2657; x_wconf 82' lang='lat' dir='ltr'><strong>Pro-</strong></span> 
     </span>
    </p>
   </div>
   <div class='ocr_carea' id='block_1_55' title="bbox 1986 2693 3551 2776">
    <p class='ocr_par' dir='ltr' id='par_1_55' title="bbox 1986 2693 3551 2776">
     <span class='ocr_line' id='line_1_55' title="bbox 1986 2693 3551 2776; baseline -0.01 -16"><span class='ocrx_word' id='word_1_417' title='bbox 1986 2711 2182 2776; x_wconf 77' lang='lat' dir='ltr'><strong>pterea</strong></span> <span class='ocrx_word' id='word_1_418' title='bbox 2221 2712 2278 2757; x_wconf 88' lang='lat' dir='ltr'><strong>et</strong></span> <span class='ocrx_word' id='word_1_419' title='bbox 2297 2700 2524 2758; x_wconf 89' lang='lat' dir='ltr'><strong>Domino</strong></span> <span class='ocrx_word' id='word_1_420' title='bbox 2575 2699 2836 2755; x_wconf 79' lang='lat' dir='ltr'><strong>cruciﬁxo</strong></span> <span class='ocrx_word' id='word_1_421' title='bbox 2870 2697 3049 2753; x_wconf 89' lang='lat' dir='ltr'><strong>velum</strong></span> <span class='ocrx_word' id='word_1_422' title='bbox 3096 2695 3279 2766; x_wconf 90' lang='lat' dir='ltr'><strong>templi</strong></span> <span class='ocrx_word' id='word_1_423' title='bbox 3327 2693 3551 2750; x_wconf 88' lang='lat' dir='ltr'><strong>scissum</strong></span> 
     </span>
    </p>
   </div>
   <div class='ocr_carea' id='block_1_56' title="bbox 1986 2784 3556 2863">
    <p class='ocr_par' dir='ltr' id='par_1_56' title="bbox 1986 2784 3556 2863">
     <span class='ocr_line' id='line_1_56' title="bbox 1986 2784 3556 2863; baseline -0.009 -13"><span class='ocrx_word' id='word_1_424' title='bbox 1986 2803 2092 2850; x_wconf 89' lang='lat' dir='ltr'><strong>est.</strong></span> <span class='ocrx_word' id='word_1_425' title='bbox 2141 2793 2328 2863; x_wconf 84' lang='lat' dir='ltr'><strong>Itaque</strong></span> <span class='ocrx_word' id='word_1_426' title='bbox 2376 2806 2477 2847; x_wconf 90' lang='lat' dir='ltr'><strong>nec</strong></span> <span class='ocrx_word' id='word_1_427' title='bbox 2520 2805 2781 2848; x_wconf 50' lang='lat' dir='ltr'><strong>carnem-</strong></span> <span class='ocrx_word' id='word_1_428' title='bbox 2813 2787 3060 2860; x_wconf 65' lang='lat' dir='ltr'><strong>praeputii</strong></span> <span class='ocrx_word' id='word_1_429' title='bbox 3121 2784 3556 2842; x_wconf 87' lang='lat' dir='ltr'><strong>circumcidimus</strong></span> 
     </span>
    </p>
   </div>
   <div class='ocr_carea' id='block_1_57' title="bbox 1985 2868 3558 2956">
    <p class='ocr_par' dir='ltr' id='par_1_57' title="bbox 1985 2868 3558 2956">
     <span class='ocr_line' id='line_1_57' title="bbox 1985 2868 3558 2956; baseline -0.011 -16"><span class='ocrx_word' id='word_1_430' title='bbox 1985 2884 2143 2956; x_wconf 72' lang='lat' dir='ltr'><strong>Juxta</strong></span> <span class='ocrx_word' id='word_1_431' title='bbox 2173 2882 2336 2937; x_wconf 89' lang='lat' dir='ltr'><strong>ritum</strong></span> <span class='ocrx_word' id='word_1_432' title='bbox 2370 2879 2617 2936; x_wconf 72' lang='lat' dir='ltr'><strong>Mosaicae</strong></span> <span class='ocrx_word' id='word_1_433' title='bbox 2662 2878 2815 2950; x_wconf 88' lang='lat' dir='ltr'><strong>legis,</strong></span> <span class='ocrx_word' id='word_1_434' title='bbox 2861 2892 2962 2933; x_wconf 90' lang='lat' dir='ltr'><strong>nec</strong></span> <span class='ocrx_word' id='word_1_435' title='bbox 2999 2874 3335 2932; x_wconf 79' lang='lat' dir='ltr'><strong>abstinemus</strong></span> <span class='ocrx_word' id='word_1_436' title='bbox 3366 2868 3558 2926; x_wconf 86' lang='lat' dir='ltr'><strong>carni-</strong></span> 
     </span>
    </p>
   </div>
   <div class='ocr_carea' id='block_1_58' title="bbox 1990 2961 3556 3041">
    <p class='ocr_par' dir='ltr' id='par_1_58' title="bbox 1990 2961 3556 3041">
     <span class='ocr_line' id='line_1_58' title="bbox 1990 2961 3556 3041; baseline -0.011 -13"><span class='ocrx_word' id='word_1_437' title='bbox 1990 2974 2114 3039; x_wconf 85' lang='lat' dir='ltr'><strong>bus,</strong></span> <span class='ocrx_word' id='word_1_438' title='bbox 2144 2972 2508 3041; x_wconf 70' lang='lat' dir='ltr'><strong>quaeeadem</strong></span> <span class='ocrx_word' id='word_1_439' title='bbox 2537 2968 2626 3023; x_wconf 82' lang='lat' dir='ltr'><strong>lex</strong></span> <span class='ocrx_word' id='word_1_440' title='bbox 2650 2966 2783 3023; x_wconf 84' lang='lat' dir='ltr'><strong>dicit</strong></span> <span class='ocrx_word' id='word_1_441' title='bbox 2825 2964 3148 3029; x_wconf 89' lang='lat' dir='ltr'><strong>immundas,</strong></span> <span class='ocrx_word' id='word_1_442' title='bbox 3191 2977 3295 3018; x_wconf 86' lang='lat' dir='ltr'><strong>nec</strong></span> <span class='ocrx_word' id='word_1_443' title='bbox 3335 2961 3556 3015; x_wconf 84' lang='lat' dir='ltr'><strong>sabbata</strong></span> 
     </span>
    </p>
   </div>
   <div class='ocr_carea' id='block_1_59' title="bbox 1992 3050 3560 3119">
    <p class='ocr_par' dir='ltr' id='par_1_59' title="bbox 1992 3050 3560 3119">
     <span class='ocr_line' id='line_1_59' title="bbox 1992 3050 3560 3119; baseline -0.01 0"><span class='ocrx_word' id='word_1_444' title='bbox 1992 3072 2049 3119; x_wconf 91' lang='lat' dir='ltr'><strong>et</strong></span> <span class='ocrx_word' id='word_1_445' title='bbox 2084 3060 2394 3118; x_wconf 88' lang='lat' dir='ltr'><strong>neomenias</strong></span> <span class='ocrx_word' id='word_1_446' title='bbox 2431 3069 2485 3114; x_wconf 89' lang='lat' dir='ltr'><strong>et</strong></span> <span class='ocrx_word' id='word_1_447' title='bbox 2520 3059 2636 3114; x_wconf 85' lang='lat' dir='ltr'><strong>dies</strong></span> <span class='ocrx_word' id='word_1_448' title='bbox 2676 3057 2845 3114; x_wconf 86' lang='lat' dir='ltr'><strong>festos</strong></span> <span class='ocrx_word' id='word_1_449' title='bbox 2881 3070 3070 3112; x_wconf 86' lang='lat' dir='ltr'><strong>eorum</strong></span> <span class='ocrx_word' id='word_1_450' title='bbox 3098 3052 3421 3109; x_wconf 81' lang='lat' dir='ltr'><strong>.carnaliter</strong></span> <span class='ocrx_word' id='word_1_451' title='bbox 3463 3050 3560 3104; x_wconf 84' lang='lat' dir='ltr'><strong>ob-</strong></span> 
     </span>
    </p>
   </div>
   <div class='ocr_carea' id='block_1_60' title="bbox 318 3139 3558 3237">
    <p class='ocr_par' dir='ltr' id='par_1_60' title="bbox 318 3139 3558 3237">
     <span class='ocr_line' id='line_1_60' title="bbox 318 3139 3558 3237; baseline -0.009 -15"><span class='ocrx_word' id='word_1_452' title='bbox 318 3139 502 3237; x_wconf 70' lang='lat' dir='ltr'><strong>posset</strong></span> <span class='ocrx_word' id='word_1_453' title='bbox 534 3164 603 3220; x_wconf 89' lang='lat' dir='ltr'><strong>ad</strong></span> <span class='ocrx_word' id='word_1_454' title='bbox 635 3150 784 3220; x_wconf 83' lang='lat' dir='ltr'><strong>illum</strong></span> <span class='ocrx_word' id='word_1_455' title='bbox 811 3163 1029 3220; x_wconf 85' lang='lat' dir='ltr'><strong>cibum?</strong></span> <span class='ocrx_word' id='word_1_456' title='bbox 1056 3162 1208 3220; x_wconf 90' lang='lat' dir='ltr'><strong>Unde</strong></span> <span class='ocrx_word' id='word_1_457' title='bbox 1258 3174 1354 3216; x_wconf 92' lang='lat' dir='ltr'><strong>cor</strong></span> <span class='ocrx_word' id='word_1_458' title='bbox 1387 3168 1498 3214; x_wconf 90' lang='lat' dir='ltr'><strong>tam</strong></span> <span class='ocrx_word' id='word_1_459' title='bbox 1525 3159 1776 3214; x_wconf 89' lang='lat' dir='ltr'><strong>idoneum</strong></span> <span class='ocrx_word' id='word_1_460' title='bbox 1810 3156 1884 3211; x_wconf 89' lang='lat' dir='ltr'><strong>illi</strong></span> <span class='ocrx_word' id='word_1_461' title='bbox 1914 3139 1959 3201; x_wconf 82' lang='lat' dir='ltr'><strong>C</strong></span> <span class='ocrx_word' id='word_1_462' title='bbox 1981 3166 2288 3217; x_wconf 82' lang='lat' dir='ltr'><strong>servamus,</strong></span> <span class='ocrx_word' id='word_1_463' title='bbox 2320 3165 2420 3206; x_wconf 90' lang='lat' dir='ltr'><strong>nec</strong></span> <span class='ocrx_word' id='word_1_464' title='bbox 2457 3150 2706 3205; x_wconf 86' lang='lat' dir='ltr'><strong>victimas</strong></span> <span class='ocrx_word' id='word_1_465' title='bbox 2730 3160 2987 3218; x_wconf 87' lang='lat' dir='ltr'><strong>pecorum</strong></span> <span class='ocrx_word' id='word_1_466' title='bbox 3032 3142 3402 3199; x_wconf 87' lang='lat' dir='ltr'><strong>sacriﬁcamus</strong></span> <span class='ocrx_word' id='word_1_467' title='bbox 3426 3139 3558 3201; x_wconf 86' lang='lat' dir='ltr'><strong>Deo,</strong></span> 
     </span>
    </p>
   </div>
   <div class='ocr_carea' id='block_1_61' title="bbox 319 3248 1888 3325">
    <p class='ocr_par' dir='ltr' id='par_1_61' title="bbox 319 3248 1888 3325">
     <span class='ocr_line' id='line_1_61' title="bbox 319 3248 1888 3325; baseline -0.005 -15"><span class='ocrx_word' id='word_1_468' title='bbox 319 3255 443 3310; x_wconf 89' lang='lat' dir='ltr'><strong>cibo</strong></span> <span class='ocrx_word' id='word_1_469' title='bbox 462 3256 487 3307; x_wconf 82' lang='lat'><strong>?</strong></span> <span class='ocrx_word' id='word_1_470' title='bbox 531 3254 828 3325; x_wconf 87' lang='lat' dir='ltr'><strong>Oportebat</strong></span> <span class='ocrx_word' id='word_1_471' title='bbox 853 3268 1002 3323; x_wconf 86' lang='lat' dir='ltr'><strong>ergo,</strong></span> <span class='ocrx_word' id='word_1_472' title='bbox 1028 3260 1089 3307; x_wconf 91' lang='lat' dir='ltr'><strong>ut</strong></span> <span class='ocrx_word' id='word_1_473' title='bbox 1124 3266 1309 3307; x_wconf 85' lang='lat' dir='ltr'><strong>mensa</strong></span> <span class='ocrx_word' id='word_1_474' title='bbox 1346 3249 1437 3305; x_wconf 88' lang='lat' dir='ltr'><strong>illa</strong></span> <span class='ocrx_word' id='word_1_475' title='bbox 1465 3248 1802 3311; x_wconf 83' lang='lat' dir='ltr'><strong>lactesceret,</strong></span> <span class='ocrx_word' id='word_1_476' title='bbox 1832 3250 1888 3303; x_wconf 85' lang='lat' dir='ltr'><strong>et</strong></span> 
     </span>
    </p>
   </div>
   <div class='ocr_carea' id='block_1_62' title="bbox 318 3336 1887 3416">
    <p class='ocr_par' dir='ltr' id='par_1_62' title="bbox 318 3336 1887 3416">
     <span class='ocr_line' id='line_1_62' title="bbox 318 3336 1887 3416; baseline -0.006 -16"><span class='ocrx_word' id='word_1_477' title='bbox 318 3347 389 3401; x_wconf 86' lang='lat' dir='ltr'><strong>ad</strong></span> <span class='ocrx_word' id='word_1_478' title='bbox 431 3344 686 3416; x_wconf 83' lang='lat' dir='ltr'><strong>parvulos</strong></span> <span class='ocrx_word' id='word_1_479' title='bbox 730 3343 1056 3415; x_wconf 86' lang='lat' dir='ltr'><strong>perveniret.</strong></span> <span class='ocrx_word' id='word_1_480' title='bbox 1108 3342 1261 3398; x_wconf 88' lang='lat' dir='ltr'><strong>Unde</strong></span> <span class='ocrx_word' id='word_1_481' title='bbox 1303 3348 1485 3394; x_wconf 90' lang='lat' dir='ltr'><strong>autem</strong></span> <span class='ocrx_word' id='word_1_482' title='bbox 1533 3338 1603 3392; x_wconf 89' lang='lat' dir='ltr'><strong>ﬁt.</strong></span> <span class='ocrx_word' id='word_1_483' title='bbox 1626 3338 1723 3394; x_wconf 92' lang='lat' dir='ltr'><strong>tibi</strong></span> <span class='ocrx_word' id='word_1_484' title='bbox 1769 3336 1887 3392; x_wconf 89' lang='lat' dir='ltr'><strong>lac?</strong></span> 
     </span>
    </p>
   </div>
   <div class='ocr_carea' id='block_1_63' title="bbox 321 3428 1889 3497">
    <p class='ocr_par' dir='ltr' id='par_1_63' title="bbox 321 3428 1889 3497">
     <span class='ocr_line' id='line_1_63' title="bbox 321 3428 1889 3497; baseline -0.006 -6"><span class='ocrx_word' id='word_1_485' title='bbox 321 3436 465 3491; x_wconf 81' lang='lat' dir='ltr'><strong>unde</strong></span> <span class='ocrx_word' id='word_1_486' title='bbox 503 3442 687 3490; x_wconf 83' lang='lat' dir='ltr'><strong>autem</strong></span> <span class='ocrx_word' id='word_1_487' title='bbox 716 3434 870 3489; x_wconf 87' lang='lat' dir='ltr'><strong>cibus</strong></span> <span class='ocrx_word' id='word_1_488' title='bbox 909 3432 964 3487; x_wconf 90' lang='lat' dir='ltr'><strong>in</strong></span> <span class='ocrx_word' id='word_1_489' title='bbox 1004 3432 1089 3487; x_wconf 91' lang='lat' dir='ltr'><strong>lae</strong></span> <span class='ocrx_word' id='word_1_490' title='bbox 1122 3430 1481 3496; x_wconf 87' lang='lat' dir='ltr'><strong>convertitur,</strong></span> <span class='ocrx_word' id='word_1_491' title='bbox 1506 3428 1609 3484; x_wconf 92' lang='lat' dir='ltr'><strong>nisi</strong></span> <span class='ocrx_word' id='word_1_492' title='bbox 1643 3443 1740 3497; x_wconf 91' lang='lat' dir='ltr'><strong>per</strong></span> <span class='ocrx_word' id='word_1_493' title='bbox 1771 3443 1889 3482; x_wconf 88' lang='lat' dir='ltr'><strong>car-</strong></span> 
     </span>
    </p>
   </div>
   <div class='ocr_carea' id='block_1_64' title="bbox 320 3519 1891 3595">
    <p class='ocr_par' dir='ltr' id='par_1_64' title="bbox 320 3519 1891 3595">
     <span class='ocr_line' id='line_1_64' title="bbox 320 3519 1891 3595; baseline -0.004 -14"><span class='ocrx_word' id='word_1_494' title='bbox 320 3542 447 3581; x_wconf 85' lang='lat' dir='ltr'><strong>nem</strong></span> <span class='ocrx_word' id='word_1_495' title='bbox 495 3523 830 3595; x_wconf 86' lang='lat' dir='ltr'><strong>trajiciatur?</strong></span> <span class='ocrx_word' id='word_1_496' title='bbox 879 3521 1012 3576; x_wconf 89' lang='lat' dir='ltr'><strong>Nam</strong></span> <span class='ocrx_word' id='word_1_497' title='bbox 1039 3529 1214 3577; x_wconf 90' lang='lat' dir='ltr'><strong>mater</strong></span> <span class='ocrx_word' id='word_1_498' title='bbox 1235 3521 1339 3576; x_wconf 91' lang='lat' dir='ltr'><strong>hoc</strong></span> <span class='ocrx_word' id='word_1_499' title='bbox 1367 3519 1530 3584; x_wconf 85' lang='lat' dir='ltr'><strong>facit;</strong></span> <span class='ocrx_word' id='word_1_500' title='bbox 1567 3519 1719 3589; x_wconf 85' lang='lat' dir='ltr'><strong>quod</strong></span> <span class='ocrx_word' id='word_1_501' title='bbox 1738 3533 1891 3574; x_wconf 86' lang='lat' dir='ltr'><strong>man-</strong></span> 
     </span>
    </p>
   </div>
   <div class='ocr_carea' id='block_1_65' title="bbox 321 3610 1890 3681">
    <p class='ocr_par' dir='ltr' id='par_1_65' title="bbox 321 3610 1890 3681">
     <span class='ocr_line' id='line_1_65' title="bbox 321 3610 1890 3681; baseline -0.004 -9"><span class='ocrx_word' id='word_1_502' title='bbox 321 3618 483 3672; x_wconf 90' lang='lat' dir='ltr'><strong>ducat</strong></span> <span class='ocrx_word' id='word_1_503' title='bbox 506 3623 699 3679; x_wconf 87' lang='lat' dir='ltr'><strong>mater,</strong></span> <span class='ocrx_word' id='word_1_504' title='bbox 724 3614 828 3670; x_wconf 89' lang='lat' dir='ltr'><strong>hoc</strong></span> <span class='ocrx_word' id='word_1_505' title='bbox 852 3614 1138 3669; x_wconf 88' lang='lat' dir='ltr'><strong>manducat</strong></span> <span class='ocrx_word' id='word_1_506' title='bbox 1164 3613 1342 3668; x_wconf 85' lang='lat' dir='ltr'><strong>infans</strong></span> <span class='ocrx_word' id='word_1_507' title='bbox 1374 3628 1389 3676; x_wconf 92' lang='lat'><strong>;</strong></span> <span class='ocrx_word' id='word_1_508' title='bbox 1434 3612 1527 3666; x_wconf 90' lang='lat' dir='ltr'><strong>sed</strong></span> <span class='ocrx_word' id='word_1_509' title='bbox 1555 3610 1679 3681; x_wconf 85' lang='lat' dir='ltr'><strong>quia</strong></span> <span class='ocrx_word' id='word_1_510' title='bbox 1704 3611 1890 3665; x_wconf 85' lang='lat' dir='ltr'><strong>minus</strong></span> 
     </span>
    </p>
   </div>
   <div class='ocr_carea' id='block_1_66' title="bbox 322 3700 1887 3785">
    <p class='ocr_par' dir='ltr' id='par_1_66' title="bbox 322 3700 1887 3785">
     <span class='ocr_line' id='line_1_66' title="bbox 322 3700 1887 3785; baseline -0.007 -22"><span class='ocrx_word' id='word_1_511' title='bbox 322 3708 554 3785; x_wconf 82' lang='lat' dir='ltr'><strong>idoneus</strong></span> <span class='ocrx_word' id='word_1_512' title='bbox 590 3712 674 3761; x_wconf 89' lang='lat' dir='ltr'><strong>est</strong></span> <span class='ocrx_word' id='word_1_513' title='bbox 702 3704 882 3759; x_wconf 84' lang='lat' dir='ltr'><strong>infans</strong></span> <span class='ocrx_word' id='word_1_514' title='bbox 910 3704 999 3773; x_wconf 90' lang='lat' dir='ltr'><strong>qui</strong></span> <span class='ocrx_word' id='word_1_515' title='bbox 1024 3716 1164 3774; x_wconf 90' lang='lat' dir='ltr'><strong>pane</strong></span> <span class='ocrx_word' id='word_1_516' title='bbox 1191 3710 1459 3765; x_wconf 88' lang='lat' dir='ltr'><strong>vescatur,</strong></span> <span class='ocrx_word' id='word_1_517' title='bbox 1489 3700 1661 3770; x_wconf 89' lang='lat' dir='ltr'><strong>ipsum</strong></span> <span class='ocrx_word' id='word_1_518' title='bbox 1691 3713 1887 3768; x_wconf 86' lang='lat' dir='ltr'><strong>panem</strong></span> 
     </span>
    </p>
   </div>
   <div class='ocr_carea' id='block_1_67' title="bbox 320 3789 1893 3859">
    <p class='ocr_par' dir='ltr' id='par_1_67' title="bbox 320 3789 1893 3859">
     <span class='ocr_line' id='line_1_67' title="bbox 320 3789 1893 3859; baseline -0.005 -9"><span class='ocrx_word' id='word_1_519' title='bbox 320 3805 498 3850; x_wconf 87' lang='lat' dir='ltr'><strong>mater</strong></span> <span class='ocrx_word' id='word_1_520' title='bbox 524 3796 790 3859; x_wconf 86' lang='lat' dir='ltr'><strong>incarnat,</strong></span> <span class='ocrx_word' id='word_1_521' title='bbox 813 3801 868 3848; x_wconf 90' lang='lat' dir='ltr'><strong>et</strong></span> <span class='ocrx_word' id='word_1_522' title='bbox 890 3792 1119 3847; x_wconf 86' lang='lat' dir='ltr'><strong>utilitate</strong></span> <span class='ocrx_word' id='word_1_523' title='bbox 1144 3804 1170 3832; x_wconf 75' lang='grc' dir='ltr'>ι</span> <span class='ocrx_word' id='word_1_524' title='bbox 1199 3790 1445 3844; x_wconf 78' lang='lat' dir='ltr'><strong>mamillae</strong></span> <span class='ocrx_word' id='word_1_525' title='bbox 1469 3797 1524 3844; x_wconf 90' lang='lat' dir='ltr'><strong>et</strong></span> <span class='ocrx_word' id='word_1_526' title='bbox 1552 3789 1708 3843; x_wconf 88' lang='lat' dir='ltr'><strong>lactis</strong></span> <span class='ocrx_word' id='word_1_527' title='bbox 1731 3803 1893 3843; x_wconf 90' lang='lat' dir='ltr'><strong>succo</strong></span> 
     </span>
    </p>
   </div>
   <div class='ocr_carea' id='block_1_68' title="bbox 323 3876 1893 3953">
    <p class='ocr_par' dir='ltr' id='par_1_68' title="bbox 323 3876 1893 3953">
     <span class='ocr_line' id='line_1_68' title="bbox 323 3876 1893 3953; baseline -0.004 -16"><span class='ocrx_word' id='word_1_528' title='bbox 323 3883 393 3937; x_wconf 90' lang='lat' dir='ltr'><strong>de</strong></span> <span class='ocrx_word' id='word_1_529' title='bbox 418 3882 535 3952; x_wconf 89' lang='lat' dir='ltr'><strong>ipso</strong></span> <span class='ocrx_word' id='word_1_530' title='bbox 560 3897 700 3953; x_wconf 90' lang='lat' dir='ltr'><strong>pane</strong></span> <span class='ocrx_word' id='word_1_531' title='bbox 727 3881 900 3951; x_wconf 86' lang='lat' dir='ltr'><strong>pascit</strong></span> <span class='ocrx_word' id='word_1_532' title='bbox 925 3879 1205 3935; x_wconf 87' lang='lat' dir='ltr'><strong>infantem.</strong></span> <span class='ocrx_word' id='word_1_533' title='bbox 1235 3878 1513 3945; x_wconf 84' lang='lat' dir='ltr'><strong>Quomodo</strong></span> <span class='ocrx_word' id='word_1_534' title='bbox 1535 3892 1663 3947; x_wconf 82' lang='lat' dir='ltr'><strong>ergo</strong></span> <span class='ocrx_word' id='word_1_535' title='bbox 1686 3878 1753 3932; x_wconf 91' lang='lat' dir='ltr'><strong>de</strong></span> <span class='ocrx_word' id='word_1_536' title='bbox 1778 3876 1893 3946; x_wconf 90' lang='lat' dir='ltr'><strong>ipso</strong></span> 
     </span>
    </p>
   </div>
   <div class='ocr_carea' id='block_1_69' title="bbox 324 3966 1894 4047">
    <p class='ocr_par' dir='ltr' id='par_1_69' title="bbox 324 3966 1894 4047">
     <span class='ocr_line' id='line_1_69' title="bbox 324 3966 1894 4047; baseline -0.004 -17"><span class='ocrx_word' id='word_1_537' title='bbox 324 3966 464 4047; x_wconf 89' lang='lat' dir='ltr'><strong>pane</strong></span> <span class='ocrx_word' id='word_1_538' title='bbox 491 3975 644 4045; x_wconf 89' lang='lat' dir='ltr'><strong>pavit</strong></span> <span class='ocrx_word' id='word_1_539' title='bbox 670 3988 770 4028; x_wconf 90' lang='lat' dir='ltr'><strong>nos</strong></span> <span class='ocrx_word' id='word_1_540' title='bbox 795 3972 1056 4042; x_wconf 88' lang='lat' dir='ltr'><strong>sapientia</strong></span> <span class='ocrx_word' id='word_1_541' title='bbox 1083 3971 1214 4025; x_wconf 82' lang='lat' dir='ltr'><strong>Dei?</strong></span> <span class='ocrx_word' id='word_1_542' title='bbox 1238 3970 1372 4036; x_wconf 87' lang='lat' dir='ltr'><strong>Quia</strong></span> <span class='ocrx_word' id='word_1_543' title='bbox 1412 3966 1779 4023; x_wconf 30' lang='lat' dir='ltr'><strong>Verbumlcaro</strong></span> <span class='ocrx_word' id='word_1_544' title='bbox 1810 3968 1894 4038; x_wconf 81' lang='lat' dir='ltr'><strong>fa-</strong></span> 
     </span>
    </p>
   </div>
   <div class='ocr_carea' id='block_1_70' title="bbox 324 4058 1893 4130">
    <p class='ocr_par' dir='ltr' id='par_1_70' title="bbox 324 4058 1893 4130">
     <span class='ocr_line' id='line_1_70' title="bbox 324 4058 1893 4130; baseline -0.003 -12"><span class='ocrx_word' id='word_1_545' title='bbox 324 4075 462 4118; x_wconf 88' lang='lat' dir='ltr'><strong>ctum</strong></span> <span class='ocrx_word' id='word_1_546' title='bbox 501 4072 600 4128; x_wconf 84' lang='lat' dir='ltr'><strong>est,</strong></span> <span class='ocrx_word' id='word_1_547' title='bbox 629 4072 681 4117; x_wconf 84' lang='lat' dir='ltr'><strong>et</strong></span> <span class='ocrx_word' id='word_1_548' title='bbox 722 4062 971 4116; x_wconf 77' lang='lat' dir='ltr'><strong>habitavit</strong></span> <span class='ocrx_word' id='word_1_549' title='bbox 1024 4062 1079 4114; x_wconf 85' lang='lat' dir='ltr'><strong>in</strong></span> <span class='ocrx_word' id='word_1_550' title='bbox 1118 4060 1263 4115; x_wconf 82' lang='lat' dir='ltr'><strong>nobis</strong></span> <span class='ocrx_word' id='word_1_551' title='bbox 1317 4058 1498 4129; x_wconf 81' lang='lat' dir='ltr'><strong>(Joan.</strong></span> <span class='ocrx_word' id='word_1_552' title='bbox 1536 4058 1715 4130; x_wconf 67' lang='lat'><strong>1,14).</strong></span> <span class='ocrx_word' id='word_1_553' title='bbox 1759 4058 1893 4113; x_wconf 83' lang='lat' dir='ltr'><strong>Vide</strong></span> 
     </span>
    </p>
   </div>
   <div class='ocr_carea' id='block_1_71' title="bbox 324 4149 1896 4223">
    <p class='ocr_par' dir='ltr' id='par_1_71' title="bbox 324 4149 1896 4223">
     <span class='ocr_line' id='line_1_71' title="bbox 324 4149 1896 4223; baseline -0.003 -14"><span class='ocrx_word' id='word_1_554' title='bbox 324 4168 454 4223; x_wconf 88' lang='lat' dir='ltr'><strong>ergo</strong></span> <span class='ocrx_word' id='word_1_555' title='bbox 482 4152 864 4218; x_wconf 88' lang='lat' dir='ltr'><strong>humilitatem,</strong></span> <span class='ocrx_word' id='word_1_556' title='bbox 890 4151 1016 4222; x_wconf 90' lang='lat' dir='ltr'><strong>quia</strong></span> <span class='ocrx_word' id='word_1_557' title='bbox 1041 4166 1232 4222; x_wconf 89' lang='lat' dir='ltr'><strong>panem</strong></span> <span class='ocrx_word' id='word_1_558' title='bbox 1258 4149 1570 4219; x_wconf 88' lang='lat' dir='ltr'><strong>angelorum</strong></span> <span class='ocrx_word' id='word_1_559' title='bbox 1605 4150 1896 4206; x_wconf 90' lang='lat' dir='ltr'><strong>manducat</strong></span> 
     </span>
    </p>
   </div>
   <div class='ocr_carea' id='block_1_72' title="bbox 325 4238 1895 4311">
    <p class='ocr_par' dir='ltr' id='par_1_72' title="bbox 325 4238 1895 4311">
     <span class='ocr_line' id='line_1_72' title="bbox 325 4238 1895 4311; baseline -0.004 -14"><span class='ocrx_word' id='word_1_560' title='bbox 325 4242 511 4297; x_wconf 87' lang='lat' dir='ltr'><strong>homo.</strong></span> <span class='ocrx_word' id='word_1_561' title='bbox 549 4239 619 4295; x_wconf 85' lang='lat' dir='ltr'><strong>Et</strong></span> <span class='ocrx_word' id='word_1_562' title='bbox 643 4240 903 4311; x_wconf 89' lang='lat' dir='ltr'><strong>scriptum</strong></span> <span class='ocrx_word' id='word_1_563' title='bbox 933 4249 1055 4295; x_wconf 89' lang='lat' dir='ltr'><strong>est:</strong></span> <span class='ocrx_word' id='word_1_564' title='bbox 1079 4240 1278 4294; x_wconf 85' lang='lat' dir='ltr'><strong>Panem</strong></span> <span class='ocrx_word' id='word_1_565' title='bbox 1300 4238 1413 4294; x_wconf 65' lang='lat' dir='ltr'><strong>cali</strong></span> <span class='ocrx_word' id='word_1_566' title='bbox 1430 4239 1569 4293; x_wconf 86' lang='lat' dir='ltr'><strong>dedit</strong></span> <span class='ocrx_word' id='word_1_567' title='bbox 1589 4239 1683 4304; x_wconf 88' lang='lat' dir='ltr'><strong>eis,</strong></span> <span class='ocrx_word' id='word_1_568' title='bbox 1712 4254 1895 4309; x_wconf 85' lang='lat' dir='ltr'><strong>panem</strong></span> 
     </span>
    </p>
   </div>
   <div class='ocr_carea' id='block_1_73' title="bbox 327 4328 1894 4404">
    <p class='ocr_par' dir='ltr' id='par_1_73' title="bbox 327 4328 1894 4404">
     <span class='ocr_line' id='line_1_73' title="bbox 327 4328 1894 4404; baseline -0.001 -17"><span class='ocrx_word' id='word_1_569' title='bbox 327 4333 629 4404; x_wconf 83' lang='lat' dir='ltr'><strong>angelorum</strong></span> <span class='ocrx_word' id='word_1_570' title='bbox 668 4333 1001 4388; x_wconf 69' lang='lat' dir='ltr'><strong>manducauit</strong></span> <span class='ocrx_word' id='word_1_571' title='bbox 1043 4334 1195 4386; x_wconf 86' lang='lat' dir='ltr'><strong>homo</strong></span> <span class='ocrx_word' id='word_1_572' title='bbox 1237 4328 1408 4403; x_wconf 87' lang='lat' dir='ltr'><strong>(Psal.</strong></span> <span class='ocrx_word' id='word_1_573' title='bbox 1441 4346 1642 4396; x_wconf 79' lang='lat' dir='ltr'><strong>Lxxvn,</strong></span> <span class='ocrx_word' id='word_1_574' title='bbox 1675 4330 1791 4402; x_wconf 70' lang='grc'><strong>24),</strong></span> <span class='ocrx_word' id='word_1_575' title='bbox 1842 4330 1894 4385; x_wconf 90' lang='lat' dir='ltr'><strong>id</strong></span> 
     </span>
    </p>
   </div>
   <div class='ocr_carea' id='block_1_74' title="bbox 328 4412 1890 4491">
    <p class='ocr_par' dir='ltr' id='par_1_74' title="bbox 328 4412 1890 4491">
     <span class='ocr_line' id='line_1_74' title="bbox 328 4412 1890 4491; baseline 0 -14"><span class='ocrx_word' id='word_1_576' title='bbox 328 4431 415 4478; x_wconf 85' lang='lat' dir='ltr'><strong>est</strong></span> <span class='ocrx_word' id='word_1_577' title='bbox 437 4422 668 4477; x_wconf 78' lang='lat' dir='ltr'><strong>Verbum</strong></span> <span class='ocrx_word' id='word_1_578' title='bbox 694 4421 823 4475; x_wconf 88' lang='lat' dir='ltr'><strong>illud</strong></span> <span class='ocrx_word' id='word_1_579' title='bbox 844 4436 954 4491; x_wconf 92' lang='lat' dir='ltr'><strong>quo</strong></span> <span class='ocrx_word' id='word_1_580' title='bbox 971 4429 1263 4490; x_wconf 87' lang='lat' dir='ltr'><strong>pascuntur</strong></span> <span class='ocrx_word' id='word_1_581' title='bbox 1286 4412 1460 4491; x_wconf 82' lang='lat' dir='ltr'><strong>angeli</strong></span> <span class='ocrx_word' id='word_1_582' title='bbox 1488 4420 1890 4490; x_wconf 86' lang='lat' dir='ltr'><strong>sempiternum.</strong></span> 
     </span>
    </p>
   </div>
   <div class='ocr_carea' id='block_1_75' title="bbox 327 4513 1896 4584">
    <p class='ocr_par' dir='ltr' id='par_1_75' title="bbox 327 4513 1896 4584">
     <span class='ocr_line' id='line_1_75' title="bbox 327 4513 1896 4584; baseline -0.001 -16"><span class='ocrx_word' id='word_1_583' title='bbox 327 4514 474 4584; x_wconf 90' lang='lat' dir='ltr'><strong>quod</strong></span> <span class='ocrx_word' id='word_1_584' title='bbox 495 4522 577 4569; x_wconf 88' lang='lat' dir='ltr'><strong>est</strong></span> <span class='ocrx_word' id='word_1_585' title='bbox 602 4513 809 4584; x_wconf 88' lang='lat' dir='ltr'><strong>aequale</strong></span> <span class='ocrx_word' id='word_1_586' title='bbox 836 4514 1006 4580; x_wconf 84' lang='lat' dir='ltr'><strong>Patri,</strong></span> <span class='ocrx_word' id='word_1_587' title='bbox 1039 4514 1381 4570; x_wconf 86' lang='lat' dir='ltr'><strong>manducavit</strong></span> <span class='ocrx_word' id='word_1_588' title='bbox 1407 4515 1588 4582; x_wconf 87' lang='lat' dir='ltr'><strong>homo,</strong></span> <span class='ocrx_word' id='word_1_589' title='bbox 1620 4515 1744 4584; x_wconf 89' lang='lat' dir='ltr'><strong>quia</strong></span> <span class='ocrx_word' id='word_1_590' title='bbox 1778 4530 1896 4568; x_wconf 84' lang='lat' dir='ltr'><strong>cum</strong></span> 
     </span>
    </p>
   </div>
   <div class='ocr_carea' id='block_1_76' title="bbox 328 4602 1898 4674">
    <p class='ocr_par' dir='ltr' id='par_1_76' title="bbox 328 4602 1898 4674">
     <span class='ocr_line' id='line_1_76' title="bbox 328 4602 1898 4674; baseline 0.001 -18"><span class='ocrx_word' id='word_1_591' title='bbox 328 4603 385 4657; x_wconf 85' lang='lat' dir='ltr'><strong>in</strong></span> <span class='ocrx_word' id='word_1_592' title='bbox 407 4603 578 4671; x_wconf 76' lang='lat' dir='ltr'><strong>forma</strong></span> <span class='ocrx_word' id='word_1_593' title='bbox 601 4602 697 4658; x_wconf 87' lang='lat' dir='ltr'><strong>Dei</strong></span> <span class='ocrx_word' id='word_1_594' title='bbox 723 4613 874 4668; x_wconf 80' lang='lat' dir='ltr'><strong>esset,</strong></span> <span class='ocrx_word' id='word_1_595' title='bbox 906 4620 1007 4657; x_wconf 80' lang='lat' dir='ltr'><strong>non</strong></span> <span class='ocrx_word' id='word_1_596' title='bbox 1032 4606 1268 4674; x_wconf 84' lang='lat' dir='ltr'><strong>rapinam</strong></span> <span class='ocrx_word' id='word_1_597' title='bbox 1305 4605 1601 4660; x_wconf 84' lang='lat' dir='ltr'><strong>arbitratus</strong></span> <span class='ocrx_word' id='word_1_598' title='bbox 1614 4614 1689 4659; x_wconf 84' lang='lat' dir='ltr'><strong>est</strong></span> <span class='ocrx_word' id='word_1_599' title='bbox 1714 4621 1822 4659; x_wconf 85' lang='lat' dir='ltr'><strong>esse</strong></span> <span class='ocrx_word' id='word_1_600' title='bbox 1843 4621 1898 4658; x_wconf 87' lang='lat' dir='ltr'><strong>se</strong></span> 
     </span>
    </p>
   </div>
   <div class='ocr_carea' id='block_1_77' title="bbox 330 4691 1894 4766">
    <p class='ocr_par' dir='ltr' id='par_1_77' title="bbox 330 4691 1894 4766">
     <span class='ocr_line' id='line_1_77' title="bbox 330 4691 1894 4766; baseline 0.001 -19"><span class='ocrx_word' id='word_1_601' title='bbox 330 4693 583 4762; x_wconf 68' lang='lat' dir='ltr'><strong>(aqualem</strong></span> <span class='ocrx_word' id='word_1_602' title='bbox 630 4692 736 4747; x_wconf 87' lang='lat' dir='ltr'><strong>Deo</strong></span> <span class='ocrx_word' id='word_1_603' title='bbox 779 4691 947 4763; x_wconf 77' lang='lat' dir='ltr'><strong>(Phil.</strong></span> <span class='ocrx_word' id='word_1_604' title='bbox 983 4710 1043 4757; x_wconf 82' lang='grc' dir='ltr'><strong>ιι,</strong></span> <span class='ocrx_word' id='word_1_605' title='bbox 1073 4694 1150 4764; x_wconf 88' lang='lat'><strong>6).</strong></span> <span class='ocrx_word' id='word_1_606' title='bbox 1200 4694 1527 4766; x_wconf 82' lang='lat' dir='ltr'><strong>Saginantur</strong></span> <span class='ocrx_word' id='word_1_607' title='bbox 1574 4694 1662 4749; x_wconf 93' lang='lat' dir='ltr'><strong>illo</strong></span> <span class='ocrx_word' id='word_1_608' title='bbox 1690 4695 1894 4766; x_wconf 79' lang='lat' dir='ltr'><strong>angeli;</strong></span> 
     </span>
    </p>
   </div>
   <div class='ocr_carea' id='block_1_78' title="bbox 333 4781 1897 4852">
    <p class='ocr_par' dir='ltr' id='par_1_78' title="bbox 333 4781 1897 4852">
     <span class='ocr_line' id='line_1_78' title="bbox 333 4781 1897 4852; baseline 0 -17"><span class='ocrx_word' id='word_1_609' title='bbox 333 4781 427 4835; x_wconf 88' lang='lat' dir='ltr'><strong>sed</strong></span> <span class='ocrx_word' id='word_1_610' title='bbox 470 4783 801 4851; x_wconf 83' lang='lat' dir='ltr'><strong>semetipsum</strong></span> <span class='ocrx_word' id='word_1_611' title='bbox 830 4782 1151 4846; x_wconf 30' lang='lat' dir='ltr'><strong>.exinanivit,</strong></span> <span class='ocrx_word' id='word_1_612' title='bbox 1201 4791 1261 4837; x_wconf 92' lang='lat' dir='ltr'><strong>ut</strong></span> <span class='ocrx_word' id='word_1_613' title='bbox 1306 4783 1657 4838; x_wconf 87' lang='lat' dir='ltr'><strong>manducarct</strong></span> <span class='ocrx_word' id='word_1_614' title='bbox 1704 4796 1897 4852; x_wconf 91' lang='lat' dir='ltr'><strong>panem</strong></span> 
     </span>
    </p>
   </div>
   <div class='ocr_carea' id='block_1_79' title="bbox 333 4870 1899 4942">
    <p class='ocr_par' dir='ltr' id='par_1_79' title="bbox 333 4870 1899 4942">
     <span class='ocr_line' id='line_1_79' title="bbox 333 4870 1899 4942; baseline 0.001 -19"><span class='ocrx_word' id='word_1_615' title='bbox 333 4870 643 4940; x_wconf 82' lang='lat' dir='ltr'><strong>angelorum</strong></span> <span class='ocrx_word' id='word_1_616' title='bbox 674 4871 852 4935; x_wconf 90' lang='lat' dir='ltr'><strong>homo,</strong></span> <span class='ocrx_word' id='word_1_617' title='bbox 879 4871 1104 4940; x_wconf 81' lang='lat' dir='ltr'><strong>formam</strong></span> <span class='ocrx_word' id='word_1_618' title='bbox 1130 4874 1262 4926; x_wconf 77' lang='lat' dir='ltr'><strong>serui</strong></span> <span class='ocrx_word' id='word_1_619' title='bbox 1284 4873 1540 4942; x_wconf 83' lang='lat' dir='ltr'><strong>accipiens</strong></span> <span class='ocrx_word' id='word_1_620' title='bbox 1566 4873 1622 4926; x_wconf 87' lang='lat' dir='ltr'><strong>in</strong></span> <span class='ocrx_word' id='word_1_621' title='bbox 1649 4871 1899 4926; x_wconf 68' lang='lat' dir='ltr'><strong>similius-</strong></span> 
     </span>
    </p>
   </div>
   <div class='ocr_carea' id='block_1_80' title="bbox 332 4961 1896 5029">
    <p class='ocr_par' dir='ltr' id='par_1_80' title="bbox 332 4961 1896 5029">
     <span class='ocr_line' id='line_1_80' title="bbox 332 4961 1896 5029; baseline 0.001 -16"><span class='ocrx_word' id='word_1_622' title='bbox 332 4961 453 5015; x_wconf 86' lang='lat' dir='ltr'><strong>dine</strong></span> <span class='ocrx_word' id='word_1_623' title='bbox 495 4961 762 5015; x_wconf 82' lang='lat' dir='ltr'><strong>hominum</strong></span> <span class='ocrx_word' id='word_1_624' title='bbox 804 4961 993 5029; x_wconf 67' lang='lat' dir='ltr'><strong>factus,</strong></span> <span class='ocrx_word' id='word_1_625' title='bbox 1034 4970 1083 5014; x_wconf 88' lang='lat' dir='ltr'><strong>et</strong></span> <span class='ocrx_word' id='word_1_626' title='bbox 1128 4962 1308 5016; x_wconf 80' lang='lat' dir='ltr'><strong>habitu</strong></span> <span class='ocrx_word' id='word_1_627' title='bbox 1346 4963 1580 5016; x_wconf 79' lang='lat' dir='ltr'><strong>inventus</strong></span> <span class='ocrx_word' id='word_1_628' title='bbox 1620 4971 1674 5015; x_wconf 87' lang='lat' dir='ltr'><strong>ut</strong></span> <span class='ocrx_word' id='word_1_629' title='bbox 1722 4963 1896 5015; x_wconf 88' lang='lat' dir='ltr'><strong>homo.</strong></span> 
     </span>
    </p>
   </div>
   <div class='ocr_carea' id='block_1_81' title="bbox 1926 4472 1975 4532">
    <p class='ocr_par' dir='ltr' id='par_1_81' title="bbox 1926 4472 1975 4532">
     <span class='ocr_line' id='line_1_81' title="bbox 1926 4472 1975 4532; baseline 0 0"><span class='ocrx_word' id='word_1_630' title='bbox 1926 4472 1975 4532; x_wconf 91' lang='lat' dir='ltr'><strong>D</strong></span> 
     </span>
    </p>
   </div>
   <div class='ocr_carea' id='block_1_82' title="bbox 1989 3232 3558 3315">
    <p class='ocr_par' dir='ltr' id='par_1_82' title="bbox 1989 3232 3558 3315">
     <span class='ocr_line' id='line_1_82' title="bbox 1989 3232 3558 3315; baseline -0.013 -13"><span class='ocrx_word' id='word_1_631' title='bbox 1989 3261 2090 3302; x_wconf 88' lang='lat' dir='ltr'><strong>nec</strong></span> <span class='ocrx_word' id='word_1_632' title='bbox 2117 3244 2317 3315; x_wconf 83' lang='lat' dir='ltr'><strong>pascha</strong></span> <span class='ocrx_word' id='word_1_633' title='bbox 2362 3241 2422 3296; x_wconf 91' lang='lat' dir='ltr'><strong>in</strong></span> <span class='ocrx_word' id='word_1_634' title='bbox 2445 3256 2545 3298; x_wconf 88' lang='lat' dir='ltr'><strong>ove</strong></span> <span class='ocrx_word' id='word_1_635' title='bbox 2571 3248 2626 3296; x_wconf 91' lang='lat' dir='ltr'><strong>et</strong></span> <span class='ocrx_word' id='word_1_636' title='bbox 2652 3238 2862 3311; x_wconf 82' lang='lat' dir='ltr'><strong>azymis</strong></span> <span class='ocrx_word' id='word_1_637' title='bbox 2906 3234 3154 3292; x_wconf 85' lang='lat' dir='ltr'><strong>similiter</strong></span> <span class='ocrx_word' id='word_1_638' title='bbox 3200 3232 3558 3291; x_wconf 86' lang='lat' dir='ltr'><strong>celebramus,</strong></span> 
     </span>
    </p>
   </div>
   <div class='ocr_carea' id='block_1_83' title="bbox 1987 3321 3560 3405">
    <p class='ocr_par' dir='ltr' id='par_1_83' title="bbox 1987 3321 3560 3405">
     <span class='ocr_line' id='line_1_83' title="bbox 1987 3321 3560 3405; baseline -0.012 -13"><span class='ocrx_word' id='word_1_639' title='bbox 1987 3345 2043 3393; x_wconf 91' lang='lat' dir='ltr'><strong>et</strong></span> <span class='ocrx_word' id='word_1_640' title='bbox 2067 3337 2111 3392; x_wconf 90' lang='lat' dir='ltr'><strong>si</strong></span> <span class='ocrx_word' id='word_1_641' title='bbox 2140 3350 2242 3405; x_wconf 92' lang='lat' dir='ltr'><strong>qua</strong></span> <span class='ocrx_word' id='word_1_642' title='bbox 2270 3334 2377 3388; x_wconf 89' lang='lat' dir='ltr'><strong>alia</strong></span> <span class='ocrx_word' id='word_1_643' title='bbox 2402 3330 2619 3388; x_wconf 89' lang='lat' dir='ltr'><strong>fuerunt</strong></span> <span class='ocrx_word' id='word_1_644' title='bbox 2642 3339 2824 3387; x_wconf 86' lang='lat' dir='ltr'><strong>vetera</strong></span> <span class='ocrx_word' id='word_1_645' title='bbox 2849 3332 3207 3390; x_wconf 87' lang='lat' dir='ltr'><strong>sacramenta,</strong></span> <span class='ocrx_word' id='word_1_646' title='bbox 3235 3338 3361 3394; x_wconf 61' lang='lat' dir='ltr'><strong>quas</strong></span> <span class='ocrx_word' id='word_1_647' title='bbox 3378 3321 3560 3377; x_wconf 84' lang='lat' dir='ltr'><strong>omnia</strong></span> 
     </span>
    </p>
   </div>
   <div class='ocr_carea' id='block_1_84' title="bbox 1991 3411 3563 3490">
    <p class='ocr_par' dir='ltr' id='par_1_84' title="bbox 1991 3411 3563 3490">
     <span class='ocr_line' id='line_1_84' title="bbox 1991 3411 3563 3490; baseline -0.011 -10"><span class='ocrx_word' id='word_1_648' title='bbox 1991 3423 2215 3480; x_wconf 89' lang='lat' dir='ltr'><strong>umbras</strong></span> <span class='ocrx_word' id='word_1_649' title='bbox 2264 3421 2567 3477; x_wconf 88' lang='lat' dir='ltr'><strong>futurorum</strong></span> <span class='ocrx_word' id='word_1_650' title='bbox 2615 3419 2848 3490; x_wconf 84' lang='lat' dir='ltr'><strong>appellat</strong></span> <span class='ocrx_word' id='word_1_651' title='bbox 2876 3415 3191 3487; x_wconf 84' lang='lat' dir='ltr'><strong>Apostolus,</strong></span> <span class='ocrx_word' id='word_1_652' title='bbox 3232 3414 3358 3484; x_wconf 88' lang='lat' dir='ltr'><strong>quia</strong></span> <span class='ocrx_word' id='word_1_653' title='bbox 3396 3426 3461 3466; x_wconf 90' lang='lat' dir='ltr'><strong>ca</strong></span> <span class='ocrx_word' id='word_1_654' title='bbox 3494 3411 3563 3464; x_wconf 85' lang='lat' dir='ltr'><strong>si-</strong></span> 
     </span>
    </p>
   </div>
   <div class='ocr_carea' id='block_1_85' title="bbox 1989 3500 3562 3585">
    <p class='ocr_par' dir='ltr' id='par_1_85' title="bbox 1989 3500 3562 3585">
     <span class='ocr_line' id='line_1_85' title="bbox 1989 3500 3562 3585; baseline -0.01 -16"><span class='ocrx_word' id='word_1_655' title='bbox 1989 3513 2318 3585; x_wconf 86' lang='lat' dir='ltr'><strong>gniﬁcabant</strong></span> <span class='ocrx_word' id='word_1_656' title='bbox 2343 3526 2442 3566; x_wconf 90' lang='lat' dir='ltr'><strong>suo</strong></span> <span class='ocrx_word' id='word_1_657' title='bbox 2471 3518 2710 3581; x_wconf 87' lang='lat' dir='ltr'><strong>tempore</strong></span> <span class='ocrx_word' id='word_1_658' title='bbox 2736 3506 3023 3564; x_wconf 81' lang='lat' dir='ltr'><strong>revelanda</strong></span> <span class='ocrx_word' id='word_1_659' title='bbox 3048 3518 3167 3575; x_wconf 65' lang='lat' dir='ltr'><strong>quae</strong></span> <span class='ocrx_word' id='word_1_660' title='bbox 3196 3518 3294 3558; x_wconf 90' lang='lat' dir='ltr'><strong>nos</strong></span> <span class='ocrx_word' id='word_1_661' title='bbox 3318 3500 3562 3575; x_wconf 79' lang='lat' dir='ltr'><strong>revelata</strong></span> 
     </span>
    </p>
   </div>
   <div class='ocr_carea' id='block_1_86' title="bbox 1991 3590 3564 3675">
    <p class='ocr_par' dir='ltr' id='par_1_86' title="bbox 1991 3590 3564 3675">
     <span class='ocr_line' id='line_1_86' title="bbox 1991 3590 3564 3675; baseline -0.011 -15"><span class='ocrx_word' id='word_1_662' title='bbox 1991 3603 2355 3675; x_wconf 88' lang='lat' dir='ltr'><strong>percipimus,</strong></span> <span class='ocrx_word' id='word_1_663' title='bbox 2404 3609 2463 3656; x_wconf 93' lang='lat' dir='ltr'><strong>ut</strong></span> <span class='ocrx_word' id='word_1_664' title='bbox 2512 3607 2715 3655; x_wconf 91' lang='lat' dir='ltr'><strong>remota</strong></span> <span class='ocrx_word' id='word_1_665' title='bbox 2764 3599 2959 3664; x_wconf 82' lang='lat' dir='ltr'><strong>umbra</strong></span> <span class='ocrx_word' id='word_1_666' title='bbox 3002 3598 3145 3650; x_wconf 88' lang='lat' dir='ltr'><strong>nuda</strong></span> <span class='ocrx_word' id='word_1_667' title='bbox 3198 3607 3386 3648; x_wconf 84' lang='lat' dir='ltr'><strong>eorum</strong></span> <span class='ocrx_word' id='word_1_668' title='bbox 3445 3590 3564 3643; x_wconf 86' lang='lat' dir='ltr'><strong>luce</strong></span> 
     </span>
    </p>
   </div>
   <div class='ocr_carea' id='block_1_87' title="bbox 1991 3679 3569 3751">
    <p class='ocr_par' dir='ltr' id='par_1_87' title="bbox 1991 3679 3569 3751">
     <span class='ocr_line' id='line_1_87' title="bbox 1991 3679 3569 3751; baseline -0.011 -3"><span class='ocrx_word' id='word_1_669' title='bbox 1991 3696 2314 3751; x_wconf 88' lang='lat' dir='ltr'><strong>frueremur.</strong></span> <span class='ocrx_word' id='word_1_670' title='bbox 2346 3692 2478 3746; x_wconf 80' lang='lat' dir='ltr'><strong>Nam</strong></span> <span class='ocrx_word' id='word_1_671' title='bbox 2505 3699 2561 3745; x_wconf 92' lang='lat' dir='ltr'><strong>et</strong></span> <span class='ocrx_word' id='word_1_672' title='bbox 2582 3688 2835 3745; x_wconf 84' lang='lat' dir='ltr'><strong>exuendo</strong></span> <span class='ocrx_word' id='word_1_673' title='bbox 2860 3693 3101 3741; x_wconf 86' lang='lat' dir='ltr'><strong>veterem</strong></span> <span class='ocrx_word' id='word_1_674' title='bbox 3136 3682 3407 3737; x_wconf 86' lang='lat' dir='ltr'><strong>hominem</strong></span> <span class='ocrx_word' id='word_1_675' title='bbox 3458 3679 3569 3733; x_wconf 68' lang='lat' dir='ltr'><strong>cin-</strong></span> 
     </span>
    </p>
   </div>
   <div class='ocr_carea' id='block_1_88' title="bbox 1994 3780 3564 3859">
    <p class='ocr_par' dir='ltr' id='par_1_88' title="bbox 1994 3780 3564 3859">
     <span class='ocr_line' id='line_1_88' title="bbox 1994 3780 3564 3859; baseline -0.011 -9"><span class='ocrx_word' id='word_1_676' title='bbox 1994 3794 2349 3852; x_wconf 87' lang='lat' dir='ltr'><strong>cumcidimur</strong></span> <span class='ocrx_word' id='word_1_677' title='bbox 2398 3791 2452 3845; x_wconf 91' lang='lat' dir='ltr'><strong>in</strong></span> <span class='ocrx_word' id='word_1_678' title='bbox 2502 3788 2892 3859; x_wconf 81' lang='lat' dir='ltr'><strong>exspoliatione</strong></span> <span class='ocrx_word' id='word_1_679' title='bbox 2938 3782 3183 3853; x_wconf 83' lang='lat' dir='ltr'><strong>corporis</strong></span> <span class='ocrx_word' id='word_1_680' title='bbox 3229 3780 3410 3836; x_wconf 90' lang='lat' dir='ltr'><strong>carnis</strong></span> <span class='ocrx_word' id='word_1_681' title='bbox 3438 3819 3453 3845; x_wconf 97' lang='lat'><strong>,</strong></span> <span class='ocrx_word' id='word_1_682' title='bbox 3508 3788 3564 3832; x_wconf 87' lang='lat' dir='ltr'><strong>et</strong></span> 
     </span>
    </p>
   </div>
   <div class='ocr_carea' id='block_1_89' title="bbox 1993 3868 3565 3953">
    <p class='ocr_par' dir='ltr' id='par_1_89' title="bbox 1993 3868 3565 3953">
     <span class='ocr_line' id='line_1_89' title="bbox 1993 3868 3565 3953; baseline -0.01 -19"><span class='ocrx_word' id='word_1_683' title='bbox 1993 3896 2129 3953; x_wconf 86' lang='lat' dir='ltr'><strong>quos</strong></span> <span class='ocrx_word' id='word_1_684' title='bbox 2157 3879 2307 3934; x_wconf 83' lang='lat' dir='ltr'><strong>cibos</strong></span> <span class='ocrx_word' id='word_1_685' title='bbox 2349 3877 2428 3932; x_wconf 90' lang='lat' dir='ltr'><strong>illi</strong></span> <span class='ocrx_word' id='word_1_686' title='bbox 2468 3884 2651 3931; x_wconf 86' lang='lat' dir='ltr'><strong>vetant</strong></span> <span class='ocrx_word' id='word_1_687' title='bbox 2700 3874 2757 3929; x_wconf 91' lang='lat' dir='ltr'><strong>in</strong></span> <span class='ocrx_word' id='word_1_688' title='bbox 2786 3871 3094 3944; x_wconf 87' lang='lat' dir='ltr'><strong>pecoribus,</strong></span> <span class='ocrx_word' id='word_1_689' title='bbox 3121 3884 3220 3924; x_wconf 91' lang='lat' dir='ltr'><strong>nos</strong></span> <span class='ocrx_word' id='word_1_690' title='bbox 3246 3868 3482 3922; x_wconf 86' lang='lat' dir='ltr'><strong>vitamus</strong></span> <span class='ocrx_word' id='word_1_691' title='bbox 3514 3868 3565 3919; x_wconf 91' lang='lat' dir='ltr'><strong>in</strong></span> 
     </span>
    </p>
   </div>
   <div class='ocr_carea' id='block_1_90' title="bbox 1995 3957 3567 4034">
    <p class='ocr_par' dir='ltr' id='par_1_90' title="bbox 1995 3957 3567 4034">
     <span class='ocr_line' id='line_1_90' title="bbox 1995 3957 3567 4034; baseline -0.011 -7"><span class='ocrx_word' id='word_1_692' title='bbox 1995 3971 2260 4034; x_wconf 87' lang='lat' dir='ltr'><strong>moribus,</strong></span> <span class='ocrx_word' id='word_1_693' title='bbox 2307 3975 2360 4023; x_wconf 92' lang='lat' dir='ltr'><strong>et</strong></span> <span class='ocrx_word' id='word_1_694' title='bbox 2384 3965 2703 4022; x_wconf 77' lang='lat' dir='ltr'><strong>exhibemus</strong></span> <span class='ocrx_word' id='word_1_695' title='bbox 2746 3976 2975 4034; x_wconf 86' lang='lat' dir='ltr'><strong>corpora</strong></span> <span class='ocrx_word' id='word_1_696' title='bbox 3004 3967 3193 4016; x_wconf 89' lang='lat' dir='ltr'><strong>nostra</strong></span> <span class='ocrx_word' id='word_1_697' title='bbox 3226 3959 3458 4015; x_wconf 88' lang='lat' dir='ltr'><strong>hostiam</strong></span> <span class='ocrx_word' id='word_1_698' title='bbox 3488 3957 3567 4010; x_wconf 87' lang='lat' dir='ltr'><strong>vi-</strong></span> 
     </span>
    </p>
   </div>
   <div class='ocr_carea' id='block_1_91' title="bbox 1993 4050 3569 4129">
    <p class='ocr_par' dir='ltr' id='par_1_91' title="bbox 1993 4050 3569 4129">
     <span class='ocr_line' id='line_1_91' title="bbox 1993 4050 3569 4129; baseline -0.009 -11"><span class='ocrx_word' id='word_1_699' title='bbox 1993 4076 2139 4129; x_wconf 89' lang='lat' dir='ltr'><strong>vam,</strong></span> <span class='ocrx_word' id='word_1_700' title='bbox 2170 4068 2433 4126; x_wconf 87' lang='lat' dir='ltr'><strong>sanctam,</strong></span> <span class='ocrx_word' id='word_1_701' title='bbox 2462 4060 2572 4115; x_wconf 86' lang='lat' dir='ltr'><strong>Deo</strong></span> <span class='ocrx_word' id='word_1_702' title='bbox 2617 4056 2940 4128; x_wconf 86' lang='lat' dir='ltr'><strong>placentem,</strong></span> <span class='ocrx_word' id='word_1_703' title='bbox 2974 4052 3064 4108; x_wconf 91' lang='lat' dir='ltr'><strong>cui</strong></span> <span class='ocrx_word' id='word_1_704' title='bbox 3109 4060 3164 4107; x_wconf 92' lang='lat' dir='ltr'><strong>et</strong></span> <span class='ocrx_word' id='word_1_705' title='bbox 3214 4050 3425 4106; x_wconf 89' lang='lat' dir='ltr'><strong>animas</strong></span> <span class='ocrx_word' id='word_1_706' title='bbox 3472 4064 3569 4104; x_wconf 55' lang='lat' dir='ltr'><strong>no.</strong></span> 
     </span>
    </p>
   </div>
   <div class='ocr_carea' id='block_1_92' title="bbox 1995 4139 3570 4215">
    <p class='ocr_par' dir='ltr' id='par_1_92' title="bbox 1995 4139 3570 4215">
     <span class='ocr_line' id='line_1_92' title="bbox 1995 4139 3570 4215; baseline -0.011 -6"><span class='ocrx_word' id='word_1_707' title='bbox 1995 4160 2136 4209; x_wconf 84' lang='lat' dir='ltr'><strong>stras</strong></span> <span class='ocrx_word' id='word_1_708' title='bbox 2188 4152 2241 4206; x_wconf 90' lang='lat' dir='ltr'><strong>in</strong></span> <span class='ocrx_word' id='word_1_709' title='bbox 2278 4148 2562 4206; x_wconf 87' lang='lat' dir='ltr'><strong>desideriis</strong></span> <span class='ocrx_word' id='word_1_710' title='bbox 2604 4146 2715 4203; x_wconf 88' lang='lat' dir='ltr'><strong>suis</strong></span> <span class='ocrx_word' id='word_1_711' title='bbox 2758 4160 2860 4215; x_wconf 87' lang='lat' dir='ltr'><strong>pro</strong></span> <span class='ocrx_word' id='word_1_712' title='bbox 2905 4139 3570 4214; x_wconf 28' lang='lat' dir='ltr'><strong>sanguinewintelligenter</strong></span> 
     </span>
    </p>
   </div>
   <div class='ocr_carea' id='block_1_93' title="bbox 1996 4228 3573 4305">
    <p class='ocr_par' dir='ltr' id='par_1_93' title="bbox 1996 4228 3573 4305">
     <span class='ocr_line' id='line_1_93' title="bbox 1996 4228 3573 4305; baseline -0.011 -7"><span class='ocrx_word' id='word_1_713' title='bbox 1996 4241 2344 4305; x_wconf 72' lang='lat' dir='ltr'><strong>effundimus,</strong></span> <span class='ocrx_word' id='word_1_714' title='bbox 2390 4246 2447 4293; x_wconf 88' lang='lat' dir='ltr'><strong>et</strong></span> <span class='ocrx_word' id='word_1_715' title='bbox 2471 4236 2674 4292; x_wconf 85' lang='lat' dir='ltr'><strong>Christi</strong></span> <span class='ocrx_word' id='word_1_716' title='bbox 2715 4234 2863 4290; x_wconf 81' lang='lat' dir='ltr'><strong>velut</strong></span> <span class='ocrx_word' id='word_1_717' title='bbox 2886 4228 3401 4304; x_wconf 71' lang='lat' dir='ltr'><strong>Agniimmaculati</strong></span> <span class='ocrx_word' id='word_1_718' title='bbox 3447 4243 3573 4283; x_wconf 83' lang='lat' dir='ltr'><strong>san-</strong></span> 
     </span>
    </p>
   </div>
   <div class='ocr_carea' id='block_1_94' title="bbox 1999 4319 3573 4404">
    <p class='ocr_par' dir='ltr' id='par_1_94' title="bbox 1999 4319 3573 4404">
     <span class='ocr_line' id='line_1_94' title="bbox 1999 4319 3573 4404; baseline -0.01 -18"><span class='ocrx_word' id='word_1_719' title='bbox 1999 4332 2159 4404; x_wconf 87' lang='lat' dir='ltr'><strong>guine</strong></span> <span class='ocrx_word' id='word_1_720' title='bbox 2202 4330 2271 4384; x_wconf 87' lang='lat' dir='ltr'><strong>ab</strong></span> <span class='ocrx_word' id='word_1_721' title='bbox 2316 4328 2463 4383; x_wconf 90' lang='lat' dir='ltr'><strong>omni</strong></span> <span class='ocrx_word' id='word_1_722' title='bbox 2510 4325 2790 4396; x_wconf 88' lang='lat' dir='ltr'><strong>iniquitate</strong></span> <span class='ocrx_word' id='word_1_723' title='bbox 2838 4322 3183 4388; x_wconf 90' lang='lat' dir='ltr'><strong>mundamur,</strong></span> <span class='ocrx_word' id='word_1_724' title='bbox 3233 4319 3326 4389; x_wconf 93' lang='lat' dir='ltr'><strong>qui</strong></span> <span class='ocrx_word' id='word_1_725' title='bbox 3351 4327 3573 4388; x_wconf 88' lang='lat' dir='ltr'><strong>propter</strong></span> 
     </span>
    </p>
   </div>
   <div class='ocr_carea' id='block_1_95' title="bbox 1998 4407 3571 4485">
    <p class='ocr_par' dir='ltr' id='par_1_95' title="bbox 1998 4407 3571 4485">
     <span class='ocr_line' id='line_1_95' title="bbox 1998 4407 3571 4485; baseline -0.011 -8"><span class='ocrx_word' id='word_1_726' title='bbox 1998 4419 2400 4482; x_wconf 83' lang='lat' dir='ltr'><strong>similitudinem</strong></span> <span class='ocrx_word' id='word_1_727' title='bbox 2432 4416 2613 4473; x_wconf 83' lang='lat' dir='ltr'><strong>carnis</strong></span> <span class='ocrx_word' id='word_1_728' title='bbox 2629 4413 2834 4485; x_wconf 86' lang='lat' dir='ltr'><strong>peccati</strong></span> <span class='ocrx_word' id='word_1_729' title='bbox 2862 4412 3025 4467; x_wconf 89' lang='lat' dir='ltr'><strong>etiam</strong></span> <span class='ocrx_word' id='word_1_730' title='bbox 3049 4409 3271 4481; x_wconf 87' lang='lat' dir='ltr'><strong>caprino</strong></span> <span class='ocrx_word' id='word_1_731' title='bbox 3293 4407 3571 4478; x_wconf 81' lang='lat' dir='ltr'><strong>pecorein</strong></span> 
     </span>
    </p>
   </div>
   <div class='ocr_carea' id='block_1_96' title="bbox 2001 4496 3569 4575">
    <p class='ocr_par' dir='ltr' id='par_1_96' title="bbox 2001 4496 3569 4575">
     <span class='ocr_line' id='line_1_96' title="bbox 2001 4496 3569 4575; baseline -0.013 -7"><span class='ocrx_word' id='word_1_732' title='bbox 2001 4512 2276 4568; x_wconf 88' lang='lat' dir='ltr'><strong>veteribus</strong></span> <span class='ocrx_word' id='word_1_733' title='bbox 2319 4507 2602 4563; x_wconf 88' lang='lat' dir='ltr'><strong>sacriﬁciis</strong></span> <span class='ocrx_word' id='word_1_734' title='bbox 2651 4505 2934 4575; x_wconf 84' lang='lat' dir='ltr'><strong>ﬁguratur,</strong></span> <span class='ocrx_word' id='word_1_735' title='bbox 2985 4516 3088 4557; x_wconf 92' lang='lat' dir='ltr'><strong>nec</strong></span> <span class='ocrx_word' id='word_1_736' title='bbox 3137 4514 3259 4555; x_wconf 92' lang='lat' dir='ltr'><strong>eum</strong></span> <span class='ocrx_word' id='word_1_737' title='bbox 3307 4504 3466 4567; x_wconf 88' lang='lat' dir='ltr'><strong>negat</strong></span> <span class='ocrx_word' id='word_1_738' title='bbox 3506 4496 3569 4575; x_wconf 79' lang='lat' dir='ltr'><strong>in</strong></span> 
     </span>
    </p>
   </div>
   <div class='ocr_carea' id='block_1_97' title="bbox 1998 4572 3571 4663">
    <p class='ocr_par' dir='ltr' id='par_1_97' title="bbox 1998 4572 3571 4663">
     <span class='ocr_line' id='line_1_97' title="bbox 1998 4572 3571 4663; baseline -0.013 -6"><span class='ocrx_word' id='word_1_739' title='bbox 1998 4600 2176 4657; x_wconf 91' lang='lat' dir='ltr'><strong>erucis</strong></span> <span class='ocrx_word' id='word_1_740' title='bbox 2203 4598 2460 4653; x_wconf 88' lang='lat' dir='ltr'><strong>carnibus</strong></span> <span class='ocrx_word' id='word_1_741' title='bbox 2493 4605 2731 4660; x_wconf 89' lang='lat' dir='ltr'><strong>taurum,</strong></span> <span class='ocrx_word' id='word_1_742' title='bbox 2759 4593 2851 4663; x_wconf 89' lang='lat' dir='ltr'><strong>qui</strong></span> <span class='ocrx_word' id='word_1_743' title='bbox 2879 4592 2931 4645; x_wconf 89' lang='lat' dir='ltr'><strong>in</strong></span> <span class='ocrx_word' id='word_1_744' title='bbox 2962 4591 3055 4645; x_wconf 87' lang='lat' dir='ltr'><strong>illo</strong></span> <span class='ocrx_word' id='word_1_745' title='bbox 3072 4585 3363 4657; x_wconf 84' lang='lat' dir='ltr'><strong>cognoscit</strong></span> <span class='ocrx_word' id='word_1_746' title='bbox 3402 4572 3571 4638; x_wconf 55' lang='lat' dir='ltr'><strong>niani—</strong></span> 
     </span>
    </p>
   </div>
   <div class='ocr_carea' id='block_1_98' title="bbox 1998 4676 3568 4752">
    <p class='ocr_par' dir='ltr' id='par_1_98' title="bbox 1998 4676 3568 4752">
     <span class='ocr_line' id='line_1_98' title="bbox 1998 4676 3568 4752; baseline -0.01 -5"><span class='ocrx_word' id='word_1_747' title='bbox 1998 4706 2142 4747; x_wconf 91' lang='lat' dir='ltr'><strong>mam</strong></span> <span class='ocrx_word' id='word_1_748' title='bbox 2189 4689 2487 4744; x_wconf 88' lang='lat' dir='ltr'><strong>victimam.</strong></span> <span class='ocrx_word' id='word_1_749' title='bbox 2540 4686 2598 4740; x_wconf 89' lang='lat' dir='ltr'><strong>lu</strong></span> <span class='ocrx_word' id='word_1_750' title='bbox 2650 4685 2745 4739; x_wconf 88' lang='lat' dir='ltr'><strong>illo</strong></span> <span class='ocrx_word' id='word_1_751' title='bbox 2792 4682 3031 4752; x_wconf 87' lang='lat' dir='ltr'><strong>requiem</strong></span> <span class='ocrx_word' id='word_1_752' title='bbox 3076 4693 3199 4734; x_wconf 91' lang='lat' dir='ltr'><strong>cum</strong></span> <span class='ocrx_word' id='word_1_753' title='bbox 3246 4676 3568 4739; x_wconf 86' lang='lat' dir='ltr'><strong>invenimus,</strong></span> 
     </span>
    </p>
   </div>
   <div class='ocr_carea' id='block_1_99' title="bbox 1999 4765 3572 4840">
    <p class='ocr_par' dir='ltr' id='par_1_99' title="bbox 1999 4765 3572 4840">
     <span class='ocr_line' id='line_1_99' title="bbox 1999 4765 3572 4840; baseline -0.01 -5"><span class='ocrx_word' id='word_1_754' title='bbox 1999 4794 2128 4835; x_wconf 90' lang='lat' dir='ltr'><strong>vere</strong></span> <span class='ocrx_word' id='word_1_755' title='bbox 2180 4776 2602 4840; x_wconf 83' lang='lat' dir='ltr'><strong>sabbatizamus,</strong></span> <span class='ocrx_word' id='word_1_756' title='bbox 2652 4783 2707 4829; x_wconf 90' lang='lat' dir='ltr'><strong>et</strong></span> <span class='ocrx_word' id='word_1_757' title='bbox 2753 4775 2891 4827; x_wconf 66' lang='lat' dir='ltr'><strong>luna:</strong></span> <span class='ocrx_word' id='word_1_758' title='bbox 2924 4784 3076 4825; x_wconf 72' lang='lat' dir='ltr'><strong>novre</strong></span> <span class='ocrx_word' id='word_1_759' title='bbox 3112 4766 3422 4823; x_wconf 86' lang='lat' dir='ltr'><strong>observatio</strong></span> <span class='ocrx_word' id='word_1_760' title='bbox 3449 4765 3572 4820; x_wconf 67' lang='lat' dir='ltr'><strong>vitae</strong></span> 
     </span>
    </p>
   </div>
   <div class='ocr_carea' id='block_1_100' title="bbox 2004 4854 3573 4930">
    <p class='ocr_par' dir='ltr' id='par_1_100' title="bbox 2004 4854 3573 4930">
     <span class='ocr_line' id='line_1_100' title="bbox 2004 4854 3573 4930; baseline -0.01 -6"><span class='ocrx_word' id='word_1_761' title='bbox 2004 4884 2156 4924; x_wconf 86' lang='lat' dir='ltr'><strong>novae</strong></span> <span class='ocrx_word' id='word_1_762' title='bbox 2183 4875 2268 4923; x_wconf 89' lang='lat' dir='ltr'><strong>est</strong></span> <span class='ocrx_word' id='word_1_763' title='bbox 2311 4865 2687 4926; x_wconf 88' lang='lat' dir='ltr'><strong>sanctiﬁcatio,</strong></span> <span class='ocrx_word' id='word_1_764' title='bbox 2719 4870 2773 4917; x_wconf 90' lang='lat' dir='ltr'><strong>et</strong></span> <span class='ocrx_word' id='word_1_765' title='bbox 2798 4860 2996 4930; x_wconf 89' lang='lat' dir='ltr'><strong>pascha</strong></span> <span class='ocrx_word' id='word_1_766' title='bbox 3044 4865 3286 4913; x_wconf 85' lang='lat' dir='ltr'><strong>nostrum</strong></span> <span class='ocrx_word' id='word_1_767' title='bbox 3312 4864 3398 4911; x_wconf 90' lang='lat' dir='ltr'><strong>est</strong></span> <span class='ocrx_word' id='word_1_768' title='bbox 3423 4854 3573 4911; x_wconf 87' lang='lat' dir='ltr'><strong>Chri-</strong></span> 
     </span>
    </p>
   </div>
   <div class='ocr_carea' id='block_1_101' title="bbox 2004 4946 3570 5028">
    <p class='ocr_par' dir='ltr' id='par_1_101' title="bbox 2004 4946 3570 5028">
     <span class='ocr_line' id='line_1_101' title="bbox 2004 4946 3570 5028; baseline -0.011 -12"><span class='ocrx_word' id='word_1_769' title='bbox 2004 4969 2139 5024; x_wconf 89' lang='lat' dir='ltr'><strong>stus,</strong></span> <span class='ocrx_word' id='word_1_770' title='bbox 2170 4968 2225 5014; x_wconf 91' lang='lat' dir='ltr'><strong>et</strong></span> <span class='ocrx_word' id='word_1_771' title='bbox 2251 4973 2474 5028; x_wconf 88' lang='lat' dir='ltr'><strong>azymus</strong></span> <span class='ocrx_word' id='word_1_772' title='bbox 2503 4964 2688 5010; x_wconf 89' lang='lat' dir='ltr'><strong>noster</strong></span> <span class='ocrx_word' id='word_1_773' title='bbox 2715 4950 3001 5006; x_wconf 88' lang='lat' dir='ltr'><strong>sinceritas</strong></span> <span class='ocrx_word' id='word_1_774' title='bbox 3046 4948 3310 5013; x_wconf 85' lang='lat' dir='ltr'><strong>veritatis,</strong></span> <span class='ocrx_word' id='word_1_775' title='bbox 3338 4946 3570 5002; x_wconf 84' lang='lat' dir='ltr'><strong>fermen-</strong></span> 
     </span>
    </p>
   </div>
   <div class='ocr_carea' id='block_1_102' title="bbox 334 5036 3570 5122">
    <p class='ocr_par' dir='ltr' id='par_1_102' title="bbox 334 5036 3570 5122">
     <span class='ocr_line' id='line_1_102' title="bbox 334 5036 3570 5122; baseline -0.005 -18"><span class='ocrx_word' id='word_1_776' title='bbox 334 5048 735 5115; x_wconf 82' lang='lat' dir='ltr'><strong>Humiliavitse,</strong></span> <span class='ocrx_word' id='word_1_777' title='bbox 761 5051 932 5120; x_wconf 79' lang='lat' dir='ltr'><strong>[actus</strong></span> <span class='ocrx_word' id='word_1_778' title='bbox 953 5051 1192 5106; x_wconf 86' lang='lat' dir='ltr'><strong>obediens</strong></span> <span class='ocrx_word' id='word_1_779' title='bbox 1231 5067 1391 5122; x_wconf 79' lang='lat' dir='ltr'><strong>usque</strong></span> <span class='ocrx_word' id='word_1_780' title='bbox 1411 5052 1478 5105; x_wconf 90' lang='lat' dir='ltr'><strong>ad</strong></span> <span class='ocrx_word' id='word_1_781' title='bbox 1498 5061 1732 5118; x_wconf 88' lang='lat' dir='ltr'><strong>mortem,</strong></span> <span class='ocrx_word' id='word_1_782' title='bbox 1764 5067 1903 5105; x_wconf 86' lang='lat' dir='ltr'><strong>mor-</strong></span> <span class='ocrx_word' id='word_1_783' title='bbox 2005 5059 2119 5105; x_wconf 89' lang='lat' dir='ltr'><strong>tum</strong></span> <span class='ocrx_word' id='word_1_784' title='bbox 2160 5064 2267 5103; x_wconf 88' lang='lat' dir='ltr'><strong>non</strong></span> <span class='ocrx_word' id='word_1_785' title='bbox 2298 5049 2503 5102; x_wconf 88' lang='lat' dir='ltr'><strong>habens</strong></span> <span class='ocrx_word' id='word_1_786' title='bbox 2531 5040 2844 5106; x_wconf 88' lang='lat' dir='ltr'><strong>vetustatis;</strong></span> <span class='ocrx_word' id='word_1_787' title='bbox 2887 5049 2943 5095; x_wconf 92' lang='lat' dir='ltr'><strong>et</strong></span> <span class='ocrx_word' id='word_1_788' title='bbox 2969 5053 3300 5110; x_wconf 87' lang='lat' dir='ltr'><strong>quaecunque</strong></span> <span class='ocrx_word' id='word_1_789' title='bbox 3327 5038 3430 5092; x_wconf 88' lang='lat' dir='ltr'><strong>alia</strong></span> <span class='ocrx_word' id='word_1_790' title='bbox 3467 5036 3570 5090; x_wconf 89' lang='lat' dir='ltr'><strong>illis</strong></span> 
     </span>
    </p>
   </div>
   <div class='ocr_carea' id='block_1_103' title="bbox 333 5140 1903 5210">
    <p class='ocr_par' dir='ltr' id='par_1_103' title="bbox 333 5140 1903 5210">
     <span class='ocr_line' id='line_1_103' title="bbox 333 5140 1903 5210; baseline 0 -17"><span class='ocrx_word' id='word_1_791' title='bbox 333 5148 437 5193; x_wconf 85' lang='lat' dir='ltr'><strong>tem</strong></span> <span class='ocrx_word' id='word_1_792' title='bbox 469 5149 642 5193; x_wconf 85' lang='lat' dir='ltr'><strong>autem</strong></span> <span class='ocrx_word' id='word_1_793' title='bbox 684 5143 878 5207; x_wconf 84' lang='lat' dir='ltr'><strong>crucis,</strong></span> <span class='ocrx_word' id='word_1_794' title='bbox 903 5150 960 5196; x_wconf 95' lang='lat' dir='ltr'><strong>ut</strong></span> <span class='ocrx_word' id='word_1_795' title='bbox 989 5141 1100 5210; x_wconf 82' lang='lat' dir='ltr'><strong>jam</strong></span> <span class='ocrx_word' id='word_1_796' title='bbox 1127 5140 1193 5196; x_wconf 91' lang='lat' dir='ltr'><strong>de</strong></span> <span class='ocrx_word' id='word_1_797' title='bbox 1220 5155 1384 5196; x_wconf 88' lang='lat' dir='ltr'><strong>cruce</strong></span> <span class='ocrx_word' id='word_1_798' title='bbox 1426 5142 1903 5196; x_wconf 89' lang='lat' dir='ltr'><strong>commendaretur</strong></span> 
     </span>
    </p>
   </div>
   <div class='ocr_carea' id='block_1_104' title="bbox 334 5225 1807 5301">
    <p class='ocr_par' dir='ltr' id='par_1_104' title="bbox 334 5225 1807 5301">
     <span class='ocr_line' id='line_1_104' title="bbox 334 5225 1807 5301; baseline 0.001 -21"><span class='ocrx_word' id='word_1_799' title='bbox 334 5225 492 5281; x_wconf 89' lang='lat' dir='ltr'><strong>nobis</strong></span> <span class='ocrx_word' id='word_1_800' title='bbox 516 5241 642 5282; x_wconf 87' lang='lat' dir='ltr'><strong>caro</strong></span> <span class='ocrx_word' id='word_1_801' title='bbox 668 5238 724 5287; x_wconf 84' lang='lat' dir='ltr'><strong>et</strong></span> <span class='ocrx_word' id='word_1_802' title='bbox 750 5230 966 5301; x_wconf 86' lang='lat' dir='ltr'><strong>sanguis</strong></span> <span class='ocrx_word' id='word_1_803' title='bbox 994 5230 1206 5285; x_wconf 88' lang='lat' dir='ltr'><strong>Domini</strong></span> <span class='ocrx_word' id='word_1_804' title='bbox 1236 5243 1434 5284; x_wconf 90' lang='lat' dir='ltr'><strong>novum</strong></span> <span class='ocrx_word' id='word_1_805' title='bbox 1464 5227 1807 5284; x_wconf 88' lang='lat' dir='ltr'><strong>sacriﬁcium.</strong></span> 
     </span>
    </p>
   </div>
   <div class='ocr_carea' id='block_1_105' title="bbox 402 5316 1899 5391">
    <p class='ocr_par' dir='ltr' id='par_1_105' title="bbox 402 5316 1899 5391">
     <span class='ocr_line' id='line_1_105' title="bbox 402 5316 1899 5391; baseline 0.003 -22"><span class='ocrx_word' id='word_1_806' title='bbox 402 5316 458 5369; x_wconf 71' lang='grc'><strong>4.</strong></span> <span class='ocrx_word' id='word_1_807' title='bbox 513 5318 670 5385; x_wconf 78' lang='lat' dir='ltr'><strong>(Anc.</strong></span> <span class='ocrx_word' id='word_1_808' title='bbox 702 5318 757 5373; x_wconf 85' lang='lat' dir='ltr'><strong>in</strong></span> <span class='ocrx_word' id='word_1_809' title='bbox 794 5317 943 5373; x_wconf 86' lang='lat' dir='ltr'><strong>Psal.</strong></span> <span class='ocrx_word' id='word_1_810' title='bbox 988 5336 1132 5389; x_wconf 75' lang='lat' dir='ltr'><strong>utv,</strong></span> <span class='ocrx_word' id='word_1_811' title='bbox 1159 5319 1236 5391; x_wconf 84' lang='lat' dir='ltr'><strong>l.)</strong></span> <span class='ocrx_word' id='word_1_812' title='bbox 1279 5318 1397 5390; x_wconf 87' lang='lat' dir='ltr'><strong>Ipse</strong></span> <span class='ocrx_word' id='word_1_813' title='bbox 1440 5334 1571 5389; x_wconf 89' lang='lat' dir='ltr'><strong>ergo</strong></span> <span class='ocrx_word' id='word_1_814' title='bbox 1613 5333 1645 5372; x_wconf 93' lang='lat' dir='ltr'><strong>a</strong></span> <span class='ocrx_word' id='word_1_815' title='bbox 1672 5318 1899 5374; x_wconf 85' lang='lat' dir='ltr'><strong>Domino</strong></span> 
     </span>
    </p>
   </div>
   <div class='ocr_carea' id='block_1_106' title="bbox 336 5407 1900 5481">
    <p class='ocr_par' dir='ltr' id='par_1_106' title="bbox 336 5407 1900 5481">
     <span class='ocr_line' id='line_1_106' title="bbox 336 5407 1900 5481; baseline 0.001 -18"><span class='ocrx_word' id='word_1_816' title='bbox 336 5407 447 5463; x_wconf 83' lang='lat' dir='ltr'><strong>Deo</strong></span> <span class='ocrx_word' id='word_1_817' title='bbox 477 5408 674 5464; x_wconf 88' lang='lat' dir='ltr'><strong>missus</strong></span> <span class='ocrx_word' id='word_1_818' title='bbox 701 5412 954 5466; x_wconf 86' lang='lat' dir='ltr'><strong>sacerdos</strong></span> <span class='ocrx_word' id='word_1_819' title='bbox 978 5419 1180 5477; x_wconf 90' lang='lat' dir='ltr'><strong>noster,</strong></span> <span class='ocrx_word' id='word_1_820' title='bbox 1208 5411 1501 5481; x_wconf 88' lang='lat' dir='ltr'><strong>assumpsit</strong></span> <span class='ocrx_word' id='word_1_821' title='bbox 1525 5425 1555 5465; x_wconf 90' lang='lat' dir='ltr'><strong>a</strong></span> <span class='ocrx_word' id='word_1_822' title='bbox 1589 5411 1742 5466; x_wconf 89' lang='lat' dir='ltr'><strong>nobis</strong></span> <span class='ocrx_word' id='word_1_823' title='bbox 1770 5410 1900 5480; x_wconf 88' lang='lat' dir='ltr'><strong>quid</strong></span> 
     </span>
    </p>
   </div>
   <div class='ocr_carea' id='block_1_107' title="bbox 333 5494 1900 5571">
    <p class='ocr_par' dir='ltr' id='par_1_107' title="bbox 333 5494 1900 5571">
     <span class='ocr_line' id='line_1_107' title="bbox 333 5494 1900 5571; baseline 0.004 -22"><span class='ocrx_word' id='word_1_824' title='bbox 333 5494 553 5551; x_wconf 71' lang='lat' dir='ltr'><strong>oﬂ‘erret</strong></span> <span class='ocrx_word' id='word_1_825' title='bbox 579 5498 706 5553; x_wconf 87' lang='lat' dir='ltr'><strong>Deo.</strong></span> <span class='ocrx_word' id='word_1_826' title='bbox 755 5499 878 5557; x_wconf 86' lang='lat' dir='ltr'><strong>Illas</strong></span> <span class='ocrx_word' id='word_1_827' title='bbox 903 5512 1119 5557; x_wconf 87' lang='lat' dir='ltr'><strong>sanctas</strong></span> <span class='ocrx_word' id='word_1_828' title='bbox 1146 5501 1415 5571; x_wconf 90' lang='lat' dir='ltr'><strong>primitias</strong></span> <span class='ocrx_word' id='word_1_829' title='bbox 1444 5501 1623 5557; x_wconf 85' lang='lat' dir='ltr'><strong>carnis</strong></span> <span class='ocrx_word' id='word_1_830' title='bbox 1648 5515 1714 5556; x_wconf 81' lang='lat' dir='ltr'><strong>ex</strong></span> <span class='ocrx_word' id='word_1_831' title='bbox 1746 5508 1900 5556; x_wconf 85' lang='lat' dir='ltr'><strong>utero</strong></span> 
     </span>
    </p>
   </div>
   <div class='ocr_carea' id='block_1_108' title="bbox 336 5584 1899 5658">
    <p class='ocr_par' dir='ltr' id='par_1_108' title="bbox 336 5584 1899 5658">
     <span class='ocr_line' id='line_1_108' title="bbox 336 5584 1899 5658; baseline 0.003 -18"><span class='ocrx_word' id='word_1_832' title='bbox 336 5584 573 5658; x_wconf 65' lang='lat' dir='ltr'><strong>Virginis</strong></span> <span class='ocrx_word' id='word_1_833' title='bbox 603 5589 975 5645; x_wconf 88' lang='lat' dir='ltr'><strong>holocaustum</strong></span> <span class='ocrx_word' id='word_1_834' title='bbox 1023 5592 1218 5647; x_wconf 90' lang='lat' dir='ltr'><strong>obtulit</strong></span> <span class='ocrx_word' id='word_1_835' title='bbox 1245 5592 1392 5647; x_wconf 90' lang='lat' dir='ltr'><strong>Deo:</strong></span> <span class='ocrx_word' id='word_1_836' title='bbox 1424 5593 1665 5647; x_wconf 76' lang='lat' dir='ltr'><strong>extendit</strong></span> <span class='ocrx_word' id='word_1_837' title='bbox 1712 5607 1899 5647; x_wconf 88' lang='lat' dir='ltr'><strong>manus</strong></span> 
     </span>
    </p>
   </div>
   <div class='ocr_carea' id='block_1_109' title="bbox 2002 5128 3643 5201">
    <p class='ocr_par' dir='ltr' id='par_1_109' title="bbox 2002 5128 3643 5201">
     <span class='ocr_line' id='line_1_109' title="bbox 2002 5128 3643 5201; baseline -0.012 -6"><span class='ocrx_word' id='word_1_838' title='bbox 2002 5139 2278 5195; x_wconf 87' lang='lat' dir='ltr'><strong>veteribus</strong></span> <span class='ocrx_word' id='word_1_839' title='bbox 2321 5136 2639 5192; x_wconf 85' lang='lat' dir='ltr'><strong>adumbrata</strong></span> <span class='ocrx_word' id='word_1_840' title='bbox 2687 5139 2813 5187; x_wconf 91' lang='lat' dir='ltr'><strong>sunt</strong></span> <span class='ocrx_word' id='word_1_841' title='bbox 2849 5130 3042 5201; x_wconf 85' lang='lat' dir='ltr'><strong>signis,</strong></span> <span class='ocrx_word' id='word_1_842' title='bbox 3074 5129 3129 5184; x_wconf 92' lang='lat' dir='ltr'><strong>in</strong></span> <span class='ocrx_word' id='word_1_843' title='bbox 3160 5130 3263 5184; x_wconf 91' lang='lat' dir='ltr'><strong>isto</strong></span> <span class='ocrx_word' id='word_1_844' title='bbox 3287 5129 3487 5184; x_wconf 85' lang='lat' dir='ltr'><strong>habent</strong></span> <span class='ocrx_word' id='word_1_845' title='bbox 3516 5128 3572 5178; x_wconf 85' lang='lat' dir='ltr'><strong>ﬁ-</strong></span> <span class='ocrx_word' id='word_1_846' title='bbox 3639 5166 3643 5171; x_wconf 80' lang='lat'><strong>.</strong></span> 
     </span>
    </p>
   </div>
   <div class='ocr_carea' id='block_1_110' title="bbox 2006 5215 3570 5295">
    <p class='ocr_par' dir='ltr' id='par_1_110' title="bbox 2006 5215 3570 5295">
     <span class='ocr_line' id='line_1_110' title="bbox 2006 5215 3570 5295; baseline -0.011 -11"><span class='ocrx_word' id='word_1_847' title='bbox 2006 5244 2148 5294; x_wconf 90' lang='lat' dir='ltr'><strong>nem,</strong></span> <span class='ocrx_word' id='word_1_848' title='bbox 2174 5226 2327 5295; x_wconf 87' lang='lat' dir='ltr'><strong>cujus</strong></span> <span class='ocrx_word' id='word_1_849' title='bbox 2357 5224 2505 5292; x_wconf 87' lang='lat' dir='ltr'><strong>regni</strong></span> <span class='ocrx_word' id='word_1_850' title='bbox 2531 5237 2638 5276; x_wconf 89' lang='lat' dir='ltr'><strong>non</strong></span> <span class='ocrx_word' id='word_1_851' title='bbox 2664 5220 2937 5276; x_wconf 83' lang='lat' dir='ltr'><strong>eritﬁnis.</strong></span> <span class='ocrx_word' id='word_1_852' title='bbox 2966 5219 3022 5275; x_wconf 89' lang='lat' dir='ltr'><strong>lu</strong></span> <span class='ocrx_word' id='word_1_853' title='bbox 3050 5219 3141 5274; x_wconf 90' lang='lat' dir='ltr'><strong>illo</strong></span> <span class='ocrx_word' id='word_1_854' title='bbox 3169 5218 3363 5288; x_wconf 91' lang='lat' dir='ltr'><strong>quippe</strong></span> <span class='ocrx_word' id='word_1_855' title='bbox 3389 5215 3570 5270; x_wconf 82' lang='lat' dir='ltr'><strong>omnia</strong></span> 
     </span>
    </p>
   </div>
   <div class='ocr_carea' id='block_1_111' title="bbox 2006 5309 3569 5388">
    <p class='ocr_par' dir='ltr' id='par_1_111' title="bbox 2006 5309 3569 5388">
     <span class='ocr_line' id='line_1_111' title="bbox 2006 5309 3569 5388; baseline -0.01 -15"><span class='ocrx_word' id='word_1_856' title='bbox 2006 5316 2286 5388; x_wconf 91' lang='lat' dir='ltr'><strong>oportebat</strong></span> <span class='ocrx_word' id='word_1_857' title='bbox 2314 5312 2544 5382; x_wconf 89' lang='lat' dir='ltr'><strong>impleri,</strong></span> <span class='ocrx_word' id='word_1_858' title='bbox 2574 5310 2665 5380; x_wconf 89' lang='lat' dir='ltr'><strong>qui</strong></span> <span class='ocrx_word' id='word_1_859' title='bbox 2688 5310 2837 5365; x_wconf 89' lang='lat' dir='ltr'><strong>venit</strong></span> <span class='ocrx_word' id='word_1_860' title='bbox 2865 5310 3034 5381; x_wconf 87' lang='lat' dir='ltr'><strong>legem</strong></span> <span class='ocrx_word' id='word_1_861' title='bbox 3062 5318 3118 5364; x_wconf 91' lang='lat' dir='ltr'><strong>et</strong></span> <span class='ocrx_word' id='word_1_862' title='bbox 3144 5309 3431 5378; x_wconf 86' lang='lat' dir='ltr'><strong>prophetas</strong></span> <span class='ocrx_word' id='word_1_863' title='bbox 3460 5322 3569 5360; x_wconf 87' lang='lat' dir='ltr'><strong>non</strong></span> 
     </span>
    </p>
   </div>
   <div class='ocr_carea' id='block_1_112' title="bbox 2007 5398 3571 5472">
    <p class='ocr_par' dir='ltr' id='par_1_112' title="bbox 2007 5398 3571 5472">
     <span class='ocr_line' id='line_1_112' title="bbox 2007 5398 3571 5472; baseline -0.01 -9"><span class='ocrx_word' id='word_1_864' title='bbox 2007 5408 2233 5472; x_wconf 86' lang='lat' dir='ltr'><strong>solvere,</strong></span> <span class='ocrx_word' id='word_1_865' title='bbox 2265 5404 2360 5459; x_wconf 89' lang='lat' dir='ltr'><strong>sed</strong></span> <span class='ocrx_word' id='word_1_866' title='bbox 2394 5401 2638 5472; x_wconf 87' lang='lat' dir='ltr'><strong>implere.</strong></span> <span class='ocrx_word' id='word_1_867' title='bbox 2692 5401 2923 5458; x_wconf 87' lang='lat' dir='ltr'><strong>Proinde</strong></span> <span class='ocrx_word' id='word_1_868' title='bbox 2973 5398 3063 5454; x_wconf 89' lang='lat' dir='ltr'><strong>illa</strong></span> <span class='ocrx_word' id='word_1_869' title='bbox 3091 5407 3274 5453; x_wconf 89' lang='lat' dir='ltr'><strong>vetera</strong></span> <span class='ocrx_word' id='word_1_870' title='bbox 3299 5398 3451 5468; x_wconf 85' lang='lat' dir='ltr'><strong>signa</strong></span> <span class='ocrx_word' id='word_1_871' title='bbox 3487 5411 3571 5449; x_wconf 87' lang='lat' dir='ltr'><strong>re-</strong></span> 
     </span>
    </p>
   </div>
   <div class='ocr_carea' id='block_1_113' title="bbox 2008 5487 3565 5565">
    <p class='ocr_par' dir='ltr' id='par_1_113' title="bbox 2008 5487 3565 5565">
     <span class='ocr_line' id='line_1_113' title="bbox 2008 5487 3565 5565; baseline -0.01 -11"><span class='ocrx_word' id='word_1_872' title='bbox 2008 5515 2125 5554; x_wconf 89' lang='lat' dir='ltr'><strong>rum</strong></span> <span class='ocrx_word' id='word_1_873' title='bbox 2153 5512 2257 5551; x_wconf 92' lang='lat' dir='ltr'><strong>non</strong></span> <span class='ocrx_word' id='word_1_874' title='bbox 2279 5494 2559 5550; x_wconf 88' lang='lat' dir='ltr'><strong>evacuavit</strong></span> <span class='ocrx_word' id='word_1_875' title='bbox 2582 5494 2878 5565; x_wconf 87' lang='lat' dir='ltr'><strong>arguendo,</strong></span> <span class='ocrx_word' id='word_1_876' title='bbox 2905 5493 2999 5547; x_wconf 91' lang='lat' dir='ltr'><strong>sed</strong></span> <span class='ocrx_word' id='word_1_877' title='bbox 3028 5490 3297 5560; x_wconf 89' lang='lat' dir='ltr'><strong>implendo</strong></span> <span class='ocrx_word' id='word_1_878' title='bbox 3323 5487 3565 5547; x_wconf 89' lang='lat' dir='ltr'><strong>mutavit,</strong></span> 
     </span>
    </p>
   </div>
   <div class='ocr_carea' id='block_1_114' title="bbox 2007 5579 3572 5657">
    <p class='ocr_par' dir='ltr' id='par_1_114' title="bbox 2007 5579 3572 5657">
     <span class='ocr_line' id='line_1_114' title="bbox 2007 5579 3572 5657; baseline -0.01 -13"><span class='ocrx_word' id='word_1_879' title='bbox 2007 5597 2065 5644; x_wconf 91' lang='lat' dir='ltr'><strong>ut</strong></span> <span class='ocrx_word' id='word_1_880' title='bbox 2092 5589 2195 5643; x_wconf 87' lang='lat' dir='ltr'><strong>alia</strong></span> <span class='ocrx_word' id='word_1_881' title='bbox 2224 5594 2401 5643; x_wconf 89' lang='lat' dir='ltr'><strong>essent</strong></span> <span class='ocrx_word' id='word_1_882' title='bbox 2425 5603 2542 5657; x_wconf 63' lang='lat' dir='ltr'><strong>qua:</strong></span> <span class='ocrx_word' id='word_1_883' title='bbox 2572 5586 2883 5642; x_wconf 79' lang='lat' dir='ltr'><strong>nuntiaran</strong></span> <span class='ocrx_word' id='word_1_884' title='bbox 2908 5580 3245 5650; x_wconf 85' lang='lat' dir='ltr'><strong>venissejam</strong></span> <span class='ocrx_word' id='word_1_885' title='bbox 3273 5579 3572 5642; x_wconf 85' lang='lat' dir='ltr'><strong>Christum,</strong></span> 
     </span>
    </p>
   </div>
   <div class='ocr_carea' id='block_1_115' title="bbox 405 5701 2543 5777">
    <p class='ocr_par' dir='ltr' id='par_1_115' title="bbox 405 5701 2543 5777">
     <span class='ocr_line' id='line_1_115' title="bbox 405 5701 2543 5777; baseline 0.004 -22"><span class='ocrx_word' id='word_1_886' title='bbox 405 5714 434 5744; x_wconf 69' lang='grc' dir='ltr'>α</span> <span class='ocrx_word' id='word_1_887' title='bbox 472 5701 622 5771; x_wconf 81' lang='lat' dir='ltr'><strong>Apud</strong></span> <span class='ocrx_word' id='word_1_888' title='bbox 652 5703 1003 5775; x_wconf 81' lang='lat' dir='ltr'><strong>Augustinum</strong></span> <span class='ocrx_word' id='word_1_889' title='bbox 1057 5717 1102 5761; x_wconf 79' lang='lat' dir='ltr'><strong>et</strong></span> <span class='ocrx_word' id='word_1_890' title='bbox 1133 5724 1223 5777; x_wconf 80' lang='lat' dir='ltr'><strong>per</strong></span> <span class='ocrx_word' id='word_1_891' title='bbox 1261 5706 1602 5761; x_wconf 72' lang='lat' dir='ltr'><strong>humilitatem</strong></span> <span class='ocrx_word' id='word_1_892' title='bbox 1649 5705 1892 5759; x_wconf 38' lang='lat' dir='ltr'><strong>mamilla,</strong></span> <span class='ocrx_word' id='word_1_893' title='bbox 1933 5714 1977 5754; x_wconf 78' lang='lat' dir='ltr'><strong>et</strong></span> <span class='ocrx_word' id='word_1_894' title='bbox 2002 5702 2151 5753; x_wconf 78' lang='lat' dir='ltr'><strong>lactis</strong></span> <span class='ocrx_word' id='word_1_895' title='bbox 2176 5716 2405 5764; x_wconf 75' lang='lat' dir='ltr'><strong>succum.</strong></span> <span class='ocrx_word' id='word_1_896' title='bbox 2440 5709 2543 5755; x_wconf 73' lang='grc' dir='ltr'><strong>ρία-</strong></span> 
     </span>
    </p>
   </div>
  </div>
