4050 6302
489 285 556 340 19
819 342 822 344 ν
1263 297 1310 334 ι

1583 289 1790 346 FLORI
1831 290 2104 348 DIACONI
2143 290 2627 348 LUGDUNENSIS
3670 301 3757 357 20

485 408 648 464 quam
687 391 904 448 fuerant
948 393 1036 450 illa
1080 411 1201 466 qum
1243 401 1676 468 praenuntiabant
1722 416 1842 460 esse
1868 410 2057 458 ventu-
2084 404 2131 463 A
2160 403 2389 459 nitentia
2418 403 2620 473 quaevis
2666 404 2734 459 ab
2776 403 2866 473 illo
2896 404 3157 474 institutae
3207 406 3288 462 rei
3331 405 3592 479 cujusque
3625 427 3755 467 mu-

483 499 625 550 rum.
656 482 921 550 Quoniam
971 499 1102 557 ergo
1149 487 1290 543 sicut
1331 490 1590 560 scriptum
1627 500 1711 547 est
1755 492 1808 546 in
1836 492 2059 548 Cantico

485 574 841 637 canticorum,
872 575 1124 644 aspiravit
1149 577 1259 631 dies
1288 575 1464 648 (Cant.
1495 594 1555 645 ιι,
1582 579 1693 650 l7),
1745 578 2060 637 removeano

486 675 578 722 tur
622 667 874 732 umbrae;
927 667 1226 738 spiritualis
1281 668 1602 740 signiﬁcatio
1641 671 1753 742 jam
1799 671 2057 739 lucescat,

486 758 720 814 carnalis
744 758 1037 815 celebratio
1049 759 1162 830 jam
1185 761 1447 831 quiescat,
1469 763 1750 820 audiamus
1770 763 2058 822 Dominum

483 858 670 905 vetera
698 847 1007 906 Judreorum
1037 850 1304 906 sacriﬁcia
1352 854 1750 922 repudiantem,
1780 864 1834 910 et
1860 871 2057 913 novum

484 938 684 1006 Christi
733 939 1060 996 sacriﬁcium
1123 941 1462 1011 apertissime
1508 945 1912 1014 promittentem
1965 961 2060 1017 per

485 1028 804 1084 Malachiam
833 1029 1148 1100 prophetam
1178 1031 1487 1088 dicentem:
1525 1032 1648 1089 Non
1688 1045 1762 1092 est
1803 1036 1932 1090 mihi
1971 1053 2059 1092 uo-

485 1120 664 1175 luntas
696 1121 751 1175 in
783 1122 942 1186 vobis,
979 1121 1107 1177 dicit
1131 1121 1416 1192 Dominus,
1459 1135 1508 1180 et
1534 1143 1723 1181 munus
1758 1143 1865 1181 non
1890 1129 2059 1182 susci-

485 1211 629 1280 piam
659 1210 723 1265 de
763 1227 924 1264 manu
963 1221 1156 1267 uestra.
1199 1213 1277 1268 Ab
1307 1224 1425 1269 ortu
1451 1215 1588 1270 enim
1632 1215 1756 1271 solis
1793 1234 1954 1284 usque
1989 1219 2060 1274 ad

490 1310 733 1349 occasum
758 1311 1003 1365 magnum
1026 1305 1102 1350 est
1141 1313 1328 1354 nomen
1365 1316 1536 1354 meum
1563 1301 1617 1354 in
1656 1303 1909 1371 gentibus,
1935 1306 2060 1360 etin

488 1385 628 1444 omni
667 1385 779 1439 loco
811 1387 1162 1455 sacriﬁcatur,
1189 1397 1236 1442 et
1257 1390 1477 1458 oﬂ'ertur
1499 1392 1695 1448 nomini
1725 1409 1838 1448 meo
1865 1393 2060 1450 oblatio

485 1478 704 1542 munda,
741 1478 866 1549 quia
911 1493 1098 1533 nomen
1134 1495 1304 1533 meum
1335 1497 1582 1551 magnum
1609 1492 1684 1536 est
1717 1483 1770 1536 in
1801 1483 2057 1556 gentibus,

485 1569 613 1623 dicit
642 1568 900 1624 Dominus
933 1571 1257 1626 exercituum
1294 1571 1550 1642 (Malach.
1580 1590 1620 1640 ι,
1649 1575 1757 1645 l0).
1782 1576 1941 1632 Certe
1973 1578 2060 1633 hic

487 1674 686 1730 negare
723 1669 826 1714 non
853 1669 1078 1731 possunt
1106 1660 1297 1728 Judzci,
1336 1678 1441 1719 non
1473 1664 1646 1720 solum
1676 1681 1782 1721 non
1813 1668 2060 1738 accipere

2164 494 2316 559 talio,
2352 508 2474 562 qua:
2515 492 2833 550 credebatur
2873 508 2994 552 esse
3039 510 3318 562 mansura,
3349 509 3574 566 promue
3618 515 3751 558 cum

2161 583 2288 638 dicit
2312 600 2413 654 non
2441 585 2697 655 pqmitebit
2724 602 2878 643 eum:
2904 585 2980 653 Tu
3007 603 3061 642 es
3098 588 3343 643 sacerdos
3386 590 3443 643 in
3490 601 3753 648 wternum

2158 675 2442 730 secundum
2471 674 2706 730 ordinent
2753 675 3155 750 Melchisedech,
3202 679 3336 734 satis
3365 681 3753 750 ostenditeutn

2158 762 2495 832 pmnituisse,
2526 763 2628 818 hoc
2669 773 2753 820 est
2787 748 2910 820 eum
2956 756 3167 822 mutare
3206 766 3444 826 voluisse
3494 748 3742 825 sacerdo-
3779 748 3806 786 ’I’

2160 853 2317 924 tium,
2345 853 2487 924 quod
2521 854 2879 922 constituerat
2921 856 3219 917 secundum
3262 857 3506 912 ordinem
3536 858 3748 926 Aaron,

2159 944 2298 1000 sicut
2323 943 2388 1000 de
2412 952 2641 1016 utroque
2669 945 2916 1002 videmus
2955 945 3254 1017 impletum.
3300 947 3435 1006 Nam
3477 958 3532 1004 et
3561 948 3750 1006 Aaron

2160 1033 2520 1104 sacerdotium
2563 1033 2676 1103 jam
2727 1033 2932 1106 nullum
2975 1043 3060 1090 est
3102 1035 3157 1089 in
3207 1034 3388 1106 aliquo
3420 1037 3642 1108 templo,
3689 1048 3751 1096 et

2160 1124 2364 1194 Christi
2408 1124 2773 1190 sacerdotium
2816 1136 3077 1180 aeternum
3123 1136 3438 1196 perseverat
3484 1128 3542 1182 in
3584 1128 3746 1187 caelo.

2162 1213 2318 1281 Hunc
2373 1213 2709 1271 sacerdotem
2773 1221 2829 1279 et
2879 1215 2981 1270 hoc
3043 1214 3404 1281 sacerdotium
3461 1217 3752 1286 magniﬁce

2162 1303 2505 1359 commendat
2531 1303 2824 1374 apostolus,
2856 1319 2978 1358 cum
3021 1303 3250 1376 gratiam
3289 1304 3565 1374 Evangelii
3592 1322 3623 1361 a
3654 1323 3748 1363 re-

2162 1396 2373 1467 galibus
2400 1395 2737 1450 caeremoniis
2759 1396 3114 1466 distinguens,
3152 1396 3344 1452 scribit
3365 1396 3430 1460 ad
3456 1395 3742 1453 Hebraeos:

2162 1485 2232 1540 Et
2271 1485 2364 1540 alii
2386 1485 2595 1556 quidem
2628 1485 2802 1556 plures
2827 1486 2954 1556 facti
2977 1495 3099 1540 sunt
3141 1486 3463 1553 sacerdotes,
3502 1503 3562 1540 eo
3602 1488 3746 1558 quod

2164 1589 2335 1632 morte
2381 1577 2778 1648 prohiberentur
2819 1593 3164 1649 permanere;
3193 1577 3276 1631 hic
3301 1587 3473 1632 autem
3508 1594 3567 1632 eo
3606 1578 3749 1647 quod

2162 1675 2372 1721 maneat
2399 1667 2451 1721 in
2481 1675 2754 1734 aeternum,
2785 1669 3153 1738 sempiternum
3174 1666 3322 1720 habet
3349 1668 3705 1723 sacerdotium
3726 1684 3747 1724 :

485 1752 810 1808 sacriﬁcium
839 1753 904 1807 de
931 1753 1181 1808 manibus
1207 1769 1415 1820 eorum,
1440 1756 1535 1810 sed
1561 1771 1662 1812 nec
1689 1772 1748 1812 se
1774 1758 1846 1811 illi
1869 1757 2063 1814 ollerrc
2091 1748 2140 1809 Β
2168 1760 2306 1816 unde
2334 1769 2381 1815 et
2414 1759 2618 1819 salvare
2647 1761 2702 1815 in
2726 1771 3030 1831 perpetuum
3054 1769 3242 1830 potest,
3278 1760 3528 1816 accedens
3553 1779 3646 1832 per
3673 1778 3750 1817 se-

484 1843 738 1897 manihus
794 1842 927 1896 suis.
975 1841 1150 1897 Locus
1195 1845 1338 1898 enim
1383 1859 1521 1902 unus
1559 1853 1643 1901 est
1687 1846 1805 1917 lege
1848 1847 2059 1903 Domini

485 1931 832 1997 constitutus,
864 1930 956 1986 ubi
986 1930 1234 1988 manibus
1265 1947 1453 1989 eorum
1481 1934 1746 1990 sacriﬁcia
1789 1936 1952 2006 jussit
1975 1936 2061 1995 0f-

485 2018 652 2085 ferre,
680 2029 878 2090 praeter
899 2035 1057 2092 quem
1097 2020 1273 2078 locum
1303 2024 1527 2080 omnino
1557 2026 1859 2095 prohibuit.
1907 2027 2060 2086 Hunc

489 2124 621 2180 ergo
654 2109 832 2165 locum
848 2105 1014 2179 quem
1046 2126 1145 2180 pro
1176 2112 1290 2168 suis
1323 2113 1531 2170 meritis
1555 2115 1874 2182 amiserunt,
1895 2117 2061 2173 etiam

485 2200 821 2257 sacriﬁcium
845 2189 988 2271 Quod
1016 2199 1091 2256 ibi
1123 2208 1332 2257 tantum
1370 2201 1567 2259 licebat
1600 2202 1786 2259 oll‘erri
1827 2205 1880 2259 in
1929 2205 2063 2262 locis

488 2290 612 2346 aliis
635 2289 830 2348 oﬁ‘erre
875 2305 982 2346 non
1023 2291 1240 2346 audent.
1272 2292 1413 2348 Ecce
1441 2293 1754 2350 omnimodo
1784 2295 2062 2365 impletum

485 2389 590 2446 est,
619 2381 760 2452 quod
790 2381 866 2436 ait
890 2382 1172 2453 propheta,
1207 2380 1274 2436 Et
1303 2399 1494 2444 munus
1531 2399 1637 2438 non
1677 2385 1962 2455 suscipiam
2000 2386 2065 2442 de

488 2471 731 2526 manibus
758 2461 955 2526 vestris.
1001 2470 1185 2541 Neque
1210 2472 1314 2527 hoc
1349 2472 1422 2526 ita
1453 2473 1765 2544 praedictum
1797 2483 1853 2529 et
1879 2474 2066 2544 imple-

489 2571 602 2618 tum
628 2571 735 2629 est,
763 2572 824 2618 ut
842 2579 936 2620 eos
960 2564 1272 2635 prophetica
1305 2565 1571 2620 sententia
1602 2566 1928 2635 respondere
1944 2583 2067 2638 per-

489 2653 687 2707 mittat.
717 2651 851 2718 Quia
877 2653 1126 2708 manibus
1165 2668 1271 2710 non
1320 2651 1596 2719 oll‘erimus
1634 2671 1874 2725 carnem,
1906 2656 2068 2718 corde

487 2753 544 2802 et
569 2760 664 2802 ore
687 2745 966 2803 oﬁ‘erimus
989 2746 1226 2814 laudem,
1258 2749 1554 2805 secundum
1586 2748 1716 2804 illud
1745 2750 1799 2804 in
1820 2751 2064 2821 psalmo:

488 2835 714 2891 Immola
743 2836 838 2891 Dei
864 2837 1187 2906 sacriﬁcium
1211 2838 1386 2895 laudis
1399 2840 1558 2896 etiam
1589 2838 1759 2908 (Psal.
1778 2843 2066 2915 xum“),

492 2925 621 2980 hinc
657 2925 800 2980 enim
847 2925 1170 2981 contradicit
1213 2927 1292 2983 eis
1331 2929 1420 2998 qui
1457 2929 1630 2984 dicit:
1664 2928 1789 2991 Non
1825 2941 1901 2985 est
1941 2933 2070 2986 mihi

490 3018 730 3072 voluntas
759 3034 874 3072 mea
899 3018 951 3072 in
981 3019 1139 3073 vobis.
1168 3019 1369 3075 Deinde
1410 3035 1478 3075 ne
1524 3021 1836 3076 existiment
1873 3019 2064 3090 Iudaei,

493 3108 634 3177 quod
666 3107 770 3163 illis
792 3121 898 3164 non
923 3105 1294 3171 oﬁ‘erentibus,
1314 3124 1415 3169 nec
1434 3109 1526 3166 illo
1545 3109 1844 3178 accipiente
1871 3112 1936 3168 de
1957 3085 2070 3167 ma;
2097 3085 2141 3147 C

499 3202 662 3258 nibus
708 3215 894 3256 eorum
933 3199 1075 3266 Deo,
1115 3200 1441 3258 sacriﬁcium
1480 3217 1586 3258 non
1622 3200 1911 3269 oﬁ‘eratur,
1964 3220 2070 3274 quo

496 3292 716 3363 quidem
760 3291 849 3347 ille
893 3305 1001 3348 non
1031 3298 1174 3362 eget,
1204 3292 1296 3362 qui
1326 3292 1588 3358 bonorum
1617 3301 1923 3360 nostrorum
1953 3295 2072 3362 nul,-

497 3383 604 3439 lius
631 3383 865 3454 indiget:
891 3391 1068 3438 tamen
1094 3384 1218 3452 quia
1246 3383 1363 3438 sine
1388 3384 1656 3440 sacriﬁcio
1675 3400 1781 3439 non
1806 3394 1908 3451 est,
1928 3386 2071 3456 quod

503 3488 609 3527 non
635 3473 733 3539 illi,
763 3473 856 3528 sed
883 3472 1038 3528 nobis
1056 3473 1185 3539 utile
1207 3483 1313 3538 est,
1339 3475 1560 3530 audiant
1589 3476 1760 3546 ipsum
1788 3477 2070 3532 Dominum

496 3569 894 3617 contestantem
921 3602 935 3627 ,
1009 3562 1118 3616 imo
1169 3563 1414 3633 aperiant
1458 3563 1646 3620 oculos
1691 3572 1746 3620 et
1806 3565 2068 3631 videant,

497 3653 623 3720 quia
659 3652 722 3707 ab
752 3662 868 3708 ortu
912 3651 1038 3707 solis
1077 3669 1238 3724 usque
1279 3653 1351 3707 ad
1389 3669 1650 3721 occasum,
1694 3669 1802 3710 non
1851 3653 1904 3708 in
1939 3669 2069 3719 uno,

496 3742 639 3797 sicut
680 3742 732 3796 in
763 3742 867 3798 illis
909 3741 1086 3798 fuerat
1117 3743 1486 3810 constitutum,
1525 3745 1622 3800 sed
1669 3745 1726 3798 in
1773 3745 1914 3798 omni
1959 3741 2071 3799 loco

497 3829 724 3886 oﬁcrtur
749 3830 1074 3886 sacriﬁcium
1103 3830 1556 3900 Christianorum,
1576 3847 1674 3894 nec
1696 3833 1915 3890 cuilibet
1940 3834 2069 3901 Deo,

495 3922 590 3978 sed
628 3923 678 3976 ei
719 3922 810 3990 qui
847 3923 947 3976 ista
989 3922 1237 3991 prmdixit
1263 3923 1373 3979 Deo
1398 3924 1582 3978 Israel.
1615 3923 1763 3979 Unde
1796 3925 1920 3978 alibi
1945 3924 2075 3980 dicit

496 4011 751 4067 Ecclesim
775 4026 884 4066 suae
908 4025 922 4064 :
950 4010 1016 4065 Et
1043 4009 1353 4084 Redemptor
1382 4023 1503 4070 tuus
1533 4011 1672 4066 Deus
1697 4012 1890 4078 Israel,
1929 4013 2071 4067 Deus

495 4103 756 4156 universa:
793 4111 946 4157 terra
989 4103 1254 4166 vocabitur
1281 4103 1424 4174 (lsa.
1459 4118 1567 4169 LIV,
1607 4102 1693 4173 5).
1726 4102 1838 4158 Hoc
1863 4105 2071 4158 sacriﬁ-

497 4191 641 4246 cium
661 4190 916 4244 numdum
955 4189 1180 4246 oll‘ertur
1208 4191 1319 4256 Deo
1339 4190 1524 4257 Israel,
1556 4207 1662 4246 non
1688 4192 1756 4247 ab
1791 4207 1894 4246 una
1917 4201 2076 4261 gente

493 4281 823 4345 Judaeorum,
865 4280 930 4335 de
975 4280 1127 4350 cujus
1168 4281 1418 4336 manibus
1466 4297 1572 4336 non
1625 4295 1683 4336 se
1730 4291 2074 4352 accepturum

492 4371 762 4441 praedixit,
809 4371 904 4427 sed
958 4371 1026 4427 ab
1071 4372 1322 4428 omnibus
1372 4374 1641 4442 gentibus,
1681 4390 1802 4444 qua:
1845 4369 2070 4430 dicant:

509 4459 706 4524 Venite,
739 4459 1084 4521 ascendamus
1109 4461 1176 4515 ad
1219 4449 1442 4520 montem
1471 4461 1703 4526 Domini,
1740 4479 1840 4518 nec
1878 4463 1930 4517 in
1961 4481 2069 4522 uno

498 4549 618 4607 loco
644 4551 781 4607 sicut
805 4559 1129 4620 praeceptum
1150 4559 1268 4605 erat
1293 4550 1345 4604 in
1378 4558 1589 4606 terrena
1614 4550 1944 4618 Jerusalem;
1977 4555 2071 4610 sed

499 4642 552 4696 in
581 4641 728 4696 omni
760 4641 879 4696 loco
910 4655 1081 4711 usque
1111 4641 1164 4695 in
1189 4641 1358 4711 ipsam
1384 4639 1709 4710 Jerusalem;
1753 4657 1853 4700 nec
1880 4657 2070 4698 secun-

497 4734 624 4787 dum
646 4732 889 4787 ordinem
915 4733 1118 4798 Aaron,
1140 4733 1232 4788 scd
1259 4732 1555 4786 secundum
1579 4733 1823 4788 ordinem
1854 4733 2071 4790 Melchi-

495 4821 710 4878 sedech.
741 4821 962 4878 Christo
983 4823 1126 4878 enim
1167 4823 1369 4880 dictum
1395 4829 1501 4888 est,
1529 4830 1583 4876 et
1613 4823 1679 4878 de
1714 4823 1934 4878 Christo
1959 4832 2073 4878 lan-

494 4914 772 4968 tummodo
815 4921 940 4968 ante
979 4913 1295 4983 praedictum
1323 4921 1441 4968 est:
1475 4912 1682 4968 Juravit
1714 4912 1972 4978 Dominus
2027 4924 2076 4969 et

495 5022 598 5060 non
638 5004 899 5074 pwnitebit
928 5021 1045 5058 eum
1079 5018 1096 5056 .'
1134 5004 1213 5057 Tu
1251 5021 1303 5059 es
1331 5003 1575 5060 sacerdos
1619 5003 1672 5057 in
1714 5013 1967 5058 retentum
1991 5021 2076 5059 se-

495 5097 724 5152 cundum
769 5097 1004 5152 Ordinem
1032 5094 1408 5150 Melchisedech
1441 5093 1623 5166 (Psal.
1659 5111 1768 5160 cxx,
1797 5095 1886 5166 4).
1937 5096 2076 5162 Quid

495 5197 582 5245 est
629 5187 831 5258 juravit
869 5185 1145 5251 Dominus,
1181 5185 1284 5240 nisi
1333 5185 1654 5240 inconcussa
1707 5185 1934 5240 veritate
1986 5185 2078 5242 ﬁr-

495 5277 704 5332 mavit?
729 5277 798 5331 Et
829 5275 957 5346 quid
988 5283 1074 5330 est
1102 5291 1203 5329 non
1239 5276 1498 5344 paenitebit
1540 5291 1684 5340 eum,
1724 5274 1827 5329 nisi
1857 5274 1959 5330 hoc
1987 5289 2076 5329 sa-

497 5369 798 5424 cerdotium
827 5367 971 5422 nulla
1016 5367 1120 5421 alia
1163 5367 1373 5422 ratione
1413 5366 1686 5421 mutabit?
1715 5379 1889 5435 neque
1932 5365 2075 5420 enim

497 5461 636 5515 sicut
668 5459 940 5516 hominem
987 5458 1213 5530 paenitet
1259 5459 1450 5524 Deum,
1481 5459 1576 5513 sed
1605 5458 1700 5514 Dei
1739 5458 1935 5514 dicitur
1958 5470 2074 5528 poc-

570 5581 595 5609 ο
623 5569 680 5624 ld
730 5579 812 5625 est
861 5569 1287 5627 conﬁrmationis
1339 5581 1738 5626 sacramentum
1783 5589 1797 5626 :
1840 5571 1979 5626 unde
2025 5577 2079 5625 et

501 5639 641 5709 apud
689 5639 904 5696 Graecos
949 5641 1230 5712 episcopus
1277 5640 1606 5700 conﬁrmans
1658 5642 1795 5696 hanc
1862 5641 2078 5699 adhibet

2163 1853 2438 1919 metipsum
2458 1852 2527 1904 ad
2555 1851 2744 1917 Deum,
2771 1868 2973 1921 semper
2997 1852 3168 1906 rivens
3209 1852 3278 1904 ad
3308 1852 3749 1922 interpellandum

2163 1957 2258 2012 pro
2278 1942 2374 1996 eis.
2402 1939 2546 1996 Talis
2576 1940 2786 1998 decebat
2817 1949 2874 1994 ut
2896 1941 3043 2005 nobis
3069 1949 3201 1994 esset
3223 1941 3480 2010 pontifex,
3512 1951 3745 2006 sanctus,

2163 2031 2435 2096 innocens,
2474 2029 2797 2100 impollutus,
2847 2023 3146 2100 segregatus
3194 2046 3225 2084 a
3271 2029 3657 2103 peccatoribus,
3695 2044 3747 2087 et

2163 2121 2417 2177 excelsior
2447 2120 2588 2175 caelis
2636 2121 2828 2191 factus,
2871 2122 2960 2192 qui
3001 2137 3104 2175 non
3139 2121 3350 2174 haberet
3376 2122 3608 2188 quotidie
3653 2138 3748 2176 ne—

2166 2213 2474 2276 cessitatem,
2505 2211 2941 2283 quemadmodum
2978 2212 3293 2275 sacerdotes,
3321 2227 3490 2280 primo
3520 2227 3615 2279 pro
3638 2212 3752 2266 suis

2166 2303 2389 2372 peccatis
2415 2303 2613 2356 hostias
2638 2301 2845 2370 o/ferre,
2875 2301 3063 2355 deinde
3097 2317 3190 2370 pro
3212 2299 3410 2370 populi.
3453 2299 3569 2353 Hoc
3607 2301 3750 2354 enim

2168 2394 2287 2462 fecit
2310 2391 2465 2450 semel
2483 2391 2709 2463 seipsum
2745 2391 3008 2461 o/ferendo
3048 2389 3232 2463 (Hebr.
3263 2406 3358 2453 vn,
3382 2388 3505 2459 28).
3535 2390 3599 2443 Et
3642 2390 3743 2445 ite-

2168 2497 2288 2537 rum
2327 2499 2341 2536 :
2393 2480 2569 2536 Talem
2615 2480 2863 2543 habemus
2906 2480 3237 2550 pontificem,
3274 2479 3364 2549 qui
3406 2480 3638 2549 consedit
3678 2479 3750 2533 ad

2168 2573 2407 2627 dextram
2440 2569 2730 2641 majestatis
2776 2571 2831 2624 in
2873 2570 3034 2635 cretis,
3073 2577 3375 2623 sanctorum
3420 2567 3658 2622 minister
3697 2577 3751 2632 et

2169 2662 2492 2718 tabernaculi
2513 2663 2617 2720 veri
2631 2663 2768 2734 quod
2790 2661 2909 2732 fecit
2933 2661 3072 2716 Deus
3091 2671 3139 2715 et
3163 2661 3318 2715 homo
3334 2659 3520 2733 (Hebr.
3532 2675 3653 2726 vm,
3671 2659 3748 2728 1).

2174 2751 2359 2808 Sancti
2388 2767 2519 2822 ergo
2539 2760 2722 2822 patres
2750 2751 2918 2806 nostri
2951 2750 3004 2805 in
3053 2749 3234 2807 Veteri
3279 2749 3624 2804 Testamento
3653 2748 3750 2802 uni

2173 2845 2283 2900 Deo
2308 2851 2365 2899 et
2395 2842 2639 2899 Creatori
2679 2843 2919 2898 omnium
2957 2841 3205 2896 victimas
3237 2839 3572 2906 obtulerunt,
3610 2851 3750 2907 quas

2173 2934 2275 3003 sibi
2306 2933 2420 3004 ipse
2447 2931 2628 2988 oﬁ‘erri
2655 2932 2840 2997 voluit,
2866 2946 2963 3002 per
2987 2946 3173 2987 earum
3201 2929 3604 2985 similitudinem
3628 2940 3751 2996 pro-

2177 3025 2397 3078 mittens
2426 3023 2701 3078 victimam
2722 3037 2925 3085 veram,
2959 3036 3058 3092 per
3095 3037 3254 3091 quam
3287 3036 3386 3076 nos
3411 3019 3512 3076 sibi
3550 3033 3748 3090 pecca-

2175 3121 2354 3171 torum
2383 3111 2702 3167 remissione
2737 3111 3104 3166 reconciliavit
3133 3112 3187 3165 in
3215 3110 3433 3165 Christo
3469 3109 3594 3172 Jesu
3637 3107 3745 3162 Do-

2174 3205 2323 3261 mino
2353 3211 2562 3268 nostro,
2586 3210 2648 3256 ut
2686 3202 2736 3256 ei
2762 3200 3048 3256 oﬁ'erretur
3069 3199 3381 3263 similitudo,
3425 3197 3750 3266 promittens

2174 3298 2458 3354 veritatem
2509 3293 2782 3360 sacriﬁcii,
2812 3294 2900 3349 cui
2926 3302 3045 3349 erat
3078 3292 3346 3348 olferenda
3385 3289 3498 3348 ipsa
3531 3291 3741 3345 reddita

2175 3385 2375 3440 veritas
2422 3385 2476 3438 in
2524 3383 2773 3454 passione
2825 3381 3068 3451 corporis
3111 3388 3166 3435 et
3200 3382 3474 3448 sanguinis
3519 3376 3745 3432 Christi.

2174 3479 2344 3548 llujus
2394 3475 2646 3532 sacriﬁcii
2705 3489 2832 3530 caro
2882 3483 2940 3528 et
2996 3473 3215 3544 sanguis
3270 3479 3396 3526 ante
3456 3471 3747 3525 adventum

2174 3565 2374 3622 Christi
2404 3579 2502 3634 per
2532 3563 2784 3624 victimas,
2830 3561 3182 3617 similitudine
3227 3559 3660 3630 promittebatur,
3693 3557 3748 3612 in

2173 3655 2423 3727 passione
2471 3652 2670 3710 Christi
2711 3667 2809 3722 per
2845 3652 3014 3722 ipsam
3062 3652 3347 3714 veritatem
3403 3648 3749 3713 reddebatur,

2173 3756 2299 3816 post
2347 3759 2630 3801 ascensum
2675 3742 2875 3799 Christi
2913 3758 3013 3813 per
3055 3747 3452 3798 sacramentum
3484 3738 3747 3792 memoria

2174 3835 2504 3898 celebratur.
2537 3835 2768 3891 Proinde
2808 3835 2981 3904 prima
3010 3837 3368 3892 sacramenta,
3414 3842 3536 3897 qute
3566 3826 3754 3882 obser-

2174 3936 2373 3984 vantur
2395 3937 2448 3982 et
2478 3927 2821 3982 celebrantur
2857 3939 2922 3980 ex
2962 3923 3097 3991 lege,
3143 3919 3554 3990 praenuntiativa
3597 3924 3753 3972 erant

2175 4017 2376 4073 Christi
2407 4014 2640 4077 venturi,
2676 4027 2795 4080 quae
2823 4026 2944 4066 cum
2987 4025 3090 4066 suo
3117 4009 3348 4062 adventu
3377 4007 3624 4062 Christus
3654 4006 3753 4060 im-

2176 4103 2450 4174 plevisset,
2478 4101 2655 4166 oblata
2694 4109 2854 4163 sunt;
2897 4109 2953 4154 et
2977 4099 3098 4154 ideo
3140 4097 3318 4153 ohlata
3353 4097 3479 4166 quia
3509 4096 3750 4165 impleta,

2177 4206 2283 4246 non
2312 4190 2458 4244 enim
2505 4197 2654 4242 venit
2698 4188 2908 4243 solvere
2938 4189 3108 4259 legem
3146 4187 3240 4242 sed
3271 4186 3587 4256 adimplere.
3634 4184 3751 4240 Alia

2177 4291 2300 4337 sunt
2326 4281 2568 4346 instituta
2602 4280 2799 4335 virtute
2826 4280 3051 4348 majora,
3083 4278 3314 4333 utilitate
3348 4275 3593 4341 meliora,
3627 4283 3752 4330 actu

2179 4371 2442 4436 faciliora,
2490 4384 2714 4430 numero
2755 4369 3033 4439 pauciora,
3079 4376 3332 4436 tanquam
3379 4365 3582 4419 Iustitia
3627 4363 3751 4419 ﬁdei

2180 4461 2438 4527 revelata,
2468 4469 2525 4516 et
2548 4461 2604 4515 in
2627 4460 2878 4514 libertate
2899 4459 3106 4514 vocatis
3135 4458 3258 4513 ﬁliis
3283 4441 3377 4511 Dei
3407 4455 3538 4525 jugo
3578 4455 3751 4510 servi-

2179 4553 2309 4608 tutis
2333 4551 2532 4618 ablato,
2569 4551 2711 4621 quod
2742 4551 2877 4606 duro
2901 4560 2954 4605 et
2988 4549 3140 4604 carni
3168 4548 3348 4603 dedito
3393 4545 3587 4617 populo
3625 4559 3753 4599 con-

2176 4645 2420 4716 gruebat,
2457 4641 2632 4712 qualia
2674 4650 2799 4702 sunt
2830 4641 2881 4694 in
2913 4639 3158 4694 Ecclesia
3191 4637 3492 4707 baptismus
3527 4635 3750 4696 Christi,

2176 4734 2503 4796 eucharistia
2533 4733 2755 4798 Christi,
2787 4730 3121 4802 signaculum
3150 4740 3175 4770 α
3220 4728 3443 4783 Christi.
3493 4725 3630 4780 Hinc
3669 4731 3755 4779 est

2176 4826 2316 4897 quod
2347 4824 2661 4881 cautissimo
2693 4821 2974 4876 divisionis
3003 4818 3192 4874 ordine
3216 4815 3456 4872 Ecclesia
3486 4814 3582 4870 Dei
3622 4814 3751 4878 vivi,

2178 4933 2297 4989 qua:
2330 4925 2413 4972 est
2460 4915 2705 4970 columna
2751 4922 2805 4968 et
2855 4913 3251 4966 ﬁrmamentum
3300 4905 3568 4969 veritatis,
3613 4913 3752 4959 tem-

2178 5023 2311 5079 pora
2337 5005 2549 5060 venturi
2575 5003 2774 5059 Christi
2805 5003 3177 5071 venientisque
3210 4998 3488 5061 discernit,
3517 5004 3571 5050 et
3590 4995 3754 5050 omis-

2179 5097 2254 5153 sis
2300 5095 2579 5150 sacriﬁciis
2625 5093 2822 5164 quibus
2863 5093 3112 5147 Christus
3163 5102 3422 5160 passurus
3466 5086 3752 5156 promitte-

2179 5187 2358 5252 batur,
2408 5186 2512 5240 hoc
2555 5184 2883 5240 sacriﬁcium
2942 5180 3138 5247 oﬁert,
3186 5193 3293 5250 quo
3347 5177 3596 5234 Christus
3641 5175 3755 5246 jam

2181 5292 2375 5347 passus
2398 5275 2724 5340 ostenditur,
2748 5274 2840 5344 qui
2871 5279 3154 5343 propterea
3195 5283 3354 5324 verus
3375 5275 3458 5322 est
3478 5265 3751 5328 sacerdos,

2183 5368 2310 5438 quia
2353 5366 2705 5435 semetipsum
2736 5379 2917 5419 veram
2955 5378 3054 5434 pro
3081 5361 3236 5416 nobis
3263 5359 3497 5415 hostiam
3540 5355 3752 5419 obtulit,

2183 5457 2324 5512 sicut
2352 5455 2640 5527 Apostolus
2677 5461 2904 5510 testatur
2936 5453 3120 5509 dicens
3154 5468 3167 5504 :
3201 5449 3378 5504 Estote
3421 5464 3542 5518 ergo
3581 5445 3756 5500 imita-

2188 5568 2415 5623 l'ormam
2443 5583 2456 5619 :
2484 5564 2824 5636 Signaculum
2851 5563 2985 5636 doni
3019 5561 3268 5636 Spiritus,
3312 5559 3500 5622 sancti,
3533 5565 3588 5636 et
3611 5551 3755 5610 Ordo

2186 5636 2504 5694 Cclasianus
2524 5627 2724 5706 signum
2754 5634 2946 5689 Christi
2970 5633 3021 5686 in
3045 5627 3203 5685 uitam
3229 5639 3493 5685 teternam.
3517 5627 3698 5682 Amen.
