4050 6302
519 324 591 379 25
1620 323 1829 380 FLORl
1869 322 2148 381 DIACONI
2185 319 2672 379 LUGDUNENSIS
3715 326 3787 384 24

515 434 874 489 remissionem
903 444 1231 506 peccatorum
1282 434 1495 505 (Matth.
1531 450 1678 499 xxvi,
1728 434 1841 505 26).
1886 435 2096 491 Marcus
2123 444 2173 502 Α
2200 433 2450 501 intraret,
2477 447 2642 503 quam
2671 432 2838 493 ceteri
2865 432 2991 492 cibi.
3022 431 3147 491 Ideo
3176 434 3319 491 enim
3347 450 3444 506 per
3469 437 3782 497 universum

513 540 646 581 vero
671 525 751 581 sie
778 526 856 581 ait
893 544 905 578 :
942 524 1014 579 Et
1047 525 1483 580 ntanducantibus
1523 525 1651 592 illis,
1697 529 1894 596 accepit
1941 529 2098 585 Iesus
2197 524 2390 581 orbem
2420 538 2540 579 mos
2564 524 2671 583 iste
2699 532 2968 588 servatur,
3000 538 3178 595 neque
3204 526 3349 582 enim
3378 526 3508 597 quia
3548 538 3674 597 post
3712 531 3787 586 ei-

512 635 726 690 panem,
748 628 797 675 et
815 618 1116 674 benedicens
1131 617 1304 688 fregit,
1318 628 1366 671 et
1378 616 1518 671 dedit
1543 617 1644 683 eis,
1666 627 1713 671 et
1734 618 1806 672 ait
1823 617 2061 673 :Sumite
2076 631 2095 669 :
2196 611 2295 671 bos
2315 610 2754 677 deditDominus,
2778 621 3069 683 propterea
3097 614 3281 683 pransi
3308 624 3406 670 aut
3440 618 3640 672 etnnati
3664 617 3784 690 fra-

513 708 632 764 Hoc
679 718 758 765 est
808 725 996 779 corpus
1038 724 1229 763 meum.
1273 707 1342 761 Et
1400 718 1615 779 accepto
1651 707 1832 775 calice,
1895 709 2097 779 gratias
2198 711 2310 761 tres
2340 703 2408 759 ad
2437 703 2569 765 illud
2607 711 3011 760 sacramentum
3060 704 3433 776 accipiendum
3494 708 3784 765 convenire
3884 728 3891 743 κ

512 817 673 871 agens
696 800 839 857 dedit
859 801 953 856 eis.
1000 797 1069 853 Et
1096 799 1328 853 biberunt
1353 798 1523 853 exilio
1552 816 1756 865 omnes,
1780 808 1830 855 et
1851 799 1923 854 ait
1941 798 2049 854 illis
2077 816 2090 852 :
2194 792 2497 857 debebunt.
2521 801 2615 848 aut
2657 794 2800 860 sicut
2825 793 3098 850 faciebant
3125 809 3263 865 quos
3275 794 3568 865 Apostolus
3604 799 3784 870 arguit

512 886 618 943 Hic
637 897 713 943 est
739 889 951 960 sanguis
977 904 1122 942 meus
1144 885 1284 940 Novi
1305 884 1645 953 Testamenti,
1675 888 1767 958 qui
1793 905 1888 957 pro
1915 886 2095 942 multis
2193 889 2248 937 et
2281 882 2576 950 emendat,
2625 884 2831 940 mensis
2875 884 2988 941 suis
3029 885 3133 940 ista
3167 884 3433 953 miseere;
3478 886 3557 942 ait
3599 887 3779 943 enim:

511 978 808 1047 effunditur
862 976 1053 1049 (Marc.
1108 991 1218 1041 XIV,
1257 974 1378 1048 9.2).
1423 975 1583 1032 Lucae
1630 991 1761 1033 vero
1798 976 1885 1031 his
1912 976 2097 1033 verbis
2194 970 2623 1030 Convenientibus
2660 974 2801 1029 vobis
2822 974 2879 1028 in
2915 990 3110 1042 unum,
3143 974 3259 1045 jam
3284 991 3388 1030 non
3421 984 3498 1030 est
3534 975 3779 1032 Domini-

510 1069 756 1125 narratio
801 1068 1103 1139 explicatur
1139 1066 1250 1121 :Et
1291 1077 1499 1135 accepto
1540 1066 1700 1121 calice
1726 1067 1929 1138 gratias
1965 1067 2091 1137 egit,

498 1169 559 1215 ret
590 1161 744 1226 dixit,
768 1161 999 1230 Accipite
1023 1168 1073 1213 et
1100 1158 1315 1213 dividite
1337 1159 1474 1217 inter
1497 1175 1603 1214 vos.
1628 1156 1761 1225 Dico
1785 1159 1921 1212 enim
1947 1158 2092 1212 vobis

507 1252 649 1323 quod
686 1268 792 1306 non
832 1250 1007 1305 bibam
1032 1249 1097 1305 de
1121 1249 1455 1320 generatione
1492 1249 1632 1313 vitis,
1675 1248 1839 1303 donec
1875 1264 2090 1317 regnum

509 1340 608 1397 Dei
633 1343 821 1397 veniat.
856 1339 923 1394 Et
958 1350 1167 1410 accepto
1192 1356 1350 1410 pane,
1392 1340 1591 1410 gratias
1614 1342 1739 1409 egit,
1764 1348 1812 1393 et
1839 1338 2014 1408 fregit,
2041 1346 2090 1391 et

507 1431 648 1486 dedit
676 1432 750 1485 eis
772 1431 951 1486 dicens
973 1444 992 1482 :
1020 1429 1136 1484 Hoc
1161 1439 1237 1484 est
1275 1445 1464 1498 corpus
1485 1444 1680 1494 meum,
1718 1427 1858 1499 quod
1881 1444 1976 1497 pro
2000 1442 2089 1481 vo-

480 1521 584 1575 ‘b's
631 1520 812 1574 datur.
846 1519 962 1573 Hoc
1010 1518 1169 1588 facile
1209 1519 1263 1571 in
1311 1534 1477 1571 meam
1519 1501 2085 1573 commemorationem.

504 1608 760 1665 Similiter
796 1619 845 1664 et
886 1609 1099 1664 calicem
1116 1617 1437 1679 ,-poslqttam
1483 1609 1701 1662 amavit
1740 1608 1915 1661 dicens
1943 1623 1962 1660 :
1984 1605 2087 1660 Hic

505 1700 647 1755 calix
675 1700 886 1755 Novum
922 1699 1313 1764 Testametuunt
1345 1708 1419 1753 est
1447 1699 1503 1753 in
1542 1699 1798 1770 sanguine
1836 1715 1969 1763 meo,
1996 1698 2086 1771 qui

2190 1079 2306 1122 cam
2330 1080 2533 1120 ctenam
2591 1066 2912 1121 manducare
2956 1065 3011 1136 (1
3046 1064 3171 1121 Cor.
3195 1081 3273 1133 χι,
3303 1065 3414 1138 18),
3444 1066 3586 1123 bane
3607 1067 3778 1137 ipsam
3838 1138 3843 1143 ἡ
3888 1052 3909 1070 ’

2190 1155 2563 1225 acceptionem
2587 1155 2934 1213 eucharistite
2954 1155 3291 1213 Domiuieam
3315 1160 3529 1211 etn'nam
3555 1170 3777 1212 vocans.

2191 1242 2559 1318 Unusquisque
2592 1246 2729 1300 enim
2759 1285 2776 1313 ,
2821 1244 3014 1316 inquit,
3045 1260 3199 1300 suam
3225 1261 3424 1301 ca'nam
3452 1254 3781 1315 praeoccupat

2188 1336 2258 1391 ad
2280 1337 2705 1393 manducandum
2730 1335 2921 1409 (Ibid.,
2948 1351 3093 1394 vers.
3133 1338 3260 1408 21);
3290 1337 3434 1392 unde
3478 1343 3535 1391 et
3561 1336 3781 1408 indigne

2188 1427 2321 1485 dicit
2356 1438 2639 1499 acceptum
2659 1430 2729 1486 ab
2767 1429 2873 1495 eis,
2893 1429 2986 1499 qui
3011 1443 3119 1484 non
3147 1428 3531 1485 discernebant
3552 1443 3583 1483 a
3613 1436 3778 1495 cauea
3856 1491 3869 1505 ο

2188 1517 2264 1573 ris
2300 1519 2438 1575 cibis
2484 1520 2835 1576 veneratione
2880 1519 3235 1590 singulariter
3278 1520 3480 1577 debita.
3509 1518 3778 1575 Continuo

2187 1608 2385 1679 quippe
2411 1626 2535 1666 eum
2572 1610 2801 1667 dixisset
2820 1610 3084 1680 judicium
3111 1611 3210 1665 sibi
3238 1610 3522 1665 manducat
3543 1618 3593 1664 et
3616 1610 3775 1676 bibit,

2187 1695 2547 1766 subjecit,non
2560 1698 2861 1768 dijudicans
2875 1714 3063 1769 corpus
3076 1697 3292 1754 Domini
3307 1697 3470 1770 (Ibid.
3480 1711 3642 1763 ,vers.
3655 1692 3775 1767 29);

502 1805 598 1859 pro
627 1790 764 1845 vobis
792 1790 1034 1859 funditur
1096 1788 1248 1860 (Luc.
1294 1804 1407 1843 χχιι
1445 1829 1460 1852 ,
1505 1789 1616 1859 17).
1684 1790 1882 1844 Beatus
1920 1790 2081 1844 etiam
2115 1793 2157 1853 Β
2186 1800 2420 1857 namque
2464 1788 2716 1844 Salvator
2775 1804 2886 1858 quo
2937 1789 3313 1844 vehementius
3367 1788 3780 1843 commendaret

502 1879 741 1945 Paulus,
795 1893 1228 1935 commemorans
1277 1879 1662 1934 sacratissima:
1718 1879 1861 1935 illius
1914 1893 2086 1935 coenae

503 1967 845 2037 mysterium,
870 1967 1015 2022 inter
1043 1966 1149 2022 alia
1191 1966 1269 2022 sic
1306 1967 1438 2022 dicit
1468 1984 1482 2023 :
1531 1966 1644 2037 Ego
1673 1968 1811 2021 enim
1857 1968 2085 2038 accepia

503 2058 754 2121 Domino,
794 2058 936 2129 quod
974 2067 1022 2112 et
1070 2057 1269 2113 tradidi
1310 2057 1453 2112 vobis
1480 2097 1496 2124 ,
1547 2058 1794 2129 quoniam
1824 2057 2083 2113 Dominus

500 2145 679 2213 Iesus,
731 2148 788 2202 in
824 2164 930 2219 qua
984 2157 1134 2202 nocte
1176 2147 1502 2215 tradebatur,
1531 2149 1727 2218 accepit
1779 2164 1990 2218 panem,
2036 2158 2083 2202 et

504 2239 708 2308 gratias
741 2255 907 2311 agens
940 2238 1094 2309 fregit
1115 2248 1165 2295 et
1204 2239 1339 2293 dixit
1366 2257 1379 2293 :
1408 2238 1527 2294 Hoc
1562 2248 1635 2294 est
1672 2255 1858 2308 corpus
1888 2256 2079 2307 meum,

502 2328 643 2398 quod
662 2343 756 2398 pro
780 2328 919 2383 vobis
952 2329 1192 2384 tradetur
1218 2345 1234 2395 ;
1263 2329 1361 2383 hoc
1382 2328 1539 2399 facite
1573 2330 1631 2384 in
1659 2345 1827 2384 meam
1854 2345 2080 2384 comme-

500 2417 866 2473 morationem.
907 2416 1160 2474 Similiter
1202 2427 1253 2473 et
1296 2419 1511 2473 calicem
1541 2428 1817 2491 postquam
1864 2421 2086 2480 ctenavit

498 2508 679 2563 dicens
712 2508 859 2564 :Hic
904 2510 1044 2567 calix
1073 2509 1282 2566 Novum
1324 2509 1719 2567 Testamentum.
1749 2521 1824 2567 est
1865 2513 1923 2567 in
1969 2529 2083 2568 meo

499 2601 776 2669 sanguine.
820 2600 936 2656 Hoc
965 2601 1122 2670 facite
1155 2602 1564 2672 quotiescunque
1614 2601 1796 2656 bibetis
1820 2602 1875 2657 in
1912 2618 2083 2675 meam

505 2690 1051 2745 commemorationem
1067 2689 1121 2762 (Ι
1142 2689 1358 2755 Cornu,
1386 2689 1500 2760 ΞΒ).
1528 2690 1804 2758 Quantum
1832 2699 1920 2745 est
1940 2690 2084 2745 istud

500 2788 557 2836 et
579 2778 849 2837 ineffabile
870 2781 1060 2839 salutis
1086 2781 1405 2853 mysterium
1428 2789 1484 2837 et
1515 2782 1737 2853 pietatis
1764 2796 2081 2837 sacramen-

499 2878 638 2938 tum,
669 2879 821 2927 tanta
844 2873 1236 2933 contestatione
1274 2871 1613 2942 praedictum,
1658 2879 1810 2927 tanta
1850 2872 2083 2927 veritate

498 2963 960 3027 commendatum,
984 2970 1045 3015 ut
1067 2961 1220 3031 prius
1237 2962 1344 3017 hoe
1374 2961 1634 3017 Dominus
1658 2976 1857 3031 corpus
1877 2970 1933 3016 et
1953 2977 2082 3017 san-

500 3054 718 3125 guinem
748 3068 904 3118 suum
941 3060 1231 3119 assereret,
1262 3067 1423 3123 quam
1465 3067 1564 3123 pro
1595 3051 1750 3109 nobis
1779 3066 1941 3107 suum
1963 3067 2083 3107 cor-

2189 1876 2436 1945 mysterii
2465 1876 2610 1932 illius
2640 1877 2980 1932 altitudinem
3009 1918 3023 1943 ,
3053 1877 3301 1932 ultimum
3335 1876 3438 1933 hoc
3464 1877 3629 1932 voluit
3652 1877 3777 1931 inﬁ-

2186 1976 2312 2032 gere
2351 1963 2609 2019 cordibus
2639 1971 2700 2019 et
2737 1966 3015 2020 memoriae
3061 1950 3485 2035 discipulorum,
3516 1980 3549 2018 a
3575 1965 3776 2035 quibus

2186 2055 2251 2110 ad
2278 2056 2583 2126 passionem
2612 2055 2957 2129 digressurus
2974 2064 3130 2122 erat;
3153 2064 3210 2115 et
3227 2056 3350 2110 ideo
3374 2069 3482 2110 non
3504 2054 3772 2124 praecipit,

2185 2163 2293 2218 quo
2307 2148 2558 2217 deinceps
2577 2148 2769 2203 ordine
2782 2154 3110 2212 sumeretur,
3128 2153 3187 2199 ut
3216 2144 3496 2215 apostolis,
3517 2160 3607 2215 per
3633 2158 3775 2213 quos

2185 2238 2439 2294 ordinare
2464 2237 2738 2293 Ecclesias
2767 2236 3107 2307 disposuerat
3131 2241 3373 2290 servaret
3406 2233 3550 2287 hunc
3568 2231 3771 2289 locum.

2253 2329 2307 2383 9.
2366 2330 2667 2402 (Granum,
2709 2329 2866 2400 epist.
2910 2327 3000 2393 65,
3048 2326 3117 2380 ad
3167 2324 3353 2396 Cecil.)
3392 2324 3577 2394 Neque
3622 2321 3771 2378 enim

2184 2422 2307 2490 quia
2355 2430 2479 2491 post
2520 2436 2733 2477 ctenam
2777 2419 3002 2475 calicem
3031 2417 3224 2474 obtulit
3264 2416 3551 2481 Dominus,
3600 2415 3772 2469 etiam

2185 2512 2463 2569 Dominiei
2483 2514 2588 2570 diei
2616 2511 2948 2569 sacriﬁcium
2980 2518 3105 2582 post
3124 2522 3335 2566 ctenam
3362 2508 3643 2564 celebrare
3671 2506 3772 2561 de-

2183 2603 2400 2659 bemus.
2433 2603 2709 2660 Christum
2746 2601 2943 2659 oﬁ‘erre
2971 2600 3258 2672 oportebat
3292 2599 3438 2654 circa
3485 2609 3772 2667 vesperam

2185 2692 2313 2758 diei,
2344 2702 2405 2748 ut
2422 2695 2555 2749 hora
2579 2694 2693 2764 ipsa
2717 2691 2972 2749 sacriﬁcii
2994 2690 3297 2746 ostenderet
3325 2701 3578 2743 occasum
3599 2692 3654 2740 et
3671 2697 3771 2738 ve-t

2185 2797 2398 2854 sperem
2426 2784 2632 2848 mundi,
2663 2783 2805 2838 sicut
2822 2781 2890 2838 de
2908 2779 3150 2852 paschali
3186 2794 3327 2849 agno
3348 2778 3401 2832 in
3426 2776 3613 2832 Exodo
3638 2775 3774 2830 seri-

2182 2882 2333 2943 ptum
2371 2880 2497 2928 est:
2535 2870 2600 2927 Et
2631 2872 2921 2927 immolabit
2960 2886 3079 2925 eum
3108 2869 3278 2924 omnis
3315 2864 3597 2920 multitudo
3626 2863 3773 2933 ﬁlio-

2185 2982 2304 3020 rum
2326 2965 2497 3021 Israel
2524 2965 2594 3020 ad
2641 2980 2907 3036 vesperam
2929 2962 3126 3035 (Exod.
3148 2976 3226 3015 xu
3248 3000 3263 3027 ,
3290 2958 3366 3030 6).
3393 2957 3462 3011 Ει
3485 2956 3681 3010 iterum
3710 2954 3769 3008 in

2183 3055 2408 3126 psalmis
2452 3053 2744 3109 :Allevatio
2766 3068 3017 3107 manuum
3056 3066 3293 3106 mearum
3326 3045 3644 3116 sacri/icium
3683 3058 3770 3098 ve-

500 3160 601 3215 pus
620 3138 676 3199 et
699 3145 1015 3215 sanguinem
1045 3140 1352 3199 traderetur
1372 3158 1533 3199 nemo
1561 3144 1707 3199 enim
1734 3150 1914 3213 potest
1954 3157 2081 3213 pas-
2106 3132 2151 3196 C
2182 3150 2468 3219 spertinum
2495 3144 2665 3217 (Psal.
2684 3161 2806 3211 cn,
2829 3144 2909 3212 2).

499 3234 669 3290 sionis
716 3233 930 3292 Domini
981 3235 1331 3306 corporisque
1380 3235 1500 3306 ejus
1557 3243 1615 3291 et
1654 3233 1936 3306 sanguinis
1979 3248 2079 3304 pro

501 3322 789 3392 majestate
827 3325 903 3380 rei
927 3332 1266 3381 sacramenta
1304 3339 1651 3397 cognoscere.

571 3416 624 3468 7.
652 3414 841 3486 (Eum.
878 3416 1028 3486 epist.
1061 3413 1151 3481 14,
1180 3412 1320 3469 ad-F
1322 3418 1628 3482 errandum,
1660 3432 1714 3470 ιι.
1735 3414 1849 3487 45.)
1872 3414 2075 3470 Notan-

497 3507 629 3563 dum
678 3523 891 3579 quoque
935 3507 1239 3578 diligenter,
1290 3508 1432 3576 quod
1479 3507 1534 3562 in
1583 3507 1772 3563 eadem
1825 3520 1982 3562 cinna
2021 3514 2078 3561 et

499 3598 783 3661 Iudaicum
810 3600 1069 3655 Dominus
1101 3600 1305 3670 pascha
1334 3599 1584 3665 comedit,
1629 3598 1773 3668 quod
1792 3598 2076 3669 oportebat

500 3689 711 3747 auferri.
734 3702 784 3756 ιι,
830 3698 889 3744 et
912 3699 1309 3751 sacramentum
1339 3689 1581 3759 corporis
1606 3689 1689 3745 sui
1717 3696 1773 3744 et
1796 3687 2076 3759 sanguinis

499 3783 668 3848 dedit,
692 3782 835 3852 quod
870 3783 938 3839 ad
979 3781 1206 3837 salutem
1238 3780 1472 3835 ﬁdelium
1502 3783 1790 3852 oportebat
1837 3779 2071 3837 institui.

497 3873 795 3939 Desiderio,
836 3873 1030 3942 inquit,
1060 3871 1348 3927 desideravi
1385 3872 1484 3927 Itoc
1515 3873 1709 3944 pascha
1756 3872 2079 3928 manducare

499 3962 760 4016 vobiscum
788 3971 1066 4032 antequam
1105 3960 1298 4031 patiar.
1330 3962 1671 4017 Manducavit
1695 3977 1825 4032 ergo
1849 3963 2076 4032 pascha,

500 4068 611 4124 quo
649 4068 910 4124 passurus
953 4054 1375 4125 signiﬁcabatur,
1433 4061 1724 4123 antequam
1780 4067 1881 4122 pro
1924 4051 2080 4106 nobis

500 4143 803 4200 voluntarie
849 4152 1144 4215 pateretur.
1198 4144 1443 4201 Comedit
1483 4144 1684 4215 pascha
1745 4140 2074 4206 Judaeorum,

498 4249 609 4306 quo
635 4237 936 4307 promissus
973 4246 1058 4293 est
1106 4237 1373 4304 Christus,
1419 4245 1478 4291 ut
1523 4236 1736 4292 veniret
1769 4235 1835 4289 ad
1876 4232 2077 4304 pascha

498 4334 763 4394 nostrum,
785 4329 930 4399 quod
960 4328 1271 4384 immolatus
1298 4336 1382 4383 est
1415 4327 1683 4383 Christus.

460 4448 476 4483 ι
564 4416 618 4471 8.
650 4416 837 4488 (Auc.,
868 4419 1018 4488 epist.
1060 4414 1154 4483 54,
1201 4416 1271 4470 ad
1297 4414 1666 4483 Ianuarium.)
1697 4414 1892 4484 Aperte
1930 4427 2076 4466 enim

498 4507 625 4564 dicit
637 4508 1010 4580 Evangelium,
1025 4509 1169 4578 quod
1184 4508 1633 4563 manducantibus
1648 4506 1752 4561 illis
1768 4505 1974 4575 accepit
1987 4504 2076 4559 Je-

497 4615 589 4655 sus
608 4615 800 4670 panem
815 4609 869 4653 et
882 4592 1177 4656 benedixit.
1201 4597 1335 4653 Cum
1358 4597 1519 4653 etiam
1543 4597 1792 4667 superius
1807 4596 2033 4651 dixisset
2054 4615 2065 4649 :

498 4695 630 4749 Cum
657 4708 781 4748 sero
807 4703 983 4749 autem
999 4692 1201 4747 factum
1229 4699 1396 4756 esset,
1420 4688 1788 4744 discumbebat
1804 4704 1926 4743 cum
1945 4689 2076 4743 duo—

498 4782 691 4837 decim.
712 4782 780 4835 Et
807 4781 1259 4837 manducantibus
1304 4778 1409 4832 illis
1433 4777 1568 4832 dixit
1594 4796 1606 4830 :
1636 4776 1788 4833 Unus
1831 4791 1898 4831 ex
1924 4775 2077 4831 vobis

498 4873 674 4927 tradet
699 4885 805 4936 me,
827 4880 948 4941 post
967 4870 1111 4925 enim
1134 4867 1351 4923 tradidit
1392 4875 1820 4940 sacramentum;
1851 4865 1991 4921 unde
2012 4864 2076 4919 li—

497 4961 662 5033 quido
674 4970 915 5031 apparet,
928 4960 1143 5030 quando
1156 4957 1330 5027 primo
1344 4964 1670 5026 acceperunt
1681 4956 1928 5027 discipuli
1954 4970 2075 5010 θοι·-

495 5060 665 5124 puset
692 5044 1006 5122 sanguinein
1038 5048 1272 5115 Domini,
1298 5064 1401 5103 non
1436 5049 1821 5118 eosaccepisse
1837 5046 2073 5118 jejunus,

499 5157 838 5212 nequaquam
864 5148 1041 5198 tamen
1070 5148 1353 5210 propterea
1383 5138 1817 5193 calunmiandum
1846 5126 1928 5192 est
1955 5137 2076 5190 uui-

498 5251 671 5293 versa:
694 5234 969 5299 Ecclesiae,
990 5233 1133 5303 quod
1154 5249 1183 5288 a
1198 5233 1401 5304 jejunis
1425 5248 1639 5304 semper
1671 5231 1954 5301 accipitur.
1994 5230 2074 5283 Ex

496 5326 604 5382 hoc
637 5326 782 5381 enim
819 5325 1021 5395 placuit
1062 5325 1286 5396 Spiritui
1334 5334 1556 5390 saneto,
1604 5332 1664 5379 ut
1709 5324 1763 5378 in
1812 5323 2074 5377 honorem

498 5417 636 5473 tanti
673 5416 997 5472 sacramenti
1041 5417 1092 5471 in
1132 5430 1194 5471 os
1235 5414 1530 5471 Christiani
1562 5414 1898 5469 Dominicum
1929 5411 2078 5483 prius

567 5562 593 5589 ι
628 5547 796 5619 ΑΛριιι]
821 5547 1163 5619 Fulgentium
1194 5547 1390 5619 legitur
1437 5548 1636 5619 o/ferri,
1667 5548 1759 5602 sed
1782 5548 1896 5602 sive
1922 5547 2079 5615 θίγοι·-

498 5620 566 5681 ri,
596 5617 710 5671 sive
753 5617 970 5685 auﬂ‘erri
1002 5618 1167 5689 legas,
1200 5617 1431 5689 ultaque
1461 5617 1619 5672 lectio
1656 5619 1818 5681 bona,
1847 5628 1900 5672 ct
1932 5626 2077 5689 certe

497 5704 602 5742 non
630 5702 693 5742 ca
726 5704 884 5757 quam
932 5689 1137 5758 profert
1170 5688 1358 5744 Florus
1390 5696 1575 5743 uoster
1602 5689 1904 5757 spernenda
1932 5688 2074 5740 vidc-

2103 4476 2155 4536 D

2248 3238 2336 3292 10.
2368 3237 2549 3309 (Auc.,
2571 3235 2723 3306 epist.
2753 3234 2876 3299 149,
2904 3233 2975 3288 ad
2989 3232 3300 3298 Paulinum,
3322 3248 3379 3287 ιι.
3400 3230 3512 3300 16.)
3531 3231 3641 3286 Nos
3668 3245 3768 3284 att—

2181 3341 2288 3386 tem
2314 3328 2766 3384 resurrectionem
2788 3325 3003 3380 Domini
3041 3338 3203 3379 mane
3235 3322 3594 3379 eelebramus.
3630 3320 3767 3375 Cum

2177 3404 2308 3474 vero
2322 3417 2393 3470 ait
2406 3414 2697 3485 Apostolus
2712 3415 2777 3470 de
2791 3414 2893 3467 hoc
2906 3421 3250 3468 sacramento
3266 3410 3491 3480 loquens
3508 3423 3523 3462 :
3542 3408 3771 3477 Propter

2177 3508 2340 3578 quod,
2368 3506 2580 3576 fratres,
2611 3520 2730 3558 cum
2754 3503 3037 3558 convenitis
3057 3502 3125 3556 ad
3151 3498 3599 3563 manducandum,
3634 3499 3771 3553 invi-

2179 3611 2285 3649 cem
2301 3601 2613 3664 exspectate.
2631 3591 2693 3646 Si
2716 3592 2834 3663 quis
2865 3591 3048 3655 esurit,
3072 3590 3214 3644 domi
3241 3587 3550 3651 manducet,
3577 3594 3633 3639 ut
3660 3600 3769 3640 non

2177 3685 2233 3738 in
2262 3684 2526 3755 judicium
2542 3683 2879 3748 conveniatis,
2909 3681 3095 3736 statim
3122 3679 3422 3743 subtexuit,
3451 3685 3641 3731 certem
3663 3690 3764 3728 au-

2179 3786 2280 3832 tem
2300 3793 2416 3831 cum
2438 3791 2622 3832 venero
2644 3774 2896 3829 ordinabo
2925 3771 2988 3842 (1
3012 3772 3136 3827 Cor.
3163 3786 3241 3837 XI,
3273 3768 3394 3840 55).
3428 3766 3581 3822 Unde
3602 3764 3765 3820 intel-

2179 3871 2271 3942 ligi
2315 3869 2476 3925 datur
2508 3867 2635 3940 quia
2673 3866 2903 3922 multum
2940 3873 3062 3919 erat
3099 3873 3155 3917 ut
3198 3863 3253 3916 in
3300 3857 3545 3929 Epistola
3595 3865 3764 3913 totum

2181 3964 2285 4019 illis
2311 3962 2504 4033 agendi
2536 3960 2781 4016 ordinem
2830 3957 3151 4018 insinuaret,
3183 3966 3343 4021 quem
3376 3950 3630 4005 universa
3666 3960 3767 4018 per

2179 4052 2369 4107 orbem
2399 4056 2581 4104 servat
2601 4045 2861 4108 Ecclesia,
2888 4044 2956 4097 ab
2984 4043 3103 4111 ipso
3120 4040 3427 4094 ordinatum
3454 4052 3596 4101 esse,
3619 4035 3766 4105 quod
3846 4092 3849 4096 _

2180 4141 2327 4195 nulla
2356 4141 2549 4195 horum
2580 4134 2894 4191 diversitate
2921 4132 3188 4185 variatur.
3217 4128 3351 4183 Nam
3377 4137 3434 4183 et
3457 4128 3549 4182 ubi
3580 4128 3645 4182 all
3675 4126 3768 4181 Ti-

2180 4232 2456 4286 motheum
2488 4227 2732 4282 scribens
2754 4224 2859 4278 ait:
2888 4222 3117 4278 Obsecro
3136 4222 3311 4293 itaque
3337 4220 3506 4291 primo
3530 4218 3764 4272 omnium

2180 4323 2296 4392 ﬁeri
2319 4318 2720 4381 obsecrationes,
2743 4314 3025 4379 orationes,
3054 4310 3495 4382 interpellationes
3515 4348 3528 4374 ,
3558 4308 3764 4378 gratia-

2181 4431 2298 4469 rum
2325 4414 2555 4467 actiones
2586 4408 2657 4480 (I
2691 4407 2825 4461 Tim.
2854 4423 2916 4471 ιι,
2957 4404 3041 4476 1),
3073 4405 3176 4459 hoc
3198 4400 3545 4458 constituisse
3568 4397 3764 4453 intelli-

2182 4507 2346 4577 gitur,
2383 4501 2526 4573 quod
2554 4498 2729 4555 omnis
2754 4506 2809 4553 et
2835 4511 2969 4566 pene
3005 4494 3181 4549 omnis
3222 4491 3531 4560 frequentat
3569 4487 3762 4542 Eccle-

2184 4599 2283 4661 sia,
2317 4603 2374 4649 ut
2401 4592 2802 4650 obsecrationes
2833 4587 3163 4656 accipiamus
3185 4585 3357 4639 dictas
3382 4596 3500 4651 qua:
3536 4580 3670 4634 ﬁunt
3705 4579 3760 4632 in

2185 4685 2550 4743 celebratione
2597 4686 3064 4736 sacramentorum
3093 4716 3107 4740 ,
3140 4682 3435 4742 antequam
3463 4669 3593 4725 illud
3616 4669 3763 4738 quod

2184 4785 2267 4834 est
2309 4777 2361 4831 in
2405 4772 2617 4829 Domini
2668 4784 2850 4824 mensa
2882 4766 3102 4836 incipiat
3143 4763 3422 4828 benedici;
3452 4760 3761 4822 orationes,

2184 4886 2307 4926 cum
2337 4867 2677 4924 benedicitur
2721 4871 2776 4918 et
2816 4858 3208 4922 sanetiﬁeatur,
3252 4863 3307 4910 et
3338 4855 3405 4908 ad
3438 4849 3764 4907 distribuen-

2185 4960 2309 5015 dum
2334 4956 2718 5013 comminuitur
2740 4996 2754 5020 ,
2788 4967 2948 5022 quam
2975 4957 3142 5005 totam
3186 4944 3616 5002 benedictionem
3649 4939 3761 4995 fere

2180 5054 2357 5110 omnis
2388 5051 2630 5108 Ecclesia
2662 5049 2938 5105 Dominica
2981 5047 3226 5101 oratione
3249 5041 3538 5097 concludit.
3584 5038 3758 5093 Inter-

2179 5145 2499 5217 pellationcs
2525 5150 2724 5206 autem,
2751 5142 2863 5197 sive
2885 5180 2898 5205 ,
2945 5148 3005 5193 ut
3050 5136 3268 5208 quidam
3294 5134 3508 5191 codices
3534 5131 3757 5191 habent,

2178 5234 2565 5306 postulationes
2600 5233 2765 5295 ﬁunt,
2787 5247 2911 5285 cum
2946 5228 3172 5299 populus
3212 5226 3570 5281 benedieitur.
3606 5221 3760 5276 Tune

2179 5326 2324 5381 enim
2367 5322 2635 5378 antistites
2683 5320 2829 5376 velut
2859 5319 3123 5381 advocati,
3174 5324 3455 5387 susceptos
3503 5328 3630 5369 suos
3663 5326 3761 5383 per

2181 5430 2373 5477 manus
2398 5412 2796 5485 impositionem
2820 5408 3333 5466 misericordissituae
3349 5404 3583 5463 oll‘erunt
3603 5410 3756 5474 pote-

2182 5556 2321 5601 tur:
2378 5560 2504 5601 nam
2554 5545 2608 5598 in
2649 5544 2927 5605 Dominica
2979 5557 3131 5598 cmna
3194 5544 3502 5598 audmorum
3559 5535 3759 5609 pascha

2183 5618 2341 5671 ﬁnem
2367 5616 2667 5685 accipiebat
2698 5625 2751 5669 et
2777 5614 3003 5669 debebat
3038 5610 3258 5666 auferri.
