4050 6302
242 365 318 420 25
1418 354 1506 408 DE
1544 349 2000 408 EXPOSITIONE
2038 349 2292 407 MISS/8.
3430 352 3503 410 26

248 468 1283 542 stati.0uibusperactis,etpartieipato
1299 474 1825 531 tantosacramento,
1854 470 1901 528 Α
1930 467 2103 537 fuistis
2127 484 2244 522 cum
2273 485 2352 524 ca.
2403 469 2470 525 Et
2493 470 2697 526 addidit
2726 487 2739 525 :
2773 470 2838 527 Si
2851 471 3162 543 quaesieritis
3188 488 3329 538 eum,
3362 472 3506 528 inve-

249 564 552 638 gratiarum
577 561 719 617 actio
740 568 934 623 cuncta
963 559 1254 625 concludit,
1283 572 1445 628 quam
1479 559 1529 612 in
1554 558 1640 613 his
1662 558 1826 613 etiam

246 657 433 713 verbis
465 655 709 710 ultimam
734 650 1133 708 commendavit
1162 649 1470 721 Apostolus.
1497 647 1624 703 Haec
1648 655 1828 703 autem

246 763 413 804 causa
440 746 710 817 praecipua
731 742 832 797 fuit
859 742 960 796 ista
980 731 1208 805 dicendi,
1243 748 1304 794 ut
1331 740 1417 794 his
1433 738 1671 793 breviter
1693 752 1829 806 prte-

246 836 468 906 scriptis
496 842 659 903 atque
697 830 1014 903 signiﬁcatis
1038 871 1054 896 ,
1085 845 1193 885 non
1230 837 1513 899 putaretur
1555 827 1830 898 negligen-

248 927 377 982 dum
404 938 524 980 esse
548 924 695 992 quod
733 921 997 992 sequitur,
1024 935 1118 990 pro
1135 918 1373 973 omnibus
1393 917 1708 980 hominibus,
1734 931 1829 985 pro

249 1016 456 1086 regibus
495 1024 545 1069 et
575 1014 655 1068 his
684 1013 775 1083 qui
797 1013 852 1066 in
890 1010 1209 1066 sublimitate
1235 1018 1357 1064 sunt
1376 1049 1391 1074 ,
1427 1008 1748 1078 ut'quietam
1781 1015 1828 1061 et

247 1106 589 1177 tranquillam
614 1106 777 1160 vitam
818 1119 1036 1175 agamus
1059 1104 1113 1157 in
1139 1102 1279 1156 omni
1304 1104 1496 1171 pietate
1519 1108 1567 1154 et
1590 1101 1830 1153 castitate

248 1196 303 1269 (1
336 1196 473 1252 Tim.
498 1211 560 1261 ιι,
590 1194 670 1267 2),
703 1208 771 1248 ne
798 1192 1105 1262 quisquam,
1134 1191 1275 1246 sicut
1301 1204 1359 1245 se
1390 1189 1554 1244 habet
1578 1189 1829 1243 humanae

245 1286 594 1359 cogitationis
639 1283 946 1348 inﬁrmitas,
983 1283 1275 1338 aestimaret
1301 1295 1413 1352 non
1452 1294 1572 1335 esse
1614 1280 1716 1335 ista
1750 1278 1829 1333 fa-

246 1376 441 1433 cienda
474 1389 576 1446 pro
616 1374 685 1430 iis
729 1388 761 1429 a
805 1373 1000 1443 quibus
1047 1371 1479 1442 persecutionem
1525 1369 1830 1441 patiebatur

243 1466 514 1532 Ecclesia,
549 1480 670 1521 cum
698 1465 940 1520 membra
961 1464 1163 1519 Christi
1187 1479 1249 1519 ex
1275 1464 1420 1519 omni
1451 1471 1631 1518 essent
1652 1462 1827 1518 homi-

244 1573 375 1612 num
414 1570 612 1626 genere
637 1554 954 1626 colligenda.
995 1554 1148 1611 Unde
1172 1553 1411 1624 adiungit
1436 1562 1493 1609 et
1514 1554 1644 1610 dicit
1673 1572 1686 1609 :
1713 1552 1830 1608 Hoc

245 1650 387 1702 enim
417 1648 609 1702 bonum
639 1656 713 1701 est
739 1656 788 1701 et
820 1631 1096 1717 acceptum
1124 1665 1302 1703 coram
1333 1646 1605 1703 Saluatore
1652 1658 1828 1705 nostra

244 1737 506 1802 Domino,
541 1738 632 1808 qui
675 1752 853 1790 omnes
887 1736 1122 1791 homines
1162 1736 1272 1790 vult
1316 1735 1488 1791 salvos
1526 1736 1662 1805 fieri,
1693 1745 1740 1789 et
1773 1737 1829 1790 in

1930 556 2082 610 nietis
2104 574 2123 613 :
2149 557 2195 610 si
2216 565 2393 611 autem
2418 558 2796 629 dereliqueritis
2824 559 2992 624 illum,
3055 560 3373 630 derelinquet
3414 578 3501 617 vos

1929 643 1983 716 (Ι
2005 642 2134 698 Par.
2170 661 2363 713 xxvm,
2386 646 2462 718 9).
2498 647 2649 704 Unde
2676 657 2824 719 patet
2852 650 2977 720 quia
3005 650 3146 704 sicut
3175 666 3321 705 NHIIL
3352 667 3505 709 rasus

1926 741 2109 803 potest
2133 749 2255 789 esse
2284 734 2491 790 homini
2523 753 2684 808 quam
2723 738 3098 809 derelinquere
3143 741 3310 795 Deum
3333 749 3389 795 et
3412 741 3506 797 de-

1928 823 2159 895 relinqui
2177 840 2208 879 a
2238 825 2387 880 Deo:
2419 825 2492 881 ita
2519 828 2825 884 econtrario
2849 829 2982 883 nihil
3015 829 3207 884 melius
3231 836 3315 885 est
3344 845 3505 900 quam

1928 914 2132 972 habere
2159 915 2330 973 Deum
2364 925 2421 974 et
2451 932 2572 975 esse
2599 934 2720 975 eum
2750 919 2881 977 Deo.
2914 922 2983 976 Et
3005 923 3131 992 quia
3152 922 3389 979 salutare
3418 924 3504 978 ni-

1928 1010 2002 1066 hil
2040 1019 2125 1067 est
2168 1012 2312 1068 aliud
2360 1029 2522 1084 quam
2555 1015 2784 1073 salutem
2831 1028 3040 1089 Optare,
3087 1017 3205 1075 haec
3255 1028 3339 1075 est
3376 1036 3505 1076 vera

1928 1101 2204 1169 salutatio,
2234 1118 2376 1159 verae
2405 1103 2594 1160 salutis
2642 1108 2866 1177 optatio,
2902 1108 2953 1163 id
2980 1118 3066 1163 est
3106 1124 3231 1163 cum
3267 1109 3501 1164 ecclesia

1927 1207 2025 1247 sua
2051 1201 2303 1267 tanquam
2348 1193 2402 1247 in
2432 1194 2627 1264 templo
2664 1210 2783 1261 suo,
2843 1212 2964 1252 cum
3014 1198 3146 1253 dicit
3173 1198 3502 1267 Apostolus:

1931 1280 2198 1352 Templum
2224 1283 2362 1336 enim
2402 1282 2500 1337 Dei
2536 1293 2777 1339 sanctum
2822 1293 2919 1347 est,
2966 1286 3104 1356 quod
3139 1288 3261 1341 estis
3309 1304 3393 1342 vos
3450 1287 3503 1358 (Ι

1930 1372 2051 1426 Cor.
2074 1388 2154 1439 ιιι,
2183 1373 2291 1443 16).
2324 1373 2391 1428 Ει
2419 1374 2657 1429 Ecclesia
2693 1374 2854 1430 habet
2894 1376 3176 1431 Dominum
3216 1393 3397 1433 secum
3423 1378 3505 1433 in-

1928 1464 2261 1521 habitantem
2291 1471 2344 1519 et
2368 1463 2781 1526 illuminantem,
2824 1472 3099 1535 regentem
3135 1474 3189 1521 et
3218 1476 3506 1537 protegen-

1930 1563 2062 1622 tem,
2085 1564 2143 1609 ut
2164 1555 2251 1610 ille
2275 1555 2346 1610 sit
2367 1556 2419 1609 ei
2451 1554 2612 1621 Deus,
2636 1564 2691 1611 et
2717 1555 2806 1611 illa
2847 1556 2918 1612 sit
2942 1556 3190 1627 populus,
3213 1558 3353 1613 sicut
3380 1575 3503 1628 pro-

1929 1648 2087 1716 pheta
2116 1646 2365 1718 promisit
2390 1647 2573 1702 dicens
2607 1665 2620 1702 :
2653 1644 2720 1700 Et
2754 1646 3054 1702 inhabitabo
3083 1659 3130 1703 et
3168 1649 3503 1704 inambulabo

1930 1753 2047 1791 cum
2084 1734 2209 1800 illis,
2233 1745 2279 1789 et
2318 1752 2405 1790 ero
2433 1743 2507 1790 eis
2541 1736 2702 1801 Deus,
2742 1746 2790 1790 et
2823 1747 2973 1791 erant
3016 1738 3116 1806 ipsi
3152 1738 3373 1808 populus
3416 1738 3501 1809 (Il

172 1863 183 1875 .
246 1827 563 1895 agnitionem
580 1827 807 1881 veritatis
832 1828 1002 1881 venire
1024 1825 1209 1898 (Ibid.,
1235 1841 1377 1881 vers.
1403 1826 1477 1897 5).
1502 1827 1568 1880 Et
1588 1842 1656 1881 ne
1680 1827 1829 1898 quis-
1860 1810 1905 1869 Β
1933 1822 2056 1878 Cor.
2080 1838 2157 1886 vt,
2189 1821 2300 1890 16),
2332 1830 2391 1875 ιιι
2419 1823 2544 1877 dum
2574 1830 2734 1877 tanta:
2762 1824 3115 1878 beatitudinis
3145 1826 3286 1881 dono
3322 1826 3506 1882 Eccle—

246 1928 413 1982 quam
439 1913 645 1968 diceret
664 1927 819 1982 posse
838 1927 959 1968 esse
979 1914 1168 1969 salutis
1199 1913 1339 1968 viam
1365 1913 1417 1969 in
1445 1913 1584 1968 bona
1605 1927 1833 1968 convcr-

246 2002 458 2057 satione
491 2010 538 2057 et
556 2002 716 2057 unius
746 2001 842 2058 Dei
866 2003 1251 2073 omnipotentis
1271 2003 1440 2068 cultu,
1472 2002 1587 2058 sive
1608 2002 1829 2075 partici-

244 2091 463 2162 patione
477 2090 721 2161 corporis
739 2099 795 2147 et
808 2092 1088 2162 sanguinis
1100 2090 1301 2147 Christi
1318 2110 1332 2146 :
1350 2089 1496 2145 Unus
1517 2091 1654 2145 enim
1668 2090 1829 2158 Deus,

248 2182 459 2250 inquit,
509 2198 646 2236 unus
680 2182 817 2235 enim
859 2182 1122 2237 Mediator
1156 2182 1253 2237 Dei
1285 2191 1334 2247 et
1366 2182 1634 2243 hominum
1679 2182 1834 2237 homo

246 2271 407 2326 Jesus
437 2270 704 2336 Christus,
734 2280 796 2326 ut
815 2270 947 2327 illud
973 2273 1115 2342 quod
1144 2272 1376 2337 dixerat,
1400 2287 1578 2325 omnes
1602 2272 1834 2327 homines

248 2361 355 2416 vult
380 2361 552 2416 salvos
576 2361 714 2431 ﬁeri,
740 2362 887 2417 nullo
905 2361 1010 2418 alio
1032 2364 1193 2419 modo
1215 2362 1546 2434 intelligatur
1564 2363 1831 2433 praestari,

247 2452 354 2507 nisi
380 2466 478 2523 per
504 2453 858 2509 mediatorem
902 2461 1147 2509 nostrum
1176 2453 1343 2509 Deum
1373 2494 1388 2519 ,
1439 2454 1586 2524 quod
1619 2468 1835 2523 semper

248 2551 372 2598 erat
398 2542 658 2611 Verbum,
707 2544 803 2599 sed
849 2543 1125 2600 hominem
1170 2544 1443 2601 Christum
1490 2543 1673 2600 Iesum
1710 2560 1832 2605 cum

260 2632 490 2687 Verbum
536 2650 659 2688 caro
704 2634 902 2701 factum
940 2643 1086 2689 estet
1129 2634 1378 2690 habitavit
1416 2636 1471 2690 in
1495 2634 1662 2689 nobis.
1707 2634 1832 2697 ideo

249 2720 397 2775 enim
425 2720 675 2777 Christus
722 2721 991 2779 mediator
1017 2723 1114 2779 Dei
1154 2731 1210 2779 et
1236 2724 1515 2779 hominum
1551 2722 1727 2780 dictus
1751 2733 1835 2780 est

250 2808 397 2864 inter
419 2810 586 2865 Deum
613 2809 974 2866 immortalem
1001 2820 1057 2866 et
1083 2811 1363 2869 mortalem
1393 2811 1666 2866 hominem
1692 2811 1833 2867 Deus

250 2910 310 2956 et
334 2901 497 2956 homo
523 2901 881 2958 reconcilians
903 2902 1178 2958 hominem
1201 2903 1332 2967 Deo,
1348 2917 1508 2957 verus
1531 2916 1647 2967 rex,
1671 2916 1834 2958 verus

250 2992 526 3046 sacerdos.
567 2991 710 3062 Ergo
731 2991 866 3061 petit
890 2992 1053 3047 homo
1079 3006 1110 3046 a
1127 3006 1252 3062 rege
1278 2989 1495 3047 Christo
1522 2999 1762 3063 regatur,
1787 2993 1832 3049 si

250 3078 394 3135 forte
411 3081 737 3149 peccaverit,
760 3080 951 3135 eodem
978 3080 1259 3136 sacerdote
1279 3078 1495 3136 Christo
1525 3080 1791 3151 expletur.

326 3170 413 3224 11.
428 3170 453 3210 ἀ
471 3162 653 3225 Primo
671 3169 834 3240 igitur
852 3169 1293 3226 convenientibus
1315 3170 1369 3225 in
1381 3185 1570 3236 unum,
1585 3179 1640 3226 et
1653 3180 1831 3226 astan-
1859 3152 1904 3215 Ο

252 3260 401 3316 tibus
424 3260 478 3314 in
499 3260 659 3315 domo
691 3259 785 3314 Dei
815 3258 1079 3325 ﬁdelibus,
1095 3260 1437 3329 praecedente
1464 3259 1829 3315 modulatione

250 3351 561 3406 divinarum
589 3350 829 3417 laudum,
857 3351 1196 3421 praecedente
1217 3350 1449 3406 lectione
1468 3349 1832 3426 apostolorum

250 3450 307 3495 et
349 3440 762 3512 Evangeliorum
787 3480 804 3507 ,
855 3439 1195 3510 praecedente
1234 3439 1398 3495 etiam
1446 3454 1834 3509 nonnunquam

251 3547 506 3590 sermone
531 3541 588 3588 et
611 3531 939 3588 allocutione
958 3534 1365 3604 magistrorum,
1387 3529 1671 3601 subiuncta
1697 3546 1832 3602 quo-

251 3638 360 3693 que
390 3623 620 3694 symboli
650 3621 1021 3688 confessione,
1046 3630 1101 3677 et
1119 3621 1388 3678 oblatione
1412 3621 1752 3691 populorum,
1783 3631 1836 3677 et

252 3714 467 3768 initiata
491 3712 900 3786 consecratione
926 3720 1408 3777 sacramentorum,
1432 3711 1487 3766 in
1512 3711 1706 3780 quibus
1721 3726 1837 3765 om-

252 3804 416 3860 nibus
450 3818 604 3858 mens
644 3802 936 3857 astantium
981 3803 1050 3858 ad
1087 3803 1268 3858 divina
1311 3809 1367 3856 et
1407 3799 1648 3855 ctelestia
1685 3799 1833 3870 cogi-

257 3893 421 3948 tanda
468 3908 533 3948 ac
561 3892 913 3948 desideranda
953 3900 1309 3963 prmparatur,
1349 3890 1555 3945 assistit
1583 3888 1837 3943 sacerdos

255 3982 437 4048 altari,
475 3990 529 4037 et
573 3982 945 4037 celebraturus
990 3982 1172 4038 divina
1217 3980 1505 4053 mysteria,
1537 3977 1833 4034 Ecclesium

255 4071 543 4126 salutando
569 4080 712 4137 orat,
743 4080 798 4126 et
825 4071 1030 4126 orando
1058 4070 1255 4126 salutat
1282 4071 1468 4126 dicens
1499 4086 1512 4122 :

334 4159 418 4214 12.
496 4159 748 4214 Dominus
794 4161 1073 4216 vobiscum.
1146 4159 1250 4227 Qui
1312 4158 1652 4215 salutationis
1715 4172 1835 4213 ser-

257 4266 348 4306 mo
415 4264 524 4305 non
600 4251 833 4306 humano
906 4251 1131 4307 arbitrio
1195 4251 1560 4322 compositus,
1616 4250 1709 4305 sed
1759 4265 1825 4305 ex

258 4343 456 4398 divinae
471 4340 765 4412 Scriptura:
786 4342 1109 4417 auctoritate
1123 4342 1436 4411 desumptus
1449 4342 1727 4411 probatur,
1745 4340 1835 4395 ubi

259 4436 574 4505 frequenter
607 4443 660 4490 et
700 4435 1043 4507 singulariter
1073 4444 1125 4491 et
1160 4436 1439 4506 pluraliter
1466 4436 1674 4505 positus
1708 4433 1838 4515 legi—

260 4537 368 4582 tur.
398 4526 779 4598 Singularitcr,
809 4528 952 4583 sicut
989 4529 1066 4583 ait
1105 4529 1328 4600 angelus
1351 4530 1418 4583 ad
1462 4531 1679 4583 beatam
1724 4526 1836 4581 Ma—

261 4618 451 4672 riam:
485 4618 592 4672 Ave
640 4617 812 4687 gratia
860 4617 1036 4689 plena,
1079 4618 1332 4673 Dominus
1380 4629 1548 4673 tecum
1611 4616 1762 4690 (Luc.
1795 4631 1832 4681 ι,

261 4706 395 4778 28);
428 4715 484 4761 et
521 4707 663 4762 sicut
693 4708 761 4762 ad
814 4707 1030 4772 Gedcon
1060 4709 1310 4764 similiter
1352 4708 1634 4764 salutando
1662 4708 1833 4763 dixit:

261 4797 521 4851 Dominus
567 4806 757 4863 tecum,
798 4799 1027 4851 virorum
1081 4799 1361 4868 fortissime
1412 4797 1589 4870 (Iud.
1628 4798 1833 4868 v1.12).

261 4888 554 4943 Pluraliter
594 4896 798 4956 autem,
831 4889 970 4943 sicut
1017 4890 1070 4943 in
1106 4890 1243 4945 libro
1284 4890 1450 4956 Ruth,
1507 4889 1600 4961 qui
1650 4890 1837 4958 utique

262 4978 402 5033 sicut
424 4977 604 5031 caeteri
636 4992 803 5032 sacra:
842 4977 1136 5048 Scriptura:
1157 4978 1276 5034 libri
1300 4979 1478 5033 divina
1520 4964 1574 5033 et
1607 4979 1834 5049 mystica

261 5068 526 5133 continet,
558 5067 904 5138 lcgiturBooz
929 5068 1214 5123 salutando
1240 5068 1441 5124 dixisse
1470 5070 1832 5124 messoribus:

259 5159 520 5213 Dominus
542 5159 818 5214 vobiscum.
844 5158 939 5215 Cui
969 5161 1136 5231 etipsi
1169 5161 1526 5217 resalutantes
1547 5163 1797 5218 dixerunt
1822 5181 1834 5215 :

257 5248 546 5303 Benedicat
589 5251 683 5303 tibi
731 5249 984 5305 Dominus
1019 5251 1204 5324 (Ruth.
1256 5268 1318 5317 ιι,
1352 5252 1430 5324 4).
1476 5252 1545 5319 Et
1590 5254 1730 5309 sicut
1783 5254 1838 5311 in

259 5338 491 5392 historia
540 5339 660 5393 libri
712 5339 1158 5409 Paralipomenon
1219 5344 1486 5420 propheta
1550 5344 1747 5420 missus
1804 5360 1833 5398 a

259 5426 373 5481 Deo
397 5428 672 5482 invenitur
717 5430 981 5488 salutasse
1017 5433 1123 5489 Asa
1153 5418 1333 5505 regem
1366 5435 1501 5491 Juda
1536 5418 1656 5491 cum
1683 5452 1837 5491 exer-

261 5516 371 5571 citu
425 5532 544 5583 suo,
596 5518 844 5575 invocato
882 5522 974 5577 Dei
1016 5524 1235 5591 auxilio,
1292 5526 1524 5583 victores
1561 5528 1626 5582 de
1656 5528 1837 5598 prtulio

260 5616 619 5664 revertentes.
672 5609 762 5664 Ait
809 5612 950 5666 enim
1002 5613 1308 5670 :Dominus
1364 5616 1642 5682 vobiscum,
1716 5619 1837 5687 quia

332 5728 359 5756 ιι
389 5716 486 5773 llic
512 5718 680 5773 solum
718 5720 975 5791 incipiunt
1010 5722 1159 5779 editi.

1933 1913 2014 1967 sia
2058 1911 2154 1966 Dei
2179 1920 2233 1966 et
2262 1912 2504 1981 possidet
2544 1911 2827 1966 Dominum
2881 1923 2937 1967 et
2984 1914 3287 1983 possidetur
3320 1930 3350 1969 a
3374 1916 3504 1983 Dco,

1933 2008 2199 2071 quatenus
2227 2008 2283 2055 et
2325 2000 2439 2070 ipsa
2481 2000 2555 2055 sit
2585 2001 2873 2057 haereditas
2898 2001 3132 2066 Domini,
3156 2012 3212 2058 et
3246 2003 3508 2061 Dominus

1939 2105 2068 2160 pars
2104 2088 2438 2144 haereditatis
2461 2089 2598 2158 ejus,
2630 2090 2917 2161 impleatur
2955 2093 3009 2145 in
3052 2091 3141 2145 illa
3179 2095 3321 2162 quod
3361 2094 3509 2149 Psal-

1934 2179 2094 2240 mista
2124 2178 2200 2232 ait
2230 2195 2244 2234 :
2274 2177 2439 2232 Beata
2486 2195 2633 2249 gens,
2676 2180 2827 2251 cujus
2876 2179 3132 2236 Dominus
3164 2182 3324 2247 ,Deus
3369 2184 3506 2253 ejus,

1933 2270 2155 2342 populus
2175 2287 2327 2345 quem
2350 2269 2501 2342 elegit
2528 2270 2583 2324 in
2619 2270 2973 2326 htrreditatem
3001 2272 3098 2326 sibi
3128 2269 3298 2343 (Psal.
3331 2290 3505 2339 xxxn,

1936 2359 2045 2431 12).
2079 2358 2190 2414 Hoc
2223 2367 2306 2417 est
2323 2358 2467 2413 enim
2496 2374 2764 2414 summum
2813 2360 3045 2415 hominis
3084 2360 3282 2416 bonum
3328 2364 3506 2431 possi-

1935 2450 2062 2505 dere
2102 2443 2293 2515 Deum,
2321 2459 2370 2503 et
2405 2450 2670 2523 possideri
2693 2465 2722 2504 a
2760 2449 2909 2517 Deo;
2955 2450 3128 2520 ipsum
3183 2450 3355 2506 solum
3385 2452 3508 2507 dili-

1934 2555 2062 2612 gere
2096 2549 2152 2595 et
2186 2540 2287 2611 ipsi
2319 2540 2418 2595 soli
2459 2541 2684 2607 servire,
2718 2539 2795 2595 illi
2824 2540 2920 2594 soli
2960 2540 3258 2606 adhaerere,
3282 2548 3340 2594 ut
3366 2541 3509 2596 dicat

1934 2628 2009 2684 illi
2036 2643 2220 2687 annua
2255 2629 2447 2685 devota
2480 2646 2494 2684 :
2527 2627 2658 2684 Mihi
2686 2638 2857 2685 autem
2882 2628 3150 2684 adhawere
3187 2629 3294 2684 Deo
3316 2631 3508 2683 bonum

1936 2719 2107 2792 (Psal.
2154 2737 2322 2785 Lxxu,
2370 2721 2484 2791 28).
2513 2720 2581 2774 Et
2611 2720 2849 2773 iterum:
2904 2718 3138 2772 Adlursit
3185 2720 3361 2772 anima
3394 2734 3508 2771 mea

1933 2822 2046 2884 post
2074 2822 2123 2866 te
2142 2812 2313 2885 (Psal.
2342 2828 2474 2876 1.x",
2505 2812 2585 2883 9),
2633 2820 2695 2866 ut
2738 2813 3018 2867 adhaerens
3067 2811 3316 2877 Domino,
3360 2827 3504 2866 unus

1935 2918 2056 2959 cum
2084 2919 2150 2959 eo
2177 2904 2399 2974 spiritus
2425 2904 2541 2969 hat,
2579 2903 2790 2959 dicente
2809 2902 3066 2972 Apostolo
3092 2919 3105 2957 :
3141 2902 3243 2968 Qui
3273 2904 3505 2957 adlneret

1933 2991 2181 3059 Domino,
2233 3007 2369 3047 unus
2422 2993 2636 3063 spiritus
2682 3002 2756 3046 est
2793 2991 2842 3065 (Ι
2877 2990 3000 3046 Cor.
3032 3007 3108 3057 vt,
3142 2990 3249 3064 17).
3284 2991 3416 3048 Nam
3455 3002 3511 3049 et

1935 3083 2050 3155 ipse
2073 3084 2361 3155 Apostolus
2388 3084 2441 3138 in
2473 3083 2727 3153 Epistolis
2753 3084 2864 3140 suis
2892 3084 2966 3139 ita
2993 3084 3191 3139 salutat
3215 3085 3417 3148 dicens,
3450 3094 3510 3139 ut

1936 3176 2226 3247 aliquando
2281 3176 2427 3232 dicat
2477 3195 2490 3231 :
2552 3176 2810 3231 Dominus
2871 3193 2990 3231 cum
3041 3178 3278 3233 omnibus
3329 3178 3510 3244 vobis;

1935 3264 2224 3334 aliquando
2249 3283 2261 3319 :
2294 3266 2436 3320 Deus
2457 3276 2628 3321 autem
2651 3268 2794 3337 pacis
2827 3268 3033 3322 sitcum
3059 3267 3298 3322 omnibus
3324 3268 3466 3322 vobis
3491 3282 3510 3319 :

1936 3356 2062 3411 item
2089 3355 2378 3426 aliquando
2410 3374 2423 3411 :
2457 3354 2640 3411 Gratia
2683 3356 2898 3412 Domini
2939 3357 3104 3411 nostri
3132 3356 3287 3412 Jesus
3315 3356 3511 3412 Christi

1934 3447 2000 3501 sit
2031 3463 2148 3500 cum
2193 3447 2380 3517 spiritu
2419 3456 2606 3513 vestro,
2657 3446 2867 3517 fratres,
2918 3462 3079 3500 amcn-
3113 3443 3254 3517 (Cal.
3285 3461 3361 3511 γι,
3395 3445 3507 3517 18).

1934 3537 2004 3591 Et
2040 3552 2423 3608 nonnunquam
2471 3538 2571 3593 sub
2610 3537 2956 3593 distinctione
2998 3551 3376 3606 personarum,
3424 3545 3507 3591 to-

1936 3635 2047 3681 tam
2092 3626 2353 3681 invocaus
2399 3626 2743 3693 Trinitatem,
2784 3628 2855 3682 ita
2896 3626 3135 3682 salutat:
3171 3624 3355 3680 Gratia
3396 3626 3506 3680 Do-

1935 3721 2063 3776 mini
2094 3722 2258 3775 nostri
2292 3720 2418 3775 Iesu
2443 3719 2637 3774 Christi
2663 3730 2709 3774 et
2739 3721 2971 3773 Charitas
3020 3718 3140 3784 Dei,
3188 3727 3237 3773 et
3273 3734 3510 3771 commu-

1937 3812 2131 3864 nicatio
2159 3811 2327 3863 sancti
2357 3809 2586 3879 Spiritus
2608 3810 2674 3863 sit
2710 3823 2827 3861 cum
2849 3808 3088 3861 omnibus
3118 3807 3257 3859 vobis
3283 3805 3366 3877 (11
3384 3803 3507 3859 Cor.

1935 3917 2053 3965 xui,
2104 3901 2214 3970 15).
2264 3900 2320 3954 lu
2373 3899 2566 3971 quibus
2613 3899 2862 3954 omnibus
2906 3898 3008 3952 hoc
3052 3904 3202 3966 optat
3264 3895 3512 3951 ﬁdelibus

1936 3991 2180 4048 scribens
2208 4034 2224 4059 ,
2279 3990 2423 4061 quod
2490 3990 2743 4045 sacerdos
2814 3989 2883 4044 ad
2944 3988 3117 4043 altare
3189 3987 3451 4043 assistens
3492 4027 3507 4054 ,

1936 4086 2161 4151 scilicet.
2227 4094 2287 4140 ut
2326 4084 2586 4143 habentes
2626 4082 2796 4137 Deum
2823 4097 2930 4136 non
2984 4081 3305 4136 deserantur
3329 4080 3397 4134 ab
3422 4093 3507 4135 eo.

1936 4178 2100 4240 Recte
2121 4193 2250 4248 ergo
2273 4175 2513 4231 Beclesia
2547 4183 2654 4230 tam
2685 4173 2886 4231 salubri
2915 4171 3216 4227 sacerdotis
3245 4185 3377 4225 voce
3418 4183 3512 4224 ac-

1935 4252 2197 4339 cepta,"et
2224 4268 2335 4335 ipsa
2366 4265 2709 4322 resalutando
2739 4273 2881 4331 orat,
2921 4272 2976 4319 et
2997 4263 3203 4320 orando
3247 4261 3510 4318 resalutat

1937 4359 2296 4422 sacerdotem,
2316 4356 2500 4412 dicens
2526 4373 2541 4410 :

2013 4428 2096 4501 15.
2131 4447 2197 4501 Et
2219 4463 2335 4500 cum
2372 4446 2574 4517 Spiritu
2601 4454 2711 4499 tuo.
2751 4444 2894 4499 Nihil
2921 4444 3062 4499 enim
3094 4442 3284 4497 melius
3309 4440 3524 4495 invenit.

1940 4536 2179 4592 Ecclesia
2223 4535 2362 4605 quod
2390 4542 2601 4605 optaret
2626 4535 2914 4598 sacerdoti,
2945 4533 3048 4588 nisi
3088 4531 3227 4601 quod
3259 4529 3515 4584 sacerdos

1937 4633 2086 4697 optat
2112 4625 2389 4691 Ecclesiae,
2417 4625 2469 4680 id
2496 4632 2579 4679 est
2601 4635 2661 4678 ut
2691 4624 2829 4678 idem
2862 4623 3120 4677 Dominus
3147 4619 3238 4688 qui
3262 4617 3515 4688 dignatur

1938 4731 2058 4772 esse
2084 4732 2206 4771 cum
2239 4715 2503 4781 Ecclesia,
2533 4716 2783 4785 dignetur
2805 4714 2967 4769 etiam
3000 4724 3120 4764 esse
3160 4723 3281 4762 eum
3318 4706 3520 4776 spiritu

1941 4805 2254 4869 sacerdotis,
2286 4820 2351 4860 ac
2384 4805 2462 4860 sic
2506 4805 2561 4859 in
2610 4813 2838 4872 utroque.
2887 4800 3115 4869 benigna
3165 4797 3251 4852 illa
3300 4797 3520 4851 Domini

1939 4895 2226 4966 promissio
2252 4893 2553 4964 impleatur,
2581 4908 2685 4962 qua
2718 4903 3041 4946 ascensurus
3068 4888 3121 4941 in
3163 4886 3362 4943 coelum
3392 4901 3521 4941 om-

1939 4986 2095 5040 nibus
2136 4984 2379 5039 ﬁdelibus
2405 4984 2652 5053 promisit
2693 4981 2878 5034 dicens
2907 4992 2923 5032 :
2955 4977 3090 5031 Ecce
3131 4994 3223 5048 ego
3251 4976 3521 5031 vobiscum

1939 5091 2054 5130 sum
2103 5072 2340 5128 omnibus
2375 5072 2555 5127 diebus
2585 5086 2743 5139 usque
2773 5067 2841 5121 ad
2875 5067 3371 5121 consumtttationem
3410 5079 3514 5118 sa:—

1939 5164 2044 5218 culi
2072 5162 2281 5233 (Matth.
2307 5177 2500 5226 xxviii,
2526 5158 2637 5230 20).
2665 5157 2777 5212 Hoc
2796 5172 2928 5227 ergo
2957 5164 3161 5211 tantum
3187 5155 3385 5209 bonum
3411 5152 3514 5208 sibi

1941 5255 2171 5311 invicem
2214 5262 2405 5325 optant
2448 5259 2503 5307 et
2546 5250 2840 5320 postulant,
2870 5258 2924 5305 et
2955 5248 3207 5304 sacerdos
3236 5245 3512 5309 Ecclesia),

1942 5355 1998 5402 et
2026 5346 2267 5401 Ecclesia
2298 5342 2587 5408 sacerdoti,
2618 5352 2678 5397 ut
2716 5343 2855 5398 sicut
2875 5340 2992 5410 ejus
3021 5341 3195 5411 gratia
3240 5337 3517 5393 illumina—.

1947 5447 2053 5502 tur,
2100 5437 2216 5507 ejus
2261 5424 2545 5504 praesentia
2592 5433 2969 5498 confortatur,
3013 5445 3130 5499 ejus
3184 5427 3517 5498 protectionc

1946 5528 2217 5591 munitur;
2273 5538 2484 5593 semper
2527 5540 2648 5580 eum
2697 5538 2914 5579 manere
2959 5522 3273 5584 nobiscum,
3324 5533 3516 5588 quem-

1948 5615 2233 5670 admodum
2265 5622 2343 5668 cst
2374 5615 2659 5683 pollicitus,
2691 5615 3000 5671 sentiamus.
3039 5611 3146 5667 ΙΙοε
3172 5610 3331 5664 etiam
3360 5605 3523 5663 modo
