4050 6302
509 274 581 328 27
1611 258 1816 315 FLOR]
1852 254 2128 314 DIACONI
2167 253 2655 312 LUGDUNENSIS
3720 260 3801 317 28

515 383 801 456 aliquoties
843 382 1038 438 salutat
1070 377 1379 450 Apostolus,
1418 381 1474 431 et
1519 370 1819 443 pluraliter,
1850 376 1904 424 ut
1934 382 2093 439 supe—
2195 379 2302 418 non
2342 380 2650 436 possumus,
2693 381 2796 420 DISl
2838 365 3052 421 sincero
3090 367 3374 423 eharitatis
3398 366 3595 424 aﬁ‘ectu
3652 368 3805 424 illud

512 476 627 535 rius
648 472 1087 536 memoravimus,
1117 469 1209 524 ubi
1245 469 1357 523 ait:
1389 464 1645 519 Dominus
1669 460 1825 516 .lesus
1850 458 2088 514 Christus

514 584 635 624 cum
672 565 859 635 spiritu
888 571 1074 627 vestro,
1122 559 1333 630 fratres,
1383 570 1537 609 amen
1584 548 1724 624 (Cal.
1762 567 1840 618 vr,
1874 549 1981 621 l8).
2024 548 2093 604 Et

521 653 902 726 singulariter,
949 651 1039 706 ubi
1087 649 1156 704 ad
1209 645 1549 703 Timotheum
1595 642 1840 699 salutans
1888 640 2021 696 dicit
2075 657 2089 694 :

517 716 775 800 Dominus
818 716 976 795 Iesus
1005 738 1243 794 Christus
1280 750 1398 790 cum
1432 733 1618 803 spiritu
1656 741 1771 798 tuo,
1824 746 1995 784 amen.
2027 716 2125 785 Et’

514 838 655 893 bene
696 834 955 890 Dominus
997 845 1118 887 cum
1158 826 1353 898 spiritu
1394 824 1629 881 hominis
1673 838 1795 879 esse
1842 828 2093 891 optatur,

518 927 645 998 quia
676 926 730 981 in
759 924 950 995 spiritu
978 930 1033 978 et
1074 927 1255 975 mente
1283 914 1533 972 rationali
1562 921 1780 970 creatus
1809 920 1893 969 est
1933 911 2096 966 homo

521 1017 589 1072 ad
628 1016 916 1087 imaginem
953 1020 1009 1066 et
1035 1007 1440 1066 similitudinem
1473 1004 1567 1059 Dei
1601 1021 1615 1058 :
1646 1010 1701 1057 et
1727 1000 1798 1056 ibi
1821 1008 1904 1057 est
1924 1014 2095 1071 capax

520 1107 715 1162 divina:
766 1104 951 1177 gratia:
991 1111 1046 1158 et
1090 1097 1520 1162 illuminationis,
1560 1104 1620 1150 ut
1658 1094 1711 1148 in
1753 1101 2011 1163 quantum
2046 1089 2097 1145 ei

521 1195 681 1250 datur
704 1193 875 1264 possit
908 1191 1110 1247 sentire
1150 1188 1487 1246 dulcedinem
1516 1182 1821 1248 suavitatis,
1844 1189 1899 1237 et
1919 1179 2099 1250 splen-

523 1287 708 1343 dorem
732 1284 1036 1356 prazsentise
1056 1281 1195 1352 ejus,
1223 1292 1284 1336 ut
1312 1280 1406 1336 (lat
1433 1278 1486 1334 in
1511 1292 1577 1334 eo
1617 1276 1749 1332 illud
1776 1275 1919 1346 quod
1944 1271 2097 1329 Psal-

522 1376 683 1432 mista
714 1376 790 1431 ait
826 1392 841 1431 :
874 1372 1093 1428 Gustate
1129 1383 1177 1429 et
1205 1371 1387 1435 uidete,
1410 1368 1657 1441 quoniam
1686 1366 1862 1423 suavis
1883 1373 1957 1420 est
1985 1363 2097 1418 Do-

521 1465 696 1520 minus
726 1462 899 1529 (Psal.
928 1477 1125 1527 xxxm,
1152 1460 1229 1531 9).
1257 1459 1324 1514 Et
1344 1459 1541 1514 iterum
1573 1473 1586 1508 :
1609 1454 1850 1508 Accedite
1870 1453 1939 1506 ad
1959 1468 2099 1518 eum,

528 1562 577 1607 ct
600 1551 1059 1618 illuminamini,et
1086 1548 1254 1615 uultus
1279 1546 1431 1602 vestri
1460 1560 1562 1598 non
1588 1542 1887 1599 erubescent
1911 1540 2101 1612 (lbid.,

2195 453 2421 523 implere
2441 454 2773 520 studeamus,
2803 454 2947 524 quod
2989 454 3057 510 de
3091 456 3194 512 hac
3225 471 3286 512 re
3332 457 3643 527 specialiter
3684 458 3805 514 Do-

2194 548 2373 607 minus
2394 548 2636 620 prmcipit
2656 549 2844 606 dicens
2883 564 2899 604 :
2933 548 2995 605 Si
3015 550 3173 620 offers
3208 562 3399 606 manus
3424 560 3573 608 tuum
3601 554 3681 609 ad
3705 552 3807 608 al-

2197 645 2328 702 tare,
2369 646 2421 693 et
2462 637 2536 692 ibi
2569 638 2872 694 recordatus
2901 638 3087 708 fueris,
3107 640 3233 711 quia
3264 640 3432 710 frater
3466 650 3588 698 tuus
3627 644 3805 699 habet

2196 727 2395 800 aliquid
2417 728 2692 787 adversum
2720 739 2789 798 te,
2808 730 3041 803 relinque
3063 732 3136 786 ibi
3165 748 3357 788 munus
3386 742 3535 789 tuum
3560 747 3690 793 ante
3713 738 3805 792 al-

2197 828 2335 885 tare,
2359 828 2409 874 et
2446 819 2577 874 uade
2601 820 2748 890 prius
2772 821 3100 877 reconciliari
3125 821 3288 892 fratri
3311 831 3429 891 tuo,
3459 832 3510 880 et
3534 833 3662 881 tunc
3699 843 3802 883 ue-

2197 908 2343 965 niens
2378 908 2563 978 offeres
2586 925 2776 965 munus
2795 919 2942 991 tuum
2967 910 3184 983 (Matth.
3204 928 3259 979 ν,
3278 912 3394 985 25).

2270 998 2360 1055 14.
2392 997 2612 1069 (Carm,
2643 1000 2826 1056 homil.
2853 1001 2888 1058 8
2910 1002 2964 1056 in
2994 1001 3285 1075 Ezechiel.)
3317 1003 3432 1073 Qua
3460 1004 3517 1060 in
3554 1021 3617 1063 re
3648 1021 3807 1078 pen—

2199 1088 2426 1144 sandum
2448 1095 2554 1154 est,
2576 1103 2697 1144 cum
2720 1089 2899 1146 omnis
2918 1089 3074 1161 culpa
3095 1106 3322 1148 munere
3342 1092 3599 1160 solvatur,
3621 1110 3807 1165 quam

2200 1178 2381 1250 gravis
2406 1186 2493 1233 est
2518 1178 2672 1249 culpa
2696 1176 2998 1247 discordiae,
3026 1196 3124 1252 pro
3156 1197 3263 1252 qua
3304 1198 3404 1239 nec
3450 1200 3649 1242 munus
3701 1201 3804 1242 ac-

2201 1268 2417 1338 cipitur».
2441 1269 2707 1327 Debemus
2729 1270 2915 1342 itaque
2929 1271 2996 1327 ad
3018 1272 3346 1344 proximum,
3362 1275 3609 1344 quamvis
3627 1275 3806 1346 longe

2201 1357 2437 1427 positum
2469 1356 2734 1430 longeque
2755 1358 3104 1429 disiunctum,
3151 1370 3333 1418 mente
3354 1363 3456 1429 ire,
3488 1362 3647 1434 eique
3670 1364 3805 1419 ani-

2204 1466 2351 1507 mum
2374 1451 2623 1517 subdere,
2654 1451 2952 1507 humilitate
2987 1451 3136 1507 illum
3159 1468 3225 1509 ac
3250 1453 3621 1510 benevolentia
3670 1455 3807 1526 pla-

2205 1555 2363 1606 care,
2394 1549 2456 1595 ut
2477 1540 2729 1597 videlicet
2751 1542 3031 1609 Conditor,
3067 1543 3194 1598 dum
3217 1542 3323 1600 tale
3358 1560 3555 1601 munus
3585 1554 3806 1604 nostra

523 1654 672 1698 vers.
714 1640 804 1713 6).
851 1640 945 1696 Sic
974 1653 1209 1709 namque
1253 1634 1593 1692 sanetilicato
1637 1632 1831 1703 spiritu
1869 1632 2104 1688 hominis
2138 1711 2165 1713 Α
2207 1631 2404 1686 mentis
2431 1630 2721 1700 aspexerit,
2744 1646 2776 1685 a
2811 1641 3036 1701 peccato
3061 1646 3160 1688 nos
3183 1631 3378 1700 solvat,
3420 1634 3547 1704 quia
3591 1650 3809 1693 munus

525 1748 624 1803 per
671 1711 1117 1787 inhabitationem
1162 1727 1294 1790 Dei,
1348 1724 1579 1781 ellicitur
1626 1723 1791 1779 homo
1831 1722 1998 1777 etiam
2050 1721 2106 1776 in
2136 1711 2186 1772 Β
2216 1734 2333 1803 pro.
2341 1718 2498 1790 culpa
2521 1719 2703 1774 sumit.
2730 1719 2987 1777 Veritatis
3031 1729 3210 1778 aulam
3260 1737 3391 1779 voce
3432 1731 3667 1780 testante
3715 1725 3806 1780 di-

528 1790 756 1891 corpore
779 1816 1059 1887 templum.
1080 1815 1233 1871 Unde
1254 1814 1329 1868 ait
1351 1812 1658 1883 apostolus:
1684 1810 1917 1880 Corpora
1940 1819 2106 1866 vestra
2207 1790 2456 1873 dicimus,
2484 1807 2609 1877 quia
2631 1822 2817 1864 servus
2838 1807 2931 1879 qui
2958 1808 3146 1865 decem
3173 1809 3345 1871 millia
3389 1811 3588 1871 talenta
3633 1813 3807 1871 debe-

529 1908 777 1979 templum
810 1916 884 1961 est
933 1905 1158 1976 Spiritus
1188 1904 1356 1960 sancti
1386 1920 1538 1976 quem
1587 1902 1788 1956 habetis
1819 1916 1852 1955 a
1894 1900 2005 1955 Deo
2042 1899 2107 1972 (I

529 1996 653 2051 Cor.
675 2012 728 2050 vt
750 2036 765 2062 ,
805 1994 916 2066 l9).
941 1992 1047 2049 Sed
1088 2001 1144 2048 et
1174 1993 1263 2047 illa
1288 1991 1543 2047 salutatio
1571 1988 1894 2060 episcopalis
1922 1988 1991 2045 ad
2020 2003 2111 2057 po-

527 2084 746 2155 pulum,
790 2099 898 2153 qua
940 2082 1138 2138 dicitur
1168 2081 1287 2135 Pax
1314 2080 1600 2145 uobiscum,
1648 2078 1762 2135 sive
1787 2075 1903 2132 Pax
1945 2077 2110 2144 vobis,

528 2173 778 2231 similiter
805 2187 912 2228 non
958 2173 1193 2226 humano
1239 2185 1401 2227 sensu
1445 2170 1688 2234 inventa,
1713 2167 1810 2224 sed
1847 2166 1914 2223 de
1959 2165 2110 2222 Scri-

528 2271 700 2333 ptura:
735 2269 937 2318 sanctis
965 2261 1287 2317 auctoritate
1307 2269 1521 2331 sumpta
1547 2266 1650 2315 est.
1678 2257 1812 2312 Nam
1841 2267 1895 2314 et
1926 2258 1981 2312 in
2008 2257 2110 2314 Ve-

531 2355 633 2410 teri
673 2352 1018 2415 Testamento
1066 2352 1337 2408 invenitur
1381 2351 1587 2407 dixisse
1639 2349 1861 2422 angelus
1904 2349 2113 2405 Danieli

530 2443 804 2513 prophetat
832 2456 847 2495 :
880 2440 1008 2496 Noli
1055 2442 1254 2506 timere,
1286 2441 1366 2496 uir
1415 2439 1816 2504 desideriorum,
1844 2455 1950 2509 pax
1995 2438 2110 2507 tibi,

532 2532 850 2601 confortare,
877 2541 922 2605 et
945 2539 1053 2585 esto
1077 2529 1317 2584 robustus
1342 2528 1506 2598 (Dan.
1534 2545 1592 2596 χ,
1620 2526 1730 2597 19).
1760 2527 1827 2582 Et
1858 2526 1912 2581 in
1940 2525 2110 2594 Novo,

536 2620 590 2677 id
614 2629 697 2676 est
723 2620 778 2674 in
808 2618 1119 2691 Evangelia,
1137 2631 1272 2690 pene
1294 2633 1510 2688 semper
1534 2618 1609 2673 ita
1634 2616 1897 2683 Dominus
1917 2614 2115 2687 legitur

533 2709 804 2781 apostolos
838 2708 1103 2764 salutasse
1144 2708 1374 2764 dicendo
1407 2726 1421 2762 :
1454 2705 1575 2762 Pax
1623 2706 1797 2773 vobis;
1836 2714 1891 2764 et
1912 2706 2113 2764 eisdem

540 2799 802 2871 apostolis
823 2798 1068 2854 eamdem
1095 2796 1435 2854 salutationis
1465 2796 1694 2854 formam
1720 2796 2115 2856 commendavit

534 2891 753 2946 dicens:
771 2888 837 2944 In
857 2906 1218 2961 quamcunque
1246 2899 1416 2944 autem
1444 2888 1655 2943 domum
1682 2889 2117 2956 intraveritfs,sa-

541 2983 706 3038 lutate
733 3000 850 3038 eam
876 2966 1100 3037 dicentes
1127 2998 1146 3037 :
1178 2981 1299 3036 Pax
1323 2981 1446 3034 huic
1485 2979 1684 3043 domui,
1714 2987 1762 3032 et
1787 2978 1832 3032 si
1859 2978 1932 3031 ibi
1954 2979 2115 3048 fuerit

2207 1898 2323 1965 bat,
2347 1912 2470 1954 cum
2489 1898 2863 1969 paenitentiam
2884 1907 3090 1970 ageret,
3118 1898 3514 1961 absolutionem
3555 1902 3744 1962 debiti.
3769 1918 3809 1959 a

2209 1986 2437 2042 Domino
2463 1987 2692 2058 accepit.
2723 1986 2828 2043 Sed
2853 1987 2980 2059 quia
3005 2001 3269 2044 conservo
3304 2003 3402 2044 suo
3447 2000 3668 2047 centum
3688 1992 3805 2049 sibi

2210 2076 2461 2133 denarios
2488 2076 2703 2132 debenti
2730 2076 2972 2133 debitum
3010 2092 3117 2133 non
3173 2076 3397 2144 dimisit,
3446 2086 3502 2134 et
3555 2081 3663 2138 hoc
3710 2087 3807 2138 est

2203 2163 2387 2234 jussus
2411 2165 2575 2236 exigi,
2604 2166 2747 2236 quod
2766 2166 2817 2221 ei
2839 2164 3147 2237 fueratjam
3185 2167 3487 2224 dimissum.
3536 2169 3615 2225 Ex
3664 2172 3799 2242 qui~

2208 2254 2313 2310 bus
2340 2253 2591 2309 videlicet
2608 2253 2766 2309 dictis
2788 2262 3028 2321 constat,
3058 2254 3184 2325 quia
3215 2255 3261 2310 si
3285 2256 3388 2310 hoc
3411 2256 3555 2326 quod
3600 2258 3658 2313 in
3691 2274 3805 2317 nos

2212 2346 2544 2416 delinquitur
2564 2361 2632 2402 ex
2658 2346 2821 2402 corde
2850 2360 2958 2403 non
2988 2344 3335 2413 dimittimus,
3362 2355 3418 2405 et
3442 2347 3570 2409 illud
3601 2365 3814 2408 rursus.

2212 2439 2463 2509 exigitur,
2495 2437 2639 2508 quod
2672 2437 2827 2494 nobis
2849 2437 2962 2509 jam
2984 2451 3082 2508 per
3104 2437 3487 2508 pmniteutiam
3499 2439 3796 2501 dimissum

2213 2528 2380 2584 fuisse
2408 2527 2796 2599 gaudebamus.

2285 2619 2372 2675 15.
2403 2618 2485 2690 (S.
2517 2618 2705 2690 Crrn.)
2730 2616 3083 2690 Summopere
3107 2628 3288 2676 autem
3311 2634 3535 2677 necesse
3575 2628 3684 2687 est,
3738 2630 3807 2677 ut

2216 2710 2428 2781 quando
2454 2718 2658 2786 stamus
2682 2710 2750 2765 ad
2774 2710 3097 2782 orationem,
3125 2710 3341 2781 quando
3363 2719 3472 2767 tam
3499 2719 3690 2768 sancta
3738 2721 3803 2770 et

2217 2798 2520 2855 veneranda
2543 2799 2799 2871 mysteria
2850 2799 2950 2855 sub
2988 2799 3158 2856 oculis
3210 2798 3306 2855 Dei
3352 2808 3632 2870 geruntur,
3679 2808 3807 2856 toto
3834 2841 3849 2849 κ

2217 2889 2381 2948 corde
2415 2889 2482 2946 ad
2528 2891 2858 2962 precandum
2905 2890 3264 2964 invigilemus.
3306 2887 3571 2960 Cogitatio
3614 2891 3807 2947 omnis

2218 2982 2451 3037 carnalis
2471 2992 2526 3038 et
2546 2983 2820 3039 saecularis
2839 2983 3114 3050 abscedat,
3136 2996 3239 3039 nec
3264 2981 3554 3053 quidquam
3578 2980 3807 3037 animus

542 3074 685 3143 ﬁlius
704 3075 868 3145 pacis,
889 3074 1166 3144 requiescet
1189 3088 1293 3142 pax
1319 3082 1483 3127 vestra
1508 3085 1665 3140 super
1691 3068 1840 3122 illum
1867 3081 1885 3121 :
1907 3069 1989 3122 sin
2012 3082 2113 3122 au-
2140 3048 2187 3110 ο
2217 3084 2376 3140 quam
2400 3069 2455 3124 id
2478 3070 2651 3125 solum
2677 3072 2875 3142 cogitet
2903 3073 3047 3141 quod
3069 3048 3342 3142 precatur.
3363 3048 3497 3129 Ideo.
3508 3081 3563 3128 et
3609 3086 3801 3129 sacer-

538 3174 663 3230 tem,
708 3180 814 3235 pax
859 3173 1029 3219 vestra
1076 3162 1146 3217 ad
1191 3179 1277 3217 vos
1324 3168 1609 3216 revertetur
1649 3157 1861 3229 (Matth.
1910 3173 1968 3226 x,
1998 3156 2110 3229 15).

540 3253 731 3309 Merito
777 3267 907 3325 ergo
933 3261 990 3309 et
1017 3251 1382 3322 apostolorum
1424 3262 1788 3314 successores,
1812 3247 1867 3302 id
1890 3257 1976 3304 est
2019 3262 2114 3304 ec-

539 3346 828 3402 clesiarum
878 3345 1138 3416 prmsules
1189 3344 1295 3398 hac
1349 3339 1671 3395 salutatione
1719 3344 1980 3406 utuntur,
2019 3338 2115 3396 do-

540 3449 687 3488 mum
709 3432 803 3487 Dei
828 3432 1140 3495 salutantes,
1157 3429 1245 3484 uhi
1268 3435 1480 3499 oportet
1504 3440 1691 3482 omnes
1716 3441 1835 3493 esse
1863 3426 2001 3484 ﬁlios
2019 3444 2116 3499 pa-

541 3521 621 3576 cis
645 3538 658 3574 :
713 3518 865 3573 Beati
888 3519 1035 3574 enim
1062 3518 1295 3587 paciﬁci,
1323 3519 1572 3577 quoniam
1598 3516 1696 3587 ipsi
1719 3516 1819 3586 ﬁlii
1845 3517 1941 3572 Dei
1964 3535 2117 3573 voca-

543 3611 736 3664 buntur
773 3607 990 3678 (Matth.
1018 3624 1069 3673 ν,
1114 3606 1192 3678 9),
1223 3615 1280 3662 ιιι
1319 3607 1570 3663 salutatio
1621 3608 1773 3680 pacis
1818 3624 1979 3679 super
2026 3624 2121 3666 eos

543 3695 907 3767 requiescens,
934 3703 989 3752 et
1013 3694 1368 3752 salutantibus
1392 3704 1448 3752 et
1490 3697 1734 3754 salutatis
1784 3699 1955 3768 possit
1999 3712 2123 3755 esse

544 3783 839 3839 fructuosa.
868 3783 980 3837 Pax
1010 3793 1187 3838 autem
1215 3798 1334 3854 quae
1381 3784 1493 3840 sive
1539 3800 1635 3856 per
1690 3786 1959 3859 angelum,
2008 3788 2123 3843 sive

543 3888 644 3944 per
662 3873 967 3938 Dominum,
999 3872 1112 3927 sive
1133 3888 1230 3943 per
1247 3884 1490 3943 pastores
1509 3876 1857 3932 ecclesiarum
1878 3878 2125 3934 fidelibus

547 3963 893 4031 imprecatur,
918 3978 1025 4016 non
1048 3971 1132 4017 est
1160 3965 1430 4019 mundana
1454 3973 1545 4019 aut
1569 3966 1791 4030 caduca,
1819 3967 1912 4020 sed
1940 3967 2123 4021 divina

545 4057 600 4106 et
627 4059 847 4116 aeterna,
876 4066 997 4121 quas
1024 4066 1122 4108 nos
1154 4052 1262 4109 Deo
1288 4054 1555 4118 conciliat,
1609 4061 1668 4109 et
1720 4063 1908 4110 contra
1952 4063 2126 4110 tenta—

549 4140 722 4195 tiones
748 4140 945 4196 diaboli
973 4136 1135 4213 atque
1163 4142 1518 4199 adversitates
1565 4143 1747 4200 saeculi
1794 4144 1964 4215 ipsius
2002 4160 2127 4217 pro-

548 4228 780 4285 tectione
808 4231 1058 4295 munitas,
1094 4224 1380 4303 tranquilla
1426 4234 1681 4304 proximis
1714 4235 1982 4290 charitate
2007 4250 2129 4292 con-

542 4316 751 4389 junget.
783 4317 935 4379 Hanc
959 4321 1103 4375 enim
1126 4321 1385 4378 Dominus
1412 4321 1665 4377 Ecclesiae
1701 4338 1812 4379 suae
1854 4338 2129 4379 commen-

521 4409 697 4464 Idavit
723 4410 953 4465 dicens:
1000 4410 1194 4466 Pacem
1245 4413 1478 4485 relinquo
1528 4414 1694 4481 vobis,
1738 4431 1919 4485 pacem
1954 4432 2123 4470 meam

549 4499 617 4553 do
629 4499 790 4554 vobis.
808 4499 874 4582 Et
891 4500 1144 4557 continuo
1161 4501 1454 4572 subiunxit,
1495 4522 1596 4559 non
1614 4506 1871 4578 quomodo
1887 4508 2128 4562 hieman-

551 4587 650 4640 dus
672 4586 786 4652 dat,
805 4589 984 4659 ego'do
1008 4590 1147 4645 vobis
1170 4589 1352 4663 (Joan.
1383 4608 1494 4659 xtv,
1521 4594 1639 4665 27).
1665 4596 1742 4650 De
1769 4596 1874 4651 hac
1926 4598 2125 4653 iterum

550 4676 683 4731 dicit
716 4693 730 4729 :
766 4676 895 4732 Hice
920 4678 1123 4735 locutus
1169 4697 1284 4734 sum
1322 4682 1483 4748 vobis,
1523 4684 1660 4737 utin
1707 4676 1789 4739 me
1812 4702 1992 4755 pacem
2028 4687 2127 4742 ha-

553 4767 748 4834 beatis;
772 4768 829 4823 in
868 4771 1063 4826 mundo
1092 4787 1389 4843 pressuram
1433 4773 1706 4840 habebitis,
1734 4776 1826 4830 sed
1854 4777 2121 4846 confidite,

553 4871 647 4925 ego
674 4856 770 4910 vici
796 4858 1048 4912 mundum
1093 4859 1273 4932 (Joan.
1301 4863 1537 4934 “1.33).
1563 4862 1714 4919 uane
1740 4875 1796 4919 et
1838 4865 2128 4936 Apostolus

558 4944 806 5001 ﬁdelibus
838 4946 1087 5017 implorat
1110 4950 1292 5007 dicens
1320 4968 1334 5003 τ
1362 4950 1431 5005 Et
1483 4968 1590 5023 pax
1635 4951 1735 5007 Dei
1761 4970 1878 5025 qua:
1912 4972 2132 5027 exsupe-

558 5045 642 5089 rat
671 5051 872 5091 ontnem
893 5053 1120 5104 sensum,
1148 5041 1409 5096 custodiat
1438 5040 1597 5096 corda
1637 5054 1804 5098 vestra
1842 5054 1891 5099 et
1928 5045 2128 5100 intelli-

560 5125 762 5195 gentias
809 5135 1003 5181 uestras
1041 5127 1095 5181 in
1135 5126 1341 5184 Christo
1374 5129 1504 5184 Jesu
1543 5130 1711 5202 (Phil.
1767 5147 1838 5197 tv,
1891 5133 1967 5204 7),
2012 5150 2133 5204 qua:

561 5213 873 5283 passionum
905 5222 1145 5285 tempore
1167 5216 1428 5273 servanda
1451 5226 1553 5285 est,
1582 5226 1636 5274 et
1671 5220 1870 5292 ubique
1906 5220 2135 5280 ﬁdeliter

566 5302 813 5369 tenenda,
832 5313 1039 5372 quanto
1064 5305 1325 5362 attentius
1363 5318 1418 5362 et
1442 5308 1690 5364 devotius
1716 5324 1781 5364 ea
1830 5311 1963 5365 hora
2013 5328 2137 5369 cum

2216 3158 2313 3215 dos
2336 3164 2463 3214 ante
2485 3157 2633 3213 illam
2664 3170 3064 3215 sacrosanctam
3104 3159 3428 3227 orationem,
3479 3159 3810 3231 putatione

2216 3248 2521 3319 praemissa,
2550 3255 2710 3319 parat
2736 3248 2963 3304 fratrum
2985 3247 3197 3304 animos
3242 3247 3473 3304 dicendo
3505 3268 3519 3303 :
3571 3248 3811 3307 Sursum

2218 3338 2400 3404 corda,
2426 3345 2487 3392 ut
2511 3337 2640 3393 dum
2693 3342 3020 3408 respondete:
3057 3321 3325 3391 Habemus
3363 3335 3432 3389 ad
3485 3334 3816 3403 Dominum,

2218 3426 2574 3482 admoneatur
2600 3425 2736 3482 nihil
2760 3425 2903 3481 aliud
2931 3439 2989 3480 se
3013 3438 3175 3495 quam
3221 3423 3506 3479 Dominum
3554 3425 3812 3493 cogitare

2219 3516 2434 3583 debere,
2459 3516 2741 3573 claudatur
2764 3524 2954 3573 contra
2977 3514 3351 3573 adversarium
3372 3520 3587 3585 pectus,
3610 3521 3670 3569 et
3687 3514 3815 3577 soli.

2221 3609 2329 3666 Deo
2351 3617 2551 3681 pateat,
2581 3624 2683 3666 nec
2722 3608 2792 3665 ad
2842 3624 2902 3666 se
2948 3608 3099 3665 adire
3134 3606 3342 3664 hostem
3406 3605 3502 3660 Dei
3555 3612 3817 3676 tempore

2219 3701 2483 3756 orationis
2502 3702 2758 3772 patiatur.
2802 3700 3026 3771 Obrepit
3067 3700 3213 3756 enim
3256 3697 3568 3769 frequenter
3606 3704 3663 3753 et
3702 3712 3810 3767 pe-

2222 3800 2420 3860 netrat,
2449 3800 2506 3848 et
2545 3792 2818 3849 subtiliter
2872 3791 3065 3848 fallens
3110 3803 3301 3860 preces
3349 3796 3566 3844 nostras
3613 3802 3645 3842 a
3687 3786 3811 3842 Deo

2225 3894 2438 3953 avocat,
2461 3893 2522 3941 ut
2541 3885 2689 3941 aliud
2710 3886 3008 3941 habeamus
3033 3885 3086 3938 in
3107 3882 3294 3946 corde,
3317 3889 3375 3935 et
3397 3878 3542 3934 aliud
3567 3879 3620 3932 in
3645 3893 3807 3943 voce,

2224 3973 2438 4044 quando
2459 3972 2753 4027 intentione
2794 3972 3006 4026 sincera
3050 3970 3218 4025 Deum
3260 3982 3367 4023 non
3411 3967 3559 4023 vocis
3593 3980 3764 4021 sonus
3787 3981 3813 4031 ξ

2225 4064 2320 4119 sed
2341 4061 2554 4117 animus
2570 4068 2625 4115 et
2653 4074 2846 4116 sensus
2878 4058 3075 4115 debeat
3121 4071 3302 4124 orare,
3352 4058 3506 4127 quasi
3538 4057 3609 4112 sit
3652 4055 3807 4115 aliud

2225 4149 2368 4222 quod
2394 4148 2564 4217 magis
2589 4146 2829 4216 cogitare
2856 4147 3166 4213 debeamus,
3194 4159 3356 4215 quam
3382 4144 3525 4214 quod
3545 4158 3669 4199 cum
3689 4144 3811 4199 Deo

2225 4236 2513 4308 loquimur.
2542 4234 2818 4303 Quomodo
2840 4249 2872 4290 a
2910 4234 3024 4290 Deo
3067 4233 3242 4290 audiri
3270 4232 3627 4304 postulamus,
3676 4247 3805 4288 cum

2227 4340 2327 4383 nos
2350 4325 2451 4396 ipsi
2471 4339 2578 4380 non
2604 4323 2921 4379 audiamus?
2944 4322 3197 4378 Volumus
3210 4336 3331 4390 esse
3370 4322 3539 4377 Deum
3593 4336 3805 4379 inemo.-

2234 4432 2347 4472 rem
2376 4415 2569 4482 nostri,
2594 4413 2809 4484 quando
2834 4428 3103 4470 memores
3124 4413 3293 4469 nostri
3332 4412 3435 4482 ipsi
3463 4427 3577 4470 non
3591 4427 3807 4478 sumus,

2232 4511 2337 4568 hoc
2362 4518 2447 4566 est
2465 4510 2688 4581 quando
2722 4524 2964 4577 oramus,
2992 4509 3329 4579 majestatem
3374 4507 3470 4563 Dei
3528 4508 3808 4580 negligen-

2234 4601 2306 4655 tia
2328 4599 2589 4657 orationis
2637 4598 2928 4664 offendere,
2980 4598 3086 4653 hoc
3134 4605 3219 4653 est
3266 4596 3491 4667 vigilare
3535 4596 3709 4653 oculis
3753 4605 3810 4653 et

2232 4690 2396 4747 corde
2416 4688 2672 4756 dormire,
2700 4704 2825 4745 eum
2850 4688 3043 4748 debeat
3064 4686 3423 4752 Christianus,
3465 4687 3627 4742 etiam
3678 4687 3808 4743 dum

2233 4781 2434 4837 dormit
2458 4778 2650 4845 oculis,
2705 4779 2868 4835 corde
2918 4778 3165 4848 vigilare,
3217 4776 3358 4833 sicut
3402 4777 3663 4848 scriptum
3725 4783 3811 4831 est

2233 4886 2299 4926 ex
2333 4885 2563 4942 persona
2602 4869 2855 4926 Ecclesiae
2889 4868 3160 4940 loquentis
3202 4866 3256 4923 in
3302 4867 3525 4924 Cantico
3566 4866 3807 4923 cantico-

2234 4979 2355 5020 rum
2384 4981 2397 5018 :
2432 4962 2546 5034 Ego
2565 4962 2790 5029 dormio,
2810 4971 2858 5016 et
2878 4977 2969 5017 cor
2988 4977 3159 5017 meum
3185 4958 3365 5031 vigilat
3388 4958 3565 5030 (Cant.
3620 4973 3674 5024 v,
3727 4957 3805 5028 2).

2236 5052 2575 5125 Quapropter
2600 5051 2829 5107 sollicite
2854 5060 2911 5107 et
2933 5058 3091 5106 caute
3121 5046 3409 5119 Apostolus
3432 5047 3684 5104 admonet
3725 5046 3810 5102 dio

2237 5157 2364 5198 cens
2394 5160 2408 5195 :
2438 5140 2640 5197 Instate
2659 5140 2881 5195 orationi
2915 5138 3185 5209 vigilantes
3207 5138 3263 5193 in
3307 5153 3370 5192 ea
3421 5134 3560 5209 (Col.
3607 5153 3682 5202 IV,
3730 5135 3811 5205 2),

2239 5231 2437 5287 docens
2475 5228 2682 5285 scilicet
2733 5235 2789 5284 et
2835 5227 3146 5293 ostendens,
3187 5240 3283 5283 eos
3334 5226 3625 5301 impetrare
3670 5221 3814 5294 quod

2238 5317 2512 5391 postulant
2533 5332 2564 5372 a
2592 5315 2704 5373 Deo
2728 5331 2909 5388 posse,
2959 5331 3096 5388 quos
3145 5316 3258 5388 ipse
3301 5314 3448 5371 videt
3482 5314 3534 5369 in
3571 5314 3816 5371 oratione

566 5391 622 5445 in
647 5391 805 5447 domo
832 5393 1044 5449 Domini
1084 5401 1138 5451 et
1162 5395 1215 5450 in
1272 5405 1559 5467 conspectu
1603 5398 1696 5454 Dei
1740 5400 2030 5468 assistitur,
2086 5416 2144 5458 et
2237 5410 2481 5483 vigilare.
2508 5408 2648 5477 Quid
2673 5417 2916 5481 estergo
2961 5422 3177 5466 sursum
3220 5406 3424 5463 habere
3473 5405 3657 5472 corda,
3712 5403 3815 5471 nisi

566 5489 691 5537 vota
720 5492 777 5541 et
800 5499 1024 5541 munera
1042 5486 1284 5543 omnium
1314 5488 1486 5543 sacris
1513 5488 1772 5547 altaribus
1806 5492 2136 5560 oll‘eruntur;

2241 5516 2305 5556 ea
2330 5516 2450 5570 qua:
2481 5515 2694 5556 sursum
2721 5508 2850 5556 sunt
2872 5513 3139 5572 qumrerc,
3171 5512 3291 5570 qua:
3313 5510 3529 5553 sursum
3567 5504 3695 5553 sunt
3729 5510 3816 5551 53'

567 5574 781 5643 quando
811 5575 965 5632 aliter
995 5577 1228 5635 divinam
1259 5578 1598 5651 majestatem
1639 5582 1793 5640 nobis
1842 5586 2141 5657 propitiare
2241 5587 2408 5659 pere?
2432 5603 2670 5658 quaerere
2696 5588 2941 5646 videlicet
2962 5587 3210 5657 amando,
3238 5601 3427 5658 sapere
3449 5585 3812 5658 intelligendo,
