4050 6302
223 305 297 363 29
1382 319 1470 374 DE
1505 320 1956 378 EXPOSlTlONE
1995 323 2244 382 MlSS/E.
3415 344 3486 400 50

224 418 371 475 sicut
399 419 687 490 Apostolus
735 424 922 479 eodem
971 441 1219 482 sermone
1272 429 1526 487 admonet
1577 433 1804 490 dicens:
1839 439 1882 496 Α
1911 438 2170 492 continuo
2199 453 2621 509 commonemur,
2673 447 2798 516 quia
2843 449 2944 506 hoc
2990 451 3209 522 dignum
3239 464 3350 521 est,
3384 457 3487 514 hoc

229 509 291 566 Si
356 515 762 569 cansurrexistis
818 533 936 570 cum
1003 517 1230 585 Christo,
1271 538 1388 591 qua:
1433 540 1642 579 sursum
1686 535 1807 581 sunt

224 603 480 672 quterite',
524 603 612 682 ubi
664 604 903 662 Christus
943 618 1017 663 est
1072 610 1127 664 in
1165 611 1378 667 dextera
1436 615 1536 669 Dei
1583 618 1806 684 sedens;

225 707 345 762 qua:
365 708 576 760 sursum
597 705 717 748 sunt
738 698 923 769 sapite,
959 715 1061 753 non
1086 717 1203 770 qua:
1246 719 1404 772 super
1447 714 1638 760 (errant
1669 706 1802 778 (Col.

224 771 312 851 tit,
344 779 419 848 1).
450 779 604 836 Hunc
633 797 916 840 ascensum
939 787 1117 842 cordis
1144 771 1317 844 nostri
1344 792 1433 860 qui
1463 792 1521 846 ﬁt
1544 795 1610 849 ad
1637 771 1806 850 Deum

224 883 256 923 a
281 868 522 923 convalle
545 870 884 941 plorationis,
921 875 973 930 id
1023 885 1108 932 est
1153 879 1221 934 ab
1273 880 1572 940 humilitate
1612 887 1810 942 contri-

221 957 534 1026 bulationis,
566 977 676 1017 non
703 965 902 1019 nostris
923 965 1150 1048 viribus,
1172 969 1264 1024 sed
1289 972 1489 1028 auxilio
1509 973 1602 1030 Dei
1627 984 1809 1032 osten-

221 1049 306 1105 dit
340 1052 497 1108 nobis
549 1051 832 1113 Psalmista
887 1057 1113 1115 dicens:
1164 1061 1359 1118 Beatus
1409 1066 1485 1119 tir
1531 1067 1682 1136 cujus
1731 1079 1805 1124 est

221 1139 487 1194 auxilium
525 1142 619 1196 abs
638 1153 710 1210 te,
733 1148 1058 1204 ascensiones
1086 1151 1140 1204 in
1163 1152 1316 1207 corde
1335 1171 1430 1208 suo
1459 1156 1714 1226 disposuit
1750 1160 1806 1212 in

220 1229 360 1287 valle
394 1231 744 1303 Iacrymarum
779 1237 951 1307 (Psal.
976 1255 1208 1306 uxxm,
1237 1242 1312 1313 6).
1343 1244 1612 1303 Ascensus
1659 1249 1803 1304 enim

221 1319 374 1376 utilis
402 1336 510 1376 non
536 1332 713 1392 potest
737 1341 880 1393 esse,
913 1329 1014 1384 nisi
1044 1331 1218 1399 primo
1254 1334 1573 1393 humilitatis
1611 1354 1641 1392 a
1676 1355 1805 1395 con-

219 1409 364 1465 valle
385 1413 540 1468 nobis
561 1417 959 1473 ascendendum
988 1435 1107 1476 esse
1128 1425 1553 1485 meminerimus.
1579 1430 1804 1487 Conval-

218 1497 290 1558 lis
319 1501 464 1556 enim
514 1502 664 1562 locus
719 1516 804 1562 est
855 1517 1014 1566 terrae
1065 1511 1370 1582 depressus.
1430 1518 1640 1576 Docens
1688 1522 1802 1592 ipse

218 1587 484 1646 Dominus
503 1607 533 1647 a
547 1596 789 1651 convalle
805 1598 1120 1667 plorationis
1151 1607 1569 1676 ascendendum,
1587 1587 1802 1681 quando

219 1693 322 1758 pro
345 1682 501 1737 nobis
528 1683 799 1749 humiliari
825 1705 996 1759 usque
1037 1694 1104 1748 ad
1137 1705 1364 1750 mortem
1394 1702 1572 1756 crucis
1599 1711 1654 1756 et
1689 1705 1799 1772 pati

1904 526 2109 596 justum
2153 539 2266 595 est;
2314 535 2586 590 recordari
2641 547 2852 606 oportet
2901 555 3106 611 semper
3155 543 3270 600 hrec
3320 547 3487 602 verba

1909 619 2051 672 unde
2095 620 2220 685 sint,
2248 638 2384 692 quas
2408 625 2646 680 actiones
2678 635 2734 681 et
2773 639 2972 698 quanta
3017 634 3305 710 sanctitate
3342 650 3487 690 com-

1907 712 2252 779 mendentur,
2275 723 2554 772 teneamus
2574 728 2630 772 et
2668 718 2961 777 habeamus
2983 724 3124 791 quod
3168 726 3484 794 accipimus,

1906 809 1963 856 et
1993 801 2166 857 datori
2213 805 2415 874 gratias
2455 822 2696 877 agamus.
2740 807 2998 876 Quamvis
3041 813 3186 868 enim
3235 816 3482 886 accipere

1906 900 1963 947 et
1999 893 2198 949 habere
2239 905 2480 951 nostrum
2530 899 2636 965 sit,
2687 901 2741 954 id
2792 910 2972 957 tamen
3019 903 3284 962 habemus
3337 909 3483 978 quod

1907 984 2235 1054 accepimus,
2269 989 2525 1057 quoniam
2555 992 2907 1060 superbienti,
2947 1002 3003 1048 et
3022 1010 3088 1049 ex
3117 1010 3182 1050 eo
3213 998 3355 1065 quod
3382 999 3485 1054 ha-

1906 1073 2086 1138 bebat,
2117 1077 2270 1144 quasi
2295 1091 2324 1130 a
2353 1078 2530 1147 seipso
2561 1079 2785 1134 haberet
2813 1081 2974 1151 impie
2995 1083 3242 1152 glorianti
3274 1087 3488 1145 Veritas

1905 1179 2004 1234 per
2047 1165 2360 1233 Apostolum
2399 1169 2531 1222 dicit
2575 1187 2586 1222 :
2635 1169 2774 1234 Quid
2826 1173 2965 1225 enim
3011 1174 3169 1229 habes
3214 1176 3352 1245 quod
3383 1193 3487 1231 non

1905 1255 2184 1324 accepisti;
2208 1258 2346 1327 quod
2369 1258 2416 1310 si
2454 1261 2715 1328 accepisti,
2756 1262 2882 1330 quid
2913 1262 3181 1332 gloriaris,
3202 1267 3353 1335 quasi
3384 1283 3488 1321 non

1905 1349 2205 1414 acceperis?
2231 1348 2283 1418 (Ι
2309 1348 2432 1402 Cor.
2462 1366 2539 1413 tv,
2571 1351 2647 1419 7.)
2678 1349 2869 1406 Merito
2911 1367 3040 1422 ergo
3085 1353 3138 1408 in
3189 1355 3280 1410 illo
3315 1357 3487 1412 veris-

1905 1435 2043 1490 simo
2090 1447 2145 1490 et
2193 1439 2454 1510 singulari
2514 1440 2783 1496 sacriﬁcio
2836 1442 3083 1508 Domini,
3143 1446 3252 1501 Deo
3301 1456 3489 1503 nostro

1903 1542 2064 1597 agere
2087 1530 2294 1598 gratias
2315 1531 2691 1598 admonemur,
2723 1541 2782 1586 ut
2806 1545 3064 1604 agnoscat
3087 1536 3268 1603 homo,
3291 1538 3334 1592 si
3357 1539 3488 1608 quid

1902 1622 2042 1675 bene
2083 1623 2235 1687 vivit,
2269 1623 2363 1678 Dei
2396 1625 2566 1694 gratia
2612 1639 2672 1679 se
2702 1625 2933 1688 habere,
2971 1635 3027 1681 et
3074 1639 3134 1682 ut
3177 1629 3488 1697 perﬁciatur

1904 1711 1958 1765 in
1991 1711 2278 1767 dilectione
2307 1712 2534 1781 iustitiae
2561 1730 2670 1769 non
2699 1730 2758 1770 se
2797 1715 3013 1770 aliunde
3043 1726 3484 1783 consecuturum,

220 1767 473 1837 dignatus
491 1780 593 1826 est.
620 1773 733 1830 lloc
763 1781 1064 1850 exemplum
1093 1799 1199 1839 non
1225 1786 1611 1858 relinquamus.
1637 1767 1797 1849 Istam
1831 1787 1875 1845 Β
1902 1803 2025 1872 quia
2057 1767 2480 1874 cogitatio-pium
2509 1806 2657 1861 facit.
2701 1807 2819 1875 ipsa
2853 1817 2936 1862 est
2963 1809 3050 1861 illa
3076 1810 3340 1878 sapientia
3369 1826 3490 1879 qua:

220 1859 521 1918 convallem
572 1863 889 1933 ploratiouis
950 1881 1220 1942 martyres
1284 1876 1695 1947 intellexerunt,
1747 1891 1802 1938 et

218 1946 347 2002 inde
395 1956 456 2002 ut
503 1962 894 2010 coronarentur
942 1962 1321 2018 ascenderunt.
1368 1965 1537 2022 Amor
1583 1979 1801 2027 sanctus

217 2035 286 2089 ad
319 2051 552 2107 superna
582 2041 776 2110 elevat,
803 2053 858 2101 et
884 2047 953 2103 ad
983 2057 1184 2104 aeterna
1212 2052 1529 2112 inﬂammat.
1555 2057 1801 2130 Obligata

214 2127 360 2190 enim
379 2130 555 2185 anima
579 2147 762 2189 amore
777 2145 1013 2204 terreno,
1034 2141 1188 2208 quasi
1207 2141 1412 2221 viscum
1430 2145 1657 2203 habetin
1672 2127 1804 2220 ῥευ-

214 2215 324 2281 nis,
356 2218 540 2273 volare
570 2236 674 2276 non
702 2231 907 2293 potest;
953 2229 1208 2284 mundata
1262 2215 1393 2288 vero
1433 2215 1802 2297 abaﬂ‘ect—ibus

213 2313 272 2364 et
299 2308 686 2368 sordidissimis
714 2315 916 2382 saeculi,
952 2325 1205 2388 tanquam
1229 2325 1466 2380 extensis
1492 2330 1704 2396 pennis,
1734 2345 1803 2386 ex

214 2395 425 2487 duabus
450 2399 548 2454 alis
575 2404 844 2472 resolutis,
894 2407 948 2461 id
976 2418 1060 2464 est
1090 2410 1298 2468 duobus
1330 2395 1616 2487 prmeeptis
1664 2395 1798 2477 dile-

214 2484 410 2542 ctionis
445 2487 538 2542 Dei
560 2497 613 2544 et
633 2491 932 2550 dilectionis
953 2498 1208 2565 proximi,
1231 2500 1373 2564 volat
1400 2505 1466 2557 ad
1488 2484 1798 2575 Dominum,

214 2575 521 2634 ascendens
570 2580 818 2649 volando,
852 2585 976 2653 quia
1010 2589 1250 2644 ascendit
1283 2595 1515 2650 amando
1543 2597 1610 2650 ad
1655 2597 1799 2652 illam

216 2665 428 2721 scilicet
473 2683 763 2738 supernam
805 2672 1104 2732 Jerusalem
1146 2688 1375 2735 matrem
1413 2685 1654 2740 omnium
1694 2703 1794 2743 no-

217 2764 414 2822 stram,
439 2773 560 2828 quae
591 2770 674 2816 est
704 2763 757 2818 in
782 2764 955 2822 caelis.
980 2767 1062 2822 Ab
1101 2767 1194 2823 illa
1224 2771 1366 2825 enim
1388 2775 1800 2845 peregrinamur

215 2847 273 2903 in
297 2849 397 2905 hac
424 2851 533 2905 vita
555 2892 569 2918 ,
604 2853 672 2907 ad
704 2853 820 2922 ejus
861 2857 1091 2913 reditum
1117 2861 1453 2930 suspiramus
1477 2867 1663 2920 tandiu
1703 2868 1801 2923 mi-

214 2938 326 2994 seri
354 2947 410 2993 et
442 2940 775 3008 laborantes,
826 2947 1000 3002 donec
1043 2948 1110 3002 ad
1159 2949 1304 3004 illam
1342 2951 1646 3020 redeamus,
1697 2971 1798 3013 nec

215 3029 363 3089 cives
417 3033 588 3087 nostri
636 3035 810 3106 angeli
853 3037 1175 3094 dimiserunt
1223 3041 1278 3095 in
1327 3044 1794 3115 peregrinatione;

215 3119 312 3174 sed
338 3123 795 3186 annuntiaverunt
824 3127 980 3182 nobis
1011 3127 1184 3197 ipsum
1213 3145 1391 3202 regem
1415 3141 1698 3190 venturum
1727 3137 1796 3192 ad
1825 3117 1869 3180 (ἶ

215 3228 338 3268 nos.
370 3213 438 3269 Et
459 3217 605 3271 venit
653 3219 720 3274 ad
757 3235 878 3285 nos,
915 3231 968 3277 et
994 3231 1334 3294 contemptus
1359 3236 1446 3283 est
1473 3228 1615 3283 inter
1639 3243 1737 3284 nos
1761 3245 1790 3284 a

213 3303 390 3370 nobis,
414 3313 471 3360 et
504 3315 692 3376 postea
729 3310 1027 3375 nobiscum,
1052 3322 1106 3368 et
1133 3313 1315 3370 docuit
1354 3331 1453 3372 nos
1494 3319 1790 3385 contemni,

213 3392 342 3461 quia
372 3404 714 3466 contemptus
757 3406 878 3467 est;
920 3402 1101 3457 docuit
1121 3403 1386 3471 tolerare,
1424 3407 1550 3476 quia
1594 3407 1793 3464 tolera-

211 3483 319 3549 vit;
345 3484 528 3540 docuit
550 3487 686 3555 pati,
711 3489 838 3558 quia
864 3506 1055 3560 passus
1083 3503 1166 3549 est
1183 3511 1197 3561 ;
1229 3505 1287 3550 et
1329 3498 1576 3566 promisit
1603 3514 1787 3555 resur-

212 3583 485 3642 recturos,
531 3579 656 3646 quia
684 3583 1000 3650 resurrexit,
1038 3584 1092 3638 in
1121 3585 1300 3655 seipse
1346 3590 1636 3646 ostendens
1661 3591 1788 3660 quid

209 3679 435 3733 sperare
463 3667 772 3724 debeamus.
793 3669 850 3725 Si
869 3687 997 3742 ergo
1019 3675 1292 3744 propheta:
1309 3685 1362 3733 et
1383 3687 1564 3748 patres
1585 3682 1790 3751 antiqui

209 3763 501 3824 antequam
541 3759 798 3817 Dominus
819 3760 978 3818 lesus
1001 3763 1247 3821 Christus
1271 3769 1483 3825 veniret
1507 3771 1559 3825 in
1601 3786 1788 3838 carne,

209 3855 500 3922 antequam
551 3859 797 3908 mortuus
830 3856 1217 3912 resurrexisset
1247 3867 1303 3914 et
1352 3864 1684 3918 ascendisset
1733 3866 1789 3920 in

208 3937 430 4004 caelum,
456 3941 801 4010 suspirabant
826 3953 1006 4001 tamen
1034 3947 1109 4002 illi
1148 3948 1376 4017 civitati,
1403 3965 1662 4022 quantum
1689 3971 1789 4012 nos

207 4034 456 4094 oporteat
483 4031 790 4088 desiderare
819 4049 926 4104 quo
956 4050 1056 4091 nos
1093 4037 1209 4106 ipse
1258 4042 1619 4109 praecessit,et
1644 4045 1787 4102 unde

206 4131 482 4186 nunquam
512 4122 753 4177 recessit.
788 4122 1006 4194 Antiqui
1049 4127 1357 4185 sacerdotes
1391 4131 1482 4199 qui
1530 4147 1636 4187 non
1679 4142 1786 4188 tam

205 4207 471 4262 curabant
516 4208 585 4264 de
634 4211 782 4267 cultu
827 4215 1126 4281 sermonis,
1175 4231 1336 4287 quam
1385 4220 1454 4276 de
1511 4221 1684 4279 salute
1731 4231 1786 4279 et

205 4296 562 4354 aediﬁcatione
588 4301 779 4371 plebis,
802 4314 1023 4376 propter
1038 4307 1230 4364 idiotas
1249 4317 1303 4364 et
1324 4311 1651 4378 rusticanos,
1675 4329 1783 4370 non

205 4399 460 4452 sursum,
509 4389 604 4444 sed
630 4391 838 4462 vulgari
877 4409 1128 4451 sermone
1164 4395 1388 4453 Sursum
1415 4401 1573 4455 corda
1603 4403 1785 4458 dicere

205 4475 474 4543 solebant,
505 4487 563 4551 ut
581 4496 669 4536 res
696 4491 844 4538 tanta
869 4485 1080 4555 plenius
1105 4488 1346 4544 omnium
1366 4492 1616 4548 sensibus
1635 4507 1785 4549 com-

202 4569 575 4625 mendaretur.
616 4572 798 4630 Monet
827 4585 1004 4632 autem
1031 4579 1209 4634 adhuc
1232 4582 1484 4638 sacerdos
1522 4591 1578 4638 et
1612 4585 1742 4639 dicit
1770 4604 1783 4639 :

274 4660 365 4714 16.
400 4660 614 4718 Gratias
644 4683 861 4736 agamus
900 4668 1126 4724 Domino
1177 4671 1287 4726 Deo
1335 4684 1530 4728 nostra.
1578 4687 1604 4716 ε
1654 4675 1790 4730 Gra-

207 4750 406 4806 tiarum
433 4755 576 4810 actio
601 4755 747 4812 Patri
780 4759 1038 4816 luminum
1072 4777 1286 4832 semper
1306 4779 1335 4818 a
1365 4765 1522 4821 nobis
1541 4767 1784 4832 debetur,

205 4856 236 4895 a
267 4856 378 4912 quo
417 4845 536 4900 sine
575 4846 683 4901 ulla
725 4849 1062 4907 dubitatione
1085 4867 1244 4907 omne
1286 4855 1471 4909 datum
1502 4857 1786 4926 Optimum,

204 4940 260 4985 et
286 4947 451 4989 omne
477 4935 676 4992 donum
701 4937 1022 5009 perfectum,
1056 4940 1334 5012 Scriptura
1376 4954 1531 5010 teste,
1562 4947 1785 5005 descen-

202 5025 299 5079 dit.
330 5025 504 5082 Nemo
545 5037 631 5084 est
653 5031 796 5085 enim
844 5033 999 5086 donis
1035 5034 1126 5088 Dei
1159 5034 1384 5101 beatus,
1428 5038 1519 5107 qui
1567 5039 1784 5094 donanti

200 5115 420 5168 exsistit
441 5116 706 5186 ingratus,
731 5121 856 5191 quia
881 5123 1058 5178 ethoc
1076 5122 1218 5192 quod
1241 5123 1379 5179 inter
1405 5137 1784 5198 sacra-myste-

203 5203 283 5257 ria
313 5219 412 5259 cor
438 5205 640 5264 habere
669 5224 883 5265 sursum
919 5210 1205 5280 jubemur,
1237 5215 1353 5285 ipso
1398 5215 1686 5285 adiuvante
1731 5219 1784 5274 id

200 5291 465 5360 valemus,
497 5296 637 5364 quod
666 5297 890 5367 jubente
935 5303 1310 5360 admonemur.
1343 5306 1409 5362 Et
1445 5308 1565 5364 ideo
1593 5311 1779 5381 sequi-

200 5393 313 5449 tur,
345 5393 405 5439 ut
450 5388 518 5442 de
558 5391 661 5446 hoc
693 5401 842 5448 tanto
860 5393 1002 5450 bono
1029 5411 1244 5452 sursum
1274 5399 1434 5455 levati
1465 5403 1643 5458 cordis
1671 5420 1776 5459 non

201 5474 361 5530 nobis
381 5475 638 5546 gloriam,
685 5483 840 5551 quasi
870 5492 1177 5540 nostrarum
1221 5487 1412 5544 virium
1455 5492 1775 5559 tribuamus,

200 5566 297 5620 sed
325 5565 556 5625 Domino
589 5570 699 5628 Deo
727 5583 912 5631 nostro
939 5577 1144 5646 gratias
1192 5594 1434 5649 agamus.
1478 5581 1590 5640 lloc
1633 5585 1777 5640 enim

1898 1895 2072 1964 pietas
2093 1903 2337 1960 vocatur,
2353 1911 2458 1966 qua
2474 1896 2671 1951 colitur
2686 1897 2847 1952 Pater
2865 1898 3150 1963 luminum,
3168 1914 3198 1953 a
3211 1916 3318 1969 quo
3330 1915 3490 1956 omne

1900 1992 1986 2040 est
2006 1985 2187 2039 datum
2215 1985 2496 2054 optiumm,
2519 1994 2574 2042 et
2600 2002 2761 2042 omne
2786 1989 2982 2042 donum
2999 1989 3316 2058 perfectum.
3341 1989 3488 2045 Coli-

1901 2081 1990 2126 tur
2020 2081 2195 2127 autem
2235 2075 2503 2130 sacriﬁcio
2525 2076 2700 2130 laudis
2719 2077 3130 2146 actionibusque
3163 2079 3482 2148 gratiarum,

1901 2173 1961 2219 ut
1995 2165 2172 2218 cultor
2211 2165 2328 2233 ejus
2370 2182 2479 2220 non
2526 2169 2579 2222 in
2622 2169 2822 2238 seipse,
2870 2170 2962 2224 sed
2987 2170 3040 2224 in
3077 2171 3167 2224 illo
3207 2171 3485 2240 glorietur.

1906 2253 2028 2307 Non
2058 2254 2193 2307 enim
2233 2256 2474 2324 spiritum
2523 2258 2682 2327 hujus
2718 2259 2901 2312 mundi
2937 2263 3266 2330 accepimus,
3324 2271 3382 2316 ut
3412 2262 3489 2316 ait

1903 2341 2042 2396 idem
2069 2342 2387 2412 Apostolus,
2419 2347 2508 2399 sed
2536 2345 2791 2416 Spiritum
2822 2349 2912 2418 qui
2947 2365 3012 2402 ea:
3046 2349 3157 2404 Deo
3181 2360 3254 2405 est
3281 2349 3330 2420 (Ι
3360 2349 3483 2404 Cor.

1901 2448 1940 2487 ll
1961 2473 1977 2497 ,
2017 2433 2138 2500 12),
2171 2444 2230 2489 ιιι
2273 2436 2505 2491 sciamus
2534 2452 2653 2505 quae
2683 2453 2713 2491 a
2744 2438 2855 2492 Deo
2900 2439 3098 2494 donata
3144 2449 3268 2494 sunt
3297 2441 3476 2495 nobis.

1901 2523 2033 2589 Quis
2058 2533 2141 2579 est
2168 2534 2346 2579 autem
2378 2525 2601 2595 spiritus
2644 2527 2829 2581 mundi
2861 2527 3042 2598 hujus,
3070 2529 3172 2582 nisi
3219 2528 3485 2598 superbia:

1901 2613 2148 2682 Spiritus,
2176 2629 2282 2682 quo
2327 2629 2421 2669 cor
2459 2615 2716 2684 insipiens
2761 2617 3109 2672 obscuratum
3146 2627 3230 2673 est
3270 2633 3483 2684 eorum,

1902 2703 1992 2772 qui
2013 2705 2286 2774 cognitum
2310 2705 2618 2770 Dominum,
2641 2722 2749 2761 non
2773 2715 2831 2760 ut
2847 2707 3038 2773 Deum,
3056 2709 3258 2778 gratias
3279 2708 3486 2778 agendo

1901 2793 2373 2862 gloriﬁcaverunt?
2404 2794 2820 2850 Consideremus
2848 2811 2976 2867 ergo
3001 2798 3146 2863 hare,
3177 2805 3233 2851 et
3277 2797 3344 2850 de
3373 2810 3485 2850 om-

1902 2880 2061 2936 nibus
2103 2882 2382 2938 beneﬁciis
2411 2883 2504 2938 Dei
2554 2898 2770 2956 semper
2799 2884 2874 2938 illi
2922 2885 3126 2955 gratias
3158 2885 3480 2950 referamus,
3573 2890 3588 2900 '

1903 2969 2152 3041 interque
2175 2972 2357 3026 omnia
2384 2987 2548 3041 opera
2576 2973 2714 3043 ejus,
2743 2974 2877 3028 nihil
2905 2983 2990 3030 est
3018 2976 3161 3043 quod
3182 2974 3269 3029 vel
3298 2976 3484 3031 consi-

1902 3063 2096 3118 derare
2124 3063 2397 3128 libentius,
2414 3065 2498 3118 vel
2520 3045 2739 3120 laudare
2760 3066 2967 3122 dulcius
2987 3067 3297 3134 debeamus,
3320 3082 3483 3137 quam

1903 3153 2047 3225 quod
2075 3154 2323 3210 Christus
2368 3155 2542 3211 laetus
2575 3167 2658 3212 est
2694 3157 2933 3221 humilis,
2969 3165 3024 3212 et
3069 3158 3136 3211 ad
3167 3157 3478 3224 hominem,

1899 3244 1991 3313 qui
2015 3243 2256 3300 cadendo
2302 3247 2368 3300 ad
2400 3246 2505 3299 ima
2537 3245 2775 3314 deiectus
2806 3246 3000 3312 fuerat,
3028 3256 3219 3316 sponte
3256 3247 3480 3302 descen-

1897 3334 1997 3400 dit,
2029 3344 2089 3389 ut
2133 3335 2217 3389 vel
2246 3350 2364 3391 sese
2383 3336 2697 3407 erigendum
2722 3336 2967 3391 crederet
2995 3335 3085 3405 qui
3105 3334 3343 3404 jacebat.
3379 3334 3480 3390 De-

1896 3441 2060 3496 nique
2100 3436 2161 3482 ut
2187 3427 2392 3484 levaret
2427 3429 2479 3482 in
2524 3427 2720 3483 caelum
2766 3442 2914 3496 spem
2963 3435 3238 3492 nostram,
3283 3425 3482 3480 levavit

1897 3517 2073 3584 primo
2113 3531 2331 3572 carnem
2363 3525 2627 3580 nostram,
2669 3525 2722 3570 et
2750 3524 2808 3569 ut
2850 3531 2956 3570 non
2992 3515 3365 3570 dubitaremus
3393 3528 3480 3568 sc-

1897 3611 2147 3660 cuturum
2197 3604 2338 3674 quod
2369 3605 2618 3674 promisit
2645 3604 2835 3664 nobis.
2867 3604 2994 3659 illuc
3041 3604 3147 3658 iam
3199 3602 3477 3672 orarcessit

1894 3695 2036 3765 quod
2067 3695 2277 3764 accepit
2312 3710 2378 3748 ex
2415 3694 2589 3748 nobis.

1963 3785 2051 3838 1⁸7.
2075 3783 2285 3854 (Ευιοη
2314 3785 2462 3854 epist.
2482 3783 2568 3846 M,
2587 3783 2655 3835 ad
2689 3781 2972 3846 Ferrand.,
2991 3797 3044 3834 n.
3064 3781 3178 3850 44.)
3204 3783 3327 3836 Ideo
3346 3795 3476 3851 ergo

1890 3874 2160 3943 praecipue
2189 3873 2242 3927 in
2279 3873 2393 3941 ipso
2421 3871 2687 3926 sacriﬁcio
2713 3872 2954 3940 corporis
2981 3870 3182 3925 Christi
3207 3886 3236 3924 a
3267 3871 3471 3942 gratia-

1891 3979 2010 4018 rum
2048 3963 2259 4018 actione
2288 3962 2593 4032 iucipimus,
2627 3968 2689 4034 ut
2732 3961 3006 4016 Christum
3039 3976 3143 4015 non
3195 3962 3429 4016 dandum
3457 4001 3473 4026 ,

1890 4053 1983 4108 sed
2019 4053 2202 4107 datum
2241 4051 2398 4107 nobis
2442 4051 2496 4106 in
2529 4051 2754 4105 veritate
2798 4060 3195 4116 monstremus;
3237 4059 3292 4106 et
3324 4051 3375 4104 in
3408 4065 3474 4105 eo

1889 4143 2029 4213 quod
2056 4143 2259 4212 gratias
2285 4143 2496 4213 agimus
2531 4142 2640 4196 Deo
2661 4181 2676 4207 ,
2729 4140 2782 4195 iu
2813 4140 3084 4196 oblatione
3127 4141 3371 4210 corporis
3419 4149 3476 4195 et

1889 4235 2164 4306 sanguinis
2203 4234 2405 4290 Christi
2449 4247 2840 4304 cognoscamus
2874 4247 2978 4286 non
3012 4231 3474 4313 adhucocciden-

1888 4325 2014 4380 dum
2034 4323 2306 4380 Christum
2329 4339 2428 4393 pro
2448 4320 2648 4378 nostris
2669 4322 3064 4392 iniquitatibus,
3081 4322 3174 4377 sed
3194 4322 3430 4376 occisum
3453 4338 3468 4387 ;

1888 4429 1988 4470 nec
2018 4413 2360 4468 redimendos
2408 4428 2507 4466 nos
2553 4411 2641 4466 illo
2688 4411 2974 4481 sanguine,
3011 4410 3105 4465 sed
3143 4410 3471 4479 redemptos.

1891 4505 2029 4561 Vera
2059 4513 2142 4560 est
2165 4505 2308 4559 enim
2340 4503 2481 4558 beati
2511 4503 2654 4558 Petri
2684 4501 2997 4571 prmdicatio
3026 4499 3254 4555 dicentis
3291 4515 3305 4552 :
3348 4497 3473 4550 Non

1891 4597 2317 4668 corruptibilibus
2343 4606 2556 4666 argento
2589 4595 2668 4650 vel
2691 4611 2824 4650 auro
2849 4594 3098 4663 redempti
3131 4592 3252 4646 estis
3285 4591 3351 4644 de
3385 4607 3472 4645 ve-

1890 4697 2003 4740 stra
2033 4703 2166 4740 vana
2194 4686 2582 4739 conversatione
2610 4693 2842 4755 paterna:
2865 4681 3200 4745 traditionis;
3235 4680 3326 4733 sed
3355 4695 3476 4750 pre-

1890 4776 2021 4830 tioso
2044 4776 2296 4846 sanguine
2322 4777 2471 4847 quasi
2494 4776 2628 4846 Agni
2657 4771 2982 4828 immaculati
3002 4779 3049 4824 et
3072 4771 3471 4825 incontaminati

1891 4863 2084 4920 Christi
2109 4865 2160 4937 (1
2190 4864 2336 4920 Patr.
2369 4881 2408 4932 ι,
2440 4866 2547 4936 18).
2577 4865 2724 4921 Bene
2745 4865 2923 4931 itaque
2940 4860 3250 4916 admonenti
3278 4876 3464 4916 sacer-

1889 4954 1998 5008 doti
2033 4964 2088 5008 ct
2134 4953 2333 5009 dicenti
2374 4951 2586 5008 Gratias
2613 4966 2830 5022 agamus
2855 4949 3082 5004 Domino
3105 4949 3214 5004 Deo
3245 4959 3420 5005 nostra
3448 4989 3464 5015 ,

1887 5045 2176 5116 rCSpondet
2200 5045 2439 5101 Ecclesia
2473 5062 2486 5099 :

1959 5137 2046 5193 18.
2076 5136 2300 5208 Dignum
2324 5146 2372 5190 et
2395 5137 2599 5206 justum
2629 5143 2723 5187 est.
2765 5132 2904 5202 Quid
2943 5133 3087 5190 enim
3129 5140 3307 5205 potest
3347 5145 3468 5187 esse

1888 5226 2060 5298 magis
2108 5228 2218 5282 Deo
2263 5227 2513 5298 dignum,
2549 5231 2641 5277 aut
2667 5223 2794 5293 quid
2821 5225 2870 5278 ei
2895 5224 3096 5294 justius
3129 5239 3160 5278 a
3189 5221 3346 5278 nobis
3375 5235 3462 5277 rc-

1887 5319 2045 5388 pcudi
2072 5327 2270 5388 potest,
2315 5331 2474 5386 quam
2509 5323 2563 5371 et
2589 5323 2750 5372 tantae
2782 5316 3166 5371 misericordia:
3216 5313 3332 5379 Dei,
3376 5311 3464 5368 cui

1886 5409 2060 5465 vicem
2093 5410 2296 5465 referre
2322 5423 2427 5462 non
2460 5422 2774 5478 possumus,
2802 5408 3012 5464 debitas
3041 5407 3243 5479 gratias
3272 5405 3464 5460 redda-

1887 5513 2025 5563 mus,
2060 5498 2338 5552 audientes
2365 5496 2677 5567 Apostolum
2706 5498 3083 5555 exhortantem
3131 5512 3230 5553 nos
3273 5505 3328 5552 et
3382 5495 3460 5550 di-

1888 5596 2096 5642 centem
2139 5605 2152 5640 :
2186 5583 2394 5642 Gratius
2439 5599 2645 5659 agentes
2697 5589 2802 5645 Deo
2850 5601 2895 5645 et
2929 5589 3114 5659 Patri,
3157 5589 3246 5661 qui
3276 5588 3458 5660 dignos

274 5688 298 5716 ι
341 5675 474 5735 Vide
499 5682 674 5738 sancti
699 5684 974 5755 Augustini
1005 5702 1310 5746 sermonem
1336 5690 1460 5758 29.7,
1487 5693 1551 5749 ad
1594 5692 1844 5762 infantes,
1871 5695 1936 5752 de
1973 5694 2362 5756 Sacramentis.
