4050 6302
591 308 657 367 Si
1690 293 1895 350 Ριοιι.
1936 290 2170 349 DMCOD

2268 290 2731 349 .UGDUNENSIS
3516 310 3526 322 ε
3776 289 3840 347 52

590 438 686 479 nos
722 421 843 493 fecit
894 419 952 472 in
994 425 1133 469 sorte
1162 422 1463 466 sanctorum
1498 412 1550 464 in
1597 410 1794 464 lumine
1820 450 1835 475 ,
1866 409 1956 479 qui
1984 407 2175 478 eripuit
2204 409 2252 467 A
2278 420 2484 472 xxxiii,
2521 406 2600 477 2).
2640 405 2707 459 Et
2754 404 2948 458 iterum
2978 417 2992 456 :
3022 402 3085 457 In
3129 401 3271 458 omni
3317 401 3431 456 loco
3479 401 3841 457 dominationis

591 532 686 572 nos
712 516 775 570 de
799 520 1051 586 potestate
1079 508 1412 565 tenebrarum
1437 544 1453 571 ,
1484 512 1531 558 et
1576 501 1848 557 transtulit
1876 503 1932 555 in
1960 515 2175 570 regnum

592 604 724 660 Filii
752 603 1026 659 charitatis
1066 615 1198 665 suat,
1242 598 1300 651 in
1336 611 1438 667 quo
1477 594 1726 648 habemus
1772 591 2173 661 redemptionem

502 695 509 699 ’
589 712 682 766 per
706 694 1014 764 sanguinem
1035 692 1170 762 ejus,
1196 679 1550 744 remissionem
1573 682 1946 755 peccatorum?
1968 680 2103 751 (Col.
2131 696 2170 747 ι,

593 789 682 853 12,
709 785 925 854 13,14.)
948 785 1041 839 Sic
1065 782 1209 838 enim
1226 777 1412 835 dilexit
1432 778 1575 833 Deus
1595 774 1874 839 mundum,
1898 781 1958 827 ut
1977 771 2173 826 Filium

593 891 753 931 suum
781 872 1116 945 unigenitum
1146 870 1317 929 daret,
1360 874 1416 922 et
1446 865 1618 938 gratia
1662 863 1757 919 Dei
1792 878 1891 933 pro
1921 861 2173 917 omnibus

591 974 832 1037 gustaret
855 971 1101 1019 mortem.
1119 958 1223 1026 Qui
1243 972 1372 1029 ergo
1385 971 1485 1027 per
1503 956 1646 1011 hanc
1663 953 1891 1023 gratiam
1913 950 2173 1022 eripimur

591 1055 659 1110 de
684 1061 953 1125 potestate
990 1050 1368 1112 tenebrarum,
1400 1046 1453 1102 id
1480 1056 1566 1101 est
1599 1042 1797 1099 diaboli
1842 1050 1899 1098 et
1950 1040 2170 1112 angelo-

591 1150 710 1198 rum
740 1144 877 1214 ejus,
899 1151 954 1197 et
979 1138 1362 1195 transferimur
1386 1137 1442 1191 in
1467 1150 1689 1206 regnum
1718 1132 1841 1188 Filii
1869 1132 2172 1188 dilectionis

591 1233 709 1298 Dei,
726 1241 784 1287 ut
804 1230 1099 1287 efﬁciamur
1123 1242 1293 1301 genus
1314 1226 1567 1291 electum,
1586 1223 1763 1295 regale
1785 1222 2166 1286 sacerdotium,

590 1321 851 1377 habentes
880 1321 936 1376 in
978 1319 1166 1374 eodem
1198 1316 1337 1383 Filio
1366 1330 1463 1385 per
1485 1313 1798 1385 sanguinem
1816 1311 1934 1382 ejus
1954 1314 2170 1366 redem-

587 1409 826 1479 ptionem
861 1449 877 1475 ,
936 1407 1308 1463 remissionem
1358 1411 1739 1475 peccatorum;
1791 1399 1922 1471 quid
1958 1400 2171 1470 dignius

590 1512 755 1568 agere
781 1512 1089 1569 possumus,
1124 1510 1285 1565 quam
1303 1492 1447 1564 quod
1466 1492 1658 1547 beatus
1681 1490 1876 1545 Petrus
1901 1488 2171 1560 apostolus

593 1588 848 1643 admonet
876 1588 1060 1643 dicens
1093 1602 1107 1639 :
1137 1583 1446 1638 Et-virtutes
1466 1581 1785 1635 annuntietis
1806 1579 1939 1649 ejus,
1976 1580 2067 1648 qui
2105 1578 2171 1633 de

586 1676 812 1730 tenebris
858 1692 944 1730 vos
985 1674 1180 1728 racavit
1207 1672 1264 1725 in
1290 1668 1602 1724 admirabile
1631 1667 1807 1722 lumen
1843 1683 2033 1732 suum;
2075 1667 2167 1737 qui

2273 495 2389 564 ejus
2431 495 2640 549 benedic
2661 494 2839 548 anima
2862 509 2977 547 mea
3005 491 3227 547 Domino
3250 490 3421 563 (Psal.
3452 507 3548 558 cn,
3572 492 3685 562 22).

2342 584 2432 638 20.
2464 582 2646 655 (Aue.,
2686 582 2854 636 Enar.
2897 597 2935 635 ιι
2977 581 3031 635 in
3072 578 3217 634 Psal.
3260 595 3431 635 xum
3459 621 3477 646 ,
3505 596 3562 635 ιι.
3595 580 3674 651 4.)
3715 578 3841 649 Quis

2275 684 2361 729 est
2403 689 2535 745 ergo
2582 673 2674 743 qui
2708 671 2977 727 benedicit
3009 680 3065 725 et
3111 670 3314 742 gratias
3366 669 3479 739 agit
3522 669 3748 723 Domino
3788 668 3839 723 in

2274 764 2421 820 omni
2460 773 2723 834 tempore,
2774 760 2876 815 nisi
2906 760 3125 817 humilis
3151 760 3348 815 corde?
3375 758 3550 830 Ipsam
3580 759 3726 814 enim
3748 758 3842 813 ιω-
3896 804 3899 805 ν

2274 853 2558 909 militatem
2601 850 2786 907 docuit
2814 848 3074 906 Dominus
3120 857 3309 904 noster
3342 848 3397 903 in
3442 860 3670 916 corpore
3706 860 3802 902 suo
3825 887 3838 913 ,

2273 944 2401 1016 quia
2429 958 2551 999 cum
2582 940 2924 998 commendat
2965 953 3162 1010 corpus
3211 946 3266 993 ct
3302 936 3621 1008 sanguinem
3646 949 3798 990 suum
3827 975 3839 999 ,

2272 1034 2629 1090 humilitatem
2670 1047 2823 1087 suam
2874 1028 3239 1086 commendat.
3276 1027 3415 1083 Esto.
3432 1025 3668 1088 humilis,
3692 1023 3740 1079 si
3766 1022 3842 1078 vis

2272 1124 2592 1180 benedicere
2630 1121 2916 1177 Dominum
2944 1120 2997 1175 in
3024 1119 3172 1175 omni
3199 1127 3465 1188 tempore,
3493 1128 3709 1185 semper
3732 1113 3843 1168 laus

2271 1213 2388 1283 ejus
2421 1215 2475 1268 in
2504 1227 2599 1269 ore
2624 1221 2737 1278 tuo,
2766 1211 2892 1281 quia
2930 1218 2987 1266 et
3028 1208 3130 1265 Job
3175 1224 3283 1264 non
3318 1213 3528 1262 tantum
3573 1204 3843 1261 benedixit

2272 1305 2583 1371 Dominum,
2617 1304 2834 1375 quando
2881 1303 3227 1357 abundabant
3262 1299 3338 1354 illi
3375 1298 3555 1355 omnia
3587 1337 3603 1364 ,
3654 1296 3844 1367 quibus

2271 1411 2394 1451 eum
2430 1395 2657 1467 legimus
2684 1395 2903 1450 divitem
2935 1394 3124 1449 fuisse.
3148 1391 3340 1448 Ablata
3373 1398 3500 1446 sunt
3529 1388 3713 1444 omnia
3740 1403 3843 1443 uno

2272 1496 2541 1559 tempore,
2586 1498 2644 1545 et
2691 1487 2932 1558 implevit
2960 1487 3103 1556 quod
3128 1487 3182 1540 in
3211 1486 3314 1540 hoc
3339 1483 3561 1554 psalmo.
3587 1482 3842 1552 scriptum

2270 1588 2355 1634 est
2380 1581 2567 1634 dicens
2600 1597 2613 1632 :
2644 1579 2901 1632 Dominus
2927 1576 3100 1642 dedit,
3140 1575 3395 1629 Dominus
3428 1571 3663 1627 abstulit.
3703 1568 3841 1624 Sicut

2270 1668 2497 1723 Domino
2550 1667 2784 1739 placuit,
2820 1668 2896 1721 ita
2933 1665 3134 1735 factum
3180 1673 3277 1720 est.
3322 1662 3452 1718 Post
3492 1679 3506 1715 ε
3546 1661 3629 1716 Sit
3662 1674 3843 1713 nomen

588 1764 874 1834 aliquando
901 1779 1003 1816 non
1032 1759 1276 1833 populus,
1317 1773 1456 1813 nunc
1493 1766 1670 1811 autem
1688 1754 1912 1826 populus
1933 1755 2054 1821 Dei,
2081 1757 2170 1825 qui
2199 1758 2247 1817 B
2273 1757 2488 1812 Domini
2511 1758 2832 1813 benedictum
2854 1755 2976 1827 (Job
3004 1771 3044 1821 ι,
3065 1755 3180 1825 21).
3197 1754 3336 1809 Ecce
3361 1752 3523 1807 habet
3543 1748 3841 1819 exemplum

592 1872 696 1909 non
727 1855 990 1909 consecuti
1018 1851 1451 1916 misericordiam,
1495 1866 1633 1903 nunc
1661 1858 1837 1903 autem
1876 1847 2172 1902 misericor-

588 1942 733 1997 diam
759 1943 1059 1999 consecuti?
1075 1942 1126 2013 (I
1141 1940 1288 1997 Petr.
1312 1958 1374 2006 ll,
1398 1939 1476 2012 9.)
1494 1939 1644 1994 Hanc
1667 1953 1797 2009 ergo
1814 1936 2072 1993 Ecclesia:
2085 1952 2171 1992 re-

589 2037 932 2105 sponsionem
963 2033 1252 2091 conﬁrmat
1279 2031 1563 2097 sacerdos,
1595 2037 1651 2085 et
1691 2029 1746 2084 in
1792 2030 1963 2083 Deum
1989 2035 2171 2083 mente

585 2138 905 2195 suspensus,
924 2130 1284 2196 cognoscente
1303 2136 1485 2178 secum
1513 2119 1663 2177 omni
1682 2118 1926 2174 Ecclesia
1949 2115 2166 2187 procla-
2187 2151 2225 2180 ._

587 2227 704 2274 mat
727 2220 927 2276 etdicit
953 2239 967 2276 :

658 2327 748 2384 19.
794 2326 922 2383 Vere
948 2328 1165 2400 dignum
1185 2337 1233 2383 et
1247 2327 1450 2398 justum
1475 2335 1570 2390 est,
1595 2341 1801 2397 a’quum
1839 2333 1887 2379 et
1914 2324 2167 2380 salutare.

585 2415 739 2484 Quod
783 2425 868 2474 est
908 2427 1136 2488 iustum,
1171 2419 1274 2474 hoc
1308 2425 1394 2473 est
1436 2423 1491 2471 et
1525 2430 1739 2486 aequum
1760 2456 1775 2480 ,
1801 2415 1896 2471 sed
1922 2415 2171 2485 repetitio

587 2508 881 2576 sermonis,
912 2508 1252 2565 conﬁrmatio
1289 2517 1372 2564 est
1403 2506 1670 2573 veritatis,
1718 2520 1843 2561 nam
1868 2502 2075 2573 iustitia
2116 2512 2173 2558 et

585 2598 814 2669 aequitas
834 2615 941 2655 una
969 2615 1057 2656 res
1088 2608 1190 2665 est,
1238 2598 1381 2655 sicut
1427 2606 1712 2653 cantamus
1737 2597 1790 2650 in
1817 2594 2076 2665 psalterio
2103 2594 2170 2650 de

584 2688 814 2746 Domino
846 2689 1153 2745 :Judicabit
1176 2689 1356 2763 orbem
1382 2698 1536 2745 terra:
1567 2688 1622 2742 in
1658 2687 1872 2758 justitia
1917 2695 1964 2740 et
2003 2700 2170 2755 popu-

470 2845 484 2858 .
583 2779 662 2835 los
686 2780 740 2835 in
771 2782 1014 2853 tequitate
1048 2780 1221 2853 (Psal.
1254 2796 1396 2847 xcv,
1428 2778 1538 2851 l0).
1579 2777 1834 2834 Salutare
1878 2786 2059 2832 autem
2088 2775 2171 2831 di-

585 2870 750 2937 citur,
778 2872 924 2940 quod
964 2879 1049 2927 est
1089 2869 1339 2935 salubre,
1372 2876 1427 2924 et
1472 2868 1615 2937 quod
1647 2867 1876 2922 salutem
1900 2863 2165 2921 conferat.

585 2958 725 3015 Vere
749 2973 881 3029 ergo
924 2966 986 3013 ut
1015 2959 1353 3013 incessanter
1391 2955 1598 3026 gratias
1640 2968 1902 3025 agamus,
1946 2954 2167 3025 dignum

586 3056 671 3104 est
703 3048 868 3104 tantis
904 3048 1001 3104 Dei
1028 3046 1344 3113 beneﬁciis,
1369 3046 1575 3118 justum
1624 3044 1827 3100 nostris
1872 3044 2165 3115 obsequiis,
2194 3088 2239 3152 C

583 3153 795 3208 aequum
841 3137 960 3209 ipso
1004 3138 1244 3208 pondere
1293 3136 1544 3202 rationis,
1596 3134 1833 3191 salutare
1879 3133 2167 3191 manifesto

583 3228 761 3285 fructu
791 3229 1001 3295 salutis,
1028 3244 1136 3299 quo
1169 3235 1225 3283 et
1256 3227 1425 3283 Deum
1455 3227 1735 3283 laudantes
1768 3226 2069 3293 salvantur,
2113 3234 2179 3298 et~

587 3319 784 3389 ingrati
814 3319 985 3390 ipsius
1007 3318 1210 3389 judicio
1236 3317 1617 3388 reprobantur.
1656 3315 1792 3371 Nam
1834 3316 2003 3371 Deum
2038 3315 2168 3373 ﬁde-

585 3409 713 3465 liter
741 3409 1026 3465 laudantes
1062 3423 1190 3463 vere
1217 3407 1514 3472 salvantur,
1543 3407 1683 3462 sicut
1722 3405 1775 3461 in
1802 3404 2008 3476 psalmo
2034 3420 2166 3461 can-

584 3506 732 3555 tatur
761 3517 774 3553 :
805 3497 1055 3553 Laudans
1100 3497 1348 3552 invocabo
1400 3496 1685 3551 Dominum
1729 3503 1778 3549 et
1828 3494 1893 3549 ab
1939 3491 2164 3548 inimicis

587 3591 715 3644 meis
742 3588 915 3644 salvus
938 3605 1026 3644 ero
1059 3587 1232 3660 (Psal.
1272 3603 1404 3652 xvn,
1434 3587 1513 3659 4).
1543 3585 1744 3658 Ingrati
1768 3594 1951 3641 autem
1981 3597 2168 3653 repro-

582 3679 800 3745 bantur,
864 3680 1005 3736 sicut
1052 3687 1239 3750 aperte
1293 3679 1348 3733 in
1398 3677 1690 3749 Evangelia
1740 3677 1856 3747 ipse
1907 3674 2167 3729 Dominus

581 3769 838 3838 ostendit,
857 3772 950 3841 qui
972 3787 1040 3827 ex
1062 3772 1247 3826 decem
1273 3769 1499 3839 Ieprosis
1518 3767 1635 3838 ejus
1650 3767 1849 3823 virtute
1871 3762 2165 3829 mundatis,

581 3877 747 3916 unum
777 3861 844 3917 ad
869 3877 929 3918 se
952 3861 1269 3932 suppliciter
1296 3867 1684 3925 revertentem,
1715 3865 1772 3912 et
1800 3870 1994 3928 magna
2035 3867 2165 3910 voce

581 3954 784 4021 gratias
808 3961 1055 4022 agentem
1077 3991 1092 4014 ,
1141 3951 1382 4005 laudavit
1407 3990 1422 4015 ,
1468 3958 1524 4003 et
1551 3950 1727 4022 gratia
1758 3949 1882 4003 ﬁdei
1913 3949 2163 4011 salvavit,

581 4040 811 4096 dicendo
844 4021 858 4092 ἐ
892 4038 1015 4094 Νοη
1039 4047 1115 4093 est
1149 4040 1387 4093 inventus
1413 4038 1503 4106 qui
1532 4021 1720 4090 rediret
1760 4045 1809 4089 et
1856 4036 2004 4088 daret
2055 4036 2167 4103 glo-

581 4130 716 4185 riam
739 4130 873 4197 Deo,
898 4131 997 4184 nisi
1038 4129 1120 4183 hic
1160 4129 1487 4198 alienigena;
1512 4135 1567 4183 et
1588 4105 1845 4182 continuo
1874 4126 2168 4181 clementer

582 4219 867 4289 adiunxit:
899 4217 1084 4288 Surge,
1114 4217 1268 4283 vade,
1297 4217 1422 4288 quia
1442 4216 1574 4286 ﬁdes
1604 4226 1695 4271 tua
1731 4226 1780 4271 te
1811 4214 2016 4271 salvum
2044 4215 2166 4285 fecit

583 4311 735 4381 (Luc.
770 4327 904 4374 xvii,
934 4310 1042 4382 18).
1074 4309 1275 4364 Novem
1307 4317 1486 4364 autem
1524 4308 1782 4379 reliquos,
1833 4307 1963 4363 licet
1989 4307 2166 4362 credi-

583 4401 762 4456 derint
795 4416 855 4454 se
884 4414 982 4469 per
1009 4414 1132 4454 eum
1162 4413 1323 4467 posse
1355 4397 1625 4460 mundari,
1658 4397 1877 4466 quando
1905 4412 2010 4451 una
2034 4411 2165 4452 voce

582 4492 951 4546 clamaverunt
984 4490 1226 4544 dicentes
1263 4505 1276 4541 :
1309 4486 1435 4542 Iesu
1477 4496 1778 4557 prrcceptor,
1803 4487 2045 4540 miserere
2073 4502 2165 4539 no-

581 4584 713 4649 stri;
747 4591 925 4637 tamen
956 4580 1083 4651 quia
1135 4588 1298 4635 tanta:
1341 4579 1528 4634 virtuti
1571 4578 1899 4634 exstiterunt
1925 4577 2122 4648 ingrati
2148 4617 2163 4641 ,

583 4673 730 4728 velut
757 4672 1026 4737 inﬁdeles,
1057 4670 1266 4727 nescire
1294 4686 1352 4726 se
1379 4670 1638 4735 ostendit,
1671 4668 1901 4724 dicendo
1933 4684 1948 4723 :
1975 4666 2165 4721 Nonne

582 4764 760 4817 decem
783 4762 1019 4817 mundati
1038 4770 1180 4829 sttnt,
1205 4771 1252 4816 et
1278 4776 1456 4815 novem
1492 4760 1577 4814 ubi
1602 4770 1722 4813 sunt
1746 4759 1771 4813 ?
1793 4757 2007 4830 (Matth.
2034 4773 2192 4823 xxv,.

585 4855 701 4928 12.)
725 4854 947 4912 Nescire
973 4865 1150 4912 autem
1191 4854 1286 4909 Dei
1327 4852 1603 4925 reprobari
1633 4860 1716 4907 est
1749 4869 1762 4905 :
1794 4851 1933 4905 unde
1967 4859 2021 4905 ct
2046 4849 2167 4919 qui-

583 4949 810 5006 busdam
840 4951 1080 5006 dicturus
1104 4957 1190 5005 est
1222 4966 1235 5003 :
1267 4948 1431 5003 Amen
1468 4946 1585 5000 dico
1627 4945 1786 5011 vobis,
1831 4944 2001 4999 nescio
2054 4958 2161 4995 vos.

584 5042 660 5097 Ex
696 5058 802 5113 quo
827 5050 1087 5112 quantum
1117 5040 1315 5095 malum
1344 5039 1414 5095 sit
1442 5037 1738 5110 gratiarum
1763 5036 2028 5090 actionem
2053 5033 2163 5087 Deo

583 5131 820 5188 debitam
854 5130 1142 5202 negligere,
1175 5131 1454 5184 evidenter
1479 5125 1800 5191 ostenditur,
1830 5124 2045 5194 quando
2069 5138 2163 5177 eos

584 5238 723 5294 quos
780 5221 1065 5278 credentes
1107 5219 1418 5283 mundavit,
1454 5217 1618 5272 etiam
1675 5214 1961 5269 mandatos
2008 5212 2163 5267 istius

585 5314 757 5385 culpa:
819 5313 1011 5369 merito
1065 5319 1322 5379 tauquam
1372 5307 1615 5362 inﬁdeles
1667 5304 1883 5375 ahjecit.
1946 5301 2160 5357 Gratias

588 5411 771 5459 autem
816 5416 977 5473 agerc
1005 5401 1264 5456 debemus
1289 5409 1501 5465 semper
1539 5404 1593 5450 et
1633 5393 1859 5463 ubique,
1900 5391 1952 5447 id
1987 5400 2069 5446 est
2104 5392 2157 5445 in

587 5493 736 5549 omni
768 5499 1009 5561 tempore
1034 5496 1088 5544 et
1116 5488 1169 5541 in
1192 5486 1339 5541 omni
1368 5485 1506 5561 loco,
1540 5492 1597 5537 ut
1621 5483 1905 5553 impleatur
1926 5497 1978 5536 In
2007 5481 2161 5535 nobis

588 5582 730 5653 quod
769 5588 1049 5635 cantamus
1077 5579 1128 5633 in
1156 5576 1362 5647 psalmo
1394 5596 1404 5631 :
1438 5560 1750 5628 Denedicmn
1788 5573 2072 5626 Dominum
2109 5571 2161 5623 in

588 5674 728 5727 omni
774 5680 1043 5743 tempore,
1090 5686 1288 5740 semper
1329 5668 1442 5722 laus
1486 5666 1596 5736 ejus
1640 5664 1691 5717 in
1733 5680 1819 5719 ore
1850 5681 1960 5720 meo
1989 5661 2159 5734 (Psal.

2271 1848 2644 1904 benedicentis
2685 1848 2740 1901 in
2770 1846 2918 1901 omni
2961 1853 3224 1915 tempore.
3272 1842 3390 1897 Non
3443 1841 3682 1896 habebat
3728 1852 3841 1908 quae

2271 1944 2505 2002 teneret,
2550 1937 2644 1993 sed
2694 1935 2929 1992 habebat
2968 1934 3117 2005 quod
3142 1932 3409 1989 laudaret.
3452 1930 3511 1985 ln
3550 1929 3710 1983 laude
3753 1925 3841 1981 Dei

2270 2027 2353 2082 sui
2385 2028 2541 2098 quasi
2570 2027 2627 2082 in
2655 2041 2836 2082 rerum
2870 2026 3027 2097 copia
3065 2023 3402 2096 quiescebat.
3434 2021 3577 2076 Deus
3606 2019 3683 2074 illi
3710 2017 3845 2073 sola-

2271 2118 2408 2174 tium
2445 2119 2581 2186 fuit,
2628 2134 2699 2174 ne
2740 2118 3145 2189 possessionum
3184 2115 3398 2172 damnis
3427 2112 3842 2185 periclitaretur.

2268 2209 2522 2282 Nunquid
2564 2211 2709 2267 enim
2745 2210 2979 2281 perdidit
3019 2209 3225 2275 Deum,
3260 2206 3511 2279 quamvis
3550 2201 3848 2274 perdiderit

2271 2300 2415 2370 quod
2440 2299 2662 2355 dederat
2699 2299 2883 2355 Deus?
2908 2298 3037 2354 Plus
3070 2306 3156 2354 est
3187 2297 3334 2352 enim
3376 2295 3576 2350 habere
3605 2306 3733 2347 eum
3759 2290 3845 2360 qui

2271 2391 2385 2456 dat,
2428 2404 2591 2460 quam
2619 2389 2708 2444 illa
2743 2404 2864 2460 qua:
2895 2389 3007 2444 dat.
3045 2386 3102 2444 Si
3144 2387 3291 2442 enitr
3310 2384 3537 2457 pulchra
3561 2390 3692 2438 sunt
3730 2394 3847 2451 quae

2271 2481 2382 2548 dat,
2407 2489 2609 2553 quanto
2635 2480 2910 2551 pulchrior
2956 2478 3045 2535 ille
3081 2480 3172 2549 qui
3199 2478 3328 2532 dat?
3354 2474 3411 2531 Si
3449 2488 3643 2545 magna
3683 2479 3841 2531 sunt.

2271 2580 2473 2642 quanto
2522 2568 2696 2640 major
2746 2570 2858 2640 ipse
2902 2569 3168 2640 largitor?
3209 2566 3276 2622 Et
3308 2574 3457 2622 certe
3482 2578 3607 2634 qua:
3645 2562 3703 2617 in
3747 2561 3846 2615 hac

2271 2673 2486 2720 terrena
2517 2664 2626 2719 vita
2652 2664 2862 2720 dederit
2884 2662 3048 2730 Deus,
3079 2669 3173 2717 aut
3200 2660 3327 2717 dum
3358 2659 3591 2714 vivimus
3612 2671 3717 2712 nos
3759 2656 3847 2711 de-

2271 2764 2487 2821 serunt,
2540 2763 2635 2809 aut
2660 2769 2689 2809 a
2716 2754 2877 2810 nobis
2908 2763 3085 2810 morte
3106 2754 3451 2809 deseruntur.
3481 2747 3552 2804 At
3576 2762 3712 2803 vero
3738 2746 3847 2816 ipse

2269 2841 2415 2899 Deus
2462 2851 2664 2899 aeterna
2720 2841 3001 2912 possessio
3037 2855 3253 2911 semper
3287 2851 3524 2909 praesens
3571 2848 3847 2904 nunquam

2271 2932 2472 2990 deserit
2497 2932 2881 3003 possidentem.
2912 2930 3035 2987 Sint
3057 2944 3189 3002 ergo
3226 2937 3374 2986 casta
3398 2934 3521 2981 vota
3558 2922 3808 2978 ﬁdelium
3832 2961 3847 2985 ,

2270 3025 2495 3081 vilescat
2529 3023 2835 3095 temporale.
2861 3024 3084 3088 bonum,
3126 3029 3183 3077 et
3222 3018 3407 3075 veniat
3432 3024 3719 3071 aeternum.
3767 3011 3848 3065 Im

2272 3117 2473 3173 haereat
2500 3116 2611 3169 Deo
2642 3114 2821 3168 anima
2852 3114 2941 3182 pia
2970 3113 3024 3167 in
3054 3126 3177 3167 eum
3200 3110 3446 3165 oratione
3482 3117 3767 3175 suspensa,
3795 3107 3848 3153 et

2268 3222 2367 3278 per
2390 3202 2695 3276 spirituales
2719 3201 2997 3272 amplexus
3026 3200 3073 3255 ei
3124 3211 3366 3255 connexa
3394 3192 3667 3250 desideret
3717 3187 3845 3243 illud

2268 3296 2413 3367 quod
2443 3308 2626 3350 secum
2657 3293 2775 3363 ipse
2798 3291 3045 3362 largitur.
3075 3288 3346 3356 Quantum
3375 3294 3458 3341 est
3498 3282 3647 3354 quod
3693 3278 3848 3367 nobis

2267 3365 2549 3443 exhibebit
2577 3384 2742 3447 Deus,
2775 3380 2821 3436 si
2856 3379 3093 3450 seipsum
3119 3376 3276 3432 nobis
3300 3374 3433 3429 nolit
3459 3368 3766 3427 exhibere?
3790 3365 3848 3420 Si

2266 3489 2396 3545 ergo
2414 3474 2556 3529 bona
2583 3477 2871 3542 suppetunt
2892 3468 3094 3534 saeculi,
3124 3467 3197 3523 sit
3226 3461 3610 3520 misericordiae
3645 3459 3848 3514 facienr

2267 3565 2348 3620 da:
2373 3562 2627 3618 materies
2664 3560 2753 3616 :si
2781 3558 3080 3624 defuerint,
3126 3556 3198 3612 sit
3242 3551 3516 3626 patientiae
3556 3548 3734 3603 ﬁdelis
3763 3563 3849 3603 oc-

2268 3652 2440 3708 casio.
2468 3650 2585 3706 'liali
2614 3650 2761 3705 enim
2786 3648 3073 3705 devotione
3106 3645 3270 3702 etiam
3312 3642 3366 3697 in
3397 3638 3544 3694 omni
3586 3636 3709 3691 loco
3740 3636 3849 3691 Deo

2268 3745 2455 3818 gratim
2492 3752 2751 3815 aguntur,
2773 3740 2900 3813 quia
2924 3739 3016 3811 qui
3045 3738 3242 3809 ubique
3262 3743 3348 3789 est
3369 3744 3625 3804 praesens,
3650 3730 3849 3818 ubique

2268 3816 2515 3907 agnoscit
2562 3832 2898 3889 laudatorem
2945 3843 3129 3893 suum,
3184 3826 3350 3882 etiam
3387 3834 3509 3877 cum
3542 3833 3639 3872 ore
3662 3816 3845 3885 quiess-

2267 3906 2445 3991 cente,
2474 3932 2530 3980 et
2554 3931 2764 3980 tacente
2787 3921 2991 3991 lingua,
3015 3923 3225 3973 secreto
3248 3911 3431 3969 cordis
3453 3908 3645 3965 aficctu
3673 3906 3847 3961 ﬁdelis

2267 4014 2317 4069 ei
2339 4014 2523 4066 anima
2544 4011 2837 4076 benedicit,
2862 4022 2985 4063 cum
3010 4006 3122 4076 agit
3150 4005 3205 4058 in
3229 4000 3445 4058 silentio
3468 3998 3612 4069 quod
3632 3997 3846 4052 canitur

2267 4106 2322 4160 in
2356 4105 2565 4176 psalmo
2601 4119 2616 4157 :
2651 4100 2899 4164 Benedic,
2923 4099 3102 4152 anima
3123 4112 3263 4163 mea,
3291 4093 3548 4157 Domino,
3588 4098 3637 4143 et
3669 4086 3845 4143 omnia

2265 4211 2383 4265 qua:
2409 4196 2546 4248 intra
2594 4209 2676 4247 me
2715 4200 2833 4247 sunt
2875 4188 3075 4243 nomini
3103 4195 3284 4242 sancto
3306 4184 3421 4255 ejus
3446 4179 3617 4254 (Psal.
3643 4195 3737 4242 ett,
3769 4179 3843 4247 1).

2266 4283 2522 4354 Quisquis
2550 4296 2679 4352 ergo
2704 4278 3102 4349 supplicaturus
3128 4282 3185 4331 et
3219 4274 3424 4344 gratias
3451 4282 3674 4327 acturus
3692 4271 3806 4325 Deo
3826 4308 3842 4334 ,

2268 4373 2448 4428 locum
2492 4381 2741 4427 sanctum
2791 4376 2848 4424 et
2891 4375 3075 4437 aptum
3123 4363 3355 4432 requiris
3383 4402 3399 4429 ,
3446 4361 3707 4417 interiora
3754 4368 3844 4413 tua

2195 4431 2244 4490 D
2270 4463 2493 4529 munda,
2523 4469 2578 4517 et
2603 4460 2750 4517 omni
2784 4458 2908 4514 inde
2924 4431 3088 4512 -mala
3117 4431 3410 4526 cupiditate
3436 4450 3654 4522 depulsa
3672 4491 3687 4517 ,
3709 4463 3844 4520 prm-

2270 4568 2405 4624 para
2445 4552 2540 4608 tibi
2578 4551 2634 4605 in
2668 4550 2849 4606 cordis
2893 4547 2971 4603 tui
3022 4560 3156 4617 pace
3204 4551 3472 4600 secretum
3499 4580 3515 4605 ,
3554 4539 3744 4596 volens
3787 4538 3843 4593 in

2270 4644 2471 4714 templo
2499 4656 2677 4699 orare.
2706 4642 2765 4696 In
2796 4649 2848 4696 te
2871 4654 2988 4705 ora,
3019 4647 3076 4717 et
3113 4637 3190 4691 ita
3215 4650 3313 4704 age
3348 4646 3582 4702 semper,
3613 4639 3674 4685 ut
3706 4638 3843 4685 tem-

2268 4738 2414 4807 plum
2444 4736 2540 4791 Dei
2569 4735 2665 4791 sis.
2689 4733 2764 4787 lhi
2793 4733 2938 4787 enim
2966 4732 3110 4786 Deus
3137 4727 3379 4791 exaudit,
3410 4725 3501 4779 ubi
3526 4723 3760 4777 habitat.

2340 4827 2428 4880 2|.
2458 4825 2589 4880 Vere
2609 4824 2829 4894 dignum.
2850 4831 2898 4876 et
2916 4821 3119 4891 justum
3147 4827 3261 4882 est,
3283 4830 3492 4887 (equum
3525 4821 3574 4867 et
3610 4811 3844 4866 salutare

2268 4936 2361 4975 nos
2391 4918 2485 4972 tibi
2512 4932 2712 4987 semper
2741 4923 2788 4968 et
2811 4914 2998 4984 ubique
3025 4911 3225 4982 gratias
3252 4923 3424 4979 agere.
3454 4902 3746 4974 Suhjungit
3774 4901 3838 4955 ad

2265 5026 2427 5081 quem
2478 5008 2675 5079 dirigat
2720 5006 3020 5062 orationem
3073 5000 3342 5058 dicendo:
3388 4995 3631 5059 Domine,
3663 5003 3840 5047 sancte

2268 5099 2431 5155 Pater
2458 5101 2800 5169 omnipotens,
2830 5104 3018 5150 (uterne
3030 5094 3191 5154 Deus,
3217 5098 3271 5144 et
3296 5102 3394 5158 per
3406 5100 3564 5157 quem
3593 5082 3839 5139 eamdem

2265 5191 2567 5247 orationem
2597 5188 2794 5256 dirigat
2820 5183 3064 5239 addendo
3092 5199 3105 5237 :
3140 5181 3240 5235 l’er
3262 5180 3529 5235 Christum
3557 5173 3837 5228 Dominum

2270 5292 2522 5336 nostrum.
2553 5277 2704 5344 Quod
2726 5289 2857 5342 ergo
2875 5273 3026 5338 dicit,
3051 5270 3291 5333 Domine,
3315 5267 3550 5325 refertur
3582 5265 3648 5318 ad
3688 5275 3838 5318 crea-

2271 5388 2405 5432 turae
2446 5372 2864 5441 subjectionem,
2913 5367 2978 5421 de
3024 5381 3133 5436 quo
3159 5375 3216 5419 et
3256 5363 3310 5417 in
3340 5362 3557 5432 psalmo.
3587 5356 3836 5413 canitur:

2273 5470 2533 5537 Quoniam
2557 5465 2732 5520 omnia
2762 5463 2989 5517 serviunt
3022 5458 3113 5512 tibi
3137 5454 3309 5527 (Psal.
3339 5468 3433 5517 xv,
3472 5450 3546 5522 1).
3581 5448 3640 5502 Et
3669 5444 3792 5499 alibi
3820 5457 3835 5493 :

2274 5562 2394 5615 Dixi
2419 5558 2640 5613 Dontino
2664 5576 2679 5612 :
2706 5555 2841 5609 Deus
2886 5570 3028 5606 incus
3067 5568 3118 5605 es
3159 5560 3211 5604 tu
3238 5589 3252 5613 ,
3295 5546 3543 5620 quoniam
3592 5542 3839 5595 bonorum

2273 5669 2504 5708 meorum
2538 5667 2639 5705 non
2671 5665 2802 5718 rges.
2833 5647 2967 5713 Quid
3008 5654 3086 5701 est
3130 5644 3272 5698 cnim
3304 5644 3553 5697 bonorum
3587 5642 3839 5695 meorum,
