4050 6302
224 399 298 457 ss
1395 388 1484 442 ne
1525 382 1982 443 exeosmouu
2020 381 2273 437 MlSSzE.
3423 382 3493 438 δι

225 508 335 564 nisi
363 522 393 559 a
420 514 470 560 te
496 503 784 560 datorum?
811 500 1078 570 quomodo
1100 506 1219 569 eget
1248 498 1425 565 aliquo
1454 496 1615 561 bono,
1645 512 1673 550 a
1694 510 1802 564 quo
1836 497 1879 554 Α
1910 500 2126 561 propter
2155 504 2253 545 nos
2291 504 2387 559 per
2424 490 2813 545 humanitatem
2849 489 3169 561 interpellat
3207 505 3306 560 pro
3336 490 3495 545 nobis

224 609 390 653 omne
429 594 626 648 bonum
671 588 868 646 datur?
896 589 1017 642 Ideo
1060 602 1219 641 verus
1263 595 1349 641 est
1390 586 1671 650 Dominus,
1715 585 1807 654 qui

225 700 389 742 servo
417 700 514 740 suo
549 697 653 737 non
700 680 921 750 indiget.
952 679 1017 732 Et
1044 693 1151 747 quo
1185 693 1344 732 servo
1384 677 1628 748 indiget?
1656 676 1808 743 Quod

224 791 359 831 vero
387 774 628 844 adiungit
667 780 844 825 sancte
890 768 1081 831 Pater,
1121 768 1358 822 refertur
1385 767 1470 822 Vel
1505 766 1810 837 specialiter

227 866 300 921 ad
328 863 586 936 unigeniti
610 860 732 915 Filii
760 858 1185 930 generationem.
1216 856 1270 911 in
1298 870 1404 926 qua
1436 867 1736 910 coaeternus
1756 863 1809 909 et

226 954 520 1025 coaequalis
556 939 726 1017 Pairi,
768 952 834 1005 de
870 964 974 1020 qua
1001 949 1164 1003 etiam
1193 947 1465 1017 PrOpheta
1496 947 1571 1002 ait
1601 965 1612 999 τ
1643 945 1809 1001 Cene-

227 1046 488 1098 rationem
508 1042 621 1112 ejus
643 1040 759 1112 quis
782 1038 1047 1094 enarrabit
1071 1038 1097 1092 ?
1123 1037 1259 1109 (Isa.
1291 1053 1465 1103 xxxv,
1496 1035 1551 1107 8)
1598 1036 1683 1091 vel
1718 1051 1809 1105 ge-

226 1135 488 1192 neraliter
514 1133 581 1189 ad
610 1132 848 1187 omnium
878 1130 1110 1184 ﬁliorum
1143 1129 1236 1184 Dei
1267 1129 1628 1199 adoptionem,
1659 1129 1810 1199 cujus

227 1234 385 1281 tanta
434 1235 517 1281 est
559 1222 757 1294 gratia,
793 1229 852 1275 ut
878 1237 1000 1276 cum
1032 1222 1258 1276 haberet
1285 1221 1528 1286 unicum,
1576 1219 1810 1275 noluerit

227 1316 381 1371 illum
411 1330 532 1371 esse
560 1327 745 1377 unum,
787 1312 881 1367 sed
931 1318 991 1364 ut
1031 1310 1229 1366 fratres
1261 1310 1504 1375 haberet,
1535 1310 1809 1380 adoptavit

226 1409 353 1464 illos
390 1408 635 1477 quicum
676 1404 767 1459 illo
796 1404 1137 1475 possiderent
1180 1404 1344 1459 vitam
1393 1412 1670 1471 aeternam,
1711 1420 1810 1475 pro

227 1499 430 1569 quibus
483 1496 600 1565 ipse
654 1494 859 1549 eisdem
911 1494 1091 1549 verbis
1136 1493 1282 1548 Patri
1339 1494 1647 1565 supplicans
1686 1496 1806 1550 ait:

230 1586 394 1640 Pater
446 1594 642 1645 sancte,
676 1599 822 1637 serua
848 1598 934 1636 eos
967 1584 1019 1635 in
1059 1583 1266 1636 nomine
1304 1591 1428 1646 tuo,
1457 1600 1585 1654 quos
1621 1583 1810 1637 dedisti

226 1675 357 1727 mihi
388 1673 570 1744 (Joan.
600 1688 734 1737 xvtt,
765 1671 873 1741 li).
902 1670 1027 1725 Haec
1053 1686 1183 1741 ergo
1211 1687 1335 1735 vox,
1379 1680 1437 1725 ut
1461 1672 1674 1727 dicatur
1702 1674 1810 1728 Deo

229 1765 395 1820 Pater
422 1773 623 1828 sancte,
654 1772 708 1818 et
735 1762 951 1833 propria
977 1772 1061 1818 est
1093 1764 1237 1818 unici
1262 1762 1382 1821 Filii
1407 1778 1502 1833 per
1534 1772 1805 1831 naturam,

1912 580 2051 649 apud
2078 578 2325 644 Patrem,
2375 593 2476 647 per
2528 579 2860 635 divinitatem
2905 579 3124 633 exaudit
3171 590 3225 633 et
3275 588 3496 647 prtcstat

1912 685 2034 725 cum
2062 670 2255 735 Patre,
2286 669 2427 725 sicut
2459 669 2573 739 ipse
2604 678 2832 727 testatur
2857 671 3044 726 dicens
3070 688 3081 725 :
3115 671 3253 736 Quia
3289 688 3380 741 ego
3424 672 3493 725 ad

1912 760 2124 815 Patrem
2149 761 2308 826 vado,
2362 768 2408 815 et
2435 762 3055 838 quodcunque'petieritis
3078 764 3133 816 in
3157 763 3362 816 nomine
3381 778 3493 817 meo

1911 855 2006 907 hoc
2034 852 2260 922 faciam,
2294 863 2348 907 ut
2379 852 2697 920 clariﬁcetur
2718 852 2882 908 Pater
2913 855 2967 909 in
2995 852 3134 908 Filio
3165 852 3357 925 (Joan.
3382 868 3491 918 xw,

1912 943 2036 1013 12).
2069 944 2143 999 De
2167 959 2273 1015 qua
2295 945 2619 1000 mediatione
2649 954 2704 1000 et
2732 945 3082 1001 advocatione
3109 946 3274 1001 etiam
3303 945 3496 1000 beatus

1909 1034 2146 1091 Joannes
2191 1035 2462 1106 apostolus
2514 1036 2590 1090 ait
2642 1054 2655 1089 :
2697 1036 3016 1091 Advocatum
3054 1036 3300 1090 habemus
3353 1035 3494 1106 apud

1912 1126 2125 1181 Patrem
2136 1125 2321 1182 Iesum
2349 1125 2615 1181 Christum
2636 1128 2864 1198 justum,
2889 1137 2937 1182 et
2962 1128 3076 1201 ipse
3097 1136 3171 1182 est
3192 1127 3495 1197 propitiatio

1911 1231 2006 1284 pro
2031 1216 2257 1283 peccatis
2288 1216 2481 1269 nostris
2505 1215 2569 1286 (Ι
2600 1214 2764 1271 Joan.
2801 1216 2963 1287 11,2),
2994 1217 3118 1286 quia
3142 1216 3232 1287 qui
3263 1231 3359 1286 per
3391 1218 3496 1287 hu-

1911 1304 2228 1358 manitatem
2259 1303 2559 1375 interpellat
2588 1319 2688 1373 pro
2718 1304 2874 1360 nobis
2896 1307 3037 1374 apud
3067 1305 3280 1360 Patrem
3301 1343 3317 1369 ,
3352 1305 3494 1360 idem

1910 1406 2009 1460 per
2052 1391 2388 1448 divinitatem
2433 1393 2759 1463 propitiatur
2796 1392 2952 1448 nobis
2994 1408 3117 1448 cum
3160 1394 3339 1448 Patre.
3366 1392 3500 1449 Orat

1912 1483 2095 1553 itaque
2118 1488 2372 1540 sacerdos
2392 1500 2491 1555 pro
2506 1484 2768 1551 Ecclesia,
2786 1493 2908 1540 orat
2930 1483 3168 1539 Ecclesia
3195 1499 3294 1554 pro
3318 1499 3499 1540 sacer-

1911 1572 2036 1628 dote
2054 1615 2069 1639 ,
2100 1574 2242 1630 sicut
2268 1584 2392 1629 orat
2419 1574 2709 1645 Apostolus
2735 1590 2834 1646 pro
2859 1574 3042 1645 plebe,
3067 1583 3187 1629 orat
3216 1574 3368 1645 plebs
3398 1590 3499 1644 pro

1910 1662 2168 1733 Apostolo
2190 1706 2204 1731 ,
2226 1661 2321 1736 qui
2354 1665 2485 1720 dicit
2518 1684 2530 1719 :
2563 1664 2791 1720 Orantes
2833 1665 2992 1720 simul
3021 1674 3069 1719 et
3104 1681 3198 1735 pro
3228 1665 3405 1731 nobis,
3441 1674 3498 1720 ut

1912 1753 2055 1808 Deus
2089 1754 2289 1823 aperiat
2354 1754 2500 1808 nobis
2551 1756 2741 1808 ostium
2798 1754 2934 1809 verbi
2993 1751 3239 1825 (Coloss.
3272 1771 3363 1820 tv,
3405 1753 3496 1825 '5).

225 1866 283 1912 ει
330 1856 635 1912 communis
677 1855 917 1910 omnium
951 1854 1238 1925 adoptione
1284 1854 1518 1909 mimum
1564 1868 1663 1924 per
1689 1870 1812 1925 ενα-
1840 1836 1886 1895 Β
1917 1842 1982 1896 Ει
2011 1857 2109 1912 pro
2137 1843 2300 1898 Petro
2345 1850 2465 1896 orat
2507 1842 2748 1898 Ecclesia
2790 1857 2912 1896 cum
2952 1852 3099 1898 esset
3142 1843 3196 1896 in
3236 1843 3496 1906 vinculis,

229 1950 382 2011 tiam,
404 1961 503 2017 per
531 1961 693 2016 quam
727 1945 893 2000 etiam
930 1945 1203 1999 concessit
1238 1955 1296 1998 ut
1327 1954 1550 2019 orantes
1578 1944 1801 1998 dicant:

232 2039 392 2093 Pater
414 2048 609 2104 noster,
636 2038 727 2108 qui
750 2054 803 2091 es
828 2038 882 2090 in
913 2036 1052 2090 caelis
1077 2035 1293 2105 (Matth.
1322 2052 1399 2101 vr,
1432 2036 1518 2106 9),
1560 2037 1650 2106 qui
1683 2051 1807 2092 vere

222 2131 568 2200 omnipotens
588 2138 644 2184 et
671 2136 907 2184 aeternus
933 2136 1016 2184 est
1042 2130 1204 2194 Deus,
1231 2134 1572 2199 omnipotens
1598 2130 1808 2185 scilicet

224 2220 447 2285 virtute,
477 2235 582 2290 qua
609 2220 789 2275 omnia
827 2220 1067 2275 condidit
1095 2229 1149 2275 et
1177 2221 1416 2275 continet
1452 2231 1506 2276 et
1531 2223 1689 2292 regit,
1720 2236 1808 2276 ve-

222 2311 428 2367 raciter
454 2310 732 2380 Scriptura
758 2311 908 2376 dicit,
936 2313 1059 2382 quia
1088 2312 1184 2367 tibi
1204 2313 1522 2384 impossibile
1554 2313 1685 2368 nihil
1706 2324 1801 2368 est.

292 2409 385 2463 22.
420 2408 518 2477 (lo.
549 2407 702 2478 ibid.)
733 2407 834 2474 Qui
889 2417 1066 2462 tamen
1106 2408 1151 2463 si
1181 2423 1404 2479 compos
1429 2419 1533 2474 est,
1565 2419 1626 2465 ut
1663 2427 1804 2466 nun-

222 2514 389 2571 quam
437 2514 547 2553 sua:
586 2498 810 2552 rationis
845 2498 1093 2552 instituta
1144 2499 1431 2554 convellat.
1487 2499 1659 2569 Ipsius
1722 2509 1809 2557 est

222 2588 388 2642 etiam
409 2601 538 2641 vera
568 2586 846 2641 aeternitas
868 2626 883 2651 ,
918 2586 1005 2639 cui
1036 2587 1179 2656 quod
1209 2597 1293 2642 est
1334 2602 1455 2643 esse
1484 2598 1803 2659 perpetuum

219 2681 325 2742 est,
357 2679 448 2748 qui
473 2678 628 2732 initio
652 2693 865 2743 carens,
891 2678 1031 2733 sicut
1057 2677 1260 2733 nullum
1284 2678 1467 2744 ﬁnem,
1500 2679 1573 2734 ita
1603 2680 1803 2736 nullam

222 2767 419 2836 recipit
450 2760 1048 2823 mutabilitatem.j‘l‘ota
1079 2777 1257 2825 autem
1284 2770 1460 2825 oratio
1502 2782 1557 2825 et
1605 2772 1806 2842 gratia-

223 2869 344 2910 rum
376 2856 543 2920 actio,
567 2871 728 2926 quam
755 2868 968 2926 semper
1004 2865 1059 2911 et
1086 2857 1287 2928 ubique
1311 2858 1588 2923 debemus,
1617 2855 1804 2927 dirigi-

224 2957 317 3003 tur
345 2957 403 3003 et
437 2948 665 3003 oﬁ'ertur
716 2949 825 3004 Deo
847 2942 1007 3003 Patri
1056 2964 1155 3019 per
1199 2948 1473 3004 Christum
1521 2949 1803 3004 Dominum

222 3046 486 3099 nostrum,
519 3044 772 3106 tanquam
796 3052 896 3108 per
937 3038 1290 3094 mediatorem
1316 3047 1370 3093 et
1398 3040 1804 3094 eoneili‘atorem

221 3126 318 3181 Dei
340 3134 397 3181 et
424 3126 725 3194 hominum,
772 3130 840 3183 de
879 3140 985 3197 quo
1014 3128 1308 3197 Apostolus
1342 3130 1419 3183 ait
1448 3128 1640 3184 :Unus
1665 3130 1803 3184 enim

219 3214 385 3280 Deus,
418 3228 552 3270 unus
580 3224 630 3271 et
667 3217 927 3271 mediator
952 3217 1049 3273 Dei
1077 3228 1126 3272 et
1169 3218 1440 3274 hominum
1465 3221 1618 3274 homo
1646 3212 1802 3275 Iesus

217 3303 496 3372 Christus,
541 3307 634 3377 qui
674 3305 825 3361 dedit
875 3309 1206 3379 semetipsum
1257 3309 1659 3381 redeﬁzptionem
1710 3326 1805 3381 pro

216 3395 464 3450 omnibus
488 3394 539 3468 (I
567 3395 703 3450 Tim.
747 3411 810 3462 ιι,
845 3396 936 3469 5),
973 3398 1066 3468 qui
1096 3413 1219 3454 cum
1266 3399 1322 3454 in
1355 3409 1547 3455 natura
1590 3401 1805 3457 deitatis

215 3483 291 3537 sit
335 3499 503 3538 unum
530 3497 652 3539 cum
677 3482 865 3550 Patre,
895 3485 1239 3556 suscipiendo
1264 3496 1515 3542 naturam
1541 3495 1801 3553 nostram,

218 3571 402 3627 factus
446 3580 531 3627 est
576 3572 733 3628 nobis
776 3573 1043 3630 mediator
1083 3576 1151 3630 ad
1198 3574 1434 3630 Patrem.
1483 3575 1610 3632 Ideo
1659 3577 1804 3632 enim

220 3661 490 3717 mediator
521 3660 618 3717 Dei
652 3670 709 3717 et
757 3662 1058 3731 hominum,
1087 3664 1214 3734 quia
1243 3665 1385 3722 Deus
1432 3682 1555 3721 cum
1599 3667 1761 3722 Patre
1785 3707 1801 3733 ,

220 3750 349 3819 quia
389 3750 549 3806 homo
599 3766 722 3806 cum
763 3753 1115 3820 hominibus,
1163 3764 1271 3809 n0n
1313 3755 1580 3812 mediator
1640 3757 1805 3812 homo

217 3851 421 3913 praeter
459 3842 732 3906 deitatem,
766 3860 873 3900 non
913 3845 1179 3901 mediator
1204 3845 1349 3902 Deus
1379 3856 1575 3917 prteter
1611 3848 1803 3902 huma-

220 3932 467 3985 nitatem.
517 3930 781 3988 Divinitas
821 3933 938 3989 sine
968 3935 1304 3990 humanitate
1348 3951 1455 3991 non
1485 3944 1569 3991 est
1601 3937 1804 3991 media-

221 4021 330 4075 trix
362 4058 385 4087 ,
427 4022 734 4077 humanitas
784 4023 902 4079 sine
952 4023 1238 4080 divinitate
1294 4039 1400 4079 non
1454 4032 1537 4080 est
1601 4025 1806 4080 media-

220 4110 353 4163 trix.
401 4109 506 4165 Sed
536 4111 679 4165 inter
723 4111 890 4167 solam
939 4112 1278 4169 divinitatem
1311 4121 1366 4169 et
1406 4114 1799 4169 humanitatem

219 4198 417 4263 solam,
462 4200 747 4255 mediatrix
785 4210 870 4255 est
918 4202 1153 4257 humana
1205 4203 1496 4269 divinitas,
1539 4214 1593 4259 et
1621 4204 1800 4259 divina

220 4292 531 4348 humanitas
557 4290 778 4356 Christi,
811 4293 902 4362 qui
932 4294 1096 4348 etiam
1126 4295 1475 4365 semetipsum
1508 4296 1702 4350 obtulit
1747 4296 1802 4350 in

218 4381 473 4451 passione
497 4395 595 4450 pro
624 4381 808 4447 nobis,
838 4391 897 4436 ut
925 4383 1058 4437 tanti
1085 4384 1278 4453 capitis
1305 4399 1499 4453 corpus
1530 4398 1797 4452 essemus,

217 4473 517 4529 secundum
549 4472 779 4528 formam
801 4476 963 4530 servi.
993 4475 1143 4531 Hanc
1168 4476 1312 4530 enim
1349 4475 1565 4542 obtulit,
1599 4476 1652 4530 in
1698 4475 1801 4532 hac

216 4565 435 4620 oblatus
477 4572 561 4619 est
584 4603 600 4629 ,
643 4564 768 4633 quia
807 4566 1102 4621 secundum
1132 4566 1271 4620 hanc
1301 4565 1568 4620 mediator
1607 4573 1711 4621 est.
1743 4566 1801 4621 ln

219 4655 323 4708 hac
345 4654 625 4717 sacerdos,
668 4654 723 4707 in
749 4653 852 4708 hac
882 4653 1229 4709 sacriﬁcium.
1266 4653 1370 4707 Per
1396 4654 1570 4723 ipsum
1597 4667 1726 4723 ergo
1749 4662 1805 4709 et

218 4744 509 4814 petitiones
547 4752 603 4798 et
624 4744 813 4799 laudes
853 4760 979 4801 suas
1018 4745 1179 4800 oll'ert
1207 4744 1451 4801 Ecclesia
1491 4744 1602 4800 Deo
1628 4744 1799 4811 Patri,

220 4834 402 4887 sciens
441 4849 537 4903 per
566 4849 687 4888 eum
721 4833 894 4889 solum
944 4849 1002 4890 se
1051 4851 1211 4906 posse
1247 4836 1495 4905 accipere
1535 4836 1677 4906 quod
1707 4852 1803 4906 po-

219 4922 423 4987 stulat,
464 4939 563 4994 per
599 4938 721 4978 eum
770 4923 944 4979 solum
1001 4925 1216 4995 placere
1276 4941 1435 4996 posse
1482 4927 1626 4996 quod
1684 4923 1802 4983 lau-
1852 4982 1859 4987 .

218 5016 314 5070 dat
338 5055 354 5080 ,
394 5016 538 5071 sicut
584 5016 635 5069 in
676 5016 966 5086 Evangelio
999 5016 1264 5086 promittit
1311 5017 1497 5073 dicens
1544 5036 1557 5072 :
1594 5018 1796 5084 Amen,

216 5121 375 5158 amen
416 5105 533 5158 dico
580 5105 744 5171 vobis,
782 5108 830 5159 si
868 5105 995 5176 quid
1036 5105 1287 5175 petieritis
1338 5104 1553 5160 Patrem
1600 5107 1655 5161 in
1709 5124 1801 5162 no-

184 5195 359 5249 ‘mine
387 5210 524 5258 meo,
567 5193 713 5247 dabit
756 5195 896 5250 vobis
946 5194 1147 5267 (Joan.
1190 5210 1311 5259 va,
1365 5194 1492 5268 25).
1546 5193 1671 5253 Haec
1717 5206 1804 5253 est

214 5288 362 5340 enim
419 5287 762 5342 mediationis
806 5287 977 5358 gratia
1025 5303 1121 5358 per
1157 5302 1319 5357 quam
1361 5288 1650 5344 exauditur
1697 5288 1802 5345 Ec-

215 5376 383 5431 e!esia
419 5416 436 5441 ,
488 5377 783 5433 secundum
835 5394 997 5448 quam
1046 5389 1103 5434 et
1176 5379 1470 5449 Apostolus
1545 5379 1802 5435 exhorta-

218 5476 309 5521 tur
364 5467 552 5523 dicens
613 5487 626 5522 :
673 5464 777 5524 Per
835 5470 1006 5537 ipsum
1063 5486 1185 5539 ergo
1238 5470 1523 5539 o/feramus
1575 5470 1831 5529 hostiam,

214 5559 395 5614 laudis
425 5576 628 5631 semper
656 5560 766 5614 Deo
808 5558 1002 5632 (Hebr.
1034 5577 1163 5627 xm,
1198 5562 1328 5632 15),
1368 5562 1421 5616 id
1453 5570 1539 5617 est
1566 5560 1801 5617 fructum

218 5648 490 5704 labiorunt
540 5651 912 5706 conﬁtentium
956 5652 1158 5707 nomini
1211 5650 1345 5738 ejus:
1385 5652 1529 5707 Idem
1573 5666 1804 5721 namque

220 5739 488 5795 ttiediator
536 5739 629 5796 Dei
683 5751 738 5796 et
789 5742 1064 5798 hominum
1112 5741 1254 5799 Dens
1301 5758 1461 5813 super
1506 5759 1600 5797 nos
1646 5743 1806 5797 homo

1908 1934 2177 2003 quomodo
2238 1943 2294 1989 et
2348 1934 2543 1989 Petrus
2602 1948 2701 2004 pro
2764 1933 3006 1989 Ecclesia
3034 1973 3052 1998 ,
3120 1935 3247 2004 quia
3315 1936 3497 1989 omnia

1909 2038 2008 2093 pro
2039 2024 2271 2079 invicem
2300 2026 2540 2079 membra
2569 2031 2746 2078 orant.
2786 2024 2960 2093 Caput
2988 2039 3087 2094 pro
3123 2025 3374 2080 omnibus
3412 2026 3497 2080 in-

1911 2113 2178 2184 terpellat,
2203 2115 2269 2169 de
2281 2129 2388 2183 quo
2408 2115 2669 2185 scriptum
2693 2122 2776 2170 est
2802 2132 2814 2167 :
2845 2113 2949 2179 Qui
2970 2123 3019 2167 et
3040 2123 3114 2168 est
3139 2114 3208 2167 ad
3231 2114 3498 2170 dexteram

1907 2206 2006 2261 Dei
2031 2246 2046 2271 ,
2097 2208 2186 2261 aui
2216 2208 2372 2262 etiam
2399 2206 2693 2277 interpellat
2719 2224 2814 2277 pro
2836 2208 2983 2263 nobis
3021 2207 3040 2277 (
3067 2207 3343 2275 Rom.vnt,
3376 2210 3491 2280 54).

1980 2296 2072 2350 25.
2118 2294 2313 2364 (Gneo.
2358 2294 2453 2349 lib.
2493 2311 2607 2349 χχιι
2653 2294 2883 2361 Moral.,
2930 2312 2984 2350 ιι.
3029 2295 3164 2367 42.)
3213 2297 3500 2365 Unigenito

1907 2385 2051 2439 enim
2087 2385 2225 2441 Filio
2250 2400 2350 2455 pro
2379 2386 2598 2442 homine
2632 2386 2981 2458 interpellare
3008 2400 3092 2444 est
3112 2389 3253 2460 apud
3277 2400 3477 2446 coaeter

1907 2490 2034 2530 num
2076 2475 2294 2532 Patrem
2332 2477 2568 2547 seipsum
2597 2478 2873 2533 hominem
2896 2479 3305 2547 demonstrare,
3337 2482 3500 2553 eique

1905 2574 2007 2635 pro
2029 2567 2265 2621 humana
2290 2577 2483 2622 natura
2513 2582 2762 2638 rogasse,
2790 2576 2872 2624 est
2892 2572 3140 2626 eamdem
3162 2580 3410 2642 naturam
3441 2575 3498 2629 in

1906 2656 2210 2711 divinitatis
2266 2672 2376 2711 sua:
2434 2657 2755 2715 celsitudine
2814 2662 3141 2730 suscepisse.
3186 2663 3500 2734 lnterpellat

1907 2745 2070 2817 igitur
2090 2762 2192 2817 pro
2217 2747 2375 2802 nobis
2402 2747 2661 2804 Dominus
2688 2764 2796 2804 non
2821 2764 2976 2814 voce,
2998 2751 3096 2805 sed
3124 2750 3496 2818 miseratione,

1907 2839 2034 2907 quia
2075 2839 2219 2907 quod
2259 2838 2506 2893 damnari
2558 2839 2613 2893 in
2669 2840 2856 2896 electis
2907 2837 3110 2907 noluit,
3152 2841 3498 2913 suscipiendo

1905 2928 2143 2984 servavit
2167 2945 2180 2982 :
2211 2928 2303 2998 qui
2333 2929 2589 3000 quoniam
2618 2931 2722 2986 hoc
2755 2931 2898 3001 quod
2923 2932 3205 2988 moriendo
3235 2933 3295 2993 in
3321 2934 3499 3005 sepul-

1906 3034 2001 3075 cro
2024 3020 2236 3091 posuit,
2261 3021 2591 3091 resurgendo
2620 3036 2785 3092 super
2804 3021 3024 3092 angelos
3054 3022 3317 3091 elevavit;
3353 3032 3499 3080 recte

1909 3112 2165 3169 sacerdos
2210 3113 2457 3183 adjungit
2497 3121 2553 3168 et
2589 3113 2756 3168 dicit:

1832 3166 1878 3228 Ο
1916 3166 1928 3168 ἡ
2248 3166 2409 3275 gite»:
2448 3166 2777 3271 majestatem
2825 3214 2975 3258 tuam
3029 3203 3253 3259 laudant
3302 3208 3498 3279 angeli.

1908 3292 2034 3349 [hec
2068 3302 2152 3349 est
2188 3294 2334 3349 enim
2368 3291 2655 3349 ineﬁ‘abilis
2679 3293 2846 3365 gloria
2876 3293 3179 3352 Salvatoris
3207 3304 3263 3353 et
3292 3299 3500 3354 media-

1909 3385 2040 3440 toris
2089 3384 2296 3451 nostri,
2355 3385 2481 3456 qui,
2531 3393 2593 3439 ut
2631 3384 2924 3456 Apostolus
2967 3385 3086 3451 ait,
3136 3386 3500 3456 purgationem

1904 3484 2239 3547 peccatorum
2272 3475 2508 3545 faciens,
2554 3476 2696 3531 sedet
2731 3475 2802 3530 ad
2826 3476 3094 3531 dexteram
3121 3477 3414 3546 majestatis
3442 3478 3499 3532 in

1906 3564 2156 3630 excelsis,
2187 3574 2332 3620 tanta
2369 3566 2555 3621 melior
2596 3565 2795 3637 angelis
2826 3568 3041 3637 effectus
3067 3606 3084 3632 ,
3121 3576 3316 3635 quanto
3346 3567 3501 3638 diffe-

1906 3655 2104 3710 rentius
2125 3670 2236 3725 pra:
2255 3654 2363 3709 illis
2386 3672 2573 3711 nomen
2592 3655 2918 3711 hazreditavit
2943 3654 3112 3727 (Πρὸ.
3145 3672 3185 3721 ι,
3215 3655 3304 3728 5).
3332 3655 3500 3727 Cujus

1905 3744 2140 3799 nominis
2189 3744 2528 3807 altitudinem
2577 3743 2701 3798 alibi
2748 3759 3024 3814 exponens
3063 3745 3235 3799 dicit:
3276 3745 3500 3815 Propter

1904 3836 2043 3905 quod
2071 3845 2117 3889 et
2150 3837 2292 3889 Deus
2318 3835 2468 3888 illum
2509 3836 2789 3901 exultavit,
2834 3844 2884 3890 et
2927 3836 3139 3890 donavit
3192 3837 3274 3891 illi
3308 3854 3497 3892 nomen

1902 3926 2041 3997 quod
2067 3934 2142 3979 est
2172 3941 2329 3996 super
2354 3941 2505 3979 omne
2535 3941 2738 3990 nomen,
2763 3934 2819 3979 ut
2846 3924 2903 3978 in
2931 3926 3139 3980 nomine
3178 3926 3306 3981 Jesu
3345 3941 3499 3982 omne

1903 4031 2037 4085 genu
2058 4016 2324 4085 ﬂectatur,
2353 4014 2636 4070 cmlestium
2655 4056 2669 4081 ,
2696 4016 3021 4070 terrestrium
3041 4055 3056 4081 ,
3085 4025 3133 4070 et
3164 4014 3493 4085 inferuorum
3538 4028 3548 4038 '

1904 4106 2081 4180 (Phil.
2126 4123 2200 4172 ιι,
2238 4106 2341 4177 9),
2376 4117 2646 4177 quatenus
2693 4123 2793 4178 per
2838 4108 3093 4163 eumdem
3143 4109 3498 4164 mediatorem

1903 4197 2307 4264 laudet,adoret
2335 4206 2390 4252 et
2412 4198 2797 4254 contremiscat
2821 4197 3162 4268 maiestatem
3191 4199 3285 4254 Dei
3311 4198 3497 4255 Patris

1906 4303 2012 4344 non
2054 4288 2230 4344 solum
2276 4287 2517 4343 Ecclesia
2560 4288 2840 4343 hominum
2878 4289 2934 4343 in
2974 4290 3170 4356 terris,
3205 4290 3300 4345 sed
3332 4290 3497 4345 etiam

1904 4377 2147 4434 Ecclesia
2172 4378 2489 4449 angelorum
2527 4378 2582 4433 in
2609 4379 2784 4435 cadis.

1974 4470 2062 4526 25.
2092 4468 2259 4541 (Avo.
2282 4510 2296 4535 ,
2323 4485 2479 4523 serm.
2511 4484 2707 4535 cccxc,
2739 4486 2797 4525 ιι.
2829 4470 2943 4542 ll.)
2979 4470 3071 4526 Sic
3092 4469 3234 4525 enim
3255 4467 3497 4522 Ecclesia

1908 4569 2020 4618 tota
2049 4570 2103 4617 et
2126 4576 2235 4616 una
2273 4561 2588 4631 accipienda
2614 4569 2729 4625 est,
2777 4577 2883 4617 non
2914 4563 3087 4618 solum
3126 4576 3192 4615 ex
3236 4576 3300 4614 ea
3341 4568 3496 4629 parte

1907 4669 2014 4724 qua
2050 4653 2431 4725 peregrinatur
2458 4653 2513 4707 in
2544 4655 2707 4709 terris
2734 4669 2765 4708 a
2804 4653 2935 4709 solis
2961 4660 3085 4708 ortu
3110 4665 3282 4721 usque
3311 4651 3377 4705 ad
3403 4665 3495 4705 oc-

1905 4761 2092 4803 casum
2120 4744 2347 4801 laudans
2375 4760 2573 4801 nomen
2603 4745 2850 4810 Domini,
2893 4753 2949 4799 et
2974 4751 3093 4812 post
3122 4741 3493 4811 captivitatem

1904 4834 2188 4892 vetustatis
2212 4842 2441 4890 cantans
2476 4834 2747 4890 canticum
2770 4847 2996 4898 novum;
3023 4847 3208 4887 verum
3241 4832 3405 4888 etiam
3426 4848 3493 4887 ex

1905 4927 1996 4984 illa
2027 4942 2147 4998 quae
2167 4927 2222 4981 in
2255 4927 2410 4983 caelis
2441 4941 2657 4997 semper
2682 4940 2750 4980 ex
2774 4938 2881 4993 quo
2908 4923 3127 4979 condita
3155 4931 3241 4979 est
3267 4923 3492 4980 cohzesit

1904 5017 2040 5085 Deo,
2069 5032 2171 5073 nec
2200 5016 2365 5071 ullum
2393 5016 2593 5072 malum
2616 5015 2699 5070 sui
2720 5028 2879 5070 casus
2900 5021 3122 5085 experta
3141 5023 3245 5070 est.
3278 5014 3404 5070 Haec
3436 5015 3491 5070 in

1906 5110 2109 5167 sanctis
2137 5109 2343 5182 angelis
2373 5109 2530 5165 beata
2563 5105 2825 5177 persistit,
2850 5114 2908 5161 et
2938 5121 3052 5162 sua:
3082 5106 3222 5178 parti
3247 5107 3490 5178 peregri-

1906 5203 2056 5257 nanti
2088 5201 2228 5257 sicut
2254 5206 2471 5276 oportet
2497 5196 2813 5267 opitulatur,
2844 5196 2971 5269 quia
2992 5205 3220 5267 utraque
3251 5211 3357 5251 una
3387 5195 3494 5250 erit

1907 5294 2183 5351 consortio
2212 5290 2550 5354 aeternitatis,
2566 5296 2621 5345 ct
2648 5305 2790 5346 nunc
2815 5304 2944 5345 vera
2965 5297 3049 5345 est
3073 5288 3289 5346 vinculo
3317 5287 3493 5344 chari-

1910 5385 2055 5440 tatis.
2091 5383 2215 5439 Haec
2238 5396 2369 5451 ergo
2397 5395 2518 5450 qua:
2546 5380 2923 5451 peregrinatur
2950 5379 3004 5435 in
3028 5380 3208 5446 terris,
3230 5378 3494 5449 sanguine

1907 5472 2219 5529 Mediatoris
2264 5469 2471 5525 nullum
2512 5471 2764 5527 habentis
2812 5478 3112 5541 peccatum,
3137 5469 3205 5524 ab
3234 5468 3378 5523 omni
3406 5474 3491 5523 est

1908 5571 2131 5636 peccato
2152 5560 2522 5630 redempta,...
2546 5559 2664 5629 ejus
2689 5576 2796 5616 non
2815 5568 2919 5616 est.
2955 5558 3018 5615 Si
3040 5558 3182 5613 Deus
3204 5575 3299 5629 pro
3322 5557 3488 5621 nobis,

1909 5655 2021 5723 quis
2051 5660 2231 5706 contra
2255 5651 2391 5705 nos?
2421 5652 2514 5723 qui
2546 5650 2688 5705 Filio
2728 5651 2939 5722 proprio
2987 5666 3088 5704 non
3127 5650 3371 5719 pepercit,
3399 5647 3491 5700 sed

1911 5758 2003 5811 pro
2038 5739 2183 5795 nobis
2206 5741 2446 5796 omnibus
2468 5739 2686 5796 tradidit
2714 5737 2862 5794 illum
2890 5737 3062 5809 (Rom.
3091 5754 3212 5805 vm,
3237 5737 3347 5809 δε).
3376 5736 3491 5792 Non
