4050 6302
556 370 630 430 35
1654 353 1859 423 FLOR!
1892 364 2168 422 DlACONl
2205 363 2690 423 LUGDUNENSIS
3731 375 3804 435 36

556 480 717 537 enim‘
744 493 844 549 pro
887 476 1091 548 angelis
1134 483 1376 531 mortuus
1401 482 1485 531 est
1529 474 1811 539 Christus;
1856 474 1950 529 sed
1999 472 2122 528 ideo
2148 478 2201 538 Λ
2226 454 2471 539 laudant,
2498 473 2637 528 sicut
2663 473 2730 529 ad
2759 487 2854 532 eos
2882 475 3201 548 gratulando
3223 477 3423 536 dicitur
3465 481 3520 537 in
3544 483 3761 555 psalmo
3784 502 3805 544 :

557 570 718 625 etiam
746 582 843 638 pro
875 566 1077 637 angelis
1107 566 1167 619 lit
1193 566 1307 636 ipsa
1345 565 1642 634 redemptio
1662 564 1963 628 hominum,
1986 578 2124 633 quo—

557 661 701 716 niam
747 673 870 713 cum
906 658 1020 727 ipso
1048 657 1283 712 redimus
1309 655 1360 709 in
1388 655 1617 725 gratiam
1653 661 1776 723 post
1817 652 2127 710 inimicitias

558 762 692 818 quas
734 747 877 801 inter
905 746 1153 800 homines
1179 752 1234 798 et
1277 751 1492 797 sanctos
1530 742 1751 812 angelos
1774 750 1991 811 peccata
2043 741 2125 797 l'e-

557 849 766 901 cerunt,
789 846 843 889 et
863 851 930 890 ex
957 836 1070 906 ipsa
1095 834 1368 889 hominum
1391 833 1774 902 redemptione,
1796 833 1965 887 ruina:
1986 831 2127 886 illius

558 928 809 999 angelicae
853 927 1046 983 damna
1088 932 1426 994 reparantur.
1454 924 1679 994 Propter
1711 924 1815 978 hoc
1859 923 1934 977 ait
1979 923 2125 993 Apo-

557 1019 749 1083 stolns,
770 1015 1057 1070 instaurari
1072 1015 1247 1069 omnia
1274 1015 1328 1068 in
1350 1012 1575 1078 Christo,
1607 1031 1725 1084 qua:
1751 1014 1805 1067 in
1835 1013 1974 1067 caelis
2002 1020 2125 1067 sunt

557 1117 606 1162 et
641 1123 755 1178 qua:
779 1107 834 1160 in
861 1106 1013 1159 terris
1058 1102 1217 1175 (Eph.
1246 1121 1285 1170 ι,
1317 1106 1425 1175 10).
1464 1105 1519 1158 ln
1570 1104 1685 1174 ipso
1729 1103 2122 1171 instaurantur,

558 1198 754 1268 quippe
780 1211 898 1265 qua:
929 1196 980 1249 in
1007 1195 1159 1250 coelis
1186 1205 1332 1259 sunt,
1362 1210 1485 1250 cum
1521 1194 1572 1249 id
1606 1195 1747 1263 quod
1789 1193 1912 1247 inde
1941 1193 1995 1248 in
2027 1208 2127 1246 an-

558 1286 689 1361 gelis
728 1285 936 1353 lapsum
965 1292 1067 1347 est,
1096 1284 1402 1338 hominibus
1446 1283 1708 1337 redditur.
1757 1282 2127 1336 lnstaurantur

557 1381 735 1427 autem
778 1386 897 1439 qum
944 1371 999 1425 in
1045 1373 1202 1425 terris
1241 1380 1385 1435 sunt,
1416 1386 1538 1426 cum
1587 1372 1688 1441 ipsi
1736 1371 1983 1425 homines
2035 1371 2126 1438 qui

554 1459 919 1531 praedestinati
950 1469 1075 1514 sunt
1102 1460 1155 1513 in
1185 1468 1441 1515 aaternam
1477 1460 1664 1525 vitam,
1695 1476 1726 1513 a
1768 1461 2127 1529 corruptionis

556 1558 822 1604 vetustate
849 1557 1197 1614 renovantur,
1228 1564 1291 1603 ac
1322 1549 1400 1603 sic
1432 1563 1528 1618 per
1568 1548 1697 1602 illud
1722 1549 1996 1618 singulare
2035 1563 2125 1603 sa—

556 1637 839 1702 criﬁcium,
870 1638 923 1691 in
967 1653 1075 1708 quo
1121 1638 1384 1692 mediator
1427 1646 1511 1692 est
1561 1638 1905 1701 immolatus,
1934 1639 2127 1707 pacili-

557 1736 747 1782 cantur
788 1727 1028 1782 coelestia
1057 1743 1177 1781 cum
1211 1728 1575 1792 terrestribus,
1609 1737 1664 1784 et
1689 1729 1970 1784 terrestria
2002 1743 2125 1785 cum

557 1819 883 1881 cmlcstibus,
910 1819 1162 1887 quoniam
1198 1820 1338 1872 sicut
1381 1819 1666 1888 Apostolus
1696 1820 1825 1874 dicit
1857 1835 1874 1873 :
1916 1819 1982 1873 In
2016 1822 2129 1890 ipso

557 1907 865 1979 complacuit
892 1922 1093 1961 omnem
1133 1906 1503 1976 plenitudinem
1534 1908 1789 1973 habitare,
1816 1918 1863 1962 et
1889 1925 1982 1979 per
2012 1925 2130 1963 eum

558 2001 883 2056 reconciliari
903 2002 1077 2054 omnia
1106 2001 1159 2054 in
1184 2002 1371 2070 ipsum,
1400 2001 1685 2070 paciﬁcans
1711 2018 1803 2071 per
1823 2001 2129 2071 sanguinem

558 2093 726 2148 crucis
759 2090 873 2161 ejus
894 2093 999 2145 sive
1026 2107 1142 2161 quae
1172 2091 1226 2145 in
1261 2091 1413 2144 terris
1442 2098 1583 2153 siml,
1610 2089 1714 2144 sive
1738 2106 1856 2159 qua:
1891 2090 1947 2144 in
1990 2089 2130 2144 ctelis

559 2183 697 2255 (Col.
734 2198 772 2244 ι.
798 2183 911 2251 22).
939 2182 1014 2238 De
1040 2183 1156 2251 ipso
1186 2196 1416 2251 namque
1437 2189 1493 2236 et
1516 2180 1645 2235 alibi
1673 2179 1814 2236 idem
1838 2180 2131 2251 Apostolus

558 2274 662 2330 ait:
681 2273 744 2327 Ει
771 2274 878 2343 ipse
905 2281 977 2327 est
1006 2283 1159 2342 caput
1178 2273 1411 2343 corporis
1441 2271 1688 2326 Ecclesia:
1709 2270 1998 2340 (Ib.,vers.
2020 2272 2126 2341 18).

558 2365 628 2419 Ει
654 2364 848 2418 iterum
880 2379 895 2417 :
925 2360 994 2416 Et
1015 2362 1134 2416 estis
1162 2362 1217 2414 in
1238 2361 1330 2415 illo
1355 2360 1554 2431 repleti,
1578 2361 1668 2431 qui
1688 2371 1759 2414 est
1780 2370 1934 2429 caput
1962 2359 2128 2415 omnis

554 2452 876 2522 principatus
915 2460 964 2505 et
1005 2450 1270 2519 potestatis
1315 2447 1461 2520 (Col.
1511 2465 1573 2514 ιι,
1606 2449 1726 2521 10).
1764 2449 1962 2505 Omnes
2002 2463 2130 2520 ergo

555 2540 649 2610 qui
683 2541 751 2595 ab
799 2540 954 2595 initio
998 2538 1178 2594 saeculi
1217 2536 1435 2607 fuerunt
1462 2539 1618 2609 justi,
1657 2546 1821 2608 caput
1851 2538 2129 2595 Christum

562 2630 785 2686 habent.
845 2630 999 2685 illum
1045 2630 1190 2684 enim
1252 2637 1538 2684 venturum
1590 2642 1712 2684 esse
1764 2628 2128 2694 crediderunt,

558 2732 717 2788 quem
750 2733 849 2774 nos
889 2718 1101 2773 venisse
1135 2715 1246 2786 iam
1292 2718 1580 2782 credimus,
1611 2725 1666 2772 et
1707 2717 1761 2771 in
1790 2716 1907 2785 eius
1948 2717 2051 2773 lide
2076 2726 2132 2775 et

557 2807 660 2878 ipsi
682 2808 856 2862 sanati
884 2814 1040 2871 sunt,
1072 2807 1126 2862 in
1165 2805 1316 2874 cujus
1344 2814 1399 2862 et
1424 2821 1541 2870 nos,
1568 2816 1629 2860 ut
1654 2813 1800 2861 esset
1824 2805 1938 2876 ipse
1965 2806 2131 2863 totius

559 2907 721 2967 caput
781 2897 1018 2955 civitatis
1085 2896 1383 2973 Jerusalem
1431 2896 1679 2951 omnibus
1728 2897 2131 2973 connumeratis

561 2989 806 3044 ﬁdelibus
849 2987 917 3045 ab
960 2987 1116 3043 initio
1145 3001 1315 3056 usque
1344 2986 1400 3040 in
1447 2986 1629 3053 linem,
1656 2987 1921 3055 adiunctis
1965 2989 2131 3044 etiam

560 3078 860 3150 legionibus
899 3086 954 3133 et
983 3077 1309 3135 exercitibus
1341 3077 1672 3146 angelorum,
1700 3085 1761 3132 ut
1785 3078 1880 3133 liat
1905 3093 2011 3132 una
2054 3079 2129 3134 ci-

2225 563 2462 618 Laudate
2490 564 2771 621 Dominum
2813 574 2879 622 de
2899 567 3061 634 caelis,
3088 567 3304 624 laudate
3328 587 3447 625 eum
3468 573 3525 627 in
3557 575 3803 632 excelsis.

2224 652 2461 708 Laudato
2480 670 2619 720 eum,
2647 670 2825 712 omnes
2858 657 3033 728 angeli
3057 658 3195 729 ejus,
3213 659 3426 717 laudate
3450 679 3569 718 eum
3591 666 3808 722 virtutes

2223 743 2337 812 ejus
2362 743 2532 815 (Psal.
2556 760 2779 813 cxnvui,
2809 748 2882 819 1).
2911 748 2988 804 De
3009 749 3203 819 quibus
3221 758 3278 805 et
3296 752 3439 808 Deus
3459 753 3514 807 in
3536 754 3676 810 libro
3700 755 3808 814 Job

2224 834 2463 904 loquitur
2485 835 2670 892 dicens
2705 855 2719 891 :
2750 837 2974 903 Quando
3000 838 3141 908 facta
3173 842 3293 895 sunt
3323 842 3496 896 sidera
3515 882 3530 907 ,
3554 842 3811 900 laudaue-

2225 934 2346 978 runt
2362 941 2441 978 me
2455 941 2630 979 omnes
2646 926 2817 995 angeli
2836 926 2938 981 mei
2959 943 3082 981 uoce
3111 937 3303 998 magna
3325 928 3447 998 (Job
3475 944 3707 1000 xxxvm,
3723 934 3807 1006 7).

2224 1014 2464 1069 Adorant
2509 1026 2723 1085 quoque
2749 1017 2997 1072 eamdem
3037 1017 3276 1073 divinam
3318 1017 3689 1089 maiestatem,
3729 1025 3811 1081 si-

2225 1112 2317 1158 cut
2364 1104 2420 1159 in
2465 1106 2663 1175 hymno
2710 1107 3064 1163 confessionis
3102 1107 3287 1163 Esdrze
3322 1110 3391 1164 ad
3421 1110 3594 1180 ipsum
3631 1112 3804 1170 Deum

2225 1194 2423 1249 dicitur
2454 1212 2467 1250 :
2504 1195 2581 1249 Tu
2618 1197 2756 1265 ipse,
2784 1196 3006 1252 Domine
3051 1197 3221 1264 Deus,
3263 1199 3353 1268 qui
3383 1198 3551 1267 fecisti
3593 1201 3805 1268 caelum,

2226 1284 2409 1338 caelum
2443 1285 2555 1339 cojli
2577 1295 2625 1339 et
2655 1287 2894 1341 universa
2921 1303 3037 1357 qute
3065 1288 3121 1341 in
3157 1303 3217 1341 eo
3256 1297 3400 1352 sunt,
3423 1297 3472 1343 et
3495 1297 3550 1342 tu
3573 1291 3808 1359 uiuiﬁcus

2226 1373 2403 1425 omnia
2423 1372 2552 1438 hinc,
2576 1382 2621 1427 et
2638 1375 2893 1428 exercitus
2914 1374 3028 1428 cali
3051 1383 3098 1429 te
3120 1375 3341 1430 adorant
3365 1375 3453 1445 (II
3474 1376 3605 1432 Esdz
3629 1393 3708 1443 Ix,
3724 1379 3803 1449 6).

2227 1462 2486 1518 Tremunt
2511 1465 2674 1519 etiam
2705 1464 2844 1521 sicut
2869 1480 2969 1535 per
3004 1465 3230 1537 ﬁguram
3258 1468 3323 1522 de
3348 1467 3430 1523 eis
3459 1468 3513 1523 in
3542 1468 3680 1525 libro
3701 1450 3809 1525 Job

2227 1553 2425 1607 dicitur
2453 1572 2466 1607 :
2493 1553 2762 1610 Columna:
2793 1556 2905 1618 coeli
2946 1557 3370 1623 contremiscunt,
3401 1567 3449 1612 et
3498 1569 3685 1628 pavent
3731 1560 3807 1614 ad

2228 1653 2411 1698 nutum
2436 1645 2551 1715 ejus
2590 1645 2712 1716 (Job
2743 1663 2890 1712 xxvn,
2918 1646 3027 1717 10).
3052 1635 3059 1648 “

2297 1733 2384 1789 27.
2426 1731 2544 1805 (in.,
2586 1730 2677 1789 lib.
2729 1751 2840 1790 xvii
2882 1735 3044 1801 Μον..
3080 1753 3134 1791 η.
3188 1734 3302 1809 tu.)
3333 1738 3468 1804 Quia
3514 1739 3630 1809 ipse
3672 1756 3811 1810 quo-

2161 1806 2206 1866 B
2231 1834 2335 1897 que
2362 1826 2589 1883 virtutes
2633 1827 2934 1885 caelestium
2975 1844 3095 1899 qua:
3138 1829 3305 1884 Deum
3337 1831 3456 1885 sine
3501 1832 3812 1888 cessatione

2230 1914 2587 1983 conspiciunt,
2612 1915 2666 1970 in
2709 1917 2823 1986 ipsa
2861 1932 2956 1972 sua
3007 1918 3461 1989 contemplatione
3505 1922 3809 1977 contremi-

2230 2011 2406 2059 scunt.
2439 2003 2547 2059 Sed
2570 2004 2759 2059 iisdem
2794 2006 2956 2061 timor
2975 2021 3044 2060 ne
3070 2008 3149 2063 eis
3188 2007 3418 2077 pinnatis
3456 2009 3553 2079 (sit,
3582 2025 3690 2065 non
3739 2010 3814 2065 ti-

2229 2094 2395 2150 moris
2411 2103 2513 2161 est,
2529 2096 2623 2149 sed
2649 2096 3037 2152 admirationis.
3067 2097 3200 2154 Cum
3224 2100 3390 2169 igitur
3410 2100 3466 2156 in
3488 2102 3806 2157 ctelestibus

2229 2193 2377 2240 tanta
2401 2186 2472 2241 sit
2500 2185 2711 2240 devdtio
2737 2185 3087 2253 laudantium,
3124 2190 3401 2245 veneratio
3425 2191 3794 2257 adorantium,

2230 2284 2433 2331 tremor
2487 2275 2909 2342 admirantium,
2955 2278 3264 2334 consideret
3311 2280 3426 2335 huic
3476 2281 3658 2348 homo,
3710 2284 3805 2337 cui

2228 2365 2430 2420 dictum
2469 2374 2553 2420 est
2584 2384 2597 2418 :
2630 2365 2772 2431 Quid
2794 2367 3023 2436 superbit
3065 2362 3204 2422 terra
3233 2369 3335 2423 tet
3360 2370 3543 2426 audiat
3569 2372 3806 2440 Aposto-

2227 2454 2339 2511 lum
2365 2464 2669 2512 monentem
2701 2473 2715 2510 Ξ
2757 2456 2888 2512 Cum
2920 2468 3059 2511 metu
3101 2468 3150 2512 et
3173 2459 3357 2513 timore
3398 2470 3446 2515 et
3470 2470 3690 2516 tremore
3725 2479 3807 2517 ve-

2228 2553 2391 2600 stram
2418 2546 2649 2616 ipsorum
2684 2546 2905 2601 salutem
2947 2546 3232 2617 operamini
3261 2547 3427 2620 (Phil.
3460 2564 3521 2612 ll.
3554 2550 3663 2623 12).
3697 2553 3801 2607 Se-

2228 2634 2415 2704 quitur
2441 2635 2694 2689 sacerdos
2723 2634 2777 2688 in
2808 2636 2905 2690 Dei
2935 2635 3201 2703 laudibus,
3231 2645 3286 2692 et
3314 2637 3444 2693 dicit
3477 2656 3491 2693 :

2297 2724 2388 2780 28.
2429 2723 2555 2779 Caeli
2583 2725 2926 2796 ctelorumqne
2964 2728 3178 2783 virtutes
3228 2731 3290 2783 ac
3317 2724 3467 2784 beata
3521 2730 3800 2802 Seraphin:

2230 2813 2372 2867 socia
2398 2812 2748 2867 exsultatione
2773 2813 3152 2872 concelebrant.
3181 2815 3510 2872 Subauditur
3529 2820 3631 2875 hoc
3657 2822 3803 2890 quod

2223 2903 2335 2975 iam
2363 2904 2727 2972 supradictum
2766 2913 2870 2972 est,
2898 2907 3222 2976 majestatem
3269 2918 3434 2964 tuam.
3468 2910 3618 2968 lianc
3646 2928 3801 2967 nam-

2229 3007 2333 3063 que
2380 3008 2484 3048 non
2514 2993 2706 3060 solum,
2734 3004 2795 3048 ut
2833 2996 3167 3065 praemissum
3198 3006 3302 3063 est,
3328 3000 3518 3069 angeli.
3554 3002 3799 3057 domina-

2232 3080 2427 3144 tiones,
2476 3089 2529 3136 et
2565 3088 2860 3150 potestates
2913 3081 3172 3147 laudant,
3221 3085 3466 3153 adorant,
3511 3095 3799 3157 tremunt;

558 3140 700 3225 viias
726 3170 833 3229 sub,
870 3183 977 3225 uno
1004 3184 1147 3238 rege,
1178 3175 1233 3227 et
1259 3183 1364 3223 una
1412 3168 1657 3237 quaedam
1702 3169 1983 3239 provincia
2031 3171 2131 3227 sub
2159 3140 2203 3203 δ
2233 3169 2328 3226 sed
2370 3169 2533 3224 etiam
2565 3140 2716 3235 caeli,
2744 3178 2799 3223 et
2837 3169 3098 3226 ccelorum
3135 3173 3383 3240 virtutes,
3413 3140 3467 3231 ei
3518 3140 3802 3247 Seraphin;

560 3274 669 3315 uno
713 3259 1058 3328 imperatore,
1086 3258 1213 3313 felix
1260 3258 1314 3312 in
1365 3266 1623 3328 perpetua
1653 3273 1784 3328 pace
1826 3274 1891 3314 ac
1923 3257 2128 3326 salute,

562 3349 788 3404 laudans
818 3347 1102 3402 Dominum
1132 3347 1250 3401 sine
1274 3346 1379 3403 line
1410 3347 1569 3402 beato
1595 3347 1719 3402 ﬁne.
1748 3347 1977 3403 Istorum
2000 3364 2131 3405 vero

563 3439 735 3494 trium
761 3437 1012 3493 ordinum
1043 3435 1352 3506 spirituum,
1379 3437 1433 3491 id
1471 3444 1556 3492 est
1601 3437 1936 3507 angelorum,
1959 3439 2132 3494 domi-

563 3529 862 3592 nationum,
892 3534 1239 3596 potestatum,
1262 3527 1353 3595 qui
1378 3525 1614 3580 divinam
1645 3526 1981 3596 maiestatem
2019 3526 2135 3579 lau-

565 3619 719 3683 dare,
753 3618 1001 3687 adorare,
1032 3624 1087 3671 et
1130 3623 1363 3670 tremere
1407 3615 1675 3682 dicuntur,
1710 3615 1830 3671 talis
1857 3626 1941 3671 est
1986 3613 2129 3670 ditle-

569 3706 765 3762 rentia.
1850 3766 1853 3771 _

631 3795 723 3850 26.
757 3793 973 3865 (Gnsc.,
1002 3793 1143 3847 hom.
1167 3792 1236 3848 54
1263 3792 1318 3846 in
1347 3792 1568 3864 Evang.,
1593 3809 1645 3848 n.
1672 3793 1706 3849 8
1729 3801 1785 3849 et
1817 3793 1955 3864 seq.)
1984 3792 2139 3861 Quod

561 3882 757 3953 angeli,
785 3882 876 3951 qui
902 3881 1092 3936 Latine
1124 3882 1293 3935 nuntii
1321 3881 1766 3951 interpretantur,
1794 3897 1861 3936 cx
1891 3883 2005 3952 ipso
2044 3897 2140 3938 no-

563 3974 713 4029 mine
735 3970 965 4028 cilicium
1005 3984 1160 4025 suum
1189 3970 1344 4025 nobis
1392 3971 1649 4034 iudicant,
1673 3971 1798 4038 quia
1834 3971 2080 4025 videlicet
2107 3986 2140 4025 a

564 4063 677 4118 Deo
718 4061 908 4127 missi,
950 4060 1280 4115 voluntatem
1333 4062 1449 4130 eius
1495 4059 1804 4114 hominibus
1868 4062 2138 4128 nuntiant,

566 4151 967 4221 sicutlegimus
992 4150 1046 4205 in
1084 4150 1266 4206 Veteri
1296 4150 1641 4205 Testamento
1689 4149 1880 4205 missos
1925 4151 2142 4221 angelos

568 4246 637 4301 ad
680 4243 952 4299 Abraham
977 4282 993 4307 ,
1023 4242 1091 4297 ad
1134 4241 1297 4313 Loth,
1330 4242 1395 4296 ad
1451 4240 1636 4305 Jacob,
1669 4240 1736 4294 ad
1782 4239 2023 4313 Moysen,
2074 4241 2143 4297 ad

568 4333 837 4398 Josue,ad
866 4332 1051 4387 Daniel
1091 4340 1147 4385 et
1178 4331 1421 4395 Tobiam,
1450 4340 1504 4385 et
1530 4331 1583 4385 in
1633 4328 1781 4385 Novo
1812 4329 2142 4400 frequenter,

568 4425 709 4479 unde
736 4432 792 4478 et
816 4438 911 4492 per
945 4421 1289 4476 Psalmistam
1326 4419 1523 4476 dicitur
1550 4438 1563 4475 :
1595 4419 1890 4476 Benedicite
1918 4422 2141 4477 Domino

571 4511 741 4583 angeli
767 4512 904 4582 ejus,
926 4520 1154 4581 potentes
1176 4511 1380 4574 rirtute,
1395 4510 1640 4579 facientes
1662 4510 1871 4567 verbum
1893 4511 2055 4579 illius,
2070 4513 2140 4567 ad

568 4600 886 4654 audiendum
927 4615 1101 4655 rocem
1120 4598 1377 4667 sermonis
1407 4599 1521 4668 ejus
1553 4598 1725 4671 (Psal.
1761 4616 1854 4666 cu,
1900 4601 2016 4673 29).
2077 4602 2143 4656 ιιι

570 4688 764 4744 iterum
794 4708 807 4743 :
840 4688 941 4755 Qui
963 4688 1091 4758 facit
1114 4686 1324 4758 angelos
1355 4704 1475 4742 suos
1491 4690 1705 4758 spiritus
1725 4688 1899 4760 (Psal.
1931 4690 2139 4762 simi),

572 4794 633 4833 ac
660 4779 705 4834 si
735 4786 919 4848 aperte
960 4778 1124 4844 dicat,
1154 4777 1245 4847 qui
1284 4792 1377 4832 eos
1408 4792 1542 4846 quos
1573 4792 1788 4847 semper
1828 4780 1993 4834 habet
2040 4780 2147 4849 spi-

571 4870 731 4933 ritus,
761 4869 921 4939 etiam
946 4884 1067 4924 cum
1098 4869 1325 4924 voluerit
1352 4867 1587 4940 angelos,
1619 4869 1671 4923 id
1701 4878 1785 4924 est
1818 4870 2035 4925 nuntios
2069 4868 2148 4924 l'a-

573 4956 667 5012 cit.
720 4956 1123 5013 Dominationes
1183 4966 1362 5011 autem
1426 4963 1691 5010 vocantur
1738 4965 1794 5010 et
1832 4956 2146 5026 angelorum

573 5043 810 5116 agmina,
835 5060 956 5114 qua:
983 5044 1118 5099 mira
1154 5040 1391 5114 potentia
1418 5041 1791 5115 prmemiuent,
1818 5057 1883 5096 eo
1906 5041 2047 5112 quod
2067 5043 2149 5098 eis

575 5145 770 5194 cmtera
793 5135 861 5190 ad
882 5134 1235 5190 obcdiendum
1257 5134 1495 5206 subiecta
1518 5131 1645 5187 sint.
1665 5132 1966 5187 Potestates
1985 5133 2149 5188 etiam

574 5221 836 5277 vocantur
864 5222 915 5276 h‘i
944 5222 1036 5291 qui
1065 5221 1168 5276 hoc
1192 5226 1463 5291 potentius
1495 5222 1706 5277 cmteris
1749 5221 1802 5275 in
1839 5236 1936 5277 suo
1963 5223 2151 5279 ordine

575 5317 950 5380 perceperunt,
974 5318 1033 5364 ut
1059 5325 1247 5366 eorum
1274 5310 1464 5367 ditioni
1508 5312 1735 5366 virtutes
1760 5311 2001 5368 adversm
2024 5313 2151 5369 sub-

573 5395 729 5469 iecta:
753 5401 877 5464 sint,
910 5415 1144 5468 quorum
1183 5408 1456 5470 potestate
1485 5402 1855 5468 relrcnantur,
1883 5417 1951 5457 ne
1990 5404 2151 5459 corda

579 5489 855 5545 hominum
883 5498 1090 5545 tantum
1125 5497 1333 5544 tentare
1376 5490 1722 5560 praevaleant,
1754 5501 2011 5563 quantum
2054 5507 2152 5548 vo-

580 5579 715 5633 lunt.
745 5578 807 5633 lli
835 5593 964 5649 ergo
992 5586 1100 5632 tam
1123 5580 1263 5635 beati
1276 5590 1332 5634 et
1355 5580 1610 5636 sublimes
1635 5583 1693 5637 in
1711 5582 2018 5639 coelestibus
2041 5584 2154 5653 spi-
2242 5586 2245 5589 ’

580 5667 718 5722 ritus
736 5680 830 5737 per
841 5665 1112 5722 Christum
1135 5667 1416 5724 Dominum
1442 5675 1684 5723 nostrum
1708 5670 2040 5740 maiestatem
2063 5671 2155 5726 Dei

2173 4477 2219 4536 D

2233 3258 2651 3323 concelebrant,
2679 3258 2733 3313 id
2775 3266 2859 3314 est
2906 3259 2960 3314 in
2992 3275 3276 3317 commune
3318 3264 3627 3333 celebrant,
3674 3284 3804 3323 con-

2232 3346 2380 3402 cordi
2410 3348 2694 3404 devotione
2741 3355 2795 3404 et
2820 3350 3091 3404 communi
3132 3353 3328 3419 gaudio
3373 3354 3612 3410 laudant.
3666 3356 3804 3412 Nam

2232 3435 2517 3491 celebritas
2544 3444 2627 3491 est
2647 3447 2940 3491 conventus
2963 3439 3141 3507 populi
3172 3440 3224 3492 in
3249 3440 3494 3503 laude,et
3524 3445 3798 3502 celebrata

2233 3525 2460 3580 dicimus
2486 3525 2536 3579 in
2562 3526 2780 3591 celebri,
2809 3526 2862 3581 id
2881 3536 2965 3581 est
2992 3527 3044 3581 in
3073 3528 3509 3596 frequentissimo
3533 3544 3809 3590 conventu

2235 3614 2652 3682 acta.,Celebrat
2680 3616 2860 3684 itaque
2889 3627 2943 3671 et
2973 3618 3311 3674 concelebrat
3342 3619 3679 3689 maiestatem
3712 3627 3810 3683 Dei

2234 3702 2425 3759 beatus
2471 3704 2559 3759 ille
2613 3705 2839 3775 populus
2892 3707 3240 3779 angelorum,
3275 3710 3343 3765 de
3388 3710 3542 3779 cujus
3591 3713 3811 3770 inenar-

2238 3793 2392 3848 rabili
2439 3793 2777 3850 multitudine
2832 3798 3094 3867 scriptum
3148 3806 3230 3853 est
3281 3813 3297 3852 :
3347 3798 3520 3854 Millia
3580 3802 3809 3859 millium

2239 3876 2600 3940 ministrabant
2644 3886 2715 3952 ei,
2753 3896 2801 3941 et
2831 3886 3000 3942 decies
3037 3898 3250 3943 centena
3284 3889 3450 3943 millia
3500 3891 3811 3948 assistebant

2238 3975 2288 4028 ei
2317 3975 2478 4043 (Dan.
2509 3989 2606 4040 vu,
2636 3976 2746 4045 10),
2775 3978 2900 4045 quia
2930 3976 3080 4031 adest
3108 3977 3214 4031 illis
3239 3990 3452 4046 semper
3472 3979 3653 4034 vultus
3677 3996 3815 4050 pra:-

2241 4074 2368 4116 sens
2390 4061 2731 4126 Dei,dicente
2758 4062 2985 4118 Domino
3002 4064 3056 4116 in
3080 4063 3371 4133 Evangelio
3395 4079 3409 4118 :
3432 4065 3616 4136 Angeli
3630 4083 3815 4122 eorum

2242 4150 2294 4204 in
2321 4148 2460 4204 calis
2487 4167 2687 4221 semper
2724 4151 2891 4206 vident
2925 4151 3111 4220 faciem
3144 4151 3320 4207 Patris
3347 4154 3448 4208 mei
3472 4156 3563 4226 qui
3590 4156 3643 4208 in
3671 4155 3815 4210 uelis

2243 4254 2317 4295 est
2364 4236 2590 4310 (Matth.
2614 4255 2769 4306 xvnl,
2794 4239 2911 4309 10).
2930 4239 3032 4306 Qui
3061 4241 3185 4296 dum
3213 4240 3328 4296 sine
3355 4242 3571 4297 deiectu
3598 4244 3820 4314 conspi-

2245 4328 2385 4384 citur
2413 4336 2466 4383 et
2500 4336 2733 4393 amatur,
2773 4337 2985 4383 amatur
3010 4339 3066 4384 et
3099 4326 3375 4396 laudatur,
3404 4330 3695 4386 electorum
3732 4332 3819 4387 ci-

2246 4419 2393 4472 vium
2424 4433 2572 4473 mcra
2612 4418 2796 4473 lmtitia
2837 4419 3048 4489 agitur,
3075 4421 3314 4476 vicissim
3346 4424 3412 4478 de
3454 4438 3514 4478 se
3541 4438 3729 4478 omnes
3760 4424 3819 4479 in

2245 4520 2344 4561 suo
2372 4514 2640 4561 conventu
2681 4506 3041 4577 gratulantur.
3068 4508 3185 4579 Ipsa
3214 4518 3297 4565 est
3333 4511 3475 4566 enim
3499 4509 3692 4566 domus
3722 4512 3823 4569 Dei

2247 4604 2469 4661 aeterna,
2504 4595 2570 4650 de
2600 4610 2702 4664 qua
2741 4596 2793 4649 in
2823 4594 3049 4652 Psalmis
3088 4600 3339 4654 canitur:
3381 4600 3531 4656 Beati
3555 4602 3646 4673 qui
3671 4602 3827 4657 habi-

2241 4678 2361 4738 tant
2389 4685 2443 4737 in
2464 4683 2616 4737 domo
2643 4692 2762 4746 tua,
2794 4683 2848 4738 in
2883 4689 3076 4739 swcuta
3105 4684 3733 4743 stecularum'laudabunt
3772 4700 3826 4746 te

2252 4772 2436 4846 (Psal.
2471 4788 2674 4828 Lxxxm
2694 4812 2708 4837 ,
2732 4771 2820 4844 5).
2847 4772 2915 4827 Et
2958 4771 3184 4829 iterum:
3218 4773 3364 4830 Sicut
3392 4775 3681 4830 laetantium
3710 4794 3827 4832 om-

2254 4863 2397 4915 nium
2426 4861 2680 4915 habitatio
2723 4871 2797 4915 est
2823 4862 2877 4916 in
2905 4872 2953 4917 te
2981 4865 3001 4935 (
3031 4862 3171 4917 Psal.
3204 4879 3397 4918 cum
3423 4903 3438 4929 ,
3461 4864 3547 4935 Ἰ).
3585 4863 3711 4921 Ideo
3732 4866 3823 4921 hic

2248 4952 2385 5006 bene
2410 4952 2625 5016 dicitur,
2652 4951 2776 5021 quia
2804 4951 3141 5022 maiestatem
3161 4952 3257 5007 Dei
3286 4952 3454 5019 socia,
3480 4953 3534 5007 id
3561 4961 3646 5008 est
3658 4954 3823 5025 junc-

2253 5048 2305 5093 ta
2335 5038 2688 5095 exsultatione
2716 5041 3128 5107 concelebrant,
3174 5040 3459 5110 quoniam,
3500 5051 3561 5096 ut
3594 5041 3708 5111 iam
3737 5043 3825 5097 di-

2252 5136 2399 5184 ctum
2433 5136 2517 5184 est
2537 5168 2551 5193 ,
2601 5129 2718 5184 sine
2755 5130 3156 5186 intermissione
3184 5130 3463 5186 laudantes
3488 5131 3728 5186 vicissim
3756 5132 3826 5187 de

2254 5219 2368 5286 illo,
2389 5226 2443 5274 et
2468 5217 2534 5273 de
2559 5232 2617 5273 se
2647 5219 2701 5273 in
2724 5217 2812 5273 illo
2848 5219 3110 5284 laetantur,
3135 5220 3274 5275 sicut
3296 5219 3361 5275 de
3386 5220 3517 5291 ipsis
3539 5218 3827 5290 Serapbim

2257 5308 2542 5366 manifeste
2590 5310 2645 5364 in
2682 5308 2819 5363 Isaia
2861 5309 3082 5380 legitur,
3123 5311 3248 5381 quia
3292 5311 3537 5364 volabant
3584 5308 3717 5363 alter
3755 5307 3827 5362 ad

2258 5400 2512 5465 alterum,
2535 5409 2581 5454 et
2608 5399 2877 5468 dicebant,
2914 5400 3140 5456 Sanctus
3156 5441 3172 5468 ,
3202 5408 3435 5466 sanctus,
3457 5408 3692 5464 sanctus,
3714 5407 3823 5454 etc.

2260 5491 2634 5564 (lsa.v1,5).

2329 5582 2419 5637 29.
2452 5582 2631 5653 (Auc.)
2661 5580 2852 5638 Merito
2880 5583 3023 5638 enim
3062 5581 3279 5637 laudant
3301 5582 3389 5637 cui
3416 5580 3745 5646 ministrant,
3773 5587 3832 5634 et

2264 5674 2551 5738 assistunt,
2594 5680 2647 5727 ct
2677 5672 2804 5728 dam
2829 5673 3051 5741 gloriam
3080 5672 3135 5726 in
3162 5670 3391 5726 excelsis
3415 5670 3557 5737 Deo,
3593 5668 3721 5740 quia
3749 5665 3829 5722 illi
