4050 6302
265 373 340 430 37

1443 378 1530 432 DE
1571 374 2029 434 EXPOSITIONE
2071 380 2322 436 MISSAE.

3461 394 3529 451 38

265 486 467 540 debent
503 486 644 555 quod
688 493 842 551 sunt,
890 486 961 540 illi
990 485 1186 542 debent
1222 486 1363 557 quod
1397 488 1614 553 vivunt,
1644 488 1719 542 illi
1747 488 1840 542 de-
1866 493 1914 552 Α
1943 498 2179 546 sanctus.
2205 493 2331 548 Sive
2353 495 2490 552 Filio
2514 496 2787 568 etSpiritu
2813 509 3003 559 sancto
3025 505 3309 575 supplicet,
3325 508 3527 567 ibidem

265 576 398 630 bent
416 578 557 646 quod
573 576 720 645 juste
743 578 950 641 vivunt,
976 579 1048 632 illi
1076 578 1432 648 debentquod
1457 580 1615 636 beate
1631 581 1842 647 vivunt,

263 678 334 716 ne
381 672 630 732 putemus
675 666 948 721 hominem
993 667 1166 722 solum
1195 669 1466 738 pertinere
1510 671 1578 725 ad
1616 671 1844 741 gratiam

262 748 384 806 Dei.
416 752 556 820 Quid
601 767 720 810 erat
760 756 985 827 angelus
1027 765 1319 826 antequam
1367 759 1554 815 ﬁeret?
1587 763 1717 831 quid
1761 770 1844 817 est

263 844 490 914 angelus
523 846 569 900 si
602 849 818 902 deserat
851 849 944 918 qui
969 849 1210 904 creavit?
1255 848 1410 905 llunc
1443 865 1573 921 ergo
1603 853 1843 908 omnium

262 945 565 992 creatorem
589 936 812 995 laudant
838 949 892 995 et
922 941 1305 997 concelebrant
1351 941 1507 1008 caeli,
1535 943 1674 997 sicut
1718 958 1842 998 eum

261 1026 485 1080 laudant
513 1027 592 1082 sol
627 1036 682 1082 et
712 1029 836 1084 luna
855 1071 870 1096 ,
893 1031 1282 1086 omnes-stellae
1303 1040 1357 1086 et
1385 1032 1585 1088 lumen.
1614 1032 1764 1087 Unde
1789 1033 1840 1086 in

261 1114 472 1183 psalmo
490 1116 686 1172 dicitur
704 1135 716 1172 :
735 1118 971 1174 Laudate
995 1137 1113 1192 eum
1129 1123 1276 1176 solet
1299 1121 1458 1187 luna;
1487 1123 1701 1177 laudate
1723 1140 1841 1178 eum

261 1222 442 1261 omnes
461 1208 626 1262 stellae
651 1221 700 1263 et
729 1209 921 1265 lumen.
957 1211 1195 1267 Laudato
1227 1229 1342 1267 eum
1369 1213 1481 1268 caeli
1502 1214 1765 1280 enatorum,
1791 1224 1840 1270 et
1866 1287 1872 1294 ἡ

258 1311 416 1365 aqua
441 1313 616 1352 omnes
637 1316 754 1370 qua:
780 1317 934 1370 super
957 1301 1108 1356 caelos
1132 1313 1252 1357 sunt
1277 1301 1489 1358 laudent
1517 1321 1702 1360 nomen
1728 1307 1837 1360 Do-

258 1386 393 1439 mini
428 1385 612 1457 (Psal.
645 1405 842 1446 cxevm
864 1432 878 1457 ,
908 1392 999 1463 3).

332 1494 422 1548 50.
455 1497 634 1568 (Αυς.)
662 1499 719 1553 1η
749 1501 950 1570 hymno
978 1518 1192 1573 quoque
1231 1504 1393 1560 trium
1438 1522 1726 1576 puerorum
1771 1509 1838 1563 ad

256 1583 475 1640 laudem
502 1587 596 1643 Dei
627 1588 889 1645 elementa
919 1593 1100 1646 omnia
1141 1604 1518 1664 provocantur,
1565 1613 1669 1653 non
1694 1598 1837 1666 quod

253 1676 523 1732 elementa
553 1688 700 1734 muta
729 1681 964 1736 habeant
1003 1698 1221 1738 sensum
1259 1684 1544 1751 laudandi;
1584 1689 1677 1742 sed
1712 1688 1836 1756 quia

255 1776 452 1820 cuncta
486 1767 623 1822 bene
662 1769 892 1839 cogitata
934 1770 1144 1826 laudem
1187 1773 1441 1841 pariant,
1484 1783 1538 1829 et
1584 1776 1836 1844 impletur

1947 580 2062 634 sine
2093 581 2256 636 dubio
2285 592 2340 636 et
2367 583 2526 640 Pater
2556 586 2846 655 invenitur,
2874 593 3000 660 quia
3033 595 3160 650 dum
3186 596 3402 654 Patrem
3431 611 3527 657 aut

1944 669 2136 725 Filium
2165 671 2414 740 invocas,
2449 685 2613 732 totam
2644 679 2871 737 Deitatis
2900 685 3183 753 unitatem,
3216 698 3382 746 totam
3409 707 3527 748 am-

1942 762 2196 831 plecteris
2222 763 2561 821 Trinitatem.
2597 769 2653 824 Si
2675 772 2821 826 enim
2850 788 2980 831 vere
3009 786 3064 831 et
3088 778 3316 836 ﬁdeliter
3345 786 3522 839 credi-

1944 859 2062 914 tur,
2093 853 2219 921 quia
2243 853 2403 909 Pater
2440 856 2492 909 in
2520 857 2656 912 Filio
2685 870 2738 914 et
2765 862 2930 919 Filius
2957 865 3010 919 in
3034 866 3195 923 Patre
3224 879 3336 934 est,
3385 875 3524 930 sicut

1943 942 2110 998 Isaias
2148 943 2214 996 ad
2259 945 2508 1000 eumdem
2539 947 2734 1003 Filium
2764 951 3001 1022 loquitur
3033 957 3255 1015 dicens:
3289 959 3354 1013 In
3377 971 3425 1015 te
3448 973 3522 1018 est

1943 1031 2082 1086 Deus
2102 1071 2117 1097 ,
2144 1042 2194 1086 et
2225 1049 2325 1086 non
2352 1043 2426 1086 est
2461 1035 2602 1090 Deus
2627 1049 2817 1106 pra’ter
2840 1053 2889 1096 te
2914 1043 3049 1114 (Isa.
3082 1063 3202 1114 XLV,
3231 1049 3342 1121 14).
3369 1051 3434 1104 Ει
3465 1054 3518 1108 in

1942 1120 2231 1191 Evangelia
2263 1140 2275 1175 :
2310 1122 2421 1192 Ego
2441 1164 2456 1187 ,
2489 1125 2691 1193 inquit,
2720 1128 2774 1182 in
2803 1129 2963 1186 Patre
2983 1145 3032 1188 et
3063 1135 3225 1190 Pater
3255 1120 3309 1192 in
3338 1156 3420 1194 me
3449 1151 3522 1195 est

1943 1208 2131 1277 (Joan.
2157 1210 2294 1275 x,38
2316 1211 2334 1281 )
2359 1250 2373 1276 ,
2411 1213 2538 1267 nulli
2572 1216 2822 1282 dubium,
2849 1223 2990 1288 quod
3014 1224 3264 1280 similiter
3291 1238 3350 1282 ut
3372 1229 3522 1286 Patri

1939 1299 2100 1352 etiam
2128 1299 2265 1355 Filio
2286 1341 2301 1365 ,
2348 1303 2437 1372 qui
2471 1304 2524 1356 in
2566 1307 2754 1361 eodem
2783 1307 2945 1364 Patre
2985 1317 3522 1375 consubstantialiter

1942 1401 2139 1455 manet,
2173 1407 2204 1446 a
2233 1393 2386 1448 nobis
2418 1396 2741 1451 sacrilicium
2767 1397 3089 1458 immolatur.
3115 1404 3248 1460 Cum
3283 1411 3522 1468 enimita

1941 1480 1995 1534 in
2024 1497 2082 1536 se
2112 1482 2341 1537 invicem
2361 1523 2376 1549 ,
2411 1493 2472 1538 ut
2515 1488 2754 1555 separari
2784 1499 3056 1558 nequeant
3100 1504 3345 1561 manent,
3377 1502 3520 1568 quod

1940 1573 2032 1626 uni
2080 1574 2414 1640 exhibueris,
2439 1577 2682 1646 utrisque
2728 1582 3029 1638 cxhibitum
3071 1587 3250 1643 crede.
3278 1589 3520 1661 Denique
3613 1616 3616 1618 ν

1940 1661 2106 1718 Filius
2133 1666 2246 1720 ait:
2279 1667 2381 1732 Qui
2404 1685 2482 1723 me
2508 1670 2628 1724 vidit
2657 1671 2779 1724 vidit
2818 1685 2863 1726 et
2901 1672 3131 1730 Patrem.
3165 1679 3276 1749 Ego
3291 1691 3338 1734 et
3360 1681 3520 1739 Pater

1941 1768 2101 1807 unum
2131 1772 2310 1811 sumus
2342 1757 2534 1827 (Joan.
2565 1776 2677 1826 xtv,
2699 1762 2789 1831 9),
2820 1763 2899 1818 sic
2921 1766 3056 1820 visio
3076 1767 3195 1822 Filii
3232 1770 3408 1826 Patris
3435 1783 3521 1831 est

253 1871 354 1910 car
372 1856 800 1914 consideratione
826 1869 1088 1915 creaturae
1111 1861 1178 1916 ad
1207 1863 1557 1917 eructandnm
1581 1865 1833 1934 hymnum

1941 1853 2354 1922 contemplatio,
2396 1855 2571 1910 Patris
2602 1858 3010 1914 honoriﬁcentia
3054 1865 3168 1918 sive
3207 1865 3408 1936 gloria,
3442 1869 3513 1924 div

253 1946 522 2002 Creatori.
574 1948 643 2002 Et
686 1949 812 2017 quia
859 1949 1074 2021 longum
1118 1950 1221 2006 fuit
1269 1952 1322 2006 in
1380 1954 1483 2006 ista
1536 1954 1833 2022 gratiarum

251 2034 469 2089 actione
491 2043 630 2091 totos
651 2037 962 2107 angelorum
982 2039 1216 2108 ordines,
1235 2041 1324 2110 qui
1351 2040 1404 2094 in
1426 2040 1640 2110 Scripta
1650 2044 1722 2095 ris
1739 2057 1834 2096 no-

251 2138 377 2178 rem
409 2124 788 2192 inveniuntur,
820 2126 1094 2197 sigillatim
1128 2143 1365 2198 ponere;
1399 2138 1515 2200 post
1543 2131 1710 2186 caelos
1733 2146 1829 2201 po-

249 2225 459 2271 nuntur
487 2217 756 2284 Virtutes,
788 2233 895 2288 quo
933 2221 1148 2275 nomine
1192 2236 1380 2276 omnes
1426 2221 1674 2277 caelestes
1720 2224 1833 2294 Spi-

251 2305 394 2360 ritus
435 2321 817 2381 nonnunquam
863 2310 1184 2380 generaliter
1218 2312 1472 2381 appellari
1514 2313 1723 2378 solent,
1777 2324 1833 2368 ut

247 2402 338 2448 est
366 2394 496 2448 illud
522 2395 572 2448 in
601 2380 808 2465 psalmo
837 2414 850 2450 :
884 2395 1048 2451 Verbo
1079 2380 1291 2452 Domini
1322 2399 1435 2453 cwli
1460 2401 1658 2469 ﬁrmati
1689 2411 1828 2466 sunt,

245 2495 298 2541 et
327 2487 514 2555 spiritu
537 2488 644 2541 oris
665 2489 831 2542 omnis
854 2489 1016 2543 virtus
1046 2506 1223 2544 eorum
1247 2490 1427 2562 (Paul.
1453 2507 1580 2546 X.\Xl
1599 2533 1617 2557 ,
1653 2492 1741 2561 6).
1766 2493 1832 2546 Et

248 2575 481 2629 iterum:
511 2575 768 2630 Dominus
803 2577 1047 2632 virtutum
1069 2579 1180 2649 ipse
1215 2590 1288 2634 est
1323 2597 1414 2635 rex
1443 2581 1659 2653 gloria:(
1680 2581 1828 2637 Psal.

245 2680 410 2730 xxm,
428 2666 535 2736 10).
555 2668 757 2724 Tamen
780 2670 996 2738 proprie
1014 2671 1067 2724 in
1082 2671 1361 2728 ordinibus
1382 2672 1694 2742 angelorum
1715 2672 1833 2727 Vir-

250 2767 394 2812 tutes
412 2757 486 2812 illi
508 2759 732 2828 spiritus
745 2743 1026 2826 vocantur,
1043 2776 1142 2832 per
1160 2777 1296 2832 quos
1318 2763 1470 2835 signa
1493 2774 1547 2820 et
1569 2765 1830 2821 miracula

249 2845 588 2915 frequentius
629 2851 784 2906 ﬁunt.
827 2850 909 2907 Ad
945 2852 1192 2908 ultimum
1222 2866 1500 2924 ponuntur
1527 2857 1828 2926 seraphim,

249 2938 343 3005 qui
369 2947 453 2992 est
476 2954 718 2996 summus
734 2941 866 2996 ordo
889 2943 1257 3012 angelicorum
1281 2944 1602 3014 spirituum;
1630 2955 1680 2999 et
1707 2949 1832 3002 vere

248 3026 407 3080 beata
428 3067 442 3091 ,
471 3044 590 3096 quae
615 3043 680 3083 ex
709 3029 967 3100 singulari
992 3033 1397 3102 propinquitate
1421 3035 1724 3091 conditoris
1747 3037 1831 3092 sui

250 3115 660 3186 incomparabili
690 3120 882 3175 ardent
918 3135 1124 3176 amore.
1159 3121 1309 3177 Unde
1333 3132 1387 3178 et
1418 3122 1704 3195 Seraphim
1736 3144 1829 3181 ar-

1935 1951 2092 1996 cente
2121 1944 2310 1999 eodem
2346 1946 2515 2011 Filio,
2557 1957 2616 2002 ut
2654 1963 2844 2004 omnes
2885 1950 3246 2008 hanoriﬁcent
3279 1956 3473 2014 Filium
3499 1999 3515 2029 ,

1933 2033 2072 2088 sicut
2098 2035 2458 2093 honoriﬁcam
2479 2039 2719 2096 Patrem.

2001 2125 2090 2179 55.
2125 2125 2331 2197 (Auc.)
2391 2129 2530 2195 Quid
2557 2132 2601 2185 si
2630 2130 2974 2188 inveniuntur
2994 2136 3085 2204 qui
3115 2135 3328 2193 Patrem
3352 2139 3520 2198 bono.

1934 2211 2177 2278 riﬁcant,
2217 2225 2276 2269 et
2311 2232 2418 2270 non
2470 2219 2833 2275 honoriﬁcam
2874 2220 3107 2276 Filium?
3148 2225 3265 2279 Non
3298 2235 3518 2296 potest,

1933 2303 2142 2372 inquit,
2166 2305 2304 2359 ﬁeri.
2329 2306 2430 2373 Qui
2462 2322 2568 2364 non
2597 2309 2923 2366 honoriﬁcat
2952 2313 3146 2367 Filium
3172 2355 3185 2378 ,
3212 2329 3319 2370 non
3347 2316 3516 2372 hono-

1932 2391 2106 2447 riﬁeat
2133 2393 2346 2449 Patrem
2383 2397 2472 2465 qui
2516 2397 2665 2452 misit
2698 2399 2880 2465 illum;
2910 2401 3004 2456 sed
3035 2416 3103 2457 ne
3132 2401 3274 2458 forte
3301 2403 3516 2460 Patrem

1931 2482 2146 2549 quidem
2179 2483 2506 2541 honoriﬁces
2542 2495 2800 2557 tanquam
2833 2489 3125 2559 majorem,
3155 2493 3348 2548 Filium
3390 2508 3518 2550 vero

1934 2581 2190 2642 tanquam
2252 2575 2539 2643 minorem,
2561 2578 2782 2648 corrigit
2814 2585 2866 2634 te
2893 2580 3007 2650 ipse
3033 2581 3201 2638 Filius
3221 2591 3275 2638 et
3304 2591 3521 2638 revocat

1933 2668 1986 2715 te
2015 2662 2222 2726 dicens,
2242 2671 2300 2716 ut
2326 2679 2516 2720 omnes
2542 2666 2897 2722 honoriﬁcent
2919 2669 3112 2724 Filium
3140 2685 3245 2726 non
3269 2670 3516 2736 inferius,

1932 2752 2025 2806 sed
2049 2752 2190 2806 sicut
2215 2753 2573 2810 honoriﬁcant
2597 2756 2835 2810 Patrem.
2861 2756 3130 2827 Quidquid
3149 2773 3277 2828 ergo
3298 2760 3518 2815 manda-

1933 2840 2002 2894 tis
2033 2840 2340 2897 caelestihus
2360 2843 2705 2918 obsequendo
2736 2844 3007 2900 divinitati
3035 2847 3376 2913 exhibemus,
3404 2848 3518 2904 sive

1937 2932 1991 2986 in
2021 2931 2414 2989 sacriﬁciorum
2443 2935 2548 2990 ritu
2571 2977 2586 3003 ,
2616 2937 2730 2993 sive
2759 2945 2813 2993 in
2842 2939 3228 3010 supplicatione
3257 2948 3476 3010 precum
3497 2981 3516 3007 ,

1935 3021 2050 3077 sive
2084 3023 2138 3076 in
2171 3021 2279 3078 alio
2306 3023 2547 3093 quolibet
2577 3027 2959 3083 muniﬁcentize
2987 3045 3186 3100 genere
3209 3039 3264 3084 et
3289 3029 3436 3084 Patri
3461 3041 3519 3085 et

1935 3112 2070 3168 Filio
2097 3113 2376 3183 aequaliter
2415 3115 2677 3182 debetur,
2709 3133 2774 3173 ac
2813 3120 2859 3173 si
2905 3119 3108 3174 nullum
3150 3121 3520 3176 venerationis

247 3176 450 3260 dentes.
476 3206 561 3261 vel
611 3205 938 3263 incendentes
998 3210 1422 3282 interpretantur
1480 3232 1493 3267 :
1545 3176 1672 3284 quia
1724 3233 1831 3288 quo

1935 3176 2192 3261 honorem
2241 3206 2490 3276 privatim
2528 3176 2769 3277 possidet
2804 3209 2996 3277 Pater,
3029 3212 3120 3281 qui
3151 3227 3256 3268 non
3287 3213 3356 3267 ad
3397 3211 3517 3266 Filii

247 3295 502 3350 subtilius
527 3295 826 3352 claritatem
857 3299 1154 3356 divinitatis
1177 3302 1445 3372 aspiciunt
1463 3343 1478 3371 ,
1508 3319 1574 3360 eo
1603 3306 1834 3363 validius

249 3383 303 3436 in
341 3384 461 3454 ejus
482 3399 668 3441 arnore
694 3385 1086 3444 ﬂammescunt.

322 3511 415 3565 5t.
452 3511 676 3585 (VlGlL.)
714 3513 1002 3572 Sciendum
1057 3534 1270 3591 quoque
1303 3525 1444 3592 quod
1471 3525 1747 3581 cherubim
1779 3538 1834 3582 et

247 3600 523 3670 scraphim
565 3616 663 3671 per
708 3618 759 3656 πη
801 3604 1030 3660 litteram
1072 3610 1280 3678 prolata
1305 3653 1320 3678 ,
1349 3611 1503 3682 juxta
1534 3617 1831 3686 proprieta-

249 3705 360 3749 tem
383 3695 575 3767 lingua:
599 3697 855 3767 Hebraeae,
884 3704 1166 3759 masculini
1194 3715 1318 3762 sunt
1343 3713 1557 3778 generis
1575 3726 1629 3765 et
1651 3713 1830 3782 pluraé

245 3783 316 3838 lis
339 3785 549 3839 numeri
573 3795 801 3842 tantum.
822 3789 879 3844 Si
907 3799 1087 3846 autem
1110 3809 1207 3862 per
1228 3813 1260 3849 η
1301 3797 1537 3853 litteram
1559 3801 1826 3867 dicantur,

247 3873 391 3926 sicut
422 3873 474 3926 in
496 3875 718 3944 psalmis
743 3885 796 3931 et
821 3879 1067 3950 hymnis,
1103 3891 1157 3936 et
1179 3883 1231 3937 in
1262 3889 1511 3955 prmsenti
1535 3892 1827 3960 gratiarum

247 3963 464 4016 actione
515 3965 774 4033 ponitur,
826 3967 1015 4026 Graeca
1069 3973 1428 4031 declinatione
1481 3978 1534 4032 in
1587 3982 1828 4038 neutrale

244 4065 417 4120 genus
446 4062 725 4109 mutantur
749 4097 764 4122 ,
805 4059 952 4114 velut
980 4076 1101 4116 cum
1134 4063 1362 4121 dicimus
1389 4067 1565 4134 lucida
1607 4072 1784 4127 sidera
1809 4113 1824 4138 ,

246 4143 490 4209 speciosa
521 4159 741 4200 nemora
761 4187 776 4212 ,
803 4148 1038 4218 jucunda
1062 4151 1238 4208 littora
1268 4173 1279 4208 :
1310 4155 1388 4211 sic
1417 4167 1467 4212 et
1490 4159 1648 4214 beata
1676 4177 1823 4217 sera-

245 4234 377 4302 phin
404 4236 636 4290 neutrali
676 4250 874 4307 genere
925 4250 980 4296 et
1011 4242 1203 4312 plurali
1244 4261 1470 4303 numero
1511 4252 1823 4322 accipimus.

245 4324 385 4379 Illud
422 4335 602 4381 autem
633 4331 992 4396 attentissime
1029 4339 1458 4404 cognoscendum
1479 4380 1492 4405 ,
1531 4344 1672 4410 quod
1703 4353 1826 4400 ante

247 4415 320 4468 ita
351 4417 523 4470 sancti
554 4419 731 4488 angeli
765 4427 820 4474 et
848 4430 1060 4478 caetera:
1088 4425 1347 4480 caelorum
1369 4429 1599 4485 virtutes
1627 4431 1824 4500 majes-

246 4513 414 4559 tatem
448 4505 543 4560 Dei
577 4507 755 4564 Patris
791 4510 1032 4579 laudare,
1069 4522 1319 4582 tremere,
1347 4527 1400 4571 et
1425 4521 1695 4575 communi
1724 4537 1823 4578 ex-
1850 4507 1903 4566 Ῑ)

245 4593 536 4650 sultatione
555 4597 934 4655 concelebrare
955 4602 1207 4658 dicuntur
1226 4621 1323 4675 per
1346 4607 1618 4664 Christum
1649 4612 1828 4668 Domi-

245 4697 375 4735 num
416 4692 692 4752 nostrum,
733 4694 986 4758 tanquam
1029 4692 1142 4748 haec
1173 4696 1540 4754 venerationis
1579 4709 1633 4754 et
1664 4700 1828 4770 glori-

246 4771 514 4852 ﬁcationis
566 4774 824 4845 obsequia
870 4779 969 4834 soli
1027 4783 1136 4838 Deo
1186 4783 1331 4840 Patri
1386 4787 1669 4857 deferant,
1719 4807 1824 4846 non

243 4859 408 4912 etiam
439 4861 576 4916 Filio
619 4873 675 4918 et
703 4865 925 4936 Spiritui
957 4882 1166 4928 sancto.
1199 4873 1511 4931 Certissima
1535 4867 1678 4934 enim
1719 4881 1824 4937 ﬁde

247 4956 432 5001 tenere
478 4958 533 5003 et
569 4953 708 5008 scire
734 4955 1022 5026 debemus,
1054 4963 1178 5030 quia
1216 4965 1382 5020 totius
1413 4978 1614 5023 sanctae
1642 4971 1821 5025 Trini-

247 5039 372 5091 tatis
392 5080 405 5102 ,
429 5037 604 5095 Patris
627 5053 681 5098 et
703 5044 821 5100 Filii
859 5056 914 5103 et
947 5049 1177 5121 Spiritus
1208 5058 1409 5123 sancti,
1441 5060 1580 5114 sicut
1617 5076 1721 5115 una
1747 5071 1833 5117 est

243 5127 499 5186 divinitas
535 5141 588 5187 et
627 5134 896 5193 individua
925 5141 1207 5211 majestas,
1247 5147 1318 5201 ita
1367 5149 1416 5202 ei
1474 5150 1528 5203 in
1582 5153 1830 5208 omnibus

241 5221 468 5288 aequalis
493 5223 664 5280 honor
691 5238 744 5282 et
770 5229 1042 5288 individua
1074 5236 1389 5305 gloriﬁca‘tio
1427 5241 1680 5308 debetur;
1733 5260 1831 5299 nec

243 5310 352 5365 ullo
383 5315 541 5368 modo
580 5326 672 5370 aut
695 5317 857 5375 Pater
883 5323 1000 5378 sine
1030 5326 1186 5392 Filio,
1220 5339 1312 5383 aut
1337 5331 1502 5387 Filius
1530 5334 1646 5388 sine
1670 5334 1830 5391 Patre

326 5401 531 5470 Spiritu
578 5418 763 5464 sancto
797 5421 889 5466 aut
917 5414 1142 5483 laudari,
1175 5428 1266 5473 aut
1296 5423 1545 5490 adorari,
1585 5435 1678 5480 aut
1725 5427 1831 5482 ullo

240 5488 410 5544 divini
442 5493 616 5570 cultus
645 5499 905 5571 obsequia
943 5505 1195 5562 honorari
1219 5519 1413 5579 potest.

313 5603 404 5695 S2.
440 5598 664 5682 (VIcII..)
697 5611 853 5668 Nulla
893 5617 1033 5672 enim
1063 5628 1146 5675 est
1183 5621 1236 5676 in
1265 5623 1528 5680 Trinitate
1551 5626 1827 5695 distantia;

243 5691 337 5745 sed
363 5695 479 5751 sitr.
501 5699 621 5768 quis
649 5701 864 5760 Patretn
888 5709 1103 5776 adoret,
1139 5710 1305 5767 ihiest
1333 5713 1500 5770 Filius
1521 5727 1572 5772 et
1598 5691 1829 5774 Spiritus

1933 3303 1988 3348 et
2033 3294 2266 3364 Spiritus
2292 3298 2464 3352 sancti
2512 3300 2780 3367 pertineat
2807 3300 3144 3370 dignitatem.
3173 3300 3308 3356 Nam
3344 3302 3390 3358 si
3427 3317 3517 3358 sa-

1934 3393 2270 3439 cramentum
2298 3388 2723 3454 regenerationis
2745 3390 3008 3457 baptisma
3028 3389 3094 3444 ad
3121 3403 3215 3445 eos
3237 3390 3518 3459 mqualiter

1932 3476 2190 3545 pertinet,
2231 3478 2357 3532 dum
2384 3478 2436 3531 in
2464 3479 2678 3534 nomine
2713 3478 2892 3534 Patris
2919 3489 2975 3536 et
3010 3481 3129 3535 Filii
3158 3491 3213 3536 et
3281 3481 3518 3552 Spiritus

1932 3567 2104 3621 sancti
2140 3567 2298 3621 beata
2329 3566 2414 3620 illa
2449 3569 2700 3624 secundae
2736 3570 3037 3626 nativitatis
3065 3572 3242 3642 gratia
3271 3573 3516 3628 celebra-

1933 3662 2049 3718 tur',
2096 3654 2228 3708 nulli
2273 3655 2495 3710 dubium
2536 3657 2679 3726 quod
2725 3666 2781 3712 et
2827 3659 3204 3727 mysteriorum
3249 3660 3517 3716 sacriﬁcia

1932 3743 2202 3797 communi
2230 3743 2506 3813 dignitatis
2535 3747 2737 3801 honore
2761 3747 2920 3802 Pater
2945 3757 3000 3802 et
3025 3748 3191 3803 Filius
3210 3758 3264 3803 et
3285 3749 3518 3819 Spiritus

1934 3843 2156 3888 sanctus
2190 3834 2461 3904 possidet,
2509 3837 2634 3906 quia
2678 3839 3022 3908 inseparabili
3055 3841 3281 3897 Deitatis
3313 3843 3518 3899 unitate

1931 3920 2166 3976 Trinitas
2191 3923 2301 3992 ipsa
2324 3938 2566 3979 connexa
2590 3934 2690 3981 est.
2711 3927 2780 3983 Ut
2801 3937 2982 3983 autem
3013 3930 3078 3984 ad
3105 3930 3277 3985 solum
3300 3931 3518 3987 Patrem

1927 4010 2104 4066 oratio
2135 4011 2427 4081 dirigatur,
2462 4014 2515 4068 id
2550 4016 2776 4084 apostoli
2813 4019 3019 4084 sancti,
3054 4027 3244 4074 sancto
3284 4036 3383 4090 per
3417 4035 3513 4077 eos

1927 4100 2212 4156 ordinante
2243 4101 2478 4172 Spiritu,
2509 4116 2837 4173 sanxerunt,
2861 4116 2920 4162 ut
2941 4109 3033 4178 qui
3065 4109 3358 4165 multorum
3389 4112 3516 4167 deo-

1927 4205 2048 4244 rum
2111 4204 2326 4245 errores
2383 4193 2542 4246 unius
2597 4194 2689 4248 Dei
2751 4197 3133 4265 prtedicatione
3197 4199 3513 4255 nitebantur

1925 4285 2157 4339 evellere
2187 4325 2202 4350 ,
2240 4285 2339 4339 sub
2362 4286 2645 4342 Trinitatis
2682 4301 3024 4345 sacramento
3061 4292 3154 4345 uni
3185 4307 3432 4362 persona:
3461 4295 3514 4348 in

1927 4375 2315 4429 sacriﬁciorum
2357 4377 2463 4430 ritu
2512 4379 2922 4448 supplicandum
2969 4396 3089 4437 esse
3116 4383 3511 4447 decernerent,

1929 4480 1996 4518 ne
2020 4466 2109 4535 qui
2133 4481 2296 4519 unum
2323 4466 2505 4530 Deum,
2522 4469 2591 4523 ob
2614 4467 2872 4524 falsorum
2895 4469 3117 4525 deorum
3140 4473 3515 4540 exstirpandos

1929 4569 2174 4620 errores,
2205 4557 2600 4626 praedicabant,
2636 4561 2688 4614 in
2715 4562 2974 4630 pluralem
2998 4564 3295 4618 divinitatis
3326 4580 3513 4620 nume-

1931 4659 2048 4697 rum
2079 4645 2330 4700 incidisse
2359 4658 2718 4718 arguerentur
2741 4651 2912 4706 abhis
2933 4652 3036 4720 qui
3051 4651 3320 4706 inell‘abile
3334 4653 3511 4710 Patris

1929 4743 1982 4788 et
2009 4734 2243 4803 Spiritus
2272 4739 2448 4793 sancti
2471 4742 2788 4812 mysterium
2818 4742 3162 4811 ignorabant.
3189 4742 3511 4802 Rectissime

1925 4840 2053 4896 ergo
2073 4829 2427 4884 constitutum
2455 4843 2538 4885 est
2564 4871 2578 4896 ,
2611 4841 2671 4904 ut
2693 4833 2816 4901 quia
2840 4833 2999 4887 Pater
3030 4840 3084 4888 et
3116 4835 3286 4892 Filius
3313 4847 3370 4893 et
3396 4837 3511 4908 Spi-

1925 4915 2061 4970 ritus
2089 4925 2309 4972 sanetus
2347 4920 2507 4975 unius
2543 4921 2767 4975 Deitatis
2791 4960 2806 4985 ,
2850 4920 3012 4976 unius
3069 4933 3274 4981 natum
3299 4967 3314 4992 ,
3346 4928 3513 4986 unius

1900 5003 2273 5078 'zequalitatis,
2302 5007 2459 5062 unius
2489 5008 2719 5077 denique
2753 5011 3033 5078 potestatis
3068 5015 3358 5082 exsistunt,
3403 5033 3508 5073 una

1931 5104 2008 5171 cx.
2030 5092 2107 5147 eis
2135 5108 2363 5162 persona
2400 5097 2865 5164 propter‘unitatis
2904 5103 3219 5171 mysterium
3268 5107 3508 5161 retinen-

1932 5165 2060 5235 dum
2097 5182 2150 5236 in
2181 5185 2448 5239 sacriﬁcio
2476 5185 2872 5242 invocarentur.
2897 5189 3006 5246 Nec
3032 5192 3135 5246 alia
3166 5194 3369 5261 debuit,
3402 5197 3508 5251 nisi

1935 5287 2054 5341 qua:
2078 5274 2251 5344 prima
2281 5283 2386 5341 est,
2417 5275 2470 5329 in
2493 5291 2599 5345 qua
2625 5287 2833 5334 caetera:
2869 5281 2988 5336 dua:
3026 5285 3345 5341 naturaliter
3389 5301 3507 5340 ma-

1935 5372 2126 5418 nentes
2151 5365 2439 5418 exsistunt.
2478 5364 2630 5430 Quod
2654 5384 2785 5425 vero
2821 5385 2916 5439 per
2940 5372 3134 5428 Filium
3169 5375 3504 5444 invocamus,

1934 5467 2056 5505 cum
2083 5452 2151 5507 ad
2176 5467 2298 5506 eum
2328 5452 2559 5509 dicimus
2590 5473 2603 5509 :
2637 5457 2742 5512 Per
2759 5459 2941 5515 Iesum
2993 5462 3255 5518 Christum
3307 5464 3506 5520 Filium

1933 5552 2101 5607 tuum,
2133 5543 2241 5607 hic,
2270 5552 2330 5597 ut
2356 5559 2514 5615 supra
2533 5546 2646 5615 jam
2676 5550 2879 5624 dictum
2912 5561 3015 5620 est,
3043 5569 3110 5610 ev
3131 5569 3191 5609 ea
3211 5565 3362 5627 parte
3387 5574 3506 5628 per-

1933 5633 2147 5700 cipitur,
2177 5648 2279 5701 qua
2308 5650 2406 5704 pro
2438 5638 2591 5694 nobis
2616 5643 2914 5697 sacerdOtis
2949 5642 3124 5700 ollibio
3154 5645 3370 5701 functus
3399 5656 3503 5713 est,

1935 5720 2084 5777 'l‘unc
2113 5736 2236 5777 cum
2263 5723 2370 5780 Deo
2398 5725 2542 5783 Patri
2575 5729 2976 5787 immaculatum
3023 5749 3133 5788 sure
3186 5736 3370 5792 carnis
3399 5737 3499 5790 ho-
