4050 6302
501 378 573 437 39
1601 357 1807 414 non:
1850 356 2121 415 DIACUNI
2163 354 2653 415 LUGDUNENSIS
3468 358 3473 367 λ
3703 344 3775 409 to

506 492 666 549 stiam
708 490 762 546 in
792 501 885 544 ara
935 484 1113 542 crucis
1176 480 1390 546 obtulit,
1434 476 1577 532 unde
1628 490 1724 530 vas
1786 472 2097 536 electionis,
2120 478 2164 536 Λ
2194 471 2370 523 audivi
2394 484 2566 523 vocem
2592 465 2896 537 angelorum
2924 462 3209 518 multorum
3232 463 3286 518 in
3316 464 3538 517 circuitu
3573 465 3774 531 throni,

507 581 865 645 Considerate,
910 578 1103 648 inquit,
1147 572 1437 646 apostolum
1457 579 1505 625 et
1545 568 1839 640 pontiﬁcem
1881 566 2090 635 confes-

508 673 669 729 sionis
690 679 882 724 nostra:
892 668 929 722 J
932 683 1099 731 esum,
1113 665 1203 736 qui
1216 661 1388 732 ﬁdelis
1399 669 1473 716 est
1487 661 1533 715 ei
1558 660 1648 730 qui
1664 659 1785 729 fecit
1798 673 1917 711 eum
1930 654 2088 726 (Heb.

511 779 593 827 ιιι,
612 761 686 832 1).
711 760 910 816 Factus
929 772 1058 828 ergo
1081 753 1335 812 sacerdos
1359 765 1459 821 pro
1485 749 1642 806 nobis
1667 746 1974 817 interpellet
1999 760 2093 800 ne-

511 860 787 917 cesseest;
812 850 907 906 sed
929 863 1015 913 ea,
1031 854 1088 901 ut
1109 844 1364 909 diximus,
1388 850 1542 913 parte
1564 854 1671 911 qua
1693 837 1927 894 hominis
1955 835 2095 907 gerit

512 953 780 999 naturam.
820 941 970 998 Unde
1007 949 1061 994 et
1104 935 1381 1008 apostolus
1416 949 1522 989 non
1558 931 1852 996 divinitati,
1878 930 1974 985 sed
1997 930 2095 984 bu-

511 1032 761 1089 manitati
791 1031 909 1102 ejus
931 1030 1033 1084 hoc
1059 1024 1465 1082 intercessionis
1492 1022 1608 1093 ejus
1630 1020 1942 1093 mysterium
1964 1032 2093 1073 coa-

513 1124 684 1195 ptavit
695 1124 879 1179 dicens
893 1118 1063 1174 :Uuus
1074 1118 1211 1173 enim
1226 1116 1483 1170 mediator
1494 1113 1589 1167 Dei
1599 1122 1646 1167 et
1661 1112 1928 1166 hominum
1941 1110 2095 1163 homo

512 1214 670 1270 Jesus
717 1212 954 1267 Christus
973 1207 1023 1279 (I
1050 1208 1184 1261 Tim.
1212 1223 1274 1271 ιι,
1302 1204 1380 1276 5).
1409 1204 1562 1271 Quod
1601 1212 1781 1257 autem
1826 1201 2004 1257 oratio
2041 1205 2097 1253 et

516 1305 760 1360 adoratio
786 1302 927 1356 sicut
966 1298 1135 1363 Patri,
1184 1298 1257 1351 ita
1300 1295 1465 1351 etiam
1509 1302 1562 1349 et
1609 1294 1749 1348 Filio
1798 1290 2093 1353 deferatur,

514 1395 750 1450 ostendit
778 1393 943 1447 Isaias
967 1392 1155 1446 dicens
1182 1406 1198 1445 :
1226 1388 1406 1458 Ipsum
1450 1397 1622 1458 gentes
1662 1384 2094 1456 deprecabuntur,

513 1494 562 1539 et
582 1484 678 1539 erit
706 1499 892 1537 nomen
909 1482 1024 1551 ejus
1045 1479 1330 1551 gloriosum
1356 1476 1492 1548 (Isa.
1539 1492 1616 1540 xl,
1660 1475 1770 1546 10).
1796 1474 1864 1529 Et
1903 1474 2099 1529 iterum

513 1574 607 1629 ubi
635 1573 841 1628 inducit
866 1572 1035 1627 Deum
1051 1570 1263 1624 Patrem
1289 1568 1595 1637 laqucntem
1620 1567 1687 1621 ad
1708 1565 1929 1630 Filium,
1951 1562 2101 1616 labor

516 1662 807 1733 IEgyptia’,
845 1660 1123 1732 negotiatio
1149 1658 1440 1727 tEtItiopiae
1468 1665 1516 1710 et
1537 1654 1774 1722 Sabaim,
1805 1655 1903 1709 viri
1932 1653 2097 1708 subli-

516 1768 644 1812 mes.
669 1751 738 1804 ad
759 1760 807 1804 te
834 1748 1152 1812 transibunt,
1173 1756 1221 1801 et
1248 1746 1325 1799 tui
1362 1754 1535 1799 erunt.
1567 1743 1694 1798 Post
1739 1752 1787 1797 te
1811 1742 2100 1814 alligabunt

2191 570 2239 615 et
2259 570 2369 615 erat
2400 575 2646 615 numerus
2673 573 2852 612 eorum
2881 556 3045 611 millia
3077 555 3301 610 millium
3332 556 3618 612 dicentium
3650 574 3776 613 race

2192 668 2401 723 magna,
2427 652 2616 722 dignus
2640 660 2714 705 est
2737 650 2915 721 Agnus
2935 650 3025 720 qui
3048 648 3250 703 occisus
3264 659 3338 703 est
3360 651 3595 720 accipere
3617 651 3780 705 virtu-

2192 752 2293 797 tem
2308 753 2355 797 et
2374 743 2695 797 divinitatem
2709 750 2756 796 et
2772 741 3078 811 sapientiam
3094 750 3143 795 et
3157 739 3517 809 fortitudinem
3542 751 3591 795 et
3608 742 3781 798 hono-

2194 848 2301 887 rem
2325 842 2373 887 et
2392 831 2615 902 gloriam
2636 841 2684 885 et
2710 830 3114 885 benedictionem
3148 830 3333 901 (Apoc.
3358 845 3414 896 v,
3445 830 3619 902 9—12).
3645 831 3782 888 Post

2196 928 2330 991 lucc,
2350 927 2545 997 inquit,
2569 926 2694 990 vidi,
2722 935 2769 978 et
2785 940 2907 979 ecce
2920 923 3201 979 multitudo
3216 940 3427 994 magna,
3443 940 3604 995 quam
3617 925 3780 979 dinu-

2195 1031 2396 1070 merare
2427 1031 2575 1069 nemo
2614 1022 2817 1084 poterat
2837 1028 2901 1067 ex
2923 1014 3065 1067 omni
3094 1022 3243 1083 gente
3268 1024 3317 1068 et
3343 1014 3484 1067 tribu
3507 1026 3555 1068 et
3584 1014 3783 1086 populo

2195 1119 2243 1164 et
2270 1108 2450 1179 lingua
2481 1118 2675 1162 stantes
2705 1116 2827 1160 ante
2856 1109 3099 1159 thronum
3140 1116 3191 1160 et
3225 1107 3281 1160 in
3306 1116 3580 1176 conspectu
3615 1108 3778 1179 Agni,

2197 1199 2375 1253 amicti
2414 1198 2560 1252 stolis
2607 1196 2763 1263 albis,
2790 1205 2838 1250 et
2888 1195 3077 1267 palma:
3107 1197 3164 1249 in
3204 1197 3446 1251 manibus
3476 1213 3681 1265 eorum,
3729 1207 3784 1252 et

2198 1289 2491 1343 clamabant
2517 1304 2635 1343 voce
2660 1303 2849 1357 magna
2869 1286 3096 1340 dicentes
3122 1299 3141 1338 :
3172 1285 3332 1341 Salus
3360 1286 3468 1340 Deo
3499 1298 3675 1341 nostro
3701 1304 3788 1343 se-

2198 1378 2354 1433 dendi
2374 1395 2532 1448 super
2549 1378 2813 1441 thronum,
2840 1385 2888 1430 et
2912 1376 3060 1445 Agna
3083 1374 3267 1445 (Apoc.
3299 1391 3393 1439 vn,
3420 1376 3477 1440 9,
3506 1376 3615 1447 10).
3640 1377 3789 1433 Ecce

2200 1468 2373 1524 laudis
2393 1467 2721 1524 sacriﬁcium
2747 1465 3039 1522 indiscrete
3085 1463 3231 1519 Patri
3280 1473 3335 1519 et
3367 1464 3505 1520 Filio
3557 1475 3754 1521 sancto

2202 1574 2321 1613 rum
2347 1558 2592 1613 immolat
2612 1557 2831 1622 chorus,
2854 1570 3085 1626 quorum
3142 1570 3303 1611 voces
3349 1556 3638 1612 multitudo
3681 1568 3787 1612 an-'

2202 1649 2445 1721 gelorum
2469 1648 2766 1712 adoranda,
2794 1655 2850 1702 et
2875 1662 3027 1701 amen
3049 1646 3448 1716 respondendo,
3472 1648 3788 1713 conﬁrmat,

2204 1742 2344 1798 sicut
2362 1740 2545 1797 statim
2568 1741 2622 1795 in
2642 1741 2829 1795 eodem
2857 1739 2995 1794 libro
3010 1740 3254 1807 sequitur
3275 1758 3288 1793 :
3316 1739 3383 1793 Et
3410 1756 3588 1795 omnes
3610 1740 3788 1811 angeli

518 1841 738 1895 vinculis
759 1838 982 1908 alligati,
1004 1847 1051 1891 et
1069 1846 1117 1891 te
1139 1834 1452 1897 adorabunt,
1481 1843 1629 1904 teque
1663 1832 2100 1901 deprecabuntur,
2131 1818 2177 1877 Β
2204 1830 2411 1886 stabant
2443 1845 2499 1883 tn
2525 1829 2745 1884 circuitu
2766 1829 2964 1894 throni,
2992 1840 3041 1883 et
3076 1830 3370 1884 ceciderunt
3405 1831 3461 1884 in
3509 1839 3791 1900 conspectu

517 1928 764 2000 quoniam
808 1930 866 1981 in
906 1937 955 1981 te
999 1935 1073 1980 est
1098 1925 1263 1989 Deus,
1307 1932 1355 1977 et
1394 1940 1496 1978 non
1524 1932 1598 1977 est
1638 1932 1827 1993 prceter
1873 1930 1920 1975 te
1966 1920 2101 1991 (Isa.

520 2035 647 2082 ιιν,
672 2017 783 2089 ib).
812 2018 942 2072 ltem
976 2017 1030 2071 in
1060 2015 1176 2072 Joel
1214 2034 1226 2069 :
1252 2014 1435 2070 Omnis
1460 2015 1553 2085 qui
1574 2013 1886 2069 invocaverit
1919 2029 2107 2067 nomen

523 2114 733 2169 Domini
764 2112 939 2167 salvus
989 2112 1087 2166 erit
1133 2110 1293 2183 (Joel.
1331 2126 1391 2178 ιι,
1441 2109 1532 2181 52)
1569 2127 1582 2164 :
1612 2108 1752 2179 quod
1778 2108 1844 2162 de
1868 2106 2007 2161 Filio
2029 2106 2107 2160 di—

521 2211 670 2258 ctum
701 2201 975 2272 apostolus
1000 2199 1193 2255 edocet
1213 2207 1359 2263 tunc,
1389 2214 1511 2252 eum
1564 2196 1871 2252 Judaeorum
1932 2194 2109 2249 increo

523 2292 805 2348 dulitatem
833 2292 1166 2361 exprobrans
1213 2289 1291 2343 ait
1341 2305 1356 2342 :
1412 2287 1596 2342 Omnis
1649 2287 1737 2357 qui
1797 2285 2108 2340 invocavth

523 2398 710 2435 nomen
783 2380 996 2434 Domini
1048 2379 1223 2433 salvus
1287 2378 1404 2432 erit.
1466 2375 1737 2442 Quomodo
1799 2374 2108 2429 invocabant

523 2486 676 2535 eum,
741 2470 796 2524 in
847 2485 999 2540 quem
1061 2485 1163 2523 non
1216 2467 1587 2522 crediderunt?
1638 2466 1817 2535 (Rom.
1870 2482 1932 2527 x,
1995 2464 2106 2535 15).

525 2558 696 2613 David
785 2559 952 2613 etiam
1017 2571 1393 2627 supremorum
1457 2557 1665 2611 sedium
1744 2553 2110 2610 confessorem

523 2649 721 2705 Filium
749 2650 1047 2720 deprecans
1063 2650 1139 2703 ait
1166 2666 1180 2702 :
1213 2648 1318 2715 Qui
1346 2648 1492 2703 sedes
1510 2664 1666 2718 super
1696 2646 1986 2709 cherubim,
2013 2660 2109 2710 ap-

524 2757 651 2812 pare
674 2756 851 2796 coram
882 2738 1133 2812 Epltraim
1152 2780 1168 2806 ,
1198 2739 1475 2810 Benjamin
1494 2779 1509 2805 ,
1538 2749 1587 2793 et
1620 2738 1887 2792 Manasse.
1924 2734 2112 2790 Excita

523 2832 806 2901 potentiam
851 2840 995 2885 tuam
1035 2839 1084 2884 et
1133 2830 1268 2895 veni,
1291 2840 1340 2884 et
1373 2828 1543 2884 salvos
1590 2828 1759 2898 facias
1805 2843 1896 2881 nos
1922 2823 2106 2898 (Psal.

527 2935 727 2981 Lxstx,
759 2919 850 2989 5).
886 2918 1024 2973 Audi
1057 2919 1223 2972 etiam
1255 2917 1517 2986 Spiritum
1574 2925 1823 2971 sanctum
1854 2913 2115 2986 quemad-

528 3008 748 3062 modum
780 3007 956 3062 laudis
983 3005 1316 3062 sacrilicium
1349 3015 1406 3061 et
1426 3006 1596 3071 Filio,
1623 3015 1679 3060 et
1705 3004 1887 3071 Patri,
1916 3014 1971 3060 et
2011 3004 2114 3060 sibi

527 3096 777 3167 praecipit
801 3095 1109 3161 immolari,
1140 3095 1233 3151 ubi
1264 3110 1391 3151 vere
1416 3095 1694 3151 individua
1721 3095 1962 3150 Trinitas
1989 3109 2111 3150 cum

2206 1923 2381 1977 throni
2407 1923 2462 1977 in
2489 1922 2653 1992 facies
2678 1936 2834 1984 suas,
2865 1931 2911 1973 et
2952 1921 3300 1974 adorarerunt
3322 1920 3488 1975 Deum
3514 1921 3743 1975 dicentes
3771 1935 3792 1972 ε

2206 2014 2371 2067 Amen
2407 2012 2571 2081 (Ibid.
2600 2052 2615 2078 ,
2642 2026 2785 2065 vers.
2817 2008 2925 2080 11).
2974 2009 3230 2065 Sanctum
3260 2025 3473 2079 quoque
3523 2010 3794 2079 Spiritum

2208 2102 2262 2157 in
2300 2102 2490 2156 eadem
2529 2100 2714 2170 gloriae
2768 2099 3096 2154 sublimitate
3153 2100 3343 2154 beatus
3403 2098 3598 2155 Petrus
3652 2115 3797 2169 prte—

2208 2193 2353 2248 dicat
2373 2193 2558 2248 dicens
2576 2211 2589 2247 :
2607 2191 2830 2262 Spiritui
2855 2202 3035 2245 sancto
3049 2190 3204 2245 misso
3216 2191 3280 2245 tle
3293 2190 3456 2257 cmlis,
3469 2191 3525 2244 in
3538 2208 3689 2262 quem
3702 2192 3799 2247 de-

2208 2283 2441 2339 siderant
2467 2280 2638 2353 angeli
2685 2280 2996 2352 prospicere.
3035 2279 3293 2350 Sequitur
3337 2282 3593 2337 sacerdos
3621 2294 3678 2338 et
3704 2281 3793 2337 di-

2209 2376 2284 2430 cit
2319 2394 2332 2428 :

2277 2467 2366 2521 '56.
2405 2466 2538 2522 Cum
2577 2467 2764 2538 quibus
2787 2477 2833 2521 et
2854 2478 3062 2523 nostras
3082 2483 3254 2533 voces,
3285 2482 3340 2521 ut
3366 2467 3573 2521 admitti
3604 2466 3797 2537 jubeas

2210 2561 2570 2632 deprecamur.
2598 2559 2812 2630 (Gnsc.,
2839 2559 2932 2613 lib.
2962 2576 3001 2613 ιι
3028 2558 3248 2624 Moral.,
3273 2576 3327 2612 ιι.
3357 2559 3473 2629 10.)
3496 2557 3670 2614 Voces
3694 2573 3798 2612 au-

2212 2651 2452 2721 gelorutn
2491 2658 2618 2704 sunt
2645 2649 2699 2702 in
2728 2648 2883 2703 laude
2910 2649 3208 2705 conditoris
3236 2649 3351 2718 ipsa
3382 2647 3669 2703 admiratio
3706 2648 3798 2702 irr-

2213 2742 2361 2796 timze
2398 2739 2886 2808 contemplationis,
2919 2739 3106 2809 quales
3147 2753 3277 2811 ergo
3304 2747 3518 2809 oportet
3548 2752 3670 2794 esse
3698 2752 3799 2792 vo-

2213 2846 2304 2888 ces
2348 2841 2583 2897 nostras,
2626 2845 2761 2900 quas
2793 2831 2848 2885 in
2894 2838 3187 2901 conspectu
3221 2831 3319 2885 Dei
3361 2845 3485 2886 cum
3538 2827 3799 2901 angelicis

2214 2921 2462 2978 laudibus
2505 2922 2862 2991 deprecamur
2907 2919 3139 2985 admitti,
3170 2919 3223 2974 id
3262 2927 3348 2973 est
3394 2917 3702 2982 intromitti,
3737 2923 3799 2969 ut

2214 3011 2485 3081 possimus
2511 3011 2693 3065 dicere
2722 3025 2735 3061 :
2774 3006 2944 3063 Intret
2969 3010 3026 3063 in
3046 3017 3321 3077 conspectu
3343 3015 3452 3059 tuo.
3475 3004 3540 3059 Et
3563 3006 3795 3070 iterum;

2217 3109 2272 3153 ut
2296 3098 2461 3155 ueniat
2489 3099 2559 3153 ad
2592 3110 2642 3155 te
2663 3100 2831 3154 oratio
2852 3114 2966 3152 mea
2990 3096 3061 3151 ad
3082 3096 3332 3165 templum
3359 3103 3599 3148 sanctum
3623 3103 3797 3147 tuum.

529 3145 888 3254 personarum
937 3186 1286 3241 distinctione
1332 3186 1639 3242 evidentius
1688 3187 2108 3253 demonstratur.
2138 3145 2184 3209 Ο
2222 3188 2422 3262 Utique
2449 3189 2580 3245 tales
2619 3205 2781 3245 voces
2803 3196 2859 3243 et
2905 3187 3031 3243 talis
3057 3145 3264 3242 clamror
3292 3200 3401 3241 non
3430 3193 3513 3239 est
3558 3184 3613 3238 in
3666 3197 3802 3239 sono

530 3276 672 3330 Dicit
698 3290 831 3347 ergo
857 3276 998 3331 idem
1023 3275 1259 3347 Spiritus
1281 3283 1502 3332 sanctus
1524 3276 1579 3331 in
1608 3276 1814 3346 psalmo
1842 3295 1856 3330 :
1889 3274 2116 3330 Immola

529 3366 641 3422 Deo
671 3367 991 3436 sacriﬁcium
1019 3366 1223 3433 laudis,
1267 3376 1316 3422 et
1347 3367 1505 3422 redde
1541 3365 1808 3422 Altissimo
1843 3377 1960 3422 rota
1984 3376 2075 3421 tua
2098 3405 2114 3433 ,

528 3467 577 3512 et
607 3459 790 3513 invoca
817 3474 899 3513 me
926 3459 983 3512 in
1010 3459 1095 3513 die
1121 3458 1478 3514 tribulationis
1498 3469 1635 3526 tute,
1666 3469 1714 3514 et
1741 3458 1957 3529 eripiam
1981 3467 2049 3524 te,
2068 3467 2117 3513 et

529 3547 899 3615 honoriﬁcabis
939 3564 1021 3602 nte
1062 3548 1251 3620 (Psal.
1312 3565 1469 3615 χιιι,
1515 3549 1638 3621 14).
1689 3549 1829 3605 Ecce
1885 3548 2117 3619 Spiritus

532 3646 755 3691 sanctus
782 3644 839 3691 et
864 3637 975 3692 Deo
997 3637 1137 3693 Filio
1166 3638 1490 3694 sacriﬁcium
1519 3638 1693 3694 laudis
1717 3647 1771 3693 et
1798 3637 1945 3693 Patri
1969 3638 2118 3693 altis-

532 3724 672 3780 simo
699 3733 822 3780 vota
852 3741 916 3781 ac
951 3726 1054 3781 sibi
1087 3727 1442 3785 invocationis
1469 3737 1525 3785 et
1551 3728 1960 3801 gloriﬁcationis
2013 3730 2114 3784 ho-

532 3814 692 3869 stiam
726 3829 755 3868 a
776 3815 1026 3869 veritatis
1049 3815 1350 3873 cultoribus
1375 3819 1566 3873 suadet
1592 3819 1856 3875 exhiberi.

600 3905 695 3959 54.
730 3902 934 3975 (Λιισ.)
971 3906 1044 3961 De
1073 3906 1163 3961 illo
1186 3907 1384 3983 quippe
1407 3910 1538 3964 dicit
1563 3910 1891 3980 Apostolus:
1933 3910 2119 3967 Nesci-

533 3995 600 4049 tis
634 3996 758 4064 quia
785 4012 1006 4064 corpora
1030 4006 1198 4051 vestra
1223 3998 1470 4068 templum
1504 4000 1557 4052 in
1588 4000 1727 4053 vobis
1771 4010 1847 4053 est
1884 4000 2117 4069 Spiritus

535 4083 735 4148 sancti,
778 4101 927 4155 quem
959 4086 1158 4142 habetis
1188 4106 1221 4142 a
1245 4087 1356 4142 Deo
1381 4100 1429 4142 et
1456 4104 1560 4141 non
1599 4090 1722 4142 estis
1753 4091 1905 4143 vestri
1934 4106 1952 4143 :
1994 4092 2119 4158 quia

534 4171 824 4240 emptiestis
848 4174 1011 4243 pretio
1037 4190 1245 4245 ntagno,
1262 4175 1553 4244 glori/irate
1578 4185 1626 4229 et
1651 4186 1855 4246 portate
1874 4177 2039 4232 Deum
2065 4181 2120 4234 in

534 4278 750 4332 corpore
793 4272 957 4318 reser
981 4264 1000 4336 (
1024 4263 1049 4317 Ι
1077 4264 1197 4319 Cor.
1230 4280 1286 4319 vt
1304 4305 1318 4330 ,
1351 4265 1470 4338 15).
1497 4264 1794 4333 Quemnam
1823 4267 1989 4323 Deum
2014 4270 2119 4325 nisi

536 4351 797 4423 Spiritum
824 4366 1067 4409 sanctum
1091 4395 1113 4433 ,ν
1154 4356 1308 4426 cujus
1341 4370 1572 4427 corpora
1600 4366 1783 4413 nostra
1816 4373 1937 4415 esse
1965 4360 2120 4417 dixe-

536 4450 622 4496 rat
646 4443 941 4513 templum?

605 4532 692 4587 '55.
721 4533 1035 4604 (VIGILIU8.)
1054 4532 1289 4588 Debetur
1311 4548 1442 4603 ergo
1467 4534 1635 4606 gloria
1664 4535 1887 4607 Spiritui
1911 4548 2117 4595 saneto.

536 4622 690 4688 Quod
718 4639 848 4678 vero
868 4623 1111 4679 Virtutes
1138 4612 1392 4695 angelica:
1435 4641 1557 4681 cum
1583 4626 1745 4683 Patre
1773 4628 1933 4685 simul
1958 4630 2121 4686 etiam

520 4712 733 4766 .Filium
761 4713 982 4769 laudent
1029 4724 1192 4784 atque
1238 4714 1561 4785 gloriﬁcent,
1613 4720 1915 4774 ostenditur
1969 4722 2123 4777 nobis

539 4801 593 4855 in
622 4801 1061 4869 Deuterouomio,
1083 4804 1174 4859 ubi
1199 4804 1272 4859 ita
1297 4807 1365 4860 ad
1413 4806 1534 4862 Filii
1582 4811 1985 4865 venerationem
2011 4825 2120 4867 cm-

540 4889 693 4946 lestis
720 4891 978 4948 invitatur
1004 4896 1280 4951 exercitus
1302 4914 1315 4950 :
1343 4895 1641 4965 Ltrtamini,
1667 4902 1802 4965 coeli,
1826 4900 1983 4954 simul
2001 4918 2119 4955 cum

537 4996 621 5045 eo,
665 4990 715 5035 et
758 4980 976 5036 adorent
1020 5000 1139 5038 eum
1187 5002 1366 5041 omnes
1414 4987 1587 5057 angeli
1637 4987 1755 5043 Dei.
1809 4987 2119 5054 Ltetamiui,

539 5081 735 5141 gentes,
766 5088 881 5125 eum
902 5073 1092 5143 populo
1122 5075 1256 5144 ejus,
1288 5086 1335 5129 et
1365 5076 1652 5147 gloriﬁcent
1678 5094 1797 5131 eum
1817 5094 1994 5132 omnes
2023 5078 2123 5146 ﬁlii

540 5160 659 5216 Dei.
676 5162 732 5216 ln
758 5162 1076 5235 Apocalypsi
1114 5180 1329 5235 quoque
1354 5168 1545 5221 beatus
1571 5165 1807 5221 Joannes
1836 5176 2121 5237 postquam

541 5250 677 5306 vidit
698 5261 930 5321 quatuor
943 5253 1197 5309 animalia
1218 5262 1274 5309 et
1299 5255 1490 5326 viginti
1517 5263 1751 5326 quatuor
1770 5256 2011 5312 seniores
2037 5272 2125 5314 co-

543 5355 661 5396 ram
686 5341 861 5412 Agno,
890 5344 982 5413 qui
1008 5343 1206 5401 librum
1250 5344 1522 5416 signatum
1568 5347 1803 5418 aperuit,
1862 5347 2123 5404 cecidisse

543 5431 785 5487 dicentes
815 5448 830 5487 :
859 5432 1061 5504 Dignus
1081 5449 1134 5488 es
1158 5434 1391 5504 accipere
1415 5436 1607 5491 librum
1635 5446 1683 5492 et
1710 5437 1913 5508 aperire
1940 5438 2121 5508 signa-

454 5528 461 5533 ’
523 5502 665 5607 ξουια
694 5522 827 5592 ejus,
855 5526 1103 5595 quoniam
1137 5524 1339 5598 occisus
1405 5541 1479 5591 es,
1518 5536 1567 5580 et
1598 5528 1863 5583 redemisti
1888 5545 1981 5584 nos
2014 5528 2124 5584 Deo

545 5612 599 5666 in
619 5615 873 5684 sanguine
899 5623 1009 5680 tuo,
1032 5613 1307 5683 sultjunxit
1336 5630 1497 5671 voces
1523 5618 1727 5674 militia:
1751 5620 1991 5677 ccelestis
2032 5636 2124 5676 re-

548 5698 841 5770 demptioui
872 5710 1069 5761 nostra:
1099 5704 1557 5772 congratulantes,
1587 5715 1643 5761 ct
1671 5707 1745 5761 ait
1779 5727 1789 5761 :
1822 5709 1886 5763 Et
1943 5711 2049 5764 vidi
2075 5722 2121 5765 et

2146 4500 2198 4560 D

2217 3281 2354 3345 oris,
2379 3280 2475 3336 sed
2496 3280 2550 3334 in
2575 3278 2844 3334 desiderio
2866 3276 3067 3334 cordis.
3097 3276 3272 3330 Voces
3291 3275 3435 3329 enim
3463 3273 3605 3343 apud
3620 3286 3803 3328 secre-

2219 3372 2459 3429 tissimas
2486 3386 2645 3427 aures
2666 3370 2763 3425 Dei
2793 3385 2899 3425 non
2934 3368 3140 3423 faciunt
3166 3367 3329 3420 verba
3356 3375 3564 3429 nostra,
3588 3364 3684 3420 sed
3710 3363 3805 3419 dc-

2217 3458 2433 3516 sideria.
2465 3457 2749 3513 Eternam
2789 3457 2988 3513 ctenim
3018 3455 3181 3510 vitam
3212 3455 3257 3509 si
3295 3469 3391 3509 ore
3417 3454 3672 3525 petimus,
3703 3469 3807 3510 nec

2221 3557 2399 3603 tamen
2427 3547 2820 3613 desideramus,
2839 3546 3139 3602 clamantes
3162 3545 3448 3602 tacuimus.
3480 3542 3540 3597 Si
3562 3560 3693 3600 vero
3715 3545 3807 3600 tie-

2219 3636 2522 3691 sideramus
2551 3650 2618 3691 ex
2648 3637 2835 3702 Corde,
2862 3636 3025 3691 etiam
3082 3652 3204 3691 cum
3229 3651 3324 3693 ore
3363 3635 3807 3700 contieescimus,

2219 3735 2459 3783 tacentes
2481 3722 2797 3782 clamamus.
2823 3720 2914 3782 Sic
2938 3716 3151 3798 Moyses
3172 3727 3241 3782 ab
3262 3725 3490 3795 strepitu
3510 3726 3804 3780 verborum

2227 3819 2456 3885 tacebat,
2481 3828 2537 3874 et
2568 3827 2747 3876 tamen
2777 3819 2943 3875 silens
2981 3835 3111 3876 aure
3138 3818 3334 3874 divina:
3364 3819 3578 3888 pietatis
3612 3818 3801 3872 audie-

2219 3913 2400 3975 batur,
2424 3925 2509 3966 cut
2540 3910 2739 3966 dicitur
2775 3928 2788 3963 :
2824 3909 2965 3975 Quid
2989 3909 3186 3963 clamas
3208 3909 3278 3962 ad
3304 3925 3383 3962 me
3408 3908 3434 3960 .’
3464 3906 3659 3978 (Exod.
3686 3921 3805 3971 xrv,

2222 3999 2333 4069 15).
2363 3999 2513 4054 Intus
2535 4010 2619 4054 est
2645 3984 2789 4069 ergo.
2809 3999 2863 4052 in
2890 3998 3159 4052 desiderio
3190 3997 3396 4051 clamor
3422 4004 3683 4057 secretus,
3708 3994 3806 4064 qui

2221 4090 2289 4144 ad
2320 4091 2585 4145 humanas
2629 4103 2792 4143 aures
2817 4105 2921 4144 non
2967 4089 3232 4159 pervenit,
3259 4096 3313 4143 et
3356 4098 3532 4141 tamen
3562 4086 3809 4140 auditum

2221 4179 2529 4235 Conditoris
2572 4180 2775 4247 replet;
2812 4189 2867 4234 et
2907 4181 3035 4250 quia
3082 4194 3315 4250 superna
3365 4178 3452 4232 illa
3498 4177 3809 4243 civitasex

2223 4270 2429 4342 angelis
2454 4280 2510 4326 et
2550 4271 2858 4326 hominibus
2892 4278 3124 4337 constat,
3157 4271 3221 4325 ad
3247 4285 3410 4340 quam
3450 4272 3655 4323 tantum
3681 4281 3808 4321 cre-

2223 4362 2401 4417 dimus
2430 4361 2708 4416 hominum
2738 4375 2908 4432 genus
2934 4362 3248 4425 ascendere,
3281 4368 3513 4430 quantos
3536 4358 3644 4414 illic
3669 4372 3809 4414 con-

2227 4451 2342 4522 tigit
2364 4450 2564 4507 electos
2591 4450 2811 4521 angelos
2834 4451 3183 4514 remansisse,
3215 4450 3356 4504 sicut
3384 4449 3643 4518 scriptum
3670 4455 3754 4502 est
3784 4462 3805 4502 :

2226 4539 2420 4595 Statuit
2458 4542 2705 4594 terminos
2744 4542 2974 4610 gentium
3003 4541 3163 4609 juxta
3197 4555 3471 4594 numerum
3500 4538 3810 4608 angelorum

2225 4631 2343 4697 Dei,
2368 4632 2561 4687 merito
2586 4640 2771 4687 sancta
2794 4630 3057 4696 Ecclesia,
3081 4645 3201 4699 qua:
3228 4629 3335 4685 illis
3363 4630 3621 4686 socianda
3641 4628 3807 4683 estin

2225 4724 2384 4788 coelo,
2415 4732 2469 4778 et
2495 4738 2618 4778 cum
2660 4721 2767 4777 illis
2795 4722 2850 4776 in
2879 4722 2975 4778 Dei
3019 4722 3267 4777 laudibus
3290 4735 3665 4799 permansura,
3689 4718 3807 4788 jam

2224 4830 2367 4870 nunc
2388 4815 2517 4884 ipsis
2542 4813 2763 4869 vocibus
2792 4813 2961 4868 Deum
2986 4813 3168 4868 laudat
3193 4813 3248 4868 in
3276 4814 3457 4878 terris,
3483 4813 3806 4883 quibuscum

2224 4902 2396 4957 sancti
2424 4900 2598 4972 angeli
2636 4901 2857 4957 laudant
2889 4901 2943 4956 in
2988 4901 3163 4965 etelis,
3198 4911 3255 4956 et
3281 4902 3385 4957 hoc
3418 4916 3526 4955 non
3573 4900 3805 4969 superba

2228 4992 2664 5065 prtesumptione,
2693 4993 2789 5047 sed
2819 4991 3047 5063 supplici
3087 4990 3446 5056 confessione,
3472 4998 3529 5045 et
3556 4990 3635 5045 sic
3664 4988 3809 5045 desi-

2228 5080 2422 5135 derans
2445 5081 2784 5152 maiestatem
2815 5083 2905 5138 Dei
2929 5082 3151 5138 credere
3169 5091 3225 5135 et
3249 5080 3496 5136 conﬁteri
3526 5081 3577 5135 in
3605 5082 3809 5135 mundo

2227 5172 2370 5227 sicut
2399 5173 2467 5227 ab
2510 5171 2717 5243 angelis
2742 5172 2971 5237 videtur,
3004 5180 3061 5226 et
3104 5171 3353 5226 laudatur
3379 5170 3435 5225 in
3481 5171 3640 5227 etnlo.
3681 5170 3808 5227 Haec

2228 5260 2371 5314 enim
2398 5258 2665 5314 confessio
2691 5275 2797 5312 non
2825 5267 2910 5313 est
2935 5259 3167 5327 peccati,
3196 5258 3265 5314 de
3293 5274 3399 5329 qua
3432 5257 3590 5314 nobis
3622 5259 3814 5328 praeci-

2230 5351 2421 5422 pitur:
2459 5349 2795 5420 Cauﬁtemini
2838 5351 3151 5406 alterutrum
3194 5362 3409 5422 peccata
3450 5360 3619 5406 vestra
3662 5349 3812 5422 (Jac.

2228 5454 2286 5503 v,
2316 5437 2427 5509 16).
2462 5437 2529 5493 Et
2554 5437 2842 5494 Psalmista
2861 5438 2940 5493 ait
2971 5458 2982 5492 :
3015 5440 3139 5494 Dixi
3165 5453 3185 5491 :
3214 5438 3514 5509 Conﬁtebor
3534 5434 3815 5494 adversum

2229 5547 2310 5585 me
2356 5531 2662 5600 iuj‘tstitt'am
2702 5548 2869 5585 meam
2913 5529 3086 5604 (Psal.
3135 5549 3285 5597 xui,
3317 5532 3393 5603 5),
3424 5532 3519 5587 sed
3554 5531 3731 5586 laudis
3764 5538 3819 5585 et

2227 5621 2525 5693 gratiarum
2575 5622 2827 5688 actionis,
2855 5622 3029 5692 qualis
3057 5622 3373 5692 intelligitur
3402 5623 3453 5675 in
3480 5619 3690 5691 psalmo
3727 5619 3817 5673 ubi

2228 5713 2472 5767 cauimus
2517 5731 2528 5765 :
2568 5711 2928 5781 Couﬁteautur
2983 5713 3207 5768 Doutino
3255 5711 3626 5768 misericordia:
3674 5711 3815 5780 ejus,
