4050 6302
231 373 300 429 ιι
1409 361 1497 419 DE
1535 335 1989 417 exrosmouu
2027 358 2278 415 Missa;
3423 358 3501 415 49,

231 495 282 537 et
309 483 572 537 mirabilia
600 481 714 551 ejus
735 480 860 549 ﬁliis
881 480 1148 533 hominum
1173 477 1343 548 (Psal.
1371 493 1479 541 cvi,
1503 479 1580 548 8).
1610 477 1814 545 thua-
1841 477 1888 534 A
1916 488 2021 540 que
2043 474 2229 526 militia
2265 481 2520 526 nascente
2549 470 2693 541 Rege
2723 481 2909 525 nostro
2934 471 3190 540 scriptum
3232 481 3316 525 est
3343 490 3355 526 :
3396 474 3506 528 Sa—

233 573 340 629 Iem
364 575 624 629 Dominus
645 572 824 636 .Iesus,
854 572 944 640 qui
972 571 1175 625 nullum
1190 571 1410 626 omnino
1440 569 1675 626 habebat
1697 584 1823 639 pec-

233 671 441 727 catum,
471 663 525 717 in
568 661 858 733 Evangelio
886 663 995 717 Deo
1031 661 1178 716 Patri
1199 661 1358 717 offert
1385 661 1573 717 dicens
1603 679 1616 715 :
1647 661 1825 728 Conﬁ-

231 762 349 806 teor
368 753 480 815 tibi,
513 751 693 816 Pater,
712 752 934 806 Domine
955 751 1068 806 coeli
1088 760 1136 805 et
1160 760 1333 816 terrm,
1356 751 1480 822 quia
1505 750 1825 805 abscondisti

236 842 353 897 hate
381 860 412 896 a
440 843 760 912 sapientibus
788 853 836 897 et
863 842 1102 898 revelasti
1141 860 1205 897 ea
1229 843 1462 913 paruulis
1493 841 1711 912 (Matth.
1746 859 1822 906 ιι,

230 935 352 1007 25).
381 937 497 992 Una
524 937 689 1008 igitur
709 936 1067 1001 confessione,
1084 937 1136 990 id
1157 945 1241 991 est
1266 937 1422 992 laude
1447 945 1503 990 et
1529 937 1824 1006 gratiarum

234 1025 475 1091 actione,
493 1025 605 1094 jam
625 1042 771 1082 nunc
789 1041 909 1081 cum
927 1026 1130 1095 angelis
1152 1026 1445 1088 sociantur,
1463 1026 1740 1080 laudantes
1760 1027 1826 1081 de

233 1117 555 1174 caelestibus
585 1127 642 1188 et
674 1118 1025 1174 terrestribus
1052 1127 1308 1188 tauquam
1345 1118 1439 1188 qui
1466 1116 1596 1174 fecit
1627 1117 1826 1175 cmlum

233 1213 294 1259 et
327 1214 526 1261 terram
558 1207 823 1262 dicentes.

306 1295 396 1350 37.
437 1296 685 1362 Sanctus,
711 1295 948 1360 sanctus,
989 1307 1227 1361 sanctus,
1259 1297 1514 1352 Dominus
1550 1295 1693 1351 Deus
1737 1313 1823 1350 sa-

235 1385 410 1448 baotti,
432 1385 573 1456 pleni
593 1397 713 1441 sunt
743 1387 856 1441 caeli
894 1397 942 1441 et
966 1399 1124 1442 terra.
1174 1389 1293 1443 Ista:
1323 1397 1448 1444 sunt
1472 1403 1633 1443 voces
1661 1403 1824 1457 ange-

234 1476 763 1547 lorumlaudantium
794 1479 846 1532 in
877 1479 1029 1532 ccelis
1051 1480 1197 1534 hunc
1219 1482 1478 1550 hymnum
1500 1479 1681 1548 gloriae
1703 1479 1820 1534 Dei.

247 1565 313 1618 Et
344 1565 509 1620 Isaias
538 1567 796 1636 propheta
842 1583 900 1626 se
930 1568 1145 1623 audisse
1176 1579 1428 1632 testatur,
1453 1569 1669 1638 quando
1705 1569 1821 1638 glo-

232 1655 369 1709 riam
395 1655 486 1710 Dei
505 1656 658 1721 vidit,
689 1664 742 1710 et
772 1658 1042 1726 seraphim
1090 1659 1208 1714 istis
1240 1659 1461 1714 vocibus
1481 1674 1602 1713 eum
1623 1659 1824 1712 collau-

251 1744 437 1798 dantia
474 1746 697 1800 audivit.
726 1746 793 1800 Et
819 1746 1010 1802 beatus
1041 1747 1275 1804 Joannes
1304 1749 1358 1802 in
1379 1747 1696 1818 Apocalypsi
1724 1748 1823 1802 sub

1927 563 2032 613 bito
2070 562 2209 630 facta
2255 572 2330 616 est
2367 578 2482 614 cum
2529 560 2709 631 angelo
2734 562 3012 616 multitudo
3040 562 3242 616 militia:
3281 565 3503 619 calescit;

1950 649 2075 706 an.
2102 668 2185 717 III,
2219 654 2322 717 I3).

1950 651 2026 704 ιιι
2061 690 2075 704 .
2148 668 2185 717 ι,
2219 654 2233 705 I
2309 693 2322 706 .

1927 651 1946 722 (
1996 654 2344 814 4:).l2Au3tz.)
2374 741 2510 810 Quid
2539 743 2639 797 sibi
2663 759 2791 814 ergo
2811 745 2924 798 vult
2952 745 3003 799 in
3038 745 3139 799 hoc
3160 746 3360 816 hymno
3406 761 3502 798 an-

1867 831 1872 836 ’
1927 833 2095 902 gelico
2130 834 2232 888 sub
2273 849 2380 886 uno
2424 835 2639 889 nomine
2676 836 2979 891 sanctitatis
3025 838 3164 890 trina
3206 836 3504 908 repetitio?

1928 921 1983 976 Si
2020 923 2156 975 trina
2185 922 2461 990 repetitio,
2491 939 2589 976 cur
2624 940 2728 977 una
2764 923 3035 978 laudatio?
3076 925 3120 978 si
3165 941 3270 978 una
3318 925 3502 978 lauda-

1927 1013 2020 1074 tio,
2045 1027 2142 1066 cur
2180 1013 2317 1066 trina
2356 1013 2626 1082 repetitio,
2670 1015 2770 1068 nisi
2801 1016 2925 1084 quia
2968 1013 3128 1069 Pater
3173 1026 3227 1069 et
3253 1013 3421 1071 Filius
3445 1027 3503 1070 et

1927 1102 2160 1173 Spiritus
2182 1112 2399 1158 sanctus
2427 1106 2713 1160 sanctitate
2736 1122 2900 1161 unum
2924 1108 3085 1162 sunt?
3111 1107 3224 1164 Non
3255 1109 3386 1163 dixit
3416 1125 3501 1163 se-

1925 1196 2053 1260 mel,
2084 1211 2152 1251 ne
2175 1195 2368 1250 Filium
2393 1207 2787 1265 sequestraret;
2830 1215 2935 1254 non
2983 1201 3087 1264 bis,
3139 1216 3204 1256 ne
3236 1200 3497 1271 Spiritum

1927 1295 2169 1341 sanctum
2196 1288 2524 1356 praeteriret;
2557 1305 2660 1342 non
2699 1299 2907 1358 quater,
2941 1307 3008 1345 I18
3042 1301 3345 1346 creaturam
3375 1309 3502 1348 C0"-

1921 1374 2200 1446 jungeret;
2229 1387 2285 1432 et
2313 1388 2370 1432 ut
2406 1381 2717 1435 ostenderet
2736 1396 2896 1434 unam
2921 1395 3042 1436 esse
3067 1383 3346 1442 Deitatem,
3377 1399 3500 1436 cum

1928 1468 2088 1522 tertio
2115 1468 2360 1533 dixisset,
2381 1480 2611 1533 sanctus,
2641 1482 2874 1535 sanctus,
2901 1483 3132 1537 sanctus,
3163 1472 3368 1528 addidit
3390 1475 3502 1529 sin-

1927 1555 2185 1625 gulariter
2235 1557 2492 1612 Dominus
2536 1561 2772 1614 sabaotli.
2828 1561 3060 1616 Sanctus
3104 1564 3268 1634 igitur
3317 1563 3496 1626 Pater.

1927 1656 2145 1699 sanctus
2170 1644 2354 1710 Filius,
2386 1658 2608 1704 sanctus
2652 1659 2707 1704 et
2752 1650 2842 1705 Dei
2877 1651 3132 1720 Spiritus,
3164 1661 3275 1706 tota
3306 1653 3499 1707 videli-

1927 1746 2013 1790 cet
2036 1736 2274 1793 Trinitas
2299 1739 2557 1793 adoratur
2597 1749 2651 1795 et
2700 1741 2950 1796 laudatur
2990 1743 3059 1797 ab
3087 1744 3308 1814 angelis.
3348 1745 3500 1800 Hanc

238 1833 412 1904 ﬁgura
447 1844 679 1903 quatuor
705 1836 1018 1904 animalium
1046 1837 1356 1893 introducit.
1397 1837 1620 1909 Legitur
1663 1853 1818 1891 nam-
1845 1834 1894 1893 Β
1921 1830 2192 1898 seraphim
2218 1830 2520 1899 gloriﬁcent
2546 1843 2602 1886 et
2622 1848 2811 1887 omnes
2834 1843 3129 1902 potestates
3163 1837 3498 1905 virtutesque

232 1940 339 1994 que
364 1926 417 1980 in
447 1927 584 1982 Isaia
614 1928 681 1983 dc
709 1930 980 1997 seraphim
1006 1930 1348 1985 laudantibus
1378 1930 1449 1983 ita
1484 1947 1496 1982 :
1534 1929 1601 1982 Et
1623 1929 1814 1983 clama-

230 2014 357 2069 bant
378 2015 511 2071 alter
539 2019 609 2070 ad
633 2017 877 2084 alterum,
903 2030 951 2074 et
989 2020 1277 2089 dicebant:
1302 2018 1547 2085 Sanctus,
1580 2032 1810 2085 sanctus,

224 2116 465 2185 (sanctus,
529 2109 784 2164 Dominus
831 2111 970 2166 Deus
1031 2113 1269 2174 sabaotli,
1318 2112 1471 2181 plena
1521 2123 1597 2166 est
1644 2114 1812 2166 omnis

226 2208 372 2251 terra
401 2198 570 2268 gloria
587 2200 704 2270 ejus
737 2200 871 2272 (lsa.
904 2219 978 2266 Vl,
1010 2202 1088 2268 '5).
1115 2203 1172 2257 In
1226 2203 1548 2275 Apocalypsi
1590 2221 1720 2259 vero
1748 2207 1812 2260 de

225 2297 464 2358 quatuor
485 2289 813 2346 animalibus
836 2291 915 2346 sic
941 2292 1136 2363 legitur
1166 2310 1178 2346 :
1203 2290 1274 2346 Et
1315 2295 1540 2364 requiem
1590 2310 1694 2348 non
1716 2295 1810 2347 lia-

235 2380 446 2445 bebant,
473 2381 558 2434 die
582 2398 644 2437 ac
673 2393 820 2436 nocte
840 2383 1107 2439 dicentia:
1132 2384 1390 2451 Sanctus,
1413 2396 1645 2451 sanctus,
1687 2405 1811 2441 san-

230 2481 350 2525 ctus
373 2471 630 2527 Dominus
649 2473 788 2529 Deus
813 2475 1153 2545 omnipotens,
1180 2479 1269 2547 qui
1297 2487 1390 2542 est,
1407 2487 1454 2530 et
1488 2479 1729 2548 quierat,
1759 2489 1808 2532 et

222 2565 315 2633 qui
337 2574 586 2620 uenturus
617 2576 691 2620 est
723 2565 905 2636 (Apoc.
941 2583 1015 2631 tv,
1041 2569 1118 2637 8).
1163 2569 1522 2637 Manifestum,
1556 2579 1640 2623 est
1679 2583 1808 2640 ergo

222 2653 367 2722 quod
383 2653 436 2706 in
455 2653 537 2708 his
560 2654 740 2709 verbis
771 2656 965 2711 divinae
988 2656 1184 2722 laudis,
1210 2673 1331 2728 quae
1347 2659 1419 2712 ad
1442 2659 1807 2713 imitationem

222 2756 585 2812 supernarum
613 2744 872 2798 virtutum
889 2744 1043 2813 juxta
1059 2747 1251 2802 Isaiam
1274 2749 1525 2803 decantat
1541 2748 1803 2811 Ecclesia,

1921 1917 2190 1972 caelestes.
2216 1919 2529 1991 Adjungunt
2576 1931 2754 1976 autem
2786 1925 2910 1976 huic
2955 1925 3154 1995 hymno
3183 1926 3498 1996 angelorum

1917 2016 2131 2076 sumpta
2162 2023 2226 2062 ex
2279 2009 2568 2080 Evangelio
2613 2013 2774 2066 verba
2831 2014 3110 2069 turbarum
3161 2016 3495 2072 laudantium

1915 2099 2083 2156 Deum
2111 2112 2165 2156 et
2185 2118 2367 2173 regem
2412 2113 2654 2158 nostrum
2686 2107 2988 2161 venientem
3022 2107 3493 2190 (Hierosolymam,

1905 2201 2078 2261 atque
2106 2192 2399 2248 dicentium
2423 2209 2436 2246 :

1981 2283 2072 2335 41.
2110 2281 2366 2338 Hosanna
2408 2285 2462 2338 in
2503 2301 2751 2352 excessis,
2786 2288 3082 2344 benedictus
3121 2293 3208 2361 qui
3254 2295 3388 2346 venit
3439 2295 3498 2347 in

1913 2374 2120 2427 nomine
2168 2373 2399 2440 Domini,
2448 2377 2686 2432 hosanna
2735 2379 2790 2433 in
2833 2381 3070 2435 excelsis.
3117 2382 3196 2436 Ita
3235 2384 3378 2438 enim
3426 2400 3496 2439 ex

1912 2462 2190 2532 Scriptura
2225 2465 2538 2533 prophetica
2577 2477 2632 2523 et
2671 2470 2978 2541 evangelica
3005 2472 3307 2544 completur
3335 2475 3492 2544 plena

1911 2554 2170 2618 laudatio,
2201 2569 2322 2608 cum
2349 2565 2470 2625 post
2496 2555 2709 2612 Iaudem
2742 2567 2799 2614 et
2826 2561 3053 2630 gloriam
3088 2570 3290 2617 sancta:
3315 2563 3495 2617 Trini-

1911 2645 2038 2699 tatis
2077 2645 2386 2716 adjungitur
2413 2647 2580 2702 etiam
2617 2650 2912 2719 gratiarum
2964 2653 3106 2706 actio
3148 2653 3214 2707 de
3259 2653 3529 2709 adventu.

1910 2733 2226 2799 Salvatoris,
2250 2736 2343 2804 qui
2376 2751 2517 2790 unus
2546 2738 2600 2790 in
2624 2738 2739 2806 ipsa
2775 2747 2829 2792 et
2852 2754 2920 2793 ex
2943 2741 3059 2808 ipsa
3086 2731 3354 2796 Trinitate
3394 2758 3494 2810 pro

225 2846 368 2885 unus
394 2847 576 2887 sermo
599 2833 666 2888 de
693 2834 1020 2906 Apocalypsi
1047 2837 1262 2891 additus
1284 2837 1358 2891 εει
1385 2854 1399 2890 ε
1435 2852 1559 2890 nam
1584 2837 1637 2890 ίη
1669 2837 1805 2890 Isaia
1907 2824 2080 2879 salute
2107 2833 2289 2879 nostra
2319 2826 2480 2880 homo
2505 2824 2683 2880 factus
2706 2827 2762 2880 in
2787 2829 3045 2883 mundum
3077 2829 3244 2893 venit,
3269 2841 3325 2884 et
3349 2846 3492 2885 eam-

223 2930 434 2975 tantum
454 2921 712 2977 Dominus
737 2924 951 2978 sabaotli
981 2924 1176 2996 legitur
1199 2943 1214 2991 ;
1244 2926 1299 2980 in
1327 2925 1644 2995 Apocalypsi
1676 2940 1806 2980 vero

223 3009 482 3065 Dominus
505 3012 645 3066 Deus
667 3014 1010 3083 omnipotens,
1037 3024 1092 3069 et
1123 3015 1244 3070 ideo
1269 3031 1377 3070 non
1406 3017 1641 3070 humano
1662 3015 1806 3069 arbi-
1906 3017 2028 3063 tuus
2049 3019 2124 3064 est
2145 3010 2284 3084 enim
2310 3020 2524 3080 propter
2543 3009 2734 3064 delicta
2759 3022 2958 3075 nostra,
2995 3022 3041 3064 et
3067 3013 3350 3066 resurrexit
3377 3030 3493 3082 pro—

226 3101 355 3166 trio,
387 3103 482 3157 sed
518 3103 799 3172 utriusque
839 3103 1132 3174 scripturae
1165 3110 1486 3162 auctoritate
1513 3104 1802 3173 conjuncta
1836 3169 1876 3186 Α
1907 3110 2020 3170 pter
2038 3099 2471 3170 justiﬁcationem
2498 3113 2730 3155 nostram
2754 3101 2930 3170 (Rom.
2954 3103 3190 3174 x1v,25).
3218 3103 3369 3161 Unde
3387 3106 3493 3186 rite

225 3194 456 3250 dicimus
486 3210 501 3248 :
528 3169 782 3250 Dominus
812 3169 1216 3253 Deus—sabaotli.
1247 3198 1378 3252 Item
1409 3198 1462 3252 in
1495 3169 1631 3253 Isaia
1670 3198 1806 3268 legi-
1832 3169 1880 3232 Ο
1910 3169 1987 3246 illi
2007 3169 2210 3262 gratias
2237 3201 2478 3262 ageuICS,
2510 3192 2740 3248 dicimus
2761 3169 3050 3259 Ποεαηηα,
3081 3195 3130 3250 id
3151 3169 3241 3250 ἐει
3267 3197 3413 3252 salus
3434 3179 3490 3251 in

223 3293 314 3338 tur
344 3302 358 3337 τ
391 3282 669 3345 Plenalest
693 3285 858 3340 omnis
889 3297 1030 3341 terra
1063 3286 1232 3357 gloria
1253 3288 1387 3358 ejus,
1413 3295 1670 3358 tanquam
1704 3289 1808 3344 hoc
1909 3285 2156 3341 excelsis.

223 3376 398 3447 angeli
425 3391 532 3430 non
559 3378 625 3432 ad
653 3377 829 3446 ipsum
861 3377 1052 3444 Deum,
1074 3379 1167 3434 sed
1198 3380 1264 3434 de
1295 3381 1413 3449 ipso
1458 3380 1526 3434 ad
1576 3381 1806 3435 invicem
1977 3375 2067 3429 42.
2099 3374 2410 3448 (νιαιιιυε.)
2437 3376 2549 3432 lloc
2577 3388 2660 3434 est
2685 3380 2830 3433 enim
2863 3380 3006 3448 quod
3032 3380 3084 3433 in
3111 3380 3317 3449 psalmo
3338 3384 3490 3436 cani-

222 3466 426 3529 dicant,
457 3480 556 3520 nos
573 3475 756 3520 autem
792 3481 1054 3521 conversa
1082 3469 1149 3522 ad
1175 3483 1298 3524 eum
1323 3484 1456 3525 voce
1502 3469 1734 3526 dicimus
1787 3489 1802 3525 :
1909 3477 1997 3522 tur
2024 3485 2036 3521 :
2067 3468 2276 3522 Domini
2300 3478 2376 3524 est
2416 3469 2581 3532 salus,
2623 3480 2672 3525 et
2697 3488 2853 3541 super
2887 3471 3135 3542 populant
3169 3482 3316 3526 tuum
3338 3472 3491 3528 bene-

221 3552 377 3608 Pleni
399 3564 519 3607 sunt
548 3553 661 3608 caeli
687 3565 734 3609 et
760 3565 901 3609 terra
918 3555 1092 3626 gloria
1111 3568 1205 3611 tua
1236 3574 1256 3611 :
1279 3560 1419 3628 quod
1440 3576 1546 3614 non
1573 3561 1806 3615 humano
1905 3559 2064 3612 dictio
2087 3569 2176 3613 tua
2198 3557 2314 3628 (Ps.
2343 3576 2426 3622 ιιι,
2453 3560 2530 3630 9).
2563 3561 2674 3617 Hoc
2702 3563 2844 3632 quod
2875 3563 2928 3617 in
2958 3579 3168 3634 magnae
3200 3565 3489 3622 devotione

217 3659 385 3698 sensu
407 3653 814 3715 prmsumptum,
829 3646 922 3700 sed
948 3647 1014 3700 de
1038 3647 1142 3701 alia
1165 3647 1442 3718 Scriptura
1469 3661 1803 3720 assumptum
1906 3651 2079 3706 laudis
2105 3652 2158 3706 in
2184 3652 2503 3724 Apocalypsi
2533 3661 2842 3708 sanctorum
2871 3655 3068 3708 chorus
3092 3666 3344 3723 resonat:
3375 3657 3483 3711 Sa-

217 3741 276 3788 et
307 3732 557 3787 additum
593 3744 702 3799 est,
735 3733 988 3803 loquente
1015 3736 1131 3804 ipso
1158 3735 1269 3791 Deo
1298 3738 1352 3792 in
1400 3736 1634 3793 Ieremia
1675 3756 1801 3809 pro-
1903 3742 1987 3798 lus
2029 3743 2136 3798 Deo
2184 3755 2380 3808 nostro,
2420 3745 2510 3813 qui
2552 3745 2692 3798 sedet
2731 3761 2887 3814 super
2924 3746 3199 3810 thronum,
3242 3758 3291 3801 et
3333 3748 3483 3817 Agna

222 3825 382 3894 pheta
409 3834 466 3879 et
492 3825 702 3880 dicente
731 3843 744 3878 :
775 3824 972 3880 Caelum
997 3835 1044 3880 et
1073 3837 1265 3882 terram
1294 3844 1387 3898 ego
1407 3829 1615 3898 impleo.
1639 3828 1803 3895 Quid-
1905 3832 2088 3902 (Apoc.
2121 3848 2216 3894 vn,
2246 3833 2355 3902 10).
2378 3832 2544 3886 Recte
2565 3847 2778 3901 quoque
2812 3831 3184 3903 subiungimus
3216 3853 3229 3888 :
3262 3835 3486 3890 Benedi-

219 3917 347 3984 quid
380 3925 560 3971 autem
603 3918 657 3971 in
687 3917 782 3972 Dei
813 3917 1060 3972 laudibus
1090 3917 1369 3993 Scriptura
1394 3919 1543 3984 dicit,
1571 3929 1716 3974 recte
1749 3929 1804 3974 et
1901 3932 2015 3976 ctus
2034 3921 2122 3991 qui
2154 3921 2286 3975 venit
2311 3923 2367 3974 in
2393 3921 2600 3974 nomine
2622 3919 2854 3986 Domini,
2880 3922 3032 3992 juxta
3058 3923 3199 3993 quod
3229 3923 3280 3978 in
3305 3924 3486 3979 Evan-

219 4007 286 4062 ad
313 4008 489 4078 ipsum
539 4008 736 4063 dicitur
758 4007 1096 4078 gratulando,
1124 4017 1181 4064 et
1207 4008 1274 4066 de
1302 4008 1419 4079 ipso
1448 4008 1516 4063 ad
1547 4008 1681 4064 alios
1709 4025 1802 4064 ex-
1898 4013 2042 4083 gelio
2066 4011 2267 4069 Iudaeis
2288 4028 2394 4067 non
2419 4013 2761 4068 credentibus
2793 4013 2926 4067 dixit
2952 4029 2964 4065 :
2997 4013 3110 4084 Ego
3144 4016 3256 4069 veni
3290 4017 3344 4069 in
3387 4033 3487 4070 no-

217 4100 489 4156 hortando
516 4099 601 4156 vel
628 4101 964 4156 instruendo.
1777 4153 1780 4160 ,
1901 4107 2041 4159 mine
2071 4102 2248 4159 Patris
2273 4105 2396 4170 mei,
2432 4113 2480 4158 et
2513 4120 2617 4158 non
2645 4105 2908 4174 recepistis
2940 4120 3022 4158 me
3056 4103 3236 4175 (Joan.
3279 4121 3333 4171 v,
3362 4106 3483 4176 45),

287 4190 378 4246 58.
406 4189 682 4260 (Ηιειιοιι.)
729 4189 969 4246 Sabaoth
996 4197 1177 4245 autem
1203 4201 1288 4246 est
1319 4190 1388 4246 de
1415 4191 1602 4250 decem
1633 4206 1801 4246 nom.-
1901 4204 2185 4252 assumunt
2211 4204 2392 4250 autem
2420 4194 2741 4250 versiculum
2766 4195 2941 4251 laudis
2985 4197 3155 4250 turba:
3181 4197 3247 4252 de
3275 4196 3484 4266 psalmo

215 4279 379 4335 nibus
402 4279 496 4334 Dei
525 4279 664 4349 apud
693 4277 963 4345 Hebraeos,
978 4288 1034 4335 et
1059 4279 1226 4335 latine
1247 4280 1631 4351 interpretatur
1649 4295 1801 4336 exer-
1901 4287 2196 4342 centesimo
2221 4286 2428 4341 decimo
2456 4285 2704 4355 septimo,
2743 4301 2903 4356 quem
2937 4285 3004 4342 de
3032 4284 3262 4342 Domino
3292 4296 3480 4346 canta—

213 4370 445 4434 cituum,
472 4369 586 4424 sive
635 4368 918 4434 virtutum,
949 4369 1090 4424 sicut
1135 4367 1446 4439 frequenter
1485 4369 1540 4422 in
1569 4369 1799 4440 prophe-
1903 4383 2014 4429 tum
2059 4389 2180 4430 esse
2224 4375 2569 4430 manifestum
2595 4386 2720 4430 est:
2752 4377 2894 4446 quod
2938 4391 3060 4431 cum
3093 4378 3264 4432 turbae
3289 4378 3480 4432 dicunt

213 4462 288 4516 tis
312 4462 548 4532 positum
568 4470 692 4515 est:
728 4459 858 4516 Haec
888 4461 1014 4515 dicit
1054 4462 1312 4516 Dominus
1354 4463 1692 4516 exercituum.
1729 4461 1798 4515 Et
1830 4527 1866 4534 _
1900 4465 2162 4528 hosanna,
2193 4465 2296 4520 hoc
2327 4474 2413 4519 est
2436 4465 2581 4534 quod
2619 4465 2691 4520 ibi
2731 4466 2927 4520 dicitur
2958 4483 2971 4518 :
3016 4465 3060 4517 0
3091 4465 3340 4528 Domine,
3366 4465 3478 4518 sal-

215 4553 274 4607 in
313 4527 558 4623 psalmo:
592 4551 842 4606 Dominus
894 4553 1144 4608 uirtutum
1190 4554 1298 4623 ipse
1346 4562 1423 4607 est
1472 4569 1564 4607 rex
1616 4553 1798 4623 gloria:
1830 4527 1876 4586 ί)
1901 4571 2020 4607 vum
2059 4527 2157 4607 me
2182 4553 2307 4622 fac!
2332 4527 2625 4617 oDomine,
2671 4553 2796 4607 bene
2832 4552 3171 4624 prosperare!
3210 4561 3265 4607 et
3294 4551 3476 4606 statim

214 4644 334 4712 (Ps.
365 4659 528 4708 χχιιι,
559 4641 668 4715 l0).
727 4642 829 4710 Qui
878 4643 998 4698 Ideo
1048 4643 1307 4699 Dominus
1350 4643 1687 4698 exercituum
1739 4654 1796 4697 et
1897 4644 2237 4716 subjungitur
2265 4663 2279 4698 :
2305 4643 2613 4698 Benedictus
2654 4647 2742 4714 qui
2772 4645 2906 4698 venit
2933 4645 2987 4696 in
3020 4642 3223 4696 nomine
3266 4641 3484 4697 Domini

215 4737 480 4791 Dominus
506 4737 765 4790 virtutum
787 4749 915 4790 vere
945 4735 1164 4799 dicitur,
1205 4735 1333 4805 quia
1378 4735 1556 4788 omnis
1605 4733 1794 4787 militia
1897 4731 2012 4802 (Ps.
2031 4732 2326 4803 cxvnﬂ5).
2357 4733 2509 4801 Quod
2530 4749 2660 4788 vero
2683 4734 2735 4787 in
2759 4733 2998 4801 ejusdem
3027 4731 3203 4786 laudis
3221 4746 3474 4801 persecu-

213 4828 459 4882 caelestis
491 4827 782 4890 exercitus,
825 4839 1014 4880 omnes
1066 4840 1314 4894 supernae
1363 4825 1590 4878 virtutes
1630 4832 1794 4893 atque
1897 4827 2042 4882 tione
2070 4825 2411 4894 subiungitur
2439 4823 2716 4889 "osanna,
2747 4823 2798 4878 id
2823 4830 2906 4877 est
2927 4821 3072 4876 salus
3099 4822 3212 4877 sive
3238 4821 3476 4880 salvillca

213 4918 474 4985 angelica:
535 4924 833 4987 potestates
894 4914 1012 4985 ejus
1062 4914 1290 4984 imperio
1334 4912 1632 4982 subjacent,
1675 4911 1793 4981 ejus
1895 4920 1949 4975 in
1979 4918 2230 4982 excelsis,
2256 4926 2442 4988 aperte
2470 4917 2626 4973 docet
2651 4916 2939 4970 adventum
2966 4913 3179 4971 Domini
3203 4915 3257 4969 in
3285 4930 3472 4978 carne.

213 5009 460 5064 serviunt
489 5007 772 5062 voluntati.
1897 5027 2003 5066 non
2042 5010 2212 5065 solum
2255 5007 2477 5064 humani
2510 5005 2724 5077 generis
2747 5005 2800 5058 in
2835 5013 3010 5066 terra,
3042 5003 3135 5060 sed
3163 5013 3219 5059 et
3251 5005 3473 5075 angelo-

282 5101 374 5155 39.
414 5099 631 5171 (6:36.,
653 5098 749 5154 lib.
776 5113 889 5154 xvii
920 5097 1084 5162 Man,
1113 5113 1172 5153 ιι.
1201 5096 1314 5166 19.)
1338 5097 1624 5169 Angelicos
1645 5098 1788 5152 enim

1918 5119 2016 5158 ιιιιιι
2048 5103 2102 5156 in
2126 5100 2280 5157 caelis
2314 5113 2436 5155 esse
2469 5097 2693 5153 salutem
2725 5113 2738 5148 :
2769 5095 2894 5164 quia
2930 5095 3054 5150 dum
3093 5110 3193 5150 nos
3235 5095 3474 5150 tendenti

212 5190 440 5259 spiritus
469 5199 616 5245 recte
638 5188 885 5244 militiam
913 5188 1164 5253 dicimus,
1207 5187 1334 5258 quia
1385 5186 1664 5242 decertare
1697 5203 1790 5242 eos
1897 5195 1965 5248 ad
2005 5207 2234 5262 superna
2263 5189 2628 5262 perducimur,
2669 5200 2857 5241 eorum
2901 5186 3145 5256 profecto
3189 5201 3471 5250 numerus,

211 5288 404 5334 contra
433 5287 730 5348 potestates
755 5279 932 5334 aerias
953 5293 1061 5333 non
1084 5279 1393 5348 ignoramus
1417 5294 1429 5330 ε
1459 5290 1581 5346 ηυδε
1610 5287 1788 5331 tamen
1896 5284 1987 5354 qui
2029 5284 2228 5338 Satana
2251 5279 2476 5336 cedente
2502 5285 2621 5331 erat
2665 5277 2965 5332 minoratus
2988 5317 3004 5342 ,
3034 5275 3306 5346 impletur.
3336 5275 3474 5332 IIinc

210 5370 518 5428 certamina
563 5385 668 5424 non
712 5369 916 5433 labore,
962 5369 1057 5424 sed
1098 5369 1324 5438 imperio
1353 5371 1636 5440 peragunt,
1664 5368 1789 5437 quia
1897 5375 2095 5431 etenim
2128 5371 2326 5427 Paulus
2352 5371 2466 5423 ait:
2497 5368 2797 5423 Instaurari
2829 5370 3006 5423 omnia
3032 5368 3257 5432 Christo,
3279 5384 3396 5437 qua:
3417 5369 3473 5427 in

209 5459 358 5529 ⁸1⁸³οά
383 5458 648 5528 δεθηαυιη
670 5470 697 5499 ⁸
719 5468 906 5514 οοηιτθ
936 5457 1244 5514 immundos
1265 5458 1486 5526 εΡίνίῑυε
1511 5466 1770 5526 θνρθιυηι
1897 5467 2037 5523 caelis
2057 5478 2104 5522 et
2123 5481 2241 5536 quae
2265 5465 2320 5518 in
2347 5473 2486 5518 terra
2507 5471 2624 5517 sunt
2647 5464 2700 5516 in
2723 5464 2834 5534 ipso
2856 5461 3071 5534 (Ephes.
3099 5478 3138 5528 I,
3165 5461 3272 5533 10).
3305 5461 3473 5521 Recte

210 5567 277 5606 ex
309 5550 579 5620 adiutorio
606 5557 798 5604 cuncta
827 5548 1065 5619 regentis
1094 5558 1339 5618 possunt.
1375 5548 1450 5603 Dc
1491 5548 1594 5602 hac
1639 5561 1794 5600 uam-
1899 5555 2059 5625 igitur
2091 5553 2344 5607 Hosanna
2379 5551 2433 5626 in
2471 5549 2736 5605 altissimis
2781 5552 2835 5606 in
2877 5552 2995 5622 ejus
3036 5550 3193 5605 laude
3235 5549 3470 5616 canitur,

281 5738 308 5764 ι
349 5724 506 5779 Auni]
530 5722 847 5793 Gregorium
869 5721 1062 5792 legitur
1087 5738 1302 5790 agenao.

619 5817 884 5876 Ρλτιιοι..
937 5814 1164 5881 CXIX,
1407 5854 1409 5856 -
1655 5860 1659 5864 Α

2989 5810 3030 5864 '2

1907 2915 2027 2970 dem
2053 2916 2282 2970 salutem
2315 2917 2598 2972 moriendo
2621 2926 2678 2972 et
2703 2920 3033 2988 resurgendo
3069 2919 3318 2990 perfecit.
3346 2921 3512 2975 Mora
3608 2942 3613 2947 ·
