  <div class='ocr_page' id='page_1' title='image "/cluster/home/n/w/nwhite01/storage/ocr_20150623/119/hvd.32044015466915/027.png"; bbox 0 0 4050 6302; ppageno 0'>
   <div class='ocr_carea' id='block_1_1' title="bbox 562 2675 590 2697">
    <p class='ocr_par' dir='ltr' id='par_1_1' title="bbox 562 2675 590 2697">
     <span class='ocr_line' id='line_1_1' title="bbox 562 2675 590 2697; baseline 0 0"><span class='ocrx_word' id='word_1_1' title='bbox 562 2675 590 2697; x_wconf 62' lang='grc' dir='ltr'>Ο</span> 
     </span>
    </p>
   </div>
   <div class='ocr_carea' id='block_1_2' title="bbox 589 412 658 465">
    <p class='ocr_par' dir='ltr' id='par_1_2' title="bbox 589 412 658 465">
     <span class='ocr_line' id='line_1_2' title="bbox 589 412 658 465; baseline -0.029 0"><span class='ocrx_word' id='word_1_2' title='bbox 589 412 658 465; x_wconf 69' lang='grc'><strong>45</strong></span> 
     </span>
    </p>
   </div>
   <div class='ocr_carea' id='block_1_3' title="bbox 1684 379 2718 448">
    <p class='ocr_par' dir='ltr' id='par_1_3' title="bbox 1684 379 2718 448">
     <span class='ocr_line' id='line_1_3' title="bbox 1684 379 2718 448; baseline -0.013 0"><span class='ocrx_word' id='word_1_3' title='bbox 1684 391 1886 448; x_wconf 77' lang='lat' dir='ltr'><strong>FLOR!</strong></span> <span class='ocrx_word' id='word_1_4' title='bbox 1929 385 2198 443; x_wconf 69' lang='lat' dir='ltr'><strong>DIACONI</strong></span> <span class='ocrx_word' id='word_1_5' title='bbox 2237 381 2370 436; x_wconf 83' lang='lat' dir='ltr'><strong>LUC</strong></span> <span class='ocrx_word' id='word_1_6' title='bbox 2382 379 2718 436; x_wconf 72' lang='lat' dir='ltr'><strong>DUNENSIS</strong></span> 
     </span>
    </p>
   </div>
   <div class='ocr_carea' id='block_1_4' title="bbox 3785 376 3846 431">
    <p class='ocr_par' dir='ltr' id='par_1_4' title="bbox 3785 376 3846 431">
     <span class='ocr_line' id='line_1_4' title="bbox 3785 376 3846 431; baseline 0.049 -3"><span class='ocrx_word' id='word_1_7' title='bbox 3785 376 3846 431; x_wconf 72' lang='grc' dir='ltr'><strong>ιι</strong></span> 
     </span>
    </p>
   </div>
   <div class='ocr_carea' id='block_1_5' title="bbox 591 487 3849 594">
    <p class='ocr_par' dir='ltr' id='par_1_5' title="bbox 591 487 3849 594">
     <span class='ocr_line' id='line_1_5' title="bbox 591 487 3849 594; baseline -0.015 -16"><span class='ocrx_word' id='word_1_8' title='bbox 591 525 744 594; x_wconf 83' lang='lat' dir='ltr'><strong>cujus</strong></span> <span class='ocrx_word' id='word_1_9' title='bbox 795 529 904 574; x_wconf 90' lang='lat' dir='ltr'><strong>tota</strong></span> <span class='ocrx_word' id='word_1_10' title='bbox 949 513 1336 571; x_wconf 73' lang='lat' dir='ltr'><strong>incarnationis</strong></span> <span class='ocrx_word' id='word_1_11' title='bbox 1377 505 1701 576; x_wconf 75' lang='lat' dir='ltr'><strong>dispensatio</strong></span> <span class='ocrx_word' id='word_1_12' title='bbox 1747 519 1843 572; x_wconf 92' lang='lat' dir='ltr'><strong>pro</strong></span> <span class='ocrx_word' id='word_1_13' title='bbox 1895 499 2162 570; x_wconf 87' lang='lat' dir='ltr'><strong>implenda</strong></span> <span class='ocrx_word' id='word_1_14' title='bbox 2191 499 2238 556; x_wconf 80' lang='grc' dir='ltr'><strong>Α</strong></span> <span class='ocrx_word' id='word_1_15' title='bbox 2267 496 2460 550; x_wconf 86' lang='lat' dir='ltr'><strong>habeat</strong></span> <span class='ocrx_word' id='word_1_16' title='bbox 2489 503 2543 548; x_wconf 92' lang='lat' dir='ltr'><strong>et</strong></span> <span class='ocrx_word' id='word_1_17' title='bbox 2572 491 2892 548; x_wconf 87' lang='lat' dir='ltr'><strong>benedicat‘!</strong></span> <span class='ocrx_word' id='word_1_18' title='bbox 2918 488 3266 543; x_wconf 84' lang='lat' dir='ltr'><strong>Sacerdotum</strong></span> <span class='ocrx_word' id='word_1_19' title='bbox 3299 494 3381 542; x_wconf 83' lang='lat' dir='ltr'><strong>est</strong></span> <span class='ocrx_word' id='word_1_20' title='bbox 3410 488 3553 542; x_wconf 81' lang='lat' dir='ltr'><strong>enim</strong></span> <span class='ocrx_word' id='word_1_21' title='bbox 3577 487 3777 544; x_wconf 68' lang='grc' dir='ltr'><strong>οπει-ιιο</strong></span> <span class='ocrx_word' id='word_1_22' title='bbox 3801 499 3849 544; x_wconf 55' lang='lat' dir='ltr'><strong>et</strong></span> 
     </span>
    </p>
   </div>
   <div class='ocr_carea' id='block_1_6' title="bbox 593 591 2161 685">
    <p class='ocr_par' dir='ltr' id='par_1_6' title="bbox 593 591 2161 685">
     <span class='ocr_line' id='line_1_6' title="bbox 593 591 2161 685; baseline -0.017 -18"><span class='ocrx_word' id='word_1_23' title='bbox 593 591 763 685; x_wconf 81' lang='lat' dir='ltr'><strong>gloria</strong></span> <span class='ocrx_word' id='word_1_24' title='bbox 802 609 990 680; x_wconf 69' lang='lat' dir='ltr'><strong>patrita</strong></span> <span class='ocrx_word' id='word_1_25' title='bbox 1024 603 1261 661; x_wconf 72' lang='lat' dir='ltr'><strong>cmlestis</strong></span> <span class='ocrx_word' id='word_1_26' title='bbox 1291 597 1555 669; x_wconf 83' lang='lat' dir='ltr'><strong>apparuit.</strong></span> <span class='ocrx_word' id='word_1_27' title='bbox 1597 595 1726 648; x_wconf 83' lang='lat' dir='ltr'><strong>Post</strong></span> <span class='ocrx_word' id='word_1_28' title='bbox 1766 596 1862 647; x_wconf 72' lang='lat' dir='ltr'><strong>llas</strong></span> <span class='ocrx_word' id='word_1_29' title='bbox 1888 591 2072 643; x_wconf 83' lang='lat' dir='ltr'><strong>laudes</strong></span> <span class='ocrx_word' id='word_1_30' title='bbox 2107 595 2161 641; x_wconf 93' lang='lat' dir='ltr'><strong>et</strong></span> 
     </span>
    </p>
   </div>
   <div class='ocr_carea' id='block_1_7' title="bbox 592 679 2162 774">
    <p class='ocr_par' dir='ltr' id='par_1_7' title="bbox 592 679 2162 774">
     <span class='ocr_line' id='line_1_7' title="bbox 592 679 2162 774; baseline -0.017 -16"><span class='ocrx_word' id='word_1_31' title='bbox 592 679 888 774; x_wconf 64' lang='lat' dir='ltr'><strong>gratiarum</strong></span> <span class='ocrx_word' id='word_1_32' title='bbox 929 699 1202 759; x_wconf 90' lang='lat' dir='ltr'><strong>actiones,</strong></span> <span class='ocrx_word' id='word_1_33' title='bbox 1247 706 1343 758; x_wconf 89' lang='lat' dir='ltr'><strong>pro</strong></span> <span class='ocrx_word' id='word_1_34' title='bbox 1376 697 1521 742; x_wconf 89' lang='lat' dir='ltr'><strong>tanta</strong></span> <span class='ocrx_word' id='word_1_35' title='bbox 1562 685 1734 755; x_wconf 60' lang='lat' dir='ltr'><strong>gratia</strong></span> <span class='ocrx_word' id='word_1_36' title='bbox 1781 679 2162 750; x_wconf 81' lang='lat' dir='ltr'><strong>redemptionis</strong></span> 
     </span>
    </p>
   </div>
   <div class='ocr_carea' id='block_1_8' title="bbox 576 773 2160 860">
    <p class='ocr_par' dir='ltr' id='par_1_8' title="bbox 576 773 2160 860">
     <span class='ocr_line' id='line_1_8' title="bbox 576 773 2160 860; baseline -0.018 -12"><span class='ocrx_word' id='word_1_37' title='bbox 576 773 811 858; x_wconf 79' lang='lat' dir='ltr'><strong>nostrae.</strong></span> <span class='ocrx_word' id='word_1_38' title='bbox 844 803 962 860; x_wconf 73' lang='lat' dir='ltr'><strong>quae</strong></span> <span class='ocrx_word' id='word_1_39' title='bbox 1001 787 1053 840; x_wconf 92' lang='lat' dir='ltr'><strong>in</strong></span> <span class='ocrx_word' id='word_1_40' title='bbox 1096 784 1184 838; x_wconf 94' lang='lat' dir='ltr'><strong>illo</strong></span> <span class='ocrx_word' id='word_1_41' title='bbox 1214 780 1392 835; x_wconf 88' lang='lat' dir='ltr'><strong>divino</strong></span> <span class='ocrx_word' id='word_1_42' title='bbox 1429 775 1685 846; x_wconf 85' lang='lat' dir='ltr'><strong>mysterio</strong></span> <span class='ocrx_word' id='word_1_43' title='bbox 1713 773 1891 842; x_wconf 86' lang='lat' dir='ltr'><strong>agitur</strong></span> <span class='ocrx_word' id='word_1_44' title='bbox 1917 780 1972 822; x_wconf 91' lang='lat' dir='ltr'><strong>et</strong></span> <span class='ocrx_word' id='word_1_45' title='bbox 2010 782 2160 822; x_wconf 86' lang='lat' dir='ltr'><strong>com-</strong></span> 
     </span>
    </p>
   </div>
   <div class='ocr_carea' id='block_1_9' title="bbox 595 861 2165 941">
    <p class='ocr_par' dir='ltr' id='par_1_9' title="bbox 595 861 2165 941">
     <span class='ocr_line' id='line_1_9' title="bbox 595 861 2165 941; baseline -0.017 -5"><span class='ocrx_word' id='word_1_46' title='bbox 595 881 900 941; x_wconf 85' lang='lat' dir='ltr'><strong>mendatur,</strong></span> <span class='ocrx_word' id='word_1_47' title='bbox 935 876 1073 930; x_wconf 82' lang='lat' dir='ltr'><strong>facto</strong></span> <span class='ocrx_word' id='word_1_48' title='bbox 1104 871 1268 926; x_wconf 86' lang='lat' dir='ltr'><strong>totius</strong></span> <span class='ocrx_word' id='word_1_49' title='bbox 1294 865 1547 922; x_wconf 71' lang='lat' dir='ltr'><strong>Ecclesitc</strong></span> <span class='ocrx_word' id='word_1_50' title='bbox 1571 862 1802 922; x_wconf 90' lang='lat' dir='ltr'><strong>silentio,</strong></span> <span class='ocrx_word' id='word_1_51' title='bbox 1837 861 1888 912; x_wconf 93' lang='lat' dir='ltr'><strong>in</strong></span> <span class='ocrx_word' id='word_1_52' title='bbox 1916 875 2022 928; x_wconf 85' lang='lat' dir='ltr'><strong>quo</strong></span> <span class='ocrx_word' id='word_1_53' title='bbox 2049 872 2165 910; x_wconf 88' lang='lat' dir='ltr'><strong>ces-</strong></span> 
     </span>
    </p>
   </div>
   <div class='ocr_carea' id='block_1_10' title="bbox 593 949 2167 1034">
    <p class='ocr_par' dir='ltr' id='par_1_10' title="bbox 593 949 2167 1034">
     <span class='ocr_line' id='line_1_10' title="bbox 593 949 2167 1034; baseline -0.018 -6"><span class='ocrx_word' id='word_1_54' title='bbox 593 982 749 1029; x_wconf 88' lang='lat' dir='ltr'><strong>sante</strong></span> <span class='ocrx_word' id='word_1_55' title='bbox 778 969 924 1024; x_wconf 94' lang='lat' dir='ltr'><strong>omni</strong></span> <span class='ocrx_word' id='word_1_56' title='bbox 949 965 1170 1034; x_wconf 80' lang='lat' dir='ltr'><strong>strepitu</strong></span> <span class='ocrx_word' id='word_1_57' title='bbox 1195 961 1480 1015; x_wconf 88' lang='lat' dir='ltr'><strong>verborum</strong></span> <span class='ocrx_word' id='word_1_58' title='bbox 1502 996 1517 1020; x_wconf 96' lang='lat'><strong>,</strong></span> <span class='ocrx_word' id='word_1_59' title='bbox 1547 954 1658 1008; x_wconf 90' lang='lat' dir='ltr'><strong>sola</strong></span> <span class='ocrx_word' id='word_1_60' title='bbox 1685 953 1750 1005; x_wconf 90' lang='lat' dir='ltr'><strong>ad</strong></span> <span class='ocrx_word' id='word_1_61' title='bbox 1776 953 1940 1006; x_wconf 89' lang='lat' dir='ltr'><strong>Deum</strong></span> <span class='ocrx_word' id='word_1_62' title='bbox 1968 949 2167 1018; x_wconf 82' lang='lat' dir='ltr'><strong>diriga-</strong></span> 
     </span>
    </p>
   </div>
   <div class='ocr_carea' id='block_1_11' title="bbox 595 1042 2167 1123">
    <p class='ocr_par' dir='ltr' id='par_1_11' title="bbox 595 1042 2167 1123">
     <span class='ocr_line' id='line_1_11' title="bbox 595 1042 2167 1123; baseline -0.018 -3"><span class='ocrx_word' id='word_1_63' title='bbox 595 1074 683 1120; x_wconf 85' lang='lat' dir='ltr'><strong>tur</strong></span> <span class='ocrx_word' id='word_1_64' title='bbox 713 1059 937 1118; x_wconf 92' lang='lat' dir='ltr'><strong>intentio</strong></span> <span class='ocrx_word' id='word_1_65' title='bbox 961 1100 974 1123; x_wconf 95' lang='lat'><strong>,</strong></span> <span class='ocrx_word' id='word_1_66' title='bbox 1015 1066 1068 1112; x_wconf 91' lang='lat' dir='ltr'><strong>et</strong></span> <span class='ocrx_word' id='word_1_67' title='bbox 1100 1053 1313 1110; x_wconf 78' lang='lat' dir='ltr'><strong>devotio</strong></span> <span class='ocrx_word' id='word_1_68' title='bbox 1359 1049 1620 1110; x_wconf 89' lang='lat' dir='ltr'><strong>cordium,</strong></span> <span class='ocrx_word' id='word_1_69' title='bbox 1661 1043 1877 1098; x_wconf 81' lang='lat' dir='ltr'><strong>sociatis</strong></span> <span class='ocrx_word' id='word_1_70' title='bbox 1911 1042 2010 1096; x_wconf 88' lang='lat' dir='ltr'><strong>sibi</strong></span> <span class='ocrx_word' id='word_1_71' title='bbox 2056 1055 2167 1093; x_wconf 89' lang='lat' dir='ltr'><strong>om-</strong></span> 
     </span>
    </p>
   </div>
   <div class='ocr_carea' id='block_1_12' title="bbox 595 1130 2166 1208">
    <p class='ocr_par' dir='ltr' id='par_1_12' title="bbox 595 1130 2166 1208">
     <span class='ocr_line' id='line_1_12' title="bbox 595 1130 2166 1208; baseline -0.018 0"><span class='ocrx_word' id='word_1_72' title='bbox 595 1153 744 1208; x_wconf 89' lang='lat' dir='ltr'><strong>nium</strong></span> <span class='ocrx_word' id='word_1_73' title='bbox 775 1148 913 1206; x_wconf 89' lang='lat' dir='ltr'><strong>votis</strong></span> <span class='ocrx_word' id='word_1_74' title='bbox 938 1155 992 1201; x_wconf 86' lang='lat' dir='ltr'><strong>et</strong></span> <span class='ocrx_word' id='word_1_75' title='bbox 1016 1141 1332 1205; x_wconf 87' lang='lat' dir='ltr'><strong>desideriis,</strong></span> <span class='ocrx_word' id='word_1_76' title='bbox 1367 1137 1556 1207; x_wconf 80' lang='lat' dir='ltr'><strong>incipit</strong></span> <span class='ocrx_word' id='word_1_77' title='bbox 1582 1133 1832 1189; x_wconf 87' lang='lat' dir='ltr'><strong>sacerdos</strong></span> <span class='ocrx_word' id='word_1_78' title='bbox 1867 1130 2166 1184; x_wconf 89' lang='lat' dir='ltr'><strong>orationem</strong></span> 
     </span>
    </p>
   </div>
   <div class='ocr_carea' id='block_1_13' title="bbox 587 1217 2172 1306">
    <p class='ocr_par' dir='ltr' id='par_1_13' title="bbox 587 1217 2172 1306">
     <span class='ocr_line' id='line_1_13' title="bbox 587 1217 2172 1306; baseline -0.018 -11"><span class='ocrx_word' id='word_1_79' title='bbox 587 1237 838 1301; x_wconf 69' lang='lat' dir='ltr'><strong>fundere,</strong></span> <span class='ocrx_word' id='word_1_80' title='bbox 865 1250 970 1306; x_wconf 90' lang='lat' dir='ltr'><strong>qua</strong></span> <span class='ocrx_word' id='word_1_81' title='bbox 1000 1235 1174 1304; x_wconf 89' lang='lat' dir='ltr'><strong>ipsum</strong></span> <span class='ocrx_word' id='word_1_82' title='bbox 1205 1228 1521 1301; x_wconf 85' lang='lat' dir='ltr'><strong>mysterium</strong></span> <span class='ocrx_word' id='word_1_83' title='bbox 1554 1220 1816 1279; x_wconf 88' lang='lat' dir='ltr'><strong>Dominici</strong></span> <span class='ocrx_word' id='word_1_84' title='bbox 1847 1217 2089 1286; x_wconf 90' lang='lat' dir='ltr'><strong>corporis</strong></span> <span class='ocrx_word' id='word_1_85' title='bbox 2116 1224 2172 1269; x_wconf 92' lang='lat' dir='ltr'><strong>et</strong></span> 
     </span>
    </p>
   </div>
   <div class='ocr_carea' id='block_1_14' title="bbox 595 1309 2169 1401">
    <p class='ocr_par' dir='ltr' id='par_1_14' title="bbox 595 1309 2169 1401">
     <span class='ocr_line' id='line_1_14' title="bbox 595 1309 2169 1401; baseline -0.017 -15"><span class='ocrx_word' id='word_1_86' title='bbox 595 1329 874 1401; x_wconf 86' lang='lat' dir='ltr'><strong>sanguinis</strong></span> <span class='ocrx_word' id='word_1_87' title='bbox 893 1333 1271 1382; x_wconf 88' lang='lat' dir='ltr'><strong>consecratur.</strong></span> <span class='ocrx_word' id='word_1_88' title='bbox 1308 1322 1400 1376; x_wconf 90' lang='lat' dir='ltr'><strong>Sic</strong></span> <span class='ocrx_word' id='word_1_89' title='bbox 1425 1319 1570 1374; x_wconf 90' lang='lat' dir='ltr'><strong>enim</strong></span> <span class='ocrx_word' id='word_1_90' title='bbox 1611 1322 1855 1386; x_wconf 86' lang='lat' dir='ltr'><strong>oportet,</strong></span> <span class='ocrx_word' id='word_1_91' title='bbox 1899 1321 1956 1365; x_wconf 91' lang='lat' dir='ltr'><strong>ut</strong></span> <span class='ocrx_word' id='word_1_92' title='bbox 1996 1311 2048 1363; x_wconf 91' lang='lat' dir='ltr'><strong>in</strong></span> <span class='ocrx_word' id='word_1_93' title='bbox 2080 1309 2169 1362; x_wconf 92' lang='lat' dir='ltr'><strong>illa</strong></span> 
     </span>
    </p>
   </div>
   <div class='ocr_carea' id='block_1_15' title="bbox 584 1401 2174 1478">
    <p class='ocr_par' dir='ltr' id='par_1_15' title="bbox 584 1401 2174 1478">
     <span class='ocr_line' id='line_1_15' title="bbox 584 1401 2174 1478; baseline -0.018 1"><span class='ocrx_word' id='word_1_94' title='bbox 584 1425 729 1478; x_wconf 83' lang='lat' dir='ltr'><strong>hora</strong></span> <span class='ocrx_word' id='word_1_95' title='bbox 763 1428 868 1475; x_wconf 88' lang='lat' dir='ltr'><strong>tam</strong></span> <span class='ocrx_word' id='word_1_96' title='bbox 899 1432 1068 1475; x_wconf 83' lang='lat' dir='ltr'><strong>sacrae</strong></span> <span class='ocrx_word' id='word_1_97' title='bbox 1092 1425 1147 1470; x_wconf 89' lang='lat' dir='ltr'><strong>et</strong></span> <span class='ocrx_word' id='word_1_98' title='bbox 1169 1415 1362 1470; x_wconf 72' lang='lat' dir='ltr'><strong>divina:</strong></span> <span class='ocrx_word' id='word_1_99' title='bbox 1386 1408 1634 1471; x_wconf 80' lang='lat' dir='ltr'><strong>actionis,</strong></span> <span class='ocrx_word' id='word_1_100' title='bbox 1669 1413 1780 1460; x_wconf 86' lang='lat' dir='ltr'><strong>tota</strong></span> <span class='ocrx_word' id='word_1_101' title='bbox 1809 1418 1906 1472; x_wconf 90' lang='lat' dir='ltr'><strong>per</strong></span> <span class='ocrx_word' id='word_1_102' title='bbox 1933 1401 2027 1455; x_wconf 86' lang='lat' dir='ltr'><strong>Dei</strong></span> <span class='ocrx_word' id='word_1_103' title='bbox 2052 1414 2174 1470; x_wconf 88' lang='lat' dir='ltr'><strong>gra-</strong></span> 
     </span>
    </p>
   </div>
   <div class='ocr_carea' id='block_1_16' title="bbox 599 1498 2175 1576">
    <p class='ocr_par' dir='ltr' id='par_1_16' title="bbox 599 1498 2175 1576">
     <span class='ocr_line' id='line_1_16' title="bbox 599 1498 2175 1576; baseline -0.016 -9"><span class='ocrx_word' id='word_1_104' title='bbox 599 1513 730 1567; x_wconf 85' lang='lat' dir='ltr'><strong>tiam</strong></span> <span class='ocrx_word' id='word_1_105' title='bbox 781 1526 812 1564; x_wconf 89' lang='lat' dir='ltr'><strong>a</strong></span> <span class='ocrx_word' id='word_1_106' title='bbox 854 1508 1087 1566; x_wconf 83' lang='lat' dir='ltr'><strong>terrenis</strong></span> <span class='ocrx_word' id='word_1_107' title='bbox 1135 1501 1548 1576; x_wconf 82' lang='lat' dir='ltr'><strong>cogitationibus</strong></span> <span class='ocrx_word' id='word_1_108' title='bbox 1600 1505 1778 1551; x_wconf 90' lang='lat' dir='ltr'><strong>mente</strong></span> <span class='ocrx_word' id='word_1_109' title='bbox 1830 1500 2074 1562; x_wconf 87' lang='lat' dir='ltr'><strong>separata</strong></span> <span class='ocrx_word' id='word_1_110' title='bbox 2120 1498 2175 1543; x_wconf 89' lang='lat' dir='ltr'><strong>et</strong></span> 
     </span>
    </p>
   </div>
   <div class='ocr_carea' id='block_1_17' title="bbox 588 1579 2176 1658">
    <p class='ocr_par' dir='ltr' id='par_1_17' title="bbox 588 1579 2176 1658">
     <span class='ocr_line' id='line_1_17' title="bbox 588 1579 2176 1658; baseline -0.016 0"><span class='ocrx_word' id='word_1_111' title='bbox 588 1591 839 1658; x_wconf 74' lang='lat' dir='ltr'><strong>Ecclesia</strong></span> <span class='ocrx_word' id='word_1_112' title='bbox 862 1589 982 1655; x_wconf 85' lang='lat' dir='ltr'><strong>cum</strong></span> <span class='ocrx_word' id='word_1_113' title='bbox 1004 1595 1283 1652; x_wconf 89' lang='lat' dir='ltr'><strong>sacerdote</strong></span> <span class='ocrx_word' id='word_1_114' title='bbox 1309 1599 1363 1646; x_wconf 87' lang='lat' dir='ltr'><strong>et</strong></span> <span class='ocrx_word' id='word_1_115' title='bbox 1390 1588 1642 1644; x_wconf 88' lang='lat' dir='ltr'><strong>sacerdos</strong></span> <span class='ocrx_word' id='word_1_116' title='bbox 1670 1599 1790 1639; x_wconf 90' lang='lat' dir='ltr'><strong>cum</strong></span> <span class='ocrx_word' id='word_1_117' title='bbox 1806 1581 2043 1635; x_wconf 88' lang='lat' dir='ltr'><strong>Ecclesia</strong></span> <span class='ocrx_word' id='word_1_118' title='bbox 2070 1579 2176 1648; x_wconf 90' lang='lat' dir='ltr'><strong>spi-</strong></span> 
     </span>
    </p>
   </div>
   <div class='ocr_carea' id='block_1_18' title="bbox 587 1673 2177 1748">
    <p class='ocr_par' dir='ltr' id='par_1_18' title="bbox 587 1673 2177 1748">
     <span class='ocr_line' id='line_1_18' title="bbox 587 1673 2177 1748; baseline -0.018 0"><span class='ocrx_word' id='word_1_119' title='bbox 587 1689 1040 1748; x_wconf 43' lang='lat' dir='ltr'><strong>‘ritalidesideri&#39;o</strong></span> <span class='ocrx_word' id='word_1_120' title='bbox 1077 1687 1241 1740; x_wconf 88' lang='lat' dir='ltr'><strong>intret</strong></span> <span class='ocrx_word' id='word_1_121' title='bbox 1268 1683 1321 1737; x_wconf 93' lang='lat' dir='ltr'><strong>in</strong></span> <span class='ocrx_word' id='word_1_122' title='bbox 1353 1677 1717 1736; x_wconf 88' lang='lat' dir='ltr'><strong>sanctuarium</strong></span> <span class='ocrx_word' id='word_1_123' title='bbox 1753 1673 1848 1726; x_wconf 86' lang='lat' dir='ltr'><strong>Dei</strong></span> <span class='ocrx_word' id='word_1_124' title='bbox 1885 1683 2177 1739; x_wconf 88' lang='lat' dir='ltr'><strong>supernum</strong></span> 
     </span>
    </p>
   </div>
   <div class='ocr_carea' id='block_1_19' title="bbox 595 1759 2177 1849">
    <p class='ocr_par' dir='ltr' id='par_1_19' title="bbox 595 1759 2177 1849">
     <span class='ocr_line' id='line_1_19' title="bbox 595 1759 2177 1849; baseline -0.02 -6"><span class='ocrx_word' id='word_1_125' title='bbox 595 1791 958 1843; x_wconf 62' lang='lat' dir='ltr'><strong>et‘tete’rnum.</strong></span> <span class='ocrx_word' id='word_1_126' title='bbox 985 1781 1052 1836; x_wconf 87' lang='lat' dir='ltr'><strong>Et</strong></span> <span class='ocrx_word' id='word_1_127' title='bbox 1076 1775 1328 1849; x_wconf 87' lang='lat' dir='ltr'><strong>quoniam</strong></span> <span class='ocrx_word' id='word_1_128' title='bbox 1359 1771 1587 1842; x_wconf 81' lang='lat' dir='ltr'><strong>Spiritus</strong></span> <span class='ocrx_word' id='word_1_129' title='bbox 1618 1776 1691 1822; x_wconf 85' lang='lat' dir='ltr'><strong>est</strong></span> <span class='ocrx_word' id='word_1_130' title='bbox 1717 1765 1877 1828; x_wconf 87' lang='lat' dir='ltr'><strong>Deus,</strong></span> <span class='ocrx_word' id='word_1_131' title='bbox 1899 1773 1946 1816; x_wconf 91' lang='lat' dir='ltr'><strong>et</strong></span> <span class='ocrx_word' id='word_1_132' title='bbox 1976 1777 2061 1814; x_wconf 88' lang='lat' dir='ltr'><strong>eos</strong></span> <span class='ocrx_word' id='word_1_133' title='bbox 2088 1759 2177 1831; x_wconf 87' lang='lat' dir='ltr'><strong>qui</strong></span> 
     </span>
    </p>
   </div>
   <div class='ocr_carea' id='block_1_20' title="bbox 2265 577 3849 654">
    <p class='ocr_par' dir='ltr' id='par_1_20' title="bbox 2265 577 3849 654">
     <span class='ocr_line' id='line_1_20' title="bbox 2265 577 3849 654; baseline -0.005 -13"><span class='ocrx_word' id='word_1_134' title='bbox 2265 585 2603 654; x_wconf 72' lang='lat' dir='ltr'><strong>maiestatem</strong></span> <span class='ocrx_word' id='word_1_135' title='bbox 2647 583 2739 637; x_wconf 87' lang='lat' dir='ltr'><strong>Dei</strong></span> <span class='ocrx_word' id='word_1_136' title='bbox 2784 582 3066 644; x_wconf 82' lang='lat' dir='ltr'><strong>invocare;</strong></span> <span class='ocrx_word' id='word_1_137' title='bbox 3114 577 3206 632; x_wconf 89' lang='lat' dir='ltr'><strong>Dei</strong></span> <span class='ocrx_word' id='word_1_138' title='bbox 3243 587 3328 633; x_wconf 89' lang='lat' dir='ltr'><strong>est</strong></span> <span class='ocrx_word' id='word_1_139' title='bbox 3355 585 3534 631; x_wconf 85' lang='lat' dir='ltr'><strong>autem</strong></span> <span class='ocrx_word' id='word_1_140' title='bbox 3563 579 3849 648; x_wconf 83' lang='lat' dir='ltr'><strong>dignanter</strong></span> 
     </span>
    </p>
   </div>
   <div class='ocr_carea' id='block_1_21' title="bbox 2264 668 3843 746">
    <p class='ocr_par' dir='ltr' id='par_1_21' title="bbox 2264 668 3843 746">
     <span class='ocr_line' id='line_1_21' title="bbox 2264 668 3843 746; baseline -0.005 -14"><span class='ocrx_word' id='word_1_141' title='bbox 2264 679 2555 746; x_wconf 90' lang='lat' dir='ltr'><strong>suscipere,</strong></span> <span class='ocrx_word' id='word_1_142' title='bbox 2593 685 2646 729; x_wconf 90' lang='lat' dir='ltr'><strong>et</strong></span> <span class='ocrx_word' id='word_1_143' title='bbox 2672 689 2734 728; x_wconf 89' lang='lat' dir='ltr'><strong>ea</strong></span> <span class='ocrx_word' id='word_1_144' title='bbox 2762 687 2881 741; x_wconf 77' lang='lat' dir='ltr'><strong>qua:</strong></span> <span class='ocrx_word' id='word_1_145' title='bbox 2917 671 3219 727; x_wconf 79' lang='lat' dir='ltr'><strong>offeruntur</strong></span> <span class='ocrx_word' id='word_1_146' title='bbox 3245 668 3596 732; x_wconf 87' lang='lat' dir='ltr'><strong>benedicere,</strong></span> <span class='ocrx_word' id='word_1_147' title='bbox 3622 670 3763 724; x_wconf 88' lang='lat' dir='ltr'><strong>sicut</strong></span> <span class='ocrx_word' id='word_1_148' title='bbox 3794 672 3843 724; x_wconf 91' lang='lat' dir='ltr'><strong>in</strong></span> 
     </span>
    </p>
   </div>
   <div class='ocr_carea' id='block_1_22' title="bbox 2263 755 3850 836">
    <p class='ocr_par' dir='ltr' id='par_1_22' title="bbox 2263 755 3850 836">
     <span class='ocr_line' id='line_1_22' title="bbox 2263 755 3850 836; baseline -0.004 -16"><span class='ocrx_word' id='word_1_149' title='bbox 2263 767 2380 835; x_wconf 88' lang='lat' dir='ltr'><strong>lege</strong></span> <span class='ocrx_word' id='word_1_150' title='bbox 2403 765 2647 836; x_wconf 71' lang='lat' dir='ltr'><strong>pnecipit</strong></span> <span class='ocrx_word' id='word_1_151' title='bbox 2670 761 3039 818; x_wconf 88' lang='lat' dir='ltr'><strong>sacerdotibus</strong></span> <span class='ocrx_word' id='word_1_152' title='bbox 3066 761 3250 815; x_wconf 91' lang='lat' dir='ltr'><strong>dicens</strong></span> <span class='ocrx_word' id='word_1_153' title='bbox 3279 777 3292 810; x_wconf 88' lang='lat'><strong>:</strong></span> <span class='ocrx_word' id='word_1_154' title='bbox 3323 755 3410 812; x_wconf 89' lang='lat' dir='ltr'><strong>Sic</strong></span> <span class='ocrx_word' id='word_1_155' title='bbox 3453 759 3758 813; x_wconf 85' lang='lat' dir='ltr'><strong>benedicetis</strong></span> <span class='ocrx_word' id='word_1_156' title='bbox 3796 758 3850 827; x_wconf 71' lang='lat' dir='ltr'><strong>ﬁ-</strong></span> 
     </span>
    </p>
   </div>
   <div class='ocr_carea' id='block_1_23' title="bbox 2265 845 3846 918">
    <p class='ocr_par' dir='ltr' id='par_1_23' title="bbox 2265 845 3846 918">
     <span class='ocr_line' id='line_1_23' title="bbox 2265 845 3846 918; baseline -0.004 -10"><span class='ocrx_word' id='word_1_157' title='bbox 2265 855 2348 910; x_wconf 84' lang='lat' dir='ltr'><strong>liis</strong></span> <span class='ocrx_word' id='word_1_158' title='bbox 2373 854 2561 918; x_wconf 82' lang='lat' dir='ltr'><strong>Israel,</strong></span> <span class='ocrx_word' id='word_1_159' title='bbox 2598 863 2646 908; x_wconf 91' lang='lat' dir='ltr'><strong>et</strong></span> <span class='ocrx_word' id='word_1_160' title='bbox 2684 851 2867 906; x_wconf 80' lang='lat' dir='ltr'><strong>dicetis</strong></span> <span class='ocrx_word' id='word_1_161' title='bbox 2907 851 3000 914; x_wconf 89' lang='lat' dir='ltr'><strong>eis,</strong></span> <span class='ocrx_word' id='word_1_162' title='bbox 3030 858 3084 904; x_wconf 93' lang='lat' dir='ltr'><strong>et</strong></span> <span class='ocrx_word' id='word_1_163' title='bbox 3109 856 3233 918; x_wconf 93' lang='lat' dir='ltr'><strong>post</strong></span> <span class='ocrx_word' id='word_1_164' title='bbox 3267 848 3430 901; x_wconf 84' lang='lat' dir='ltr'><strong>verba</strong></span> <span class='ocrx_word' id='word_1_165' title='bbox 3461 845 3846 902; x_wconf 84' lang='lat' dir='ltr'><strong>benedictionis</strong></span> 
     </span>
    </p>
   </div>
   <div class='ocr_carea' id='block_1_24' title="bbox 2267 936 3849 1018">
    <p class='ocr_par' dir='ltr' id='par_1_24' title="bbox 2267 936 3849 1018">
     <span class='ocr_line' id='line_1_24' title="bbox 2267 936 3849 1018; baseline -0.008 -16"><span class='ocrx_word' id='word_1_166' title='bbox 2267 947 2567 1018; x_wconf 85' lang='lat' dir='ltr'><strong>subjungit:</strong></span> <span class='ocrx_word' id='word_1_167' title='bbox 2585 943 2906 999; x_wconf 83' lang='lat' dir='ltr'><strong>Invocabunt</strong></span> <span class='ocrx_word' id='word_1_168' title='bbox 2938 957 3123 994; x_wconf 82' lang='lat' dir='ltr'><strong>nomen</strong></span> <span class='ocrx_word' id='word_1_169' title='bbox 3147 953 3316 992; x_wconf 88' lang='lat' dir='ltr'><strong>meum</strong></span> <span class='ocrx_word' id='word_1_170' title='bbox 3347 953 3502 1008; x_wconf 90' lang='lat' dir='ltr'><strong>super</strong></span> <span class='ocrx_word' id='word_1_171' title='bbox 3522 937 3663 1006; x_wconf 82' lang='lat' dir='ltr'><strong>ﬁlios</strong></span> <span class='ocrx_word' id='word_1_172' title='bbox 3688 936 3849 992; x_wconf 80' lang='lat' dir='ltr'><strong>Israel</strong></span> 
     </span>
    </p>
   </div>
   <div class='ocr_carea' id='block_1_25' title="bbox 2257 1026 3848 1104">
    <p class='ocr_par' dir='ltr' id='par_1_25' title="bbox 2257 1026 3848 1104">
     <span class='ocr_line' id='line_1_25' title="bbox 2257 1026 3848 1104; baseline -0.006 -14"><span class='ocrx_word' id='word_1_173' title='bbox 2257 1043 2316 1090; x_wconf 81' lang='lat' dir='ltr'><strong>et</strong></span> <span class='ocrx_word' id='word_1_174' title='bbox 2356 1053 2447 1104; x_wconf 88' lang='lat' dir='ltr'><strong>ego</strong></span> <span class='ocrx_word' id='word_1_175' title='bbox 2494 1034 2792 1089; x_wconf 85' lang='lat' dir='ltr'><strong>benedicam</strong></span> <span class='ocrx_word' id='word_1_176' title='bbox 2825 1033 2897 1086; x_wconf 89' lang='lat' dir='ltr'><strong>eis</strong></span> <span class='ocrx_word' id='word_1_177' title='bbox 2928 1029 3116 1101; x_wconf 87' lang='lat' dir='ltr'><strong>(Num.</strong></span> <span class='ocrx_word' id='word_1_178' title='bbox 3144 1043 3220 1092; x_wconf 81' lang='lat' dir='ltr'><strong>vr,</strong></span> <span class='ocrx_word' id='word_1_179' title='bbox 3247 1027 3340 1091; x_wconf 74' lang='lat'><strong>2&#39;5,</strong></span> <span class='ocrx_word' id='word_1_180' title='bbox 3369 1026 3482 1097; x_wconf 75' lang='lat'><strong>27).</strong></span> <span class='ocrx_word' id='word_1_181' title='bbox 3532 1027 3673 1093; x_wconf 84' lang='lat' dir='ltr'><strong>Quid</strong></span> <span class='ocrx_word' id='word_1_182' title='bbox 3702 1042 3848 1097; x_wconf 88' lang='lat' dir='ltr'><strong>aper—</strong></span> 
     </span>
    </p>
   </div>
   <div class='ocr_carea' id='block_1_26' title="bbox 2270 1118 3847 1190">
    <p class='ocr_par' dir='ltr' id='par_1_26' title="bbox 2270 1118 3847 1190">
     <span class='ocr_line' id='line_1_26' title="bbox 2270 1118 3847 1190; baseline -0.006 -10"><span class='ocrx_word' id='word_1_183' title='bbox 2270 1125 2416 1181; x_wconf 83' lang='lat' dir='ltr'><strong>tius?</strong></span> <span class='ocrx_word' id='word_1_184' title='bbox 2441 1124 2518 1179; x_wconf 88' lang='lat' dir='ltr'><strong>llli</strong></span> <span class='ocrx_word' id='word_1_185' title='bbox 2548 1123 2877 1178; x_wconf 87' lang='lat' dir='ltr'><strong>invocabunt</strong></span> <span class='ocrx_word' id='word_1_186' title='bbox 2904 1128 2959 1175; x_wconf 89' lang='lat' dir='ltr'><strong>et</strong></span> <span class='ocrx_word' id='word_1_187' title='bbox 2983 1134 3084 1190; x_wconf 84' lang='lat' dir='ltr'><strong>ego</strong></span> <span class='ocrx_word' id='word_1_188' title='bbox 3112 1118 3448 1182; x_wconf 88' lang='lat' dir='ltr'><strong>benedicam,</strong></span> <span class='ocrx_word' id='word_1_189' title='bbox 3477 1127 3532 1172; x_wconf 88' lang='lat' dir='ltr'><strong>et</strong></span> <span class='ocrx_word' id='word_1_190' title='bbox 3559 1126 3739 1173; x_wconf 82' lang='lat' dir='ltr'><strong>tamen</strong></span> <span class='ocrx_word' id='word_1_191' title='bbox 3763 1134 3847 1173; x_wconf 87' lang='lat' dir='ltr'><strong>su-</strong></span> 
     </span>
    </p>
   </div>
   <div class='ocr_carea' id='block_1_27' title="bbox 2271 1209 3848 1288">
    <p class='ocr_par' dir='ltr' id='par_1_27' title="bbox 2271 1209 3848 1288">
     <span class='ocr_line' id='line_1_27' title="bbox 2271 1209 3848 1288; baseline -0.005 -16"><span class='ocrx_word' id='word_1_192' title='bbox 2271 1233 2366 1288; x_wconf 88' lang='lat' dir='ltr'><strong>pra</strong></span> <span class='ocrx_word' id='word_1_193' title='bbox 2389 1218 2468 1272; x_wconf 91' lang='lat' dir='ltr'><strong>eis</strong></span> <span class='ocrx_word' id='word_1_194' title='bbox 2491 1217 2722 1280; x_wconf 85' lang='lat' dir='ltr'><strong>dixerat,</strong></span> <span class='ocrx_word' id='word_1_195' title='bbox 2745 1214 2825 1269; x_wconf 91' lang='lat' dir='ltr'><strong>sic</strong></span> <span class='ocrx_word' id='word_1_196' title='bbox 2844 1211 3196 1276; x_wconf 89' lang='lat' dir='ltr'><strong>benedieetis,</strong></span> <span class='ocrx_word' id='word_1_197' title='bbox 3220 1210 3314 1265; x_wconf 89' lang='lat' dir='ltr'><strong>sed</strong></span> <span class='ocrx_word' id='word_1_198' title='bbox 3338 1210 3413 1285; x_wconf 82' lang='lat' dir='ltr'><strong>illi</strong></span> <span class='ocrx_word' id='word_1_199' title='bbox 3439 1209 3738 1275; x_wconf 77' lang='lat' dir='ltr'><strong>exorando,</strong></span> <span class='ocrx_word' id='word_1_200' title='bbox 3767 1209 3848 1264; x_wconf 88' lang='lat' dir='ltr'><strong>ille</strong></span> 
     </span>
    </p>
   </div>
   <div class='ocr_carea' id='block_1_28' title="bbox 2272 1300 3848 1378">
    <p class='ocr_par' dir='ltr' id='par_1_28' title="bbox 2272 1300 3848 1378">
     <span class='ocr_line' id='line_1_28' title="bbox 2272 1300 3848 1378; baseline -0.004 -17"><span class='ocrx_word' id='word_1_201' title='bbox 2272 1303 2678 1378; x_wconf 82' lang='lat' dir='ltr'><strong>largiendo.&#39;lta</strong></span> <span class='ocrx_word' id='word_1_202' title='bbox 2723 1319 2854 1374; x_wconf 83' lang='lat' dir='ltr'><strong>ergo</strong></span> <span class='ocrx_word' id='word_1_203' title='bbox 2884 1313 2939 1358; x_wconf 89' lang='lat' dir='ltr'><strong>et</strong></span> <span class='ocrx_word' id='word_1_204' title='bbox 2967 1303 3022 1356; x_wconf 93' lang='lat' dir='ltr'><strong>in</strong></span> <span class='ocrx_word' id='word_1_205' title='bbox 3067 1301 3340 1356; x_wconf 89' lang='lat' dir='ltr'><strong>oblatione</strong></span> <span class='ocrx_word' id='word_1_206' title='bbox 3384 1300 3554 1355; x_wconf 90' lang='lat' dir='ltr'><strong>divini</strong></span> <span class='ocrx_word' id='word_1_207' title='bbox 3603 1300 3848 1356; x_wconf 79' lang='lat' dir='ltr'><strong>sacrificii</strong></span> 
     </span>
    </p>
   </div>
   <div class='ocr_carea' id='block_1_29' title="bbox 2274 1389 3851 1458">
    <p class='ocr_par' dir='ltr' id='par_1_29' title="bbox 2274 1389 3851 1458">
     <span class='ocr_line' id='line_1_29' title="bbox 2274 1389 3851 1458; baseline -0.006 -6"><span class='ocrx_word' id='word_1_208' title='bbox 2274 1397 2582 1453; x_wconf 80' lang='lat' dir='ltr'><strong>sacerdotes</strong></span> <span class='ocrx_word' id='word_1_209' title='bbox 2610 1395 2866 1450; x_wconf 81' lang='lat' dir='ltr'><strong>exhibent</strong></span> <span class='ocrx_word' id='word_1_210' title='bbox 2887 1390 3145 1446; x_wconf 73' lang='lat' dir='ltr'><strong>olierendi</strong></span> <span class='ocrx_word' id='word_1_211' title='bbox 3177 1398 3234 1444; x_wconf 92' lang='lat' dir='ltr'><strong>et</strong></span> <span class='ocrx_word' id='word_1_212' title='bbox 3255 1389 3589 1458; x_wconf 86' lang='lat' dir='ltr'><strong>supplicandi</strong></span> <span class='ocrx_word' id='word_1_213' title='bbox 3622 1391 3851 1444; x_wconf 86' lang='lat' dir='ltr'><strong>ministe-</strong></span> 
     </span>
    </p>
   </div>
   <div class='ocr_carea' id='block_1_30' title="bbox 2266 1477 3852 1552">
    <p class='ocr_par' dir='ltr' id='par_1_30' title="bbox 2266 1477 3852 1552">
     <span class='ocr_line' id='line_1_30' title="bbox 2266 1477 3852 1552; baseline -0.006 -11"><span class='ocrx_word' id='word_1_214' title='bbox 2266 1489 2444 1552; x_wconf 87' lang='lat' dir='ltr'><strong>rium;</strong></span> <span class='ocrx_word' id='word_1_215' title='bbox 2495 1486 2589 1540; x_wconf 78' lang='lat' dir='ltr'><strong>sed</strong></span> <span class='ocrx_word' id='word_1_216' title='bbox 2640 1486 2782 1540; x_wconf 90' lang='lat' dir='ltr'><strong>Deus</strong></span> <span class='ocrx_word' id='word_1_217' title='bbox 2820 1482 3046 1552; x_wconf 84' lang='lat' dir='ltr'><strong>largitur</strong></span> <span class='ocrx_word' id='word_1_218' title='bbox 3087 1478 3477 1535; x_wconf 88' lang='lat' dir='ltr'><strong>benedictionis</strong></span> <span class='ocrx_word' id='word_1_219' title='bbox 3524 1477 3726 1532; x_wconf 89' lang='lat' dir='ltr'><strong>donum</strong></span> <span class='ocrx_word' id='word_1_220' title='bbox 3763 1493 3852 1547; x_wconf 90' lang='lat' dir='ltr'><strong>per</strong></span> 
     </span>
    </p>
   </div>
   <div class='ocr_carea' id='block_1_31' title="bbox 2275 1567 3853 1638">
    <p class='ocr_par' dir='ltr' id='par_1_31' title="bbox 2275 1567 3853 1638">
     <span class='ocr_line' id='line_1_31' title="bbox 2275 1567 3853 1638; baseline -0.006 -7"><span class='ocrx_word' id='word_1_221' title='bbox 2275 1592 2441 1631; x_wconf 91' lang='lat' dir='ltr'><strong>unum</strong></span> <span class='ocrx_word' id='word_1_222' title='bbox 2469 1585 2525 1630; x_wconf 88' lang='lat' dir='ltr'><strong>et</strong></span> <span class='ocrx_word' id='word_1_223' title='bbox 2553 1588 2741 1629; x_wconf 87' lang='lat' dir='ltr'><strong>verum</strong></span> <span class='ocrx_word' id='word_1_224' title='bbox 2763 1571 3117 1633; x_wconf 89' lang='lat' dir='ltr'><strong>sacerdotem,</strong></span> <span class='ocrx_word' id='word_1_225' title='bbox 3146 1582 3243 1638; x_wconf 89' lang='lat' dir='ltr'><strong>per</strong></span> <span class='ocrx_word' id='word_1_226' title='bbox 3267 1581 3426 1637; x_wconf 88' lang='lat' dir='ltr'><strong>quem</strong></span> <span class='ocrx_word' id='word_1_227' title='bbox 3455 1574 3510 1622; x_wconf 87' lang='lat' dir='ltr'><strong>et</strong></span> <span class='ocrx_word' id='word_1_228' title='bbox 3537 1567 3719 1622; x_wconf 91' lang='lat' dir='ltr'><strong>oblata</strong></span> <span class='ocrx_word' id='word_1_229' title='bbox 3745 1575 3853 1622; x_wconf 81' lang='lat' dir='ltr'><strong>sau-</strong></span> 
     </span>
    </p>
   </div>
   <div class='ocr_carea' id='block_1_32' title="bbox 2279 1656 3717 1729">
    <p class='ocr_par' dir='ltr' id='par_1_32' title="bbox 2279 1656 3717 1729">
     <span class='ocr_line' id='line_1_32' title="bbox 2279 1656 3717 1729; baseline -0.009 -10"><span class='ocrx_word' id='word_1_230' title='bbox 2279 1666 2499 1729; x_wconf 86' lang='lat' dir='ltr'><strong>ctillcat,</strong></span> <span class='ocrx_word' id='word_1_231' title='bbox 2529 1673 2585 1717; x_wconf 92' lang='lat' dir='ltr'><strong>et</strong></span> <span class='ocrx_word' id='word_1_232' title='bbox 2617 1661 2949 1716; x_wconf 74' lang='lat' dir='ltr'><strong>sanctificata</strong></span> <span class='ocrx_word' id='word_1_233' title='bbox 2990 1666 3267 1727; x_wconf 89' lang='lat' dir='ltr'><strong>acceptat,</strong></span> <span class='ocrx_word' id='word_1_234' title='bbox 3301 1656 3488 1711; x_wconf 92' lang='lat' dir='ltr'><strong>dicunt</strong></span> <span class='ocrx_word' id='word_1_235' title='bbox 3515 1657 3717 1726; x_wconf 86' lang='lat' dir='ltr'><strong>itaque.</strong></span> 
     </span>
    </p>
   </div>
   <div class='ocr_carea' id='block_1_33' title="bbox 2346 1747 3848 1821">
    <p class='ocr_par' dir='ltr' id='par_1_33' title="bbox 2346 1747 3848 1821">
     <span class='ocr_line' id='line_1_33' title="bbox 2346 1747 3848 1821; baseline -0.007 -11"><span class='ocrx_word' id='word_1_236' title='bbox 2346 1755 2437 1810; x_wconf 67' lang='grc'><strong>44.</strong></span> <span class='ocrx_word' id='word_1_237' title='bbox 2473 1752 2561 1808; x_wconf 86' lang='lat' dir='ltr'><strong>Uti</strong></span> <span class='ocrx_word' id='word_1_238' title='bbox 2581 1761 2790 1821; x_wconf 84' lang='lat' dir='ltr'><strong>accepta</strong></span> <span class='ocrx_word' id='word_1_239' title='bbox 2815 1751 3004 1804; x_wconf 82' lang='lat' dir='ltr'><strong>habeas</strong></span> <span class='ocrx_word' id='word_1_240' title='bbox 3031 1759 3079 1804; x_wconf 90' lang='lat' dir='ltr'><strong>et</strong></span> <span class='ocrx_word' id='word_1_241' title='bbox 3111 1748 3407 1811; x_wconf 87' lang='lat' dir='ltr'><strong>benedicas,</strong></span> <span class='ocrx_word' id='word_1_242' title='bbox 3435 1762 3496 1801; x_wconf 91' lang='lat' dir='ltr'><strong>ac</strong></span> <span class='ocrx_word' id='word_1_243' title='bbox 3545 1747 3596 1802; x_wconf 89' lang='lat' dir='ltr'><strong>si</strong></span> <span class='ocrx_word' id='word_1_244' title='bbox 3647 1747 3848 1816; x_wconf 83' lang='lat' dir='ltr'><strong>suppli-</strong></span> 
     </span>
    </p>
   </div>
   <div class='ocr_carea' id='block_1_34' title="bbox 595 1835 3856 1936">
    <p class='ocr_par' dir='ltr' id='par_1_34' title="bbox 595 1835 3856 1936">
     <span class='ocr_line' id='line_1_34' title="bbox 595 1835 3856 1936; baseline -0.012 -5"><span class='ocrx_word' id='word_1_245' title='bbox 595 1877 825 1932; x_wconf 86' lang='lat' dir='ltr'><strong>adorant</strong></span> <span class='ocrx_word' id='word_1_246' title='bbox 873 1886 989 1926; x_wconf 87' lang='lat' dir='ltr'><strong>eum</strong></span> <span class='ocrx_word' id='word_1_247' title='bbox 1029 1869 1092 1921; x_wconf 82' lang='lat' dir='ltr'><strong>in</strong></span> <span class='ocrx_word' id='word_1_248' title='bbox 1139 1867 1327 1936; x_wconf 79' lang='lat' dir='ltr'><strong>spiritu</strong></span> <span class='ocrx_word' id='word_1_249' title='bbox 1364 1870 1410 1916; x_wconf 86' lang='lat' dir='ltr'><strong>et</strong></span> <span class='ocrx_word' id='word_1_250' title='bbox 1455 1859 1667 1915; x_wconf 83' lang='lat' dir='ltr'><strong>veritate</strong></span> <span class='ocrx_word' id='word_1_251' title='bbox 1708 1860 1902 1924; x_wconf 84' lang='lat' dir='ltr'><strong>oportet</strong></span> <span class='ocrx_word' id='word_1_252' title='bbox 1958 1850 2182 1903; x_wconf 87' lang='lat' dir='ltr'><strong>adorare</strong></span> <span class='ocrx_word' id='word_1_253' title='bbox 2209 1835 2256 1896; x_wconf 80' lang='grc' dir='ltr'><strong>Β</strong></span> <span class='ocrx_word' id='word_1_254' title='bbox 2287 1858 2368 1903; x_wconf 90' lang='lat' dir='ltr'><strong>ter</strong></span> <span class='ocrx_word' id='word_1_255' title='bbox 2388 1847 2564 1901; x_wconf 87' lang='lat' dir='ltr'><strong>dicant</strong></span> <span class='ocrx_word' id='word_1_256' title='bbox 2605 1863 2618 1898; x_wconf 86' lang='lat'><strong>:</strong></span> <span class='ocrx_word' id='word_1_257' title='bbox 2653 1843 2890 1897; x_wconf 90' lang='lat' dir='ltr'><strong>Petimus</strong></span> <span class='ocrx_word' id='word_1_258' title='bbox 2919 1849 2978 1896; x_wconf 91' lang='lat' dir='ltr'><strong>ut</strong></span> <span class='ocrx_word' id='word_1_259' title='bbox 3010 1841 3128 1895; x_wconf 76' lang='lat' dir='ltr'><strong>lucc</strong></span> <span class='ocrx_word' id='word_1_260' title='bbox 3165 1838 3369 1909; x_wconf 88' lang='lat' dir='ltr'><strong>Spiritu</strong></span> <span class='ocrx_word' id='word_1_261' title='bbox 3418 1846 3508 1892; x_wconf 92' lang='lat' dir='ltr'><strong>tuo</strong></span> <span class='ocrx_word' id='word_1_262' title='bbox 3559 1837 3856 1893; x_wconf 83' lang='lat' dir='ltr'><strong>sanctiﬂces</strong></span> 
     </span>
    </p>
   </div>
   <div class='ocr_carea' id='block_1_35' title="bbox 595 1933 2179 2037">
    <p class='ocr_par' dir='ltr' id='par_1_35' title="bbox 595 1933 2179 2037">
     <span class='ocr_line' id='line_1_35' title="bbox 595 1933 2179 2037; baseline -0.02 -17"><span class='ocrx_word' id='word_1_263' title='bbox 595 1965 783 2037; x_wconf 88' lang='lat' dir='ltr'><strong>(Joan.</strong></span> <span class='ocrx_word' id='word_1_264' title='bbox 817 1977 892 2026; x_wconf 81' lang='lat' dir='ltr'><strong>tv,</strong></span> <span class='ocrx_word' id='word_1_265' title='bbox 918 1957 1032 2029; x_wconf 71' lang='lat'><strong>24).</strong></span> <span class='ocrx_word' id='word_1_266' title='bbox 1072 1933 1210 2010; x_wconf 86' lang='lat' dir='ltr'><strong>Nam</strong></span> <span class='ocrx_word' id='word_1_267' title='bbox 1239 1963 1294 2008; x_wconf 89' lang='lat' dir='ltr'><strong>et</strong></span> <span class='ocrx_word' id='word_1_268' title='bbox 1320 1950 1479 2004; x_wconf 87' lang='lat' dir='ltr'><strong>Pater</strong></span> <span class='ocrx_word' id='word_1_269' title='bbox 1507 1946 1641 2001; x_wconf 82' lang='lat' dir='ltr'><strong>tales</strong></span> <span class='ocrx_word' id='word_1_270' title='bbox 1671 1942 1861 2013; x_wconf 68' lang='lat' dir='ltr'><strong>quierit</strong></span> <span class='ocrx_word' id='word_1_271' title='bbox 1881 1981 1894 2005; x_wconf 96' lang='lat'><strong>,</strong></span> <span class='ocrx_word' id='word_1_272' title='bbox 1926 1938 2017 2009; x_wconf 89' lang='lat' dir='ltr'><strong>qui</strong></span> <span class='ocrx_word' id='word_1_273' title='bbox 2049 1933 2179 1991; x_wconf 84' lang='lat' dir='ltr'><strong>ado-</strong></span> 
     </span>
    </p>
   </div>
   <div class='ocr_carea' id='block_1_36' title="bbox 599 2031 2184 2114">
    <p class='ocr_par' dir='ltr' id='par_1_36' title="bbox 599 2031 2184 2114">
     <span class='ocr_line' id='line_1_36' title="bbox 599 2031 2184 2114; baseline -0.019 -4"><span class='ocrx_word' id='word_1_274' title='bbox 599 2031 724 2110; x_wconf 75' lang='lat' dir='ltr'><strong>rent</strong></span> <span class='ocrx_word' id='word_1_275' title='bbox 746 2065 869 2108; x_wconf 91' lang='lat' dir='ltr'><strong>eum</strong></span> <span class='ocrx_word' id='word_1_276' title='bbox 889 2089 903 2114; x_wconf 93' lang='lat'><strong>,</strong></span> <span class='ocrx_word' id='word_1_277' title='bbox 933 2048 1015 2102; x_wconf 91' lang='lat' dir='ltr'><strong>sic</strong></span> <span class='ocrx_word' id='word_1_278' title='bbox 1041 2043 1288 2101; x_wconf 89' lang='lat' dir='ltr'><strong>eumdem</strong></span> <span class='ocrx_word' id='word_1_279' title='bbox 1319 2040 1486 2094; x_wconf 90' lang='lat' dir='ltr'><strong>Deum</strong></span> <span class='ocrx_word' id='word_1_280' title='bbox 1518 2035 1735 2090; x_wconf 85' lang='lat' dir='ltr'><strong>Patrem</strong></span> <span class='ocrx_word' id='word_1_281' title='bbox 1767 2031 2102 2099; x_wconf 88' lang='lat' dir='ltr'><strong>deprecetur,</strong></span> <span class='ocrx_word' id='word_1_282' title='bbox 2126 2033 2184 2080; x_wconf 89' lang='lat' dir='ltr'><strong>et</strong></span> 
     </span>
    </p>
   </div>
   <div class='ocr_carea' id='block_1_37' title="bbox 597 2130 1918 2202">
    <p class='ocr_par' dir='ltr' id='par_1_37' title="bbox 597 2130 1918 2202">
     <span class='ocr_line' id='line_1_37' title="bbox 597 2130 1918 2202; baseline -0.02 0"><span class='ocrx_word' id='word_1_283' title='bbox 597 2147 766 2202; x_wconf 79' lang='lat' dir='ltr'><strong>dicat.</strong></span> <span class='ocrx_word' id='word_1_284' title='bbox 789 2178 793 2180; x_wconf 90' lang='lat'><em>-</em></span> <span class='ocrx_word' id='word_1_285' title='bbox 1915 2130 1918 2134; x_wconf 88' lang='lat'>&#39;</span> 
     </span>
    </p>
   </div>
   <div class='ocr_carea' id='block_1_38' title="bbox 671 2209 2185 2302">
    <p class='ocr_par' dir='ltr' id='par_1_38' title="bbox 671 2209 2185 2302">
     <span class='ocr_line' id='line_1_38' title="bbox 671 2209 2185 2302; baseline -0.021 -11"><span class='ocrx_word' id='word_1_286' title='bbox 671 2237 762 2291; x_wconf 70' lang='grc'><strong>45.</strong></span> <span class='ocrx_word' id='word_1_287' title='bbox 794 2233 864 2288; x_wconf 87' lang='lat' dir='ltr'><strong>Te</strong></span> <span class='ocrx_word' id='word_1_288' title='bbox 890 2233 1071 2302; x_wconf 81' lang='lat' dir='ltr'><strong>igitur,</strong></span> <span class='ocrx_word' id='word_1_289' title='bbox 1103 2221 1494 2282; x_wconf 72' lang='lat' dir='ltr'><strong>crementissime</strong></span> <span class='ocrx_word' id='word_1_290' title='bbox 1520 2215 1702 2290; x_wconf 80' lang='lat' dir='ltr'><strong>Pater,</strong></span> <span class='ocrx_word' id='word_1_291' title='bbox 1726 2225 1897 2281; x_wconf 89' lang='lat' dir='ltr'><strong>usque</strong></span> <span class='ocrx_word' id='word_1_292' title='bbox 1917 2250 1932 2274; x_wconf 96' lang='lat'><strong>,</strong></span> <span class='ocrx_word' id='word_1_293' title='bbox 1963 2209 2074 2263; x_wconf 69' lang='lat' dir='ltr'><strong>haec</strong></span> <span class='ocrx_word' id='word_1_294' title='bbox 2098 2223 2185 2260; x_wconf 86' lang='lat' dir='ltr'><strong>sa-</strong></span> 
     </span>
    </p>
   </div>
   <div class='ocr_carea' id='block_1_39' title="bbox 601 2297 2188 2390">
    <p class='ocr_par' dir='ltr' id='par_1_39' title="bbox 601 2297 2188 2390">
     <span class='ocr_line' id='line_1_39' title="bbox 601 2297 2188 2390; baseline -0.023 -4"><span class='ocrx_word' id='word_1_295' title='bbox 601 2335 877 2386; x_wconf 81' lang='lat' dir='ltr'><strong>crosancta</strong></span> <span class='ocrx_word' id='word_1_296' title='bbox 897 2297 1159 2390; x_wconf 71' lang='lat' dir='ltr'><strong>sacriﬁcia</strong></span> <span class='ocrx_word' id='word_1_297' title='bbox 1176 2315 1401 2371; x_wconf 89' lang='lat' dir='ltr'><strong>illibata.</strong></span> <span class='ocrx_word' id='word_1_298' title='bbox 1419 2309 1678 2378; x_wconf 75' lang='lat' dir='ltr'><strong>Dirigitur</strong></span> <span class='ocrx_word' id='word_1_299' title='bbox 1699 2318 1828 2374; x_wconf 87' lang='lat' dir='ltr'><strong>ergo</strong></span> <span class='ocrx_word' id='word_1_300' title='bbox 1849 2299 2022 2355; x_wconf 90' lang='lat' dir='ltr'><strong>oratio</strong></span> <span class='ocrx_word' id='word_1_301' title='bbox 2046 2297 2188 2353; x_wconf 88' lang='lat' dir='ltr'><strong>sicut</strong></span> 
     </span>
    </p>
   </div>
   <div class='ocr_carea' id='block_1_40' title="bbox 603 2393 2186 2486">
    <p class='ocr_par' dir='ltr' id='par_1_40' title="bbox 603 2393 2186 2486">
     <span class='ocr_line' id='line_1_40' title="bbox 603 2393 2186 2486; baseline -0.023 -10"><span class='ocrx_word' id='word_1_302' title='bbox 603 2429 659 2475; x_wconf 91' lang='lat' dir='ltr'><strong>et</strong></span> <span class='ocrx_word' id='word_1_303' title='bbox 687 2417 906 2486; x_wconf 76' lang='lat' dir='ltr'><strong>reliqua:</strong></span> <span class='ocrx_word' id='word_1_304' title='bbox 931 2411 1208 2469; x_wconf 89' lang='lat' dir='ltr'><strong>orationes</strong></span> <span class='ocrx_word' id='word_1_305' title='bbox 1245 2405 1398 2475; x_wconf 80' lang='lat' dir='ltr'><strong>juxta</strong></span> <span class='ocrx_word' id='word_1_306' title='bbox 1428 2398 1669 2470; x_wconf 85' lang='lat' dir='ltr'><strong>regulam</strong></span> <span class='ocrx_word' id='word_1_307' title='bbox 1698 2393 1855 2458; x_wconf 78' lang='lat' dir='ltr'><strong>fidei,</strong></span> <span class='ocrx_word' id='word_1_308' title='bbox 1883 2399 1940 2446; x_wconf 88' lang='lat' dir='ltr'><strong>et</strong></span> <span class='ocrx_word' id='word_1_309' title='bbox 1977 2401 2186 2444; x_wconf 89' lang='lat' dir='ltr'><strong>morem</strong></span> 
     </span>
    </p>
   </div>
   <div class='ocr_carea' id='block_1_41' title="bbox 615 2481 2188 2565">
    <p class='ocr_par' dir='ltr' id='par_1_41' title="bbox 615 2481 2188 2565">
     <span class='ocr_line' id='line_1_41' title="bbox 615 2481 2188 2565; baseline -0.022 0"><span class='ocrx_word' id='word_1_310' title='bbox 615 2507 873 2565; x_wconf 67' lang='lat' dir='ltr'><strong>Ecclesia:</strong></span> <span class='ocrx_word' id='word_1_311' title='bbox 898 2503 965 2557; x_wconf 90' lang='lat' dir='ltr'><strong>ad</strong></span> <span class='ocrx_word' id='word_1_312' title='bbox 987 2494 1463 2557; x_wconf 87' lang='lat' dir='ltr'><strong>clementissimum</strong></span> <span class='ocrx_word' id='word_1_313' title='bbox 1489 2489 1727 2549; x_wconf 89' lang='lat' dir='ltr'><strong>Patrem,</strong></span> <span class='ocrx_word' id='word_1_314' title='bbox 1757 2481 1910 2551; x_wconf 87' lang='lat' dir='ltr'><strong>cujus</strong></span> <span class='ocrx_word' id='word_1_315' title='bbox 1932 2494 2058 2550; x_wconf 86' lang='lat' dir='ltr'><strong>erga</strong></span> <span class='ocrx_word' id='word_1_316' title='bbox 2089 2491 2188 2532; x_wconf 90' lang='lat' dir='ltr'><strong>nos</strong></span> 
     </span>
    </p>
   </div>
   <div class='ocr_carea' id='block_1_42' title="bbox 599 2568 2188 2673">
    <p class='ocr_par' dir='ltr' id='par_1_42' title="bbox 599 2568 2188 2673">
     <span class='ocr_line' id='line_1_42' title="bbox 599 2568 2188 2673; baseline -0.023 -16"><span class='ocrx_word' id='word_1_317' title='bbox 599 2604 917 2673; x_wconf 82' lang='lat' dir='ltr'><strong>peccatores</strong></span> <span class='ocrx_word' id='word_1_318' title='bbox 945 2602 1003 2649; x_wconf 90' lang='lat' dir='ltr'><strong>et</strong></span> <span class='ocrx_word' id='word_1_319' title='bbox 1029 2590 1278 2661; x_wconf 85' lang='lat' dir='ltr'><strong>indignos</strong></span> <span class='ocrx_word' id='word_1_320' title='bbox 1303 2590 1455 2640; x_wconf 90' lang='lat' dir='ltr'><strong>tanta</strong></span> <span class='ocrx_word' id='word_1_321' title='bbox 1484 2578 1670 2636; x_wconf 81' lang='lat' dir='ltr'><strong>extitit</strong></span> <span class='ocrx_word' id='word_1_322' title='bbox 1696 2573 1980 2631; x_wconf 90' lang='lat' dir='ltr'><strong>clementia</strong></span> <span class='ocrx_word' id='word_1_323' title='bbox 2004 2577 2060 2624; x_wconf 86' lang='lat' dir='ltr'><strong>et</strong></span> <span class='ocrx_word' id='word_1_324' title='bbox 2083 2568 2188 2622; x_wconf 82' lang='lat' dir='ltr'><strong>mi-</strong></span> 
     </span>
    </p>
   </div>
   <div class='ocr_carea' id='block_1_43' title="bbox 599 2662 2220 2756">
    <p class='ocr_par' dir='ltr' id='par_1_43' title="bbox 599 2662 2220 2756">
     <span class='ocr_line' id='line_1_43' title="bbox 599 2662 2220 2756; baseline -0.022 -5"><span class='ocrx_word' id='word_1_325' title='bbox 599 2662 900 2751; x_wconf 62' lang='lat' dir='ltr'><strong>sericordia</strong></span> <span class='ocrx_word' id='word_1_326' title='bbox 923 2727 939 2753; x_wconf 93' lang='lat'><strong>,</strong></span> <span class='ocrx_word' id='word_1_327' title='bbox 977 2692 1234 2756; x_wconf 88' lang='lat' dir='ltr'><strong>quantam</strong></span> <span class='ocrx_word' id='word_1_328' title='bbox 1274 2672 1563 2748; x_wconf 81' lang='lat' dir='ltr'><strong>Apostolus</strong></span> <span class='ocrx_word' id='word_1_329' title='bbox 1590 2665 1934 2725; x_wconf 88' lang='lat' dir='ltr'><strong>commendat</strong></span> <span class='ocrx_word' id='word_1_330' title='bbox 1962 2662 2146 2718; x_wconf 91' lang='lat' dir='ltr'><strong>dicens</strong></span> <span class='ocrx_word' id='word_1_331' title='bbox 2172 2677 2186 2713; x_wconf 92' lang='lat'><strong>:</strong></span> <span class='ocrx_word' id='word_1_332' title='bbox 2217 2713 2220 2716; x_wconf 29' lang='grc' dir='ltr'><em>ί</em></span> 
     </span>
    </p>
   </div>
   <div class='ocr_carea' id='block_1_44' title="bbox 607 2753 2192 2852">
    <p class='ocr_par' dir='ltr' id='par_1_44' title="bbox 607 2753 2192 2852">
     <span class='ocr_line' id='line_1_44' title="bbox 607 2753 2192 2852; baseline -0.025 -12"><span class='ocrx_word' id='word_1_333' title='bbox 607 2784 712 2852; x_wconf 85' lang='lat' dir='ltr'><strong>Qui</strong></span> <span class='ocrx_word' id='word_1_334' title='bbox 737 2781 896 2836; x_wconf 87' lang='lat' dir='ltr'><strong>etiam</strong></span> <span class='ocrx_word' id='word_1_335' title='bbox 916 2753 1124 2847; x_wconf 78' lang='lat' dir='ltr'><strong>proprio</strong></span> <span class='ocrx_word' id='word_1_336' title='bbox 1147 2768 1290 2824; x_wconf 88' lang='lat' dir='ltr'><strong>Filio</strong></span> <span class='ocrx_word' id='word_1_337' title='bbox 1322 2782 1418 2822; x_wconf 90' lang='lat' dir='ltr'><strong>suo</strong></span> <span class='ocrx_word' id='word_1_338' title='bbox 1449 2778 1553 2818; x_wconf 88' lang='lat' dir='ltr'><strong>non</strong></span> <span class='ocrx_word' id='word_1_339' title='bbox 1579 2757 1826 2832; x_wconf 84' lang='lat' dir='ltr'><strong>pepercit,</strong></span> <span class='ocrx_word' id='word_1_340' title='bbox 1857 2753 1946 2808; x_wconf 89' lang='lat' dir='ltr'><strong>sed</strong></span> <span class='ocrx_word' id='word_1_341' title='bbox 1973 2768 2068 2824; x_wconf 88' lang='lat' dir='ltr'><strong>pro</strong></span> <span class='ocrx_word' id='word_1_342' title='bbox 2099 2765 2192 2803; x_wconf 86' lang='lat' dir='ltr'><strong>no-</strong></span> 
     </span>
    </p>
   </div>
   <div class='ocr_carea' id='block_1_45' title="bbox 607 2845 2192 2929">
    <p class='ocr_par' dir='ltr' id='par_1_45' title="bbox 607 2845 2192 2929">
     <span class='ocr_line' id='line_1_45' title="bbox 607 2845 2192 2929; baseline -0.024 1"><span class='ocrx_word' id='word_1_343' title='bbox 607 2845 685 2929; x_wconf 60' lang='lat' dir='ltr'><strong>bis</strong></span> <span class='ocrx_word' id='word_1_344' title='bbox 719 2845 954 2927; x_wconf 80' lang='lat' dir='ltr'><strong>omnibus</strong></span> <span class='ocrx_word' id='word_1_345' title='bbox 994 2863 1214 2920; x_wconf 83' lang='lat' dir='ltr'><strong>tradidit</strong></span> <span class='ocrx_word' id='word_1_346' title='bbox 1248 2858 1431 2921; x_wconf 87' lang='lat' dir='ltr'><strong>illum,</strong></span> <span class='ocrx_word' id='word_1_347' title='bbox 1462 2850 1722 2925; x_wconf 85' lang='lat' dir='ltr'><strong>quomodo</strong></span> <span class='ocrx_word' id='word_1_348' title='bbox 1758 2862 1861 2901; x_wconf 90' lang='lat' dir='ltr'><strong>non</strong></span> <span class='ocrx_word' id='word_1_349' title='bbox 1886 2845 2043 2899; x_wconf 89' lang='lat' dir='ltr'><strong>etiam</strong></span> <span class='ocrx_word' id='word_1_350' title='bbox 2072 2856 2192 2894; x_wconf 89' lang='lat' dir='ltr'><strong>cum</strong></span> 
     </span>
    </p>
   </div>
   <div class='ocr_carea' id='block_1_46' title="bbox 607 2936 2188 3020">
    <p class='ocr_par' dir='ltr' id='par_1_46' title="bbox 607 2936 2188 3020">
     <span class='ocr_line' id='line_1_46' title="bbox 607 2936 2188 3020; baseline -0.023 1"><span class='ocrx_word' id='word_1_351' title='bbox 607 2964 700 3020; x_wconf 85' lang='lat' dir='ltr'><strong>illo</strong></span> <span class='ocrx_word' id='word_1_352' title='bbox 729 2961 904 3018; x_wconf 82' lang='lat' dir='ltr'><strong>omnia</strong></span> <span class='ocrx_word' id='word_1_353' title='bbox 937 2957 1083 3013; x_wconf 89' lang='lat' dir='ltr'><strong>nobis</strong></span> <span class='ocrx_word' id='word_1_354' title='bbox 1110 2951 1318 3008; x_wconf 85' lang='lat' dir='ltr'><strong>donavit</strong></span> <span class='ocrx_word' id='word_1_355' title='bbox 1348 2947 1520 3020; x_wconf 86' lang='lat' dir='ltr'><strong>(Rom.</strong></span> <span class='ocrx_word' id='word_1_356' title='bbox 1549 2959 1671 3007; x_wconf 84' lang='lat' dir='ltr'><strong>vm,</strong></span> <span class='ocrx_word' id='word_1_357' title='bbox 1700 2938 1813 3010; x_wconf 74' lang='lat'><strong>52).</strong></span> <span class='ocrx_word' id='word_1_358' title='bbox 1849 2937 1917 2991; x_wconf 85' lang='lat' dir='ltr'><strong>Et</strong></span> <span class='ocrx_word' id='word_1_359' title='bbox 1954 2936 2148 2990; x_wconf 89' lang='lat' dir='ltr'><strong>iterum</strong></span> <span class='ocrx_word' id='word_1_360' title='bbox 2174 2948 2188 2986; x_wconf 89' lang='lat'><strong>:</strong></span> 
     </span>
    </p>
   </div>
   <div class='ocr_carea' id='block_1_47' title="bbox 609 3022 2196 3119">
    <p class='ocr_par' dir='ltr' id='par_1_47' title="bbox 609 3022 2196 3119">
     <span class='ocr_line' id='line_1_47' title="bbox 609 3022 2196 3119; baseline -0.025 -6"><span class='ocrx_word' id='word_1_361' title='bbox 609 3057 752 3113; x_wconf 89' lang='lat' dir='ltr'><strong>Deus</strong></span> <span class='ocrx_word' id='word_1_362' title='bbox 781 3061 952 3108; x_wconf 89' lang='lat' dir='ltr'><strong>autem</strong></span> <span class='ocrx_word' id='word_1_363' title='bbox 989 3047 1078 3119; x_wconf 87' lang='lat' dir='ltr'><strong>qui</strong></span> <span class='ocrx_word' id='word_1_364' title='bbox 1103 3045 1243 3098; x_wconf 86' lang='lat' dir='ltr'><strong>dives</strong></span> <span class='ocrx_word' id='word_1_365' title='bbox 1282 3049 1358 3094; x_wconf 86' lang='lat' dir='ltr'><strong>est</strong></span> <span class='ocrx_word' id='word_1_366' title='bbox 1383 3039 1439 3090; x_wconf 89' lang='lat' dir='ltr'><strong>in</strong></span> <span class='ocrx_word' id='word_1_367' title='bbox 1463 3030 1855 3091; x_wconf 84' lang='lat' dir='ltr'><strong>misericordia,</strong></span> <span class='ocrx_word' id='word_1_368' title='bbox 1885 3033 2093 3098; x_wconf 84' lang='lat' dir='ltr'><strong>propter</strong></span> <span class='ocrx_word' id='word_1_369' title='bbox 2116 3022 2196 3076; x_wconf 84' lang='lat' dir='ltr'><strong>ni-</strong></span> 
     </span>
    </p>
   </div>
   <div class='ocr_carea' id='block_1_48' title="bbox 2285 1929 3857 2007">
    <p class='ocr_par' dir='ltr' id='par_1_48' title="bbox 2285 1929 3857 2007">
     <span class='ocr_line' id='line_1_48' title="bbox 2285 1929 3857 2007; baseline -0.006 -14"><span class='ocrx_word' id='word_1_370' title='bbox 2285 1946 2446 2007; x_wconf 90' lang='lat' dir='ltr'><strong>atque</strong></span> <span class='ocrx_word' id='word_1_371' title='bbox 2470 1951 2567 1990; x_wconf 87' lang='lat' dir='ltr'><strong>ore</strong></span> <span class='ocrx_word' id='word_1_372' title='bbox 2605 1942 2695 1988; x_wconf 91' lang='lat' dir='ltr'><strong>tuo</strong></span> <span class='ocrx_word' id='word_1_373' title='bbox 2723 1933 3032 1995; x_wconf 84' lang='lat' dir='ltr'><strong>benedicas,</strong></span> <span class='ocrx_word' id='word_1_374' title='bbox 3061 1939 3121 1984; x_wconf 90' lang='lat' dir='ltr'><strong>ut</strong></span> <span class='ocrx_word' id='word_1_375' title='bbox 3150 1930 3292 2000; x_wconf 89' lang='lat' dir='ltr'><strong>quod</strong></span> <span class='ocrx_word' id='word_1_376' title='bbox 3321 1938 3521 1984; x_wconf 71' lang='lat' dir='ltr'><strong>nostrae</strong></span> <span class='ocrx_word' id='word_1_377' title='bbox 3541 1929 3857 1984; x_wconf 85' lang='lat' dir='ltr'><strong>humilitatis</strong></span> 
     </span>
    </p>
   </div>
   <div class='ocr_carea' id='block_1_49' title="bbox 2281 2019 3854 2102">
    <p class='ocr_par' dir='ltr' id='par_1_49' title="bbox 2281 2019 3854 2102">
     <span class='ocr_line' id='line_1_49' title="bbox 2281 2019 3854 2102; baseline -0.008 -18"><span class='ocrx_word' id='word_1_378' title='bbox 2281 2030 2494 2102; x_wconf 85' lang='lat' dir='ltr'><strong>geritur</strong></span> <span class='ocrx_word' id='word_1_379' title='bbox 2525 2025 2847 2089; x_wconf 90' lang='lat' dir='ltr'><strong>ministerio,</strong></span> <span class='ocrx_word' id='word_1_380' title='bbox 2892 2031 2998 2077; x_wconf 70' lang='lat' dir='ltr'><strong>tum</strong></span> <span class='ocrx_word' id='word_1_381' title='bbox 3050 2021 3268 2076; x_wconf 84' lang='lat' dir='ltr'><strong>virtutis</strong></span> <span class='ocrx_word' id='word_1_382' title='bbox 3312 2019 3605 2089; x_wconf 87' lang='lat' dir='ltr'><strong>impleatur</strong></span> <span class='ocrx_word' id='word_1_383' title='bbox 3651 2020 3854 2075; x_wconf 72' lang='lat' dir='ltr'><strong>elteetu.</strong></span> 
     </span>
    </p>
   </div>
   <div class='ocr_carea' id='block_1_50' title="bbox 2287 2108 3857 2187">
    <p class='ocr_par' dir='ltr' id='par_1_50' title="bbox 2287 2108 3857 2187">
     <span class='ocr_line' id='line_1_50' title="bbox 2287 2108 3857 2187; baseline -0.01 -13"><span class='ocrx_word' id='word_1_384' title='bbox 2287 2119 2438 2187; x_wconf 86' lang='lat' dir='ltr'><strong>Quod</strong></span> <span class='ocrx_word' id='word_1_385' title='bbox 2467 2125 2646 2172; x_wconf 90' lang='lat' dir='ltr'><strong>autem</strong></span> <span class='ocrx_word' id='word_1_386' title='bbox 2676 2113 3018 2184; x_wconf 75' lang='lat' dir='ltr'><strong>subiungitur</strong></span> <span class='ocrx_word' id='word_1_387' title='bbox 3048 2125 3062 2164; x_wconf 91' lang='lat'>:</span> <span class='ocrx_word' id='word_1_388' title='bbox 3092 2109 3223 2164; x_wconf 58' lang='lat' dir='ltr'><strong>Haec</strong></span> <span class='ocrx_word' id='word_1_389' title='bbox 3265 2109 3426 2172; x_wconf 87' lang='lat' dir='ltr'><strong>dona,</strong></span> <span class='ocrx_word' id='word_1_390' title='bbox 3465 2108 3581 2162; x_wconf 64' lang='lat' dir='ltr'><strong>hare</strong></span> <span class='ocrx_word' id='word_1_391' title='bbox 3626 2124 3857 2170; x_wconf 87' lang='lat' dir='ltr'><strong>munera,</strong></span> 
     </span>
    </p>
   </div>
   <div class='ocr_carea' id='block_1_51' title="bbox 2286 2194 3860 2272">
    <p class='ocr_par' dir='ltr' id='par_1_51' title="bbox 2286 2194 3860 2272">
     <span class='ocr_line' id='line_1_51' title="bbox 2286 2194 3860 2272; baseline -0.01 -8"><span class='ocrx_word' id='word_1_392' title='bbox 2286 2211 2398 2264; x_wconf 74' lang='lat' dir='ltr'><strong>hazc</strong></span> <span class='ocrx_word' id='word_1_393' title='bbox 2419 2215 2600 2262; x_wconf 84' lang='lat' dir='ltr'><strong>sancta</strong></span> <span class='ocrx_word' id='word_1_394' title='bbox 2629 2202 2894 2272; x_wconf 78' lang='lat' dir='ltr'><strong>sacriﬁcia</strong></span> <span class='ocrx_word' id='word_1_395' title='bbox 2921 2194 3144 2263; x_wconf 76' lang='lat' dir='ltr'><strong>illibata,</strong></span> <span class='ocrx_word' id='word_1_396' title='bbox 3176 2212 3281 2254; x_wconf 90' lang='lat' dir='ltr'><strong>non</strong></span> <span class='ocrx_word' id='word_1_397' title='bbox 3325 2196 3472 2250; x_wconf 91' lang='lat' dir='ltr'><strong>aliud</strong></span> <span class='ocrx_word' id='word_1_398' title='bbox 3515 2206 3684 2266; x_wconf 88' lang='lat' dir='ltr'><strong>atque</strong></span> <span class='ocrx_word' id='word_1_399' title='bbox 3727 2195 3860 2250; x_wconf 86' lang='lat' dir='ltr'><strong>aliud</strong></span> 
     </span>
    </p>
   </div>
   <div class='ocr_carea' id='block_1_52' title="bbox 2289 2286 3860 2363">
    <p class='ocr_par' dir='ltr' id='par_1_52' title="bbox 2289 2286 3860 2363">
     <span class='ocr_line' id='line_1_52' title="bbox 2289 2286 3860 2363; baseline -0.009 -8"><span class='ocrx_word' id='word_1_400' title='bbox 2289 2300 2514 2363; x_wconf 90' lang='lat' dir='ltr'><strong>dicitur;</strong></span> <span class='ocrx_word' id='word_1_401' title='bbox 2563 2295 2657 2351; x_wconf 90' lang='lat' dir='ltr'><strong>sed</strong></span> <span class='ocrx_word' id='word_1_402' title='bbox 2699 2308 2788 2348; x_wconf 90' lang='lat' dir='ltr'><strong>res</strong></span> <span class='ocrx_word' id='word_1_403' title='bbox 2817 2306 2924 2346; x_wconf 92' lang='lat' dir='ltr'><strong>una</strong></span> <span class='ocrx_word' id='word_1_404' title='bbox 2957 2304 3058 2361; x_wconf 91' lang='lat' dir='ltr'><strong>pro</strong></span> <span class='ocrx_word' id='word_1_405' title='bbox 3102 2289 3185 2344; x_wconf 87' lang='lat' dir='ltr'><strong>sui</strong></span> <span class='ocrx_word' id='word_1_406' title='bbox 3230 2286 3605 2356; x_wconf 77' lang='lat' dir='ltr'><strong>magnitudine</strong></span> <span class='ocrx_word' id='word_1_407' title='bbox 3659 2287 3860 2342; x_wconf 83' lang='lat' dir='ltr'><strong>diversa</strong></span> 
     </span>
    </p>
   </div>
   <div class='ocr_carea' id='block_1_53' title="bbox 2289 2373 3860 2461">
    <p class='ocr_par' dir='ltr' id='par_1_53' title="bbox 2289 2373 3860 2461">
     <span class='ocr_line' id='line_1_53' title="bbox 2289 2373 3860 2461; baseline -0.01 -16"><span class='ocrx_word' id='word_1_408' title='bbox 2289 2387 2646 2461; x_wconf 85' lang='lat' dir='ltr'><strong>appellatione</strong></span> <span class='ocrx_word' id='word_1_409' title='bbox 2669 2373 2977 2447; x_wconf 60' lang='lat' dir='ltr'><strong>‘audatur,</strong></span> <span class='ocrx_word' id='word_1_410' title='bbox 3013 2388 3068 2437; x_wconf 88' lang='lat' dir='ltr'><strong>et</strong></span> <span class='ocrx_word' id='word_1_411' title='bbox 3105 2377 3372 2433; x_wconf 87' lang='lat' dir='ltr'><strong>laudando</strong></span> <span class='ocrx_word' id='word_1_412' title='bbox 3434 2379 3860 2434; x_wconf 88' lang='lat' dir='ltr'><strong>commendatur.</strong></span> 
     </span>
    </p>
   </div>
   <div class='ocr_carea' id='block_1_54' title="bbox 2289 2470 3865 2550">
    <p class='ocr_par' dir='ltr' id='par_1_54' title="bbox 2289 2470 3865 2550">
     <span class='ocr_line' id='line_1_54' title="bbox 2289 2470 3865 2550; baseline -0.01 -13"><span class='ocrx_word' id='word_1_413' title='bbox 2289 2483 2418 2550; x_wconf 66' lang='lat' dir='ltr'><strong>Quae</strong></span> <span class='ocrx_word' id='word_1_414' title='bbox 2446 2480 2591 2535; x_wconf 90' lang='lat' dir='ltr'><strong>enim</strong></span> <span class='ocrx_word' id='word_1_415' title='bbox 2620 2476 2817 2532; x_wconf 85' lang='lat' dir='ltr'><strong>divinis</strong></span> <span class='ocrx_word' id='word_1_416' title='bbox 2843 2473 3142 2529; x_wconf 71' lang='lat' dir='ltr'><strong>olferuntur</strong></span> <span class='ocrx_word' id='word_1_417' title='bbox 3163 2470 3426 2526; x_wconf 89' lang='lat' dir='ltr'><strong>altaribus</strong></span> <span class='ocrx_word' id='word_1_418' title='bbox 3449 2479 3505 2525; x_wconf 86' lang='lat' dir='ltr'><strong>et</strong></span> <span class='ocrx_word' id='word_1_419' title='bbox 3533 2486 3758 2524; x_wconf 84' lang='lat' dir='ltr'><strong>munera</strong></span> <span class='ocrx_word' id='word_1_420' title='bbox 3779 2483 3865 2536; x_wconf 88' lang='lat' dir='ltr'><strong>ap—</strong></span> 
     </span>
    </p>
   </div>
   <div class='ocr_carea' id='block_1_55' title="bbox 2287 2557 3865 2649">
    <p class='ocr_par' dir='ltr' id='par_1_55' title="bbox 2287 2557 3865 2649">
     <span class='ocr_line' id='line_1_55' title="bbox 2287 2557 3865 2649; baseline -0.011 -19"><span class='ocrx_word' id='word_1_421' title='bbox 2287 2576 2577 2649; x_wconf 88' lang='lat' dir='ltr'><strong>pellantur,</strong></span> <span class='ocrx_word' id='word_1_422' title='bbox 2621 2570 2761 2626; x_wconf 88' lang='lat' dir='ltr'><strong>sicut</strong></span> <span class='ocrx_word' id='word_1_423' title='bbox 2793 2566 3056 2622; x_wconf 85' lang='lat' dir='ltr'><strong>Dominus</strong></span> <span class='ocrx_word' id='word_1_424' title='bbox 3108 2562 3162 2617; x_wconf 88' lang='lat' dir='ltr'><strong>in</strong></span> <span class='ocrx_word' id='word_1_425' title='bbox 3207 2563 3501 2632; x_wconf 60' lang='lat' dir='ltr'><strong>Evangetio</strong></span> <span class='ocrx_word' id='word_1_426' title='bbox 3553 2560 3692 2616; x_wconf 87' lang='lat' dir='ltr'><strong>dicit</strong></span> <span class='ocrx_word' id='word_1_427' title='bbox 3742 2575 3757 2613; x_wconf 88' lang='lat'><strong>:</strong></span> <span class='ocrx_word' id='word_1_428' title='bbox 3810 2557 3865 2613; x_wconf 89' lang='lat' dir='ltr'><strong>Si</strong></span> 
     </span>
    </p>
   </div>
   <div class='ocr_carea' id='block_1_56' title="bbox 2291 2648 3868 2733">
    <p class='ocr_par' dir='ltr' id='par_1_56' title="bbox 2291 2648 3868 2733">
     <span class='ocr_line' id='line_1_56' title="bbox 2291 2648 3868 2733; baseline -0.011 -15"><span class='ocrx_word' id='word_1_429' title='bbox 2291 2648 2447 2733; x_wconf 74' lang='lat' dir='ltr'><strong>o/fers</strong></span> <span class='ocrx_word' id='word_1_430' title='bbox 2486 2676 2678 2714; x_wconf 88' lang='lat' dir='ltr'><strong>munus</strong></span> <span class='ocrx_word' id='word_1_431' title='bbox 2715 2667 2863 2712; x_wconf 88' lang='lat' dir='ltr'><strong>tuum</strong></span> <span class='ocrx_word' id='word_1_432' title='bbox 2895 2655 2963 2709; x_wconf 87' lang='lat' dir='ltr'><strong>ad</strong></span> <span class='ocrx_word' id='word_1_433' title='bbox 2991 2655 3160 2708; x_wconf 87' lang='lat' dir='ltr'><strong>altare</strong></span> <span class='ocrx_word' id='word_1_434' title='bbox 3185 2652 3399 2723; x_wconf 81' lang='lat' dir='ltr'><strong>(Matth.</strong></span> <span class='ocrx_word' id='word_1_435' title='bbox 3430 2666 3482 2715; x_wconf 91' lang='lat' dir='ltr'><strong>v,</strong></span> <span class='ocrx_word' id='word_1_436' title='bbox 3503 2649 3626 2720; x_wconf 73' lang='lat'><strong>23),</strong></span> <span class='ocrx_word' id='word_1_437' title='bbox 3655 2657 3710 2705; x_wconf 89' lang='lat' dir='ltr'><strong>et</strong></span> <span class='ocrx_word' id='word_1_438' title='bbox 3739 2648 3868 2702; x_wconf 81' lang='lat' dir='ltr'><strong>dona</strong></span> 
     </span>
    </p>
   </div>
   <div class='ocr_carea' id='block_1_57' title="bbox 2291 2735 3868 2817">
    <p class='ocr_par' dir='ltr' id='par_1_57' title="bbox 2291 2735 3868 2817">
     <span class='ocr_line' id='line_1_57' title="bbox 2291 2735 3868 2817; baseline -0.011 -11"><span class='ocrx_word' id='word_1_439' title='bbox 2291 2751 2377 2808; x_wconf 87' lang='lat' dir='ltr'><strong>vel</strong></span> <span class='ocrx_word' id='word_1_440' title='bbox 2406 2748 2668 2817; x_wconf 79' lang='lat' dir='ltr'><strong>sacriﬁcia</strong></span> <span class='ocrx_word' id='word_1_441' title='bbox 2702 2747 2974 2808; x_wconf 90' lang='lat' dir='ltr'><strong>dicuntur,</strong></span> <span class='ocrx_word' id='word_1_442' title='bbox 2999 2743 3138 2798; x_wconf 90' lang='lat' dir='ltr'><strong>sicut</strong></span> <span class='ocrx_word' id='word_1_443' title='bbox 3179 2740 3416 2797; x_wconf 84' lang='lat' dir='ltr'><strong>ostendit</strong></span> <span class='ocrx_word' id='word_1_444' title='bbox 3461 2738 3753 2809; x_wconf 82' lang='lat' dir='ltr'><strong>Apostolus</strong></span> <span class='ocrx_word' id='word_1_445' title='bbox 3794 2735 3868 2790; x_wconf 87' lang='lat' dir='ltr'><strong>di-</strong></span> 
     </span>
    </p>
   </div>
   <div class='ocr_carea' id='block_1_58' title="bbox 2292 2830 3863 2906">
    <p class='ocr_par' dir='ltr' id='par_1_58' title="bbox 2292 2830 3863 2906">
     <span class='ocr_line' id='line_1_58' title="bbox 2292 2830 3863 2906; baseline -0.012 -7"><span class='ocrx_word' id='word_1_446' title='bbox 2292 2856 2421 2899; x_wconf 88' lang='lat' dir='ltr'><strong>cens</strong></span> <span class='ocrx_word' id='word_1_447' title='bbox 2448 2859 2461 2895; x_wconf 88' lang='lat'><strong>:</strong></span> <span class='ocrx_word' id='word_1_448' title='bbox 2489 2838 2672 2894; x_wconf 84' lang='lat' dir='ltr'><strong>Omnis</strong></span> <span class='ocrx_word' id='word_1_449' title='bbox 2699 2850 2919 2906; x_wconf 80' lang='lat' dir='ltr'><strong>namque</strong></span> <span class='ocrx_word' id='word_1_450' title='bbox 2948 2833 3190 2888; x_wconf 86' lang='lat' dir='ltr'><strong>sacerdos</strong></span> <span class='ocrx_word' id='word_1_451' title='bbox 3215 2847 3281 2886; x_wconf 76' lang='lat' dir='ltr'><strong>ea:</strong></span> <span class='ocrx_word' id='word_1_452' title='bbox 3321 2830 3620 2885; x_wconf 82' lang='lat' dir='ltr'><strong>hominibus</strong></span> <span class='ocrx_word' id='word_1_453' title='bbox 3667 2844 3863 2884; x_wconf 86' lang='lat' dir='ltr'><strong>assum-</strong></span> 
     </span>
    </p>
   </div>
   <div class='ocr_carea' id='block_1_59' title="bbox 2291 2914 3865 3002">
    <p class='ocr_par' dir='ltr' id='par_1_59' title="bbox 2291 2914 3865 3002">
     <span class='ocr_line' id='line_1_59' title="bbox 2291 2914 3865 3002; baseline -0.011 -17"><span class='ocrx_word' id='word_1_454' title='bbox 2291 2940 2433 3002; x_wconf 88' lang='lat' dir='ltr'><strong>ptus,</strong></span> <span class='ocrx_word' id='word_1_455' title='bbox 2465 2944 2560 2999; x_wconf 88' lang='lat' dir='ltr'><strong>pro</strong></span> <span class='ocrx_word' id='word_1_456' title='bbox 2582 2925 2878 2981; x_wconf 87' lang='lat' dir='ltr'><strong>hominibus</strong></span> <span class='ocrx_word' id='word_1_457' title='bbox 2903 2923 3236 2978; x_wconf 85' lang='lat' dir='ltr'><strong>constituitur</strong></span> <span class='ocrx_word' id='word_1_458' title='bbox 3260 2921 3316 2974; x_wconf 88' lang='lat' dir='ltr'><strong>in</strong></span> <span class='ocrx_word' id='word_1_459' title='bbox 3355 2920 3436 2973; x_wconf 88' lang='lat' dir='ltr'><strong>his</strong></span> <span class='ocrx_word' id='word_1_460' title='bbox 3474 2935 3596 2989; x_wconf 69' lang='lat' dir='ltr'><strong>qua</strong></span> <span class='ocrx_word' id='word_1_461' title='bbox 3644 2927 3762 2972; x_wconf 80' lang='lat' dir='ltr'><strong>sunt</strong></span> <span class='ocrx_word' id='word_1_462' title='bbox 3803 2914 3865 2968; x_wconf 90' lang='lat' dir='ltr'><strong>ad</strong></span> 
     </span>
    </p>
   </div>
   <div class='ocr_carea' id='block_1_60' title="bbox 2297 3004 3864 3087">
    <p class='ocr_par' dir='ltr' id='par_1_60' title="bbox 2297 3004 3864 3087">
     <span class='ocr_line' id='line_1_60' title="bbox 2297 3004 3864 3087; baseline -0.011 -12"><span class='ocrx_word' id='word_1_463' title='bbox 2297 3023 2482 3085; x_wconf 85' lang='lat' dir='ltr'><strong>Deum,</strong></span> <span class='ocrx_word' id='word_1_464' title='bbox 2512 3028 2563 3072; x_wconf 91' lang='lat' dir='ltr'><strong>ut</strong></span> <span class='ocrx_word' id='word_1_465' title='bbox 2585 3019 2772 3087; x_wconf 69' lang='lat' dir='ltr'><strong>offerat</strong></span> <span class='ocrx_word' id='word_1_466' title='bbox 2795 3015 2934 3068; x_wconf 88' lang='lat' dir='ltr'><strong>dona</strong></span> <span class='ocrx_word' id='word_1_467' title='bbox 2959 3022 3008 3067; x_wconf 90' lang='lat' dir='ltr'><strong>et</strong></span> <span class='ocrx_word' id='word_1_468' title='bbox 3028 3010 3288 3079; x_wconf 81' lang='lat' dir='ltr'><strong>sacriﬁcia</strong></span> <span class='ocrx_word' id='word_1_469' title='bbox 3309 3023 3403 3078; x_wconf 83' lang='lat' dir='ltr'><strong>pro</strong></span> <span class='ocrx_word' id='word_1_470' title='bbox 3429 3009 3661 3078; x_wconf 82' lang='lat' dir='ltr'><strong>peccatis</strong></span> <span class='ocrx_word' id='word_1_471' title='bbox 3690 3004 3864 3076; x_wconf 84' lang='lat' dir='ltr'><strong>(Hebr.</strong></span> 
     </span>
    </p>
   </div>
   <div class='ocr_carea' id='block_1_61' title="bbox 613 3091 3869 3202">
    <p class='ocr_par' dir='ltr' id='par_1_61' title="bbox 613 3091 3869 3202">
     <span class='ocr_line' id='line_1_61' title="bbox 613 3091 1991 3119; baseline -0.028 -5"><span class='ocrx_word' id='word_1_472' title='bbox 613 3091 752 3113; x_wconf 68' lang='lat' dir='ltr'><strong>ucuc</strong></span> <span class='ocrx_word' id='word_1_473' title='bbox 781 3091 952 3108; x_wconf 60' lang='grc' dir='ltr'><strong>πη...</strong></span> <span class='ocrx_word' id='word_1_474' title='bbox 989 3091 1077 3119; x_wconf 85' lang='grc'><strong>.,...</strong></span> <span class='ocrx_word' id='word_1_475' title='bbox 1104 3091 1239 3098; x_wconf 65' lang='grc' dir='ltr'><strong>---η</strong></span> <span class='ocrx_word' id='word_1_476' title='bbox 1288 3091 1328 3094; x_wconf 79' lang='lat'><strong>--</strong></span> <span class='ocrx_word' id='word_1_477' title='bbox 1885 3091 1895 3098; x_wconf 89' lang='lat'>_</span> <span class='ocrx_word' id='word_1_478' title='bbox 1982 3091 1991 3095; x_wconf 85' lang='lat'>_</span> 
     </span>
     <span class='ocr_line' id='line_1_62' title="bbox 613 3091 3869 3202; baseline -0.018 0"><span class='ocrx_word' id='word_1_479' title='bbox 613 3146 783 3202; x_wconf 81' lang='lat' dir='ltr'><strong>mium</strong></span> <span class='ocrx_word' id='word_1_480' title='bbox 807 3140 1112 3197; x_wconf 87' lang='lat' dir='ltr'><strong>charitatem</strong></span> <span class='ocrx_word' id='word_1_481' title='bbox 1136 3147 1288 3193; x_wconf 87' lang='lat' dir='ltr'><strong>suam</strong></span> <span class='ocrx_word' id='word_1_482' title='bbox 1319 3145 1422 3201; x_wconf 87' lang='lat' dir='ltr'><strong>qua</strong></span> <span class='ocrx_word' id='word_1_483' title='bbox 1448 3124 1629 3179; x_wconf 80' lang='lat' dir='ltr'><strong>dilexit</strong></span> <span class='ocrx_word' id='word_1_484' title='bbox 1660 3136 1753 3175; x_wconf 91' lang='lat' dir='ltr'><strong>nos</strong></span> <span class='ocrx_word' id='word_1_485' title='bbox 1773 3160 1786 3181; x_wconf 94' lang='lat'><strong>,</strong></span> <span class='ocrx_word' id='word_1_486' title='bbox 1815 3133 1934 3172; x_wconf 86' lang='lat' dir='ltr'><strong>cum</strong></span> <span class='ocrx_word' id='word_1_487' title='bbox 1967 3128 2193 3170; x_wconf 82' lang='lat' dir='ltr'><strong>essemus</strong></span> <span class='ocrx_word' id='word_1_488' title='bbox 2224 3181 2265 3202; x_wconf 56' lang='lat' dir='ltr'><strong>ﬂ</strong></span> <span class='ocrx_word' id='word_1_489' title='bbox 2294 3127 2349 3178; x_wconf 88' lang='lat' dir='ltr'><strong>v,</strong></span> <span class='ocrx_word' id='word_1_490' title='bbox 2375 3113 2438 3182; x_wconf 89' lang='grc' dir='ltr'><strong>ι),</strong></span> <span class='ocrx_word' id='word_1_491' title='bbox 2467 3109 2584 3173; x_wconf 90' lang='lat' dir='ltr'><strong>sed,</strong></span> <span class='ocrx_word' id='word_1_492' title='bbox 2614 3115 2672 3161; x_wconf 90' lang='lat' dir='ltr'><strong>ut</strong></span> <span class='ocrx_word' id='word_1_493' title='bbox 2723 3105 2926 3160; x_wconf 88' lang='lat' dir='ltr'><strong>dictum</strong></span> <span class='ocrx_word' id='word_1_494' title='bbox 2971 3109 3076 3166; x_wconf 88' lang='lat' dir='ltr'><strong>est,</strong></span> <span class='ocrx_word' id='word_1_495' title='bbox 3124 3101 3237 3170; x_wconf 89' lang='lat' dir='ltr'><strong>ipsa</strong></span> <span class='ocrx_word' id='word_1_496' title='bbox 3281 3111 3594 3152; x_wconf 90' lang='lat' dir='ltr'><strong>sermonum</strong></span> <span class='ocrx_word' id='word_1_497' title='bbox 3631 3091 3869 3165; x_wconf 86' lang='lat' dir='ltr'><strong>repetitio</strong></span> 
     </span>
    </p>
   </div>
   <div class='ocr_carea' id='block_1_62' title="bbox 611 3230 1075 3303">
    <p class='ocr_par' dir='ltr' id='par_1_62' title="bbox 611 3230 1075 3303">
     <span class='ocr_line' id='line_1_63' title="bbox 611 3230 1075 3303; baseline -0.032 -9"><span class='ocrx_word' id='word_1_498' title='bbox 611 3235 806 3294; x_wconf 86' lang='lat' dir='ltr'><strong>mortui</strong></span> <span class='ocrx_word' id='word_1_499' title='bbox 829 3230 1075 3303; x_wconf 86' lang='lat' dir='ltr'><strong>peccatis,</strong></span> 
     </span>
    </p>
   </div>
   <div class='ocr_carea' id='block_1_63' title="bbox 609 3294 2192 3400">
    <p class='ocr_par' dir='ltr' id='par_1_63' title="bbox 609 3294 2192 3400">
     <span class='ocr_line' id='line_1_64' title="bbox 609 3294 2192 3400; baseline -0.023 -17"><span class='ocrx_word' id='word_1_500' title='bbox 609 3294 840 3400; x_wconf 77' lang='lat' dir='ltr'><strong>gratiam</strong></span> <span class='ocrx_word' id='word_1_501' title='bbox 877 3320 1119 3391; x_wconf 87' lang='lat' dir='ltr'><strong>spiritum</strong></span> <span class='ocrx_word' id='word_1_502' title='bbox 1165 3310 1459 3382; x_wconf 87' lang='lat' dir='ltr'><strong>adoptionis</strong></span> <span class='ocrx_word' id='word_1_503' title='bbox 1491 3305 1787 3373; x_wconf 87' lang='lat' dir='ltr'><strong>accepimus</strong></span> <span class='ocrx_word' id='word_1_504' title='bbox 1815 3299 1972 3371; x_wconf 88' lang='lat' dir='ltr'><strong>(Eph.</strong></span> <span class='ocrx_word' id='word_1_505' title='bbox 2019 3313 2080 3360; x_wconf 92' lang='grc' dir='ltr'>ιι,</span> <span class='ocrx_word' id='word_1_506' title='bbox 2116 3294 2192 3365; x_wconf 76' lang='grc'><strong>4),</strong></span> 
     </span>
    </p>
   </div>
   <div class='ocr_carea' id='block_1_64' title="bbox 601 3386 2198 3488">
    <p class='ocr_par' dir='ltr' id='par_1_64' title="bbox 601 3386 2198 3488">
     <span class='ocr_line' id='line_1_65' title="bbox 601 3386 2198 3488; baseline -0.022 -15"><span class='ocrx_word' id='word_1_507' title='bbox 601 3386 779 3488; x_wconf 45' lang='lat' dir='ltr'><strong>quam</strong></span> <span class='ocrx_word' id='word_1_508' title='bbox 818 3386 1161 3469; x_wconf 82' lang='lat' dir='ltr'><strong>commendat</strong></span> <span class='ocrx_word' id='word_1_509' title='bbox 1192 3399 1479 3472; x_wconf 87' lang='lat' dir='ltr'><strong>Apostolus</strong></span> <span class='ocrx_word' id='word_1_510' title='bbox 1523 3396 1708 3450; x_wconf 89' lang='lat' dir='ltr'><strong>dicens</strong></span> <span class='ocrx_word' id='word_1_511' title='bbox 1737 3406 1753 3444; x_wconf 88' lang='lat'><strong>:</strong></span> <span class='ocrx_word' id='word_1_512' title='bbox 1786 3390 1890 3445; x_wconf 89' lang='lat' dir='ltr'><strong>Sed</strong></span> <span class='ocrx_word' id='word_1_513' title='bbox 1927 3386 2198 3456; x_wconf 84' lang='lat' dir='ltr'><strong>accepistis</strong></span> 
     </span>
    </p>
   </div>
   <div class='ocr_carea' id='block_1_65' title="bbox 610 3476 2198 3577">
    <p class='ocr_par' dir='ltr' id='par_1_65' title="bbox 610 3476 2198 3577">
     <span class='ocr_line' id='line_1_66' title="bbox 610 3476 2198 3577; baseline -0.021 -16"><span class='ocrx_word' id='word_1_514' title='bbox 610 3476 882 3577; x_wconf 47' lang='lat' dir='ltr'><strong>spiritum</strong></span> <span class='ocrx_word' id='word_1_515' title='bbox 914 3496 1207 3567; x_wconf 77' lang='lat' dir='ltr'><strong>adoptionis</strong></span> <span class='ocrx_word' id='word_1_516' title='bbox 1234 3491 1464 3561; x_wconf 76' lang='lat' dir='ltr'><strong>ﬁliorum</strong></span> <span class='ocrx_word' id='word_1_517' title='bbox 1489 3488 1544 3540; x_wconf 86' lang='lat' dir='ltr'><strong>in</strong></span> <span class='ocrx_word' id='word_1_518' title='bbox 1565 3501 1665 3556; x_wconf 85' lang='lat' dir='ltr'><strong>quo</strong></span> <span class='ocrx_word' id='word_1_519' title='bbox 1686 3480 2008 3536; x_wconf 88' lang='lat' dir='ltr'><strong>clamamus:</strong></span> <span class='ocrx_word' id='word_1_520' title='bbox 2030 3476 2198 3539; x_wconf 81' lang='lat' dir='ltr'><strong>Abba,</strong></span> 
     </span>
    </p>
   </div>
   <div class='ocr_carea' id='block_1_66' title="bbox 618 3571 2202 3663">
    <p class='ocr_par' dir='ltr' id='par_1_66' title="bbox 618 3571 2202 3663">
     <span class='ocr_line' id='line_1_67' title="bbox 618 3571 2202 3663; baseline -0.018 -13"><span class='ocrx_word' id='word_1_521' title='bbox 618 3571 787 3649; x_wconf 74' lang='lat' dir='ltr'><strong>Pater</strong></span> <span class='ocrx_word' id='word_1_522' title='bbox 814 3591 992 3663; x_wconf 83' lang='lat' dir='ltr'><strong>(Rom.</strong></span> <span class='ocrx_word' id='word_1_523' title='bbox 1015 3602 1131 3651; x_wconf 79' lang='lat' dir='ltr'><strong>vui,</strong></span> <span class='ocrx_word' id='word_1_524' title='bbox 1154 3585 1259 3655; x_wconf 81' lang='grc'><strong>15).</strong></span> <span class='ocrx_word' id='word_1_525' title='bbox 1283 3582 1352 3637; x_wconf 89' lang='lat' dir='ltr'><strong>Et</strong></span> <span class='ocrx_word' id='word_1_526' title='bbox 1373 3581 1494 3635; x_wconf 90' lang='lat' dir='ltr'><strong>ideo</strong></span> <span class='ocrx_word' id='word_1_527' title='bbox 1521 3578 1575 3632; x_wconf 95' lang='lat' dir='ltr'><strong>in</strong></span> <span class='ocrx_word' id='word_1_528' title='bbox 1602 3577 1705 3631; x_wconf 89' lang='lat' dir='ltr'><strong>hoc</strong></span> <span class='ocrx_word' id='word_1_529' title='bbox 1734 3573 1935 3645; x_wconf 91' lang='lat' dir='ltr'><strong>Spiritu</strong></span> <span class='ocrx_word' id='word_1_530' title='bbox 1962 3571 2202 3638; x_wconf 85' lang='lat' dir='ltr'><strong>adoptio-</strong></span> 
     </span>
    </p>
   </div>
   <div class='ocr_carea' id='block_1_67' title="bbox 627 3661 2204 3758">
    <p class='ocr_par' dir='ltr' id='par_1_67' title="bbox 627 3661 2204 3758">
     <span class='ocr_line' id='line_1_68' title="bbox 627 3661 2204 3758; baseline -0.021 -12"><span class='ocrx_word' id='word_1_531' title='bbox 627 3691 745 3756; x_wconf 91' lang='lat' dir='ltr'><strong>nis,</strong></span> <span class='ocrx_word' id='word_1_532' title='bbox 783 3661 874 3758; x_wconf 85' lang='lat' dir='ltr'><strong>qui</strong></span> <span class='ocrx_word' id='word_1_533' title='bbox 921 3682 1154 3756; x_wconf 88' lang='lat' dir='ltr'><strong>postulat</strong></span> <span class='ocrx_word' id='word_1_534' title='bbox 1185 3694 1287 3750; x_wconf 85' lang='lat' dir='ltr'><strong>pro</strong></span> <span class='ocrx_word' id='word_1_535' title='bbox 1327 3676 1480 3732; x_wconf 92' lang='lat' dir='ltr'><strong>nobis</strong></span> <span class='ocrx_word' id='word_1_536' title='bbox 1520 3671 1806 3744; x_wconf 80' lang='lat' dir='ltr'><strong>gemitibus</strong></span> <span class='ocrx_word' id='word_1_537' title='bbox 1834 3661 2204 3722; x_wconf 88' lang='lat' dir='ltr'><strong>inenarrabili-</strong></span> 
     </span>
    </p>
   </div>
   <div class='ocr_carea' id='block_1_68' title="bbox 615 3749 2204 3849">
    <p class='ocr_par' dir='ltr' id='par_1_68' title="bbox 615 3749 2204 3849">
     <span class='ocr_line' id='line_1_69' title="bbox 615 3749 2204 3849; baseline -0.017 -18"><span class='ocrx_word' id='word_1_538' title='bbox 615 3783 747 3842; x_wconf 81' lang='lat' dir='ltr'><strong>.bus,</strong></span> <span class='ocrx_word' id='word_1_539' title='bbox 798 3749 940 3849; x_wconf 42' lang='lat' dir='ltr'><strong>quia-</strong></span> <span class='ocrx_word' id='word_1_540' title='bbox 963 3789 1057 3829; x_wconf 90' lang='lat' dir='ltr'><strong>eos</strong></span> <span class='ocrx_word' id='word_1_541' title='bbox 1097 3749 1233 3842; x_wconf 90' lang='lat' dir='ltr'><strong>quos</strong></span> <span class='ocrx_word' id='word_1_542' title='bbox 1278 3767 1486 3837; x_wconf 88' lang='lat' dir='ltr'><strong>replere</strong></span> <span class='ocrx_word' id='word_1_543' title='bbox 1534 3764 1810 3833; x_wconf 79' lang='lat' dir='ltr'><strong>dignatur,</strong></span> <span class='ocrx_word' id='word_1_544' title='bbox 1853 3749 2204 3810; x_wconf 88' lang='lat' dir='ltr'><strong>inenarrabili</strong></span> 
     </span>
    </p>
   </div>
   <div class='ocr_carea' id='block_1_69' title="bbox 611 3847 2208 3934">
    <p class='ocr_par' dir='ltr' id='par_1_69' title="bbox 611 3847 2208 3934">
     <span class='ocr_line' id='line_1_70' title="bbox 611 3847 2208 3934; baseline -0.021 -7"><span class='ocrx_word' id='word_1_545' title='bbox 611 3847 892 3926; x_wconf 65' lang='lat' dir='ltr'><strong>desiderio</strong></span> <span class='ocrx_word' id='word_1_546' title='bbox 911 3870 1186 3934; x_wconf 82' lang='lat' dir='ltr'><strong>gementes</strong></span> <span class='ocrx_word' id='word_1_547' title='bbox 1207 3866 1261 3914; x_wconf 95' lang='lat' dir='ltr'><strong>et</strong></span> <span class='ocrx_word' id='word_1_548' title='bbox 1281 3854 1615 3927; x_wconf 83' lang='lat' dir='ltr'><strong>postulantes</strong></span> <span class='ocrx_word' id='word_1_549' title='bbox 1637 3849 1786 3914; x_wconf 80' lang='lat' dir='ltr'><strong>facit,</strong></span> <span class='ocrx_word' id='word_1_550' title='bbox 1805 3847 2004 3902; x_wconf 86' lang='lat' dir='ltr'><strong>clamat</strong></span> <span class='ocrx_word' id='word_1_551' title='bbox 2027 3855 2208 3897; x_wconf 88' lang='lat' dir='ltr'><strong>sacer-</strong></span> 
     </span>
    </p>
   </div>
   <div class='ocr_carea' id='block_1_70' title="bbox 622 3929 2210 4018">
    <p class='ocr_par' dir='ltr' id='par_1_70' title="bbox 622 3929 2210 4018">
     <span class='ocr_line' id='line_1_71' title="bbox 622 3929 2210 4018; baseline -0.021 -2"><span class='ocrx_word' id='word_1_552' title='bbox 622 3962 728 4018; x_wconf 85' lang='lat' dir='ltr'><strong>dos</strong></span> <span class='ocrx_word' id='word_1_553' title='bbox 753 3974 876 4015; x_wconf 91' lang='lat' dir='ltr'><strong>cum</strong></span> <span class='ocrx_word' id='word_1_554' title='bbox 902 3953 1144 4011; x_wconf 86' lang='lat' dir='ltr'><strong>Ecclesia</strong></span> <span class='ocrx_word' id='word_1_555' title='bbox 1167 3966 1274 4006; x_wconf 91' lang='lat' dir='ltr'><strong>non</strong></span> <span class='ocrx_word' id='word_1_556' title='bbox 1291 3961 1443 4012; x_wconf 87' lang='lat' dir='ltr'><strong>voce,</strong></span> <span class='ocrx_word' id='word_1_557' title='bbox 1469 3943 1562 4000; x_wconf 91' lang='lat' dir='ltr'><strong>sed</strong></span> <span class='ocrx_word' id='word_1_558' title='bbox 1585 3941 1746 3997; x_wconf 90' lang='lat' dir='ltr'><strong>corde</strong></span> <span class='ocrx_word' id='word_1_559' title='bbox 1767 3937 1953 3992; x_wconf 87' lang='lat' dir='ltr'><strong>dicens</strong></span> <span class='ocrx_word' id='word_1_560' title='bbox 1984 3951 1997 3987; x_wconf 88' lang='lat'><strong>:</strong></span> <span class='ocrx_word' id='word_1_561' title='bbox 2028 3931 2098 3986; x_wconf 82' lang='lat' dir='ltr'><strong>Te</strong></span> <span class='ocrx_word' id='word_1_562' title='bbox 2117 3929 2210 4000; x_wconf 88' lang='lat' dir='ltr'><strong>igi-</strong></span> 
     </span>
    </p>
   </div>
   <div class='ocr_carea' id='block_1_71' title="bbox 619 4027 2208 4125">
    <p class='ocr_par' dir='ltr' id='par_1_71' title="bbox 619 4027 2208 4125">
     <span class='ocr_line' id='line_1_72' title="bbox 619 4027 2208 4125; baseline -0.019 -18"><span class='ocrx_word' id='word_1_563' title='bbox 619 4056 737 4115; x_wconf 81' lang='lat' dir='ltr'><strong>tur,</strong></span> <span class='ocrx_word' id='word_1_564' title='bbox 756 4046 1149 4125; x_wconf 71' lang='lat' dir='ltr'><strong>clementissime</strong></span> <span class='ocrx_word' id='word_1_565' title='bbox 1163 4041 1345 4106; x_wconf 87' lang='lat' dir='ltr'><strong>Pater,</strong></span> <span class='ocrx_word' id='word_1_566' title='bbox 1362 4039 1614 4110; x_wconf 86' lang='lat' dir='ltr'><strong>supplices</strong></span> <span class='ocrx_word' id='word_1_567' title='bbox 1640 4047 1884 4105; x_wconf 87' lang='lat' dir='ltr'><strong>rogamus</strong></span> <span class='ocrx_word' id='word_1_568' title='bbox 1901 4039 1947 4084; x_wconf 94' lang='lat' dir='ltr'><strong>et</strong></span> <span class='ocrx_word' id='word_1_569' title='bbox 1967 4027 2208 4099; x_wconf 87' lang='lat' dir='ltr'><strong>petimus.</strong></span> 
     </span>
    </p>
   </div>
   <div class='ocr_carea' id='block_1_72' title="bbox 626 4121 2214 4208">
    <p class='ocr_par' dir='ltr' id='par_1_72' title="bbox 626 4121 2214 4208">
     <span class='ocr_line' id='line_1_73' title="bbox 626 4121 2214 4208; baseline -0.02 -10"><span class='ocrx_word' id='word_1_570' title='bbox 626 4141 764 4208; x_wconf 68' lang='lat' dir='ltr'><strong>Quae</strong></span> <span class='ocrx_word' id='word_1_571' title='bbox 795 4121 1203 4207; x_wconf 13' lang='lat' dir='ltr'><strong>supplicatioiet</strong></span> <span class='ocrx_word' id='word_1_572' title='bbox 1233 4129 1509 4186; x_wconf 89' lang='lat' dir='ltr'><strong>inclinatio</strong></span> <span class='ocrx_word' id='word_1_573' title='bbox 1535 4125 1715 4182; x_wconf 89' lang='lat' dir='ltr'><strong>cordis</strong></span> <span class='ocrx_word' id='word_1_574' title='bbox 1747 4121 1815 4178; x_wconf 88' lang='lat' dir='ltr'><strong>ad</strong></span> <span class='ocrx_word' id='word_1_575' title='bbox 1844 4121 2012 4176; x_wconf 90' lang='lat' dir='ltr'><strong>Deum</strong></span> <span class='ocrx_word' id='word_1_576' title='bbox 2049 4123 2214 4170; x_wconf 63' lang='lat' dir='ltr'><strong>tanta;</strong></span> 
     </span>
    </p>
   </div>
   <div class='ocr_carea' id='block_1_73' title="bbox 626 4206 2217 4284">
    <p class='ocr_par' dir='ltr' id='par_1_73' title="bbox 626 4206 2217 4284">
     <span class='ocr_line' id='line_1_74' title="bbox 626 4206 2217 4284; baseline -0.018 0"><span class='ocrx_word' id='word_1_577' title='bbox 626 4206 952 4284; x_wconf 76' lang='lat' dir='ltr'><strong>“reverentiae</strong></span> <span class='ocrx_word' id='word_1_578' title='bbox 980 4231 1034 4280; x_wconf 93' lang='lat' dir='ltr'><strong>et</strong></span> <span class='ocrx_word' id='word_1_579' title='bbox 1053 4220 1369 4278; x_wconf 90' lang='lat' dir='ltr'><strong>humilitatis</strong></span> <span class='ocrx_word' id='word_1_580' title='bbox 1392 4231 1514 4274; x_wconf 88' lang='lat' dir='ltr'><strong>esse</strong></span> <span class='ocrx_word' id='word_1_581' title='bbox 1539 4215 1718 4279; x_wconf 90' lang='lat' dir='ltr'><strong>debet,</strong></span> <span class='ocrx_word' id='word_1_582' title='bbox 1746 4219 1808 4266; x_wconf 88' lang='lat' dir='ltr'><strong>ut</strong></span> <span class='ocrx_word' id='word_1_583' title='bbox 1829 4206 2032 4265; x_wconf 90' lang='lat' dir='ltr'><strong>imitari</strong></span> <span class='ocrx_word' id='word_1_584' title='bbox 2053 4209 2217 4274; x_wconf 87' lang='lat' dir='ltr'><strong>queat</strong></span> 
     </span>
    </p>
   </div>
   <div class='ocr_carea' id='block_1_74' title="bbox 634 4294 2220 4388">
    <p class='ocr_par' dir='ltr' id='par_1_74' title="bbox 634 4294 2220 4388">
     <span class='ocr_line' id='line_1_75' title="bbox 634 4294 2220 4388; baseline -0.018 -11"><span class='ocrx_word' id='word_1_585' title='bbox 634 4320 769 4380; x_wconf 60' lang='lat' dir='ltr'><strong>illud</strong></span> <span class='ocrx_word' id='word_1_586' title='bbox 799 4316 941 4388; x_wconf 90' lang='lat' dir='ltr'><strong>quod</strong></span> <span class='ocrx_word' id='word_1_587' title='bbox 968 4315 1035 4371; x_wconf 91' lang='lat' dir='ltr'><strong>de</strong></span> <span class='ocrx_word' id='word_1_588' title='bbox 1067 4329 1164 4369; x_wconf 91' lang='lat' dir='ltr'><strong>sua</strong></span> <span class='ocrx_word' id='word_1_589' title='bbox 1191 4309 1580 4382; x_wconf 90' lang='lat' dir='ltr'><strong>supplicatione</strong></span> <span class='ocrx_word' id='word_1_590' title='bbox 1600 4303 1889 4376; x_wconf 84' lang='lat' dir='ltr'><strong>Apostolus</strong></span> <span class='ocrx_word' id='word_1_591' title='bbox 1915 4299 2080 4355; x_wconf 89' lang='lat' dir='ltr'><strong>dicit:</strong></span> <span class='ocrx_word' id='word_1_592' title='bbox 2107 4294 2220 4348; x_wconf 82' lang='lat' dir='ltr'><strong>Hu-</strong></span> 
     </span>
    </p>
   </div>
   <div class='ocr_carea' id='block_1_75' title="bbox 631 4394 2217 4479">
    <p class='ocr_par' dir='ltr' id='par_1_75' title="bbox 631 4394 2217 4479">
     <span class='ocr_line' id='line_1_76' title="bbox 631 4394 2217 4479; baseline -0.018 -12"><span class='ocrx_word' id='word_1_593' title='bbox 631 4413 724 4466; x_wconf 57' lang='lat' dir='ltr'><strong>ius</strong></span> <span class='ocrx_word' id='word_1_594' title='bbox 753 4409 828 4465; x_wconf 88' lang='lat' dir='ltr'><strong>rei</strong></span> <span class='ocrx_word' id='word_1_595' title='bbox 850 4406 1018 4479; x_wconf 90' lang='lat' dir='ltr'><strong>gratia</strong></span> <span class='ocrx_word' id='word_1_596' title='bbox 1039 4407 1186 4475; x_wconf 77' lang='lat' dir='ltr'><strong>ﬂecto</strong></span> <span class='ocrx_word' id='word_1_597' title='bbox 1207 4418 1373 4474; x_wconf 81' lang='lat' dir='ltr'><strong>genua</strong></span> <span class='ocrx_word' id='word_1_598' title='bbox 1389 4401 1510 4455; x_wconf 83' lang='lat' dir='ltr'><strong>mea</strong></span> <span class='ocrx_word' id='word_1_599' title='bbox 1533 4397 1601 4451; x_wconf 89' lang='lat' dir='ltr'><strong>ad</strong></span> <span class='ocrx_word' id='word_1_600' title='bbox 1625 4394 1858 4458; x_wconf 87' lang='lat' dir='ltr'><strong>Patrem,</strong></span> <span class='ocrx_word' id='word_1_601' title='bbox 1881 4405 1946 4446; x_wconf 60' lang='lat' dir='ltr'><strong>ea:</strong></span> <span class='ocrx_word' id='word_1_602' title='bbox 1975 4404 2077 4458; x_wconf 91' lang='lat' dir='ltr'><strong>quo</strong></span> <span class='ocrx_word' id='word_1_603' title='bbox 2107 4400 2217 4439; x_wconf 83' lang='lat' dir='ltr'><strong>om-</strong></span> 
     </span>
    </p>
   </div>
   <div class='ocr_carea' id='block_1_76' title="bbox 635 4481 2218 4575">
    <p class='ocr_par' dir='ltr' id='par_1_76' title="bbox 635 4481 2218 4575">
     <span class='ocr_line' id='line_1_77' title="bbox 635 4481 2218 4575; baseline -0.018 -14"><span class='ocrx_word' id='word_1_604' title='bbox 635 4507 721 4563; x_wconf 71' lang='lat' dir='ltr'><strong>uis</strong></span> <span class='ocrx_word' id='word_1_605' title='bbox 748 4500 1032 4575; x_wconf 87' lang='lat' dir='ltr'><strong>paternitas</strong></span> <span class='ocrx_word' id='word_1_606' title='bbox 1060 4499 1116 4551; x_wconf 88' lang='lat' dir='ltr'><strong>in</strong></span> <span class='ocrx_word' id='word_1_607' title='bbox 1138 4495 1275 4550; x_wconf 68' lang='lat' dir='ltr'><strong>castis</strong></span> <span class='ocrx_word' id='word_1_608' title='bbox 1301 4503 1348 4548; x_wconf 86' lang='lat' dir='ltr'><strong>et</strong></span> <span class='ocrx_word' id='word_1_609' title='bbox 1373 4494 1426 4547; x_wconf 87' lang='lat' dir='ltr'><strong>in</strong></span> <span class='ocrx_word' id='word_1_610' title='bbox 1452 4501 1591 4545; x_wconf 88' lang='lat' dir='ltr'><strong>terra</strong></span> <span class='ocrx_word' id='word_1_611' title='bbox 1615 4486 1917 4541; x_wconf 89' lang='lat' dir='ltr'><strong>nominatur</strong></span> <span class='ocrx_word' id='word_1_612' title='bbox 1942 4481 2104 4552; x_wconf 83' lang='lat' dir='ltr'><strong>(Eph.</strong></span> <span class='ocrx_word' id='word_1_613' title='bbox 2131 4494 2218 4544; x_wconf 87' lang='grc' dir='ltr'>ιιι,</span> 
     </span>
    </p>
   </div>
   <div class='ocr_carea' id='block_1_77' title="bbox 639 4570 2217 4668">
    <p class='ocr_par' dir='ltr' id='par_1_77' title="bbox 639 4570 2217 4668">
     <span class='ocr_line' id='line_1_78' title="bbox 639 4570 2217 4668; baseline -0.019 -16"><span class='ocrx_word' id='word_1_614' title='bbox 639 4570 758 4668; x_wconf 64' lang='lat' dir='ltr'><strong>id).</strong></span> <span class='ocrx_word' id='word_1_615' title='bbox 786 4594 844 4649; x_wconf 89' lang='lat' dir='ltr'><strong>In</strong></span> <span class='ocrx_word' id='word_1_616' title='bbox 872 4607 978 4664; x_wconf 91' lang='lat' dir='ltr'><strong>qua</strong></span> <span class='ocrx_word' id='word_1_617' title='bbox 1001 4589 1228 4645; x_wconf 80' lang='lat' dir='ltr'><strong>ﬂexione</strong></span> <span class='ocrx_word' id='word_1_618' title='bbox 1251 4598 1481 4657; x_wconf 86' lang='lat' dir='ltr'><strong>genuum</strong></span> <span class='ocrx_word' id='word_1_619' title='bbox 1509 4596 1615 4636; x_wconf 87' lang='lat' dir='ltr'><strong>non</strong></span> <span class='ocrx_word' id='word_1_620' title='bbox 1634 4575 1878 4646; x_wconf 88' lang='lat' dir='ltr'><strong>corporis</strong></span> <span class='ocrx_word' id='word_1_621' title='bbox 1901 4570 2217 4644; x_wconf 88' lang='lat' dir='ltr'><strong>prostratio,</strong></span> 
     </span>
    </p>
   </div>
   <div class='ocr_carea' id='block_1_78' title="bbox 633 4661 2219 4754">
    <p class='ocr_par' dir='ltr' id='par_1_78' title="bbox 633 4661 2219 4754">
     <span class='ocr_line' id='line_1_79' title="bbox 633 4661 2219 4754; baseline -0.02 -10"><span class='ocrx_word' id='word_1_622' title='bbox 633 4661 741 4744; x_wconf 74' lang='lat' dir='ltr'><strong>sed</strong></span> <span class='ocrx_word' id='word_1_623' title='bbox 770 4661 989 4754; x_wconf 79' lang='lat' dir='ltr'><strong>supplex</strong></span> <span class='ocrx_word' id='word_1_624' title='bbox 1021 4677 1242 4734; x_wconf 71' lang='lat' dir='ltr'><strong>affectus</strong></span> <span class='ocrx_word' id='word_1_625' title='bbox 1261 4715 1275 4741; x_wconf 91' lang='lat'><strong>,</strong></span> <span class='ocrx_word' id='word_1_626' title='bbox 1301 4684 1356 4730; x_wconf 88' lang='lat' dir='ltr'><strong>et</strong></span> <span class='ocrx_word' id='word_1_627' title='bbox 1384 4671 1562 4730; x_wconf 81' lang='lat' dir='ltr'><strong>cordis</strong></span> <span class='ocrx_word' id='word_1_628' title='bbox 1591 4665 1845 4724; x_wconf 91' lang='lat' dir='ltr'><strong>contritio</strong></span> <span class='ocrx_word' id='word_1_629' title='bbox 1882 4661 2219 4732; x_wconf 84' lang='lat' dir='ltr'><strong>intelligitur.</strong></span> 
     </span>
    </p>
   </div>
   <div class='ocr_carea' id='block_1_79' title="bbox 645 4756 2225 4848">
    <p class='ocr_par' dir='ltr' id='par_1_79' title="bbox 645 4756 2225 4848">
     <span class='ocr_line' id='line_1_80' title="bbox 645 4756 2225 4848; baseline -0.02 -13"><span class='ocrx_word' id='word_1_630' title='bbox 645 4781 726 4835; x_wconf 89' lang='lat' dir='ltr'><strong>De</strong></span> <span class='ocrx_word' id='word_1_631' title='bbox 754 4791 858 4848; x_wconf 83' lang='lat' dir='ltr'><strong>qua</strong></span> <span class='ocrx_word' id='word_1_632' title='bbox 883 4772 1170 4830; x_wconf 84' lang='lat' dir='ltr'><strong>Psalmista</strong></span> <span class='ocrx_word' id='word_1_633' title='bbox 1197 4769 1310 4824; x_wconf 90' lang='lat' dir='ltr'><strong>ait:</strong></span> <span class='ocrx_word' id='word_1_634' title='bbox 1343 4763 1672 4832; x_wconf 85' lang='lat' dir='ltr'><strong>Sacriﬁcium</strong></span> <span class='ocrx_word' id='word_1_635' title='bbox 1707 4759 1816 4813; x_wconf 87' lang='lat' dir='ltr'><strong>Deo</strong></span> <span class='ocrx_word' id='word_1_636' title='bbox 1854 4756 2067 4826; x_wconf 88' lang='lat' dir='ltr'><strong>spiritus</strong></span> <span class='ocrx_word' id='word_1_637' title='bbox 2102 4768 2225 4806; x_wconf 87' lang='lat' dir='ltr'><strong>con-</strong></span> 
     </span>
    </p>
   </div>
   <div class='ocr_carea' id='block_1_80' title="bbox 648 4847 2225 4932">
    <p class='ocr_par' dir='ltr' id='par_1_80' title="bbox 648 4847 2225 4932">
     <span class='ocr_line' id='line_1_81' title="bbox 648 4847 2225 4932; baseline -0.021 -4"><span class='ocrx_word' id='word_1_638' title='bbox 648 4847 927 4930; x_wconf 75' lang='lat' dir='ltr'><strong>tribulatus</strong></span> <span class='ocrx_word' id='word_1_639' title='bbox 950 4908 965 4932; x_wconf 95' lang='lat'><strong>,</strong></span> <span class='ocrx_word' id='word_1_640' title='bbox 1002 4882 1092 4921; x_wconf 89' lang='lat' dir='ltr'><strong>cor</strong></span> <span class='ocrx_word' id='word_1_641' title='bbox 1129 4863 1408 4919; x_wconf 86' lang='lat' dir='ltr'><strong>contritum</strong></span> <span class='ocrx_word' id='word_1_642' title='bbox 1444 4866 1493 4911; x_wconf 91' lang='lat' dir='ltr'><strong>et</strong></span> <span class='ocrx_word' id='word_1_643' title='bbox 1543 4851 1877 4907; x_wconf 85' lang='lat' dir='ltr'><strong>humiliatum</strong></span> <span class='ocrx_word' id='word_1_644' title='bbox 1917 4847 2074 4901; x_wconf 85' lang='lat' dir='ltr'><strong>Deus&#39;</strong></span> <span class='ocrx_word' id='word_1_645' title='bbox 2122 4859 2225 4897; x_wconf 87' lang='lat' dir='ltr'><strong>non</strong></span> 
     </span>
    </p>
   </div>
   <div class='ocr_carea' id='block_1_81' title="bbox 650 4935 2226 5033">
    <p class='ocr_par' dir='ltr' id='par_1_81' title="bbox 650 4935 2226 5033">
     <span class='ocr_line' id='line_1_82' title="bbox 650 4935 2226 5033; baseline -0.024 -11"><span class='ocrx_word' id='word_1_646' title='bbox 650 4949 900 5033; x_wconf 77' lang='lat' dir='ltr'><strong>despicies</strong></span> <span class='ocrx_word' id='word_1_647' title='bbox 928 4956 1042 5029; x_wconf 92' lang='lat' dir='ltr'><strong>(Ps.</strong></span> <span class='ocrx_word' id='word_1_648' title='bbox 1072 4972 1138 5022; x_wconf 76' lang='grc' dir='ltr'>ι,</span> <span class='ocrx_word' id='word_1_649' title='bbox 1168 4953 1278 5024; x_wconf 73' lang='grc'><strong>19).</strong></span> <span class='ocrx_word' id='word_1_650' title='bbox 1324 4945 1630 5006; x_wconf 90' lang='lat' dir='ltr'><strong>Secundum</strong></span> <span class='ocrx_word' id='word_1_651' title='bbox 1668 4942 1773 4997; x_wconf 93' lang='lat' dir='ltr'><strong>hoc</strong></span> <span class='ocrx_word' id='word_1_652' title='bbox 1812 4953 1942 5008; x_wconf 88' lang='lat' dir='ltr'><strong>ergo</strong></span> <span class='ocrx_word' id='word_1_653' title='bbox 1981 4935 2180 4991; x_wconf 89' lang='lat' dir='ltr'><strong>dicitur</strong></span> <span class='ocrx_word' id='word_1_654' title='bbox 2212 4949 2226 4984; x_wconf 85' lang='lat'><strong>:</strong></span> 
     </span>
    </p>
   </div>
   <div class='ocr_carea' id='block_1_82' title="bbox 1107 3181 3871 3289">
    <p class='ocr_par' dir='ltr' id='par_1_82' title="bbox 1107 3181 3871 3289">
     <span class='ocr_line' id='line_1_83' title="bbox 1107 3181 3871 3289; baseline -0.017 -9"><span class='ocrx_word' id='word_1_655' title='bbox 1107 3181 1477 3289; x_wconf 71' lang='lat' dir='ltr'><strong>convivi/icat&#39;it</strong></span> <span class='ocrx_word' id='word_1_656' title='bbox 1515 3230 1608 3269; x_wconf 88' lang='lat' dir='ltr'><strong>nos</strong></span> <span class='ocrx_word' id='word_1_657' title='bbox 1653 3211 1893 3273; x_wconf 88' lang='lat' dir='ltr'><strong>Christo,</strong></span> <span class='ocrx_word' id='word_1_658' title='bbox 1934 3223 2024 3276; x_wconf 87' lang='lat' dir='ltr'><strong>per</strong></span> <span class='ocrx_word' id='word_1_659' title='bbox 2059 3206 2193 3258; x_wconf 89' lang='lat' dir='ltr'><strong>hanc</strong></span> <span class='ocrx_word' id='word_1_660' title='bbox 2222 3181 2268 3244; x_wconf 66' lang='grc' dir='ltr'>ο</span> <span class='ocrx_word' id='word_1_661' title='bbox 2300 3201 2431 3256; x_wconf 86' lang='lat' dir='ltr'><strong>tanti</strong></span> <span class='ocrx_word' id='word_1_662' title='bbox 2456 3193 2780 3254; x_wconf 86' lang='lat' dir='ltr'><strong>sacramenti</strong></span> <span class='ocrx_word' id='word_1_663' title='bbox 2810 3200 2892 3247; x_wconf 82' lang='lat' dir='ltr'><strong>est</strong></span> <span class='ocrx_word' id='word_1_664' title='bbox 2913 3187 3335 3251; x_wconf 88' lang='lat' dir='ltr'><strong>commendatio,</strong></span> <span class='ocrx_word' id='word_1_665' title='bbox 3365 3195 3421 3242; x_wconf 89' lang='lat' dir='ltr'><strong>et</strong></span> <span class='ocrx_word' id='word_1_666' title='bbox 3444 3187 3549 3257; x_wconf 72' lang='lat' dir='ltr'><strong>pim</strong></span> <span class='ocrx_word' id='word_1_667' title='bbox 3582 3181 3871 3242; x_wconf 84' lang='lat' dir='ltr'><strong>devotionis</strong></span> 
     </span>
    </p>
   </div>
   <div class='ocr_carea' id='block_1_83' title="bbox 2297 3271 3870 3356">
    <p class='ocr_par' dir='ltr' id='par_1_83' title="bbox 2297 3271 3870 3356">
     <span class='ocr_line' id='line_1_84' title="bbox 2297 3271 3870 3356; baseline -0.017 -7"><span class='ocrx_word' id='word_1_668' title='bbox 2297 3291 2572 3352; x_wconf 77' lang='lat' dir='ltr'><strong>excitatio,</strong></span> <span class='ocrx_word' id='word_1_669' title='bbox 2606 3287 2730 3356; x_wconf 91' lang='lat' dir='ltr'><strong>quia</strong></span> <span class='ocrx_word' id='word_1_670' title='bbox 2767 3286 2884 3339; x_wconf 83' lang='lat' dir='ltr'><strong>haec</strong></span> <span class='ocrx_word' id='word_1_671' title='bbox 2925 3289 3050 3337; x_wconf 90' lang='lat' dir='ltr'><strong>sunt</strong></span> <span class='ocrx_word' id='word_1_672' title='bbox 3095 3294 3224 3334; x_wconf 87' lang='lat' dir='ltr'><strong>vere</strong></span> <span class='ocrx_word' id='word_1_673' title='bbox 3265 3288 3448 3332; x_wconf 85' lang='lat' dir='ltr'><strong>sancta</strong></span> <span class='ocrx_word' id='word_1_674' title='bbox 3479 3287 3535 3332; x_wconf 90' lang='lat' dir='ltr'><strong>et</strong></span> <span class='ocrx_word' id='word_1_675' title='bbox 3572 3276 3792 3338; x_wconf 84' lang='lat' dir='ltr'><strong>illibata,</strong></span> <span class='ocrx_word' id='word_1_676' title='bbox 3824 3271 3870 3324; x_wconf 88' lang='lat' dir='ltr'><strong>id</strong></span> 
     </span>
    </p>
   </div>
   <div class='ocr_carea' id='block_1_84' title="bbox 2295 3361 3872 3438">
    <p class='ocr_par' dir='ltr' id='par_1_84' title="bbox 2295 3361 3872 3438">
     <span class='ocr_line' id='line_1_85' title="bbox 2295 3361 3872 3438; baseline -0.016 -1"><span class='ocrx_word' id='word_1_677' title='bbox 2295 3392 2379 3438; x_wconf 88' lang='lat' dir='ltr'><strong>est</strong></span> <span class='ocrx_word' id='word_1_678' title='bbox 2408 3378 2658 3435; x_wconf 88' lang='lat' dir='ltr'><strong>inviolata</strong></span> <span class='ocrx_word' id='word_1_679' title='bbox 2689 3384 2744 3430; x_wconf 90' lang='lat' dir='ltr'><strong>et</strong></span> <span class='ocrx_word' id='word_1_680' title='bbox 2769 3370 3188 3428; x_wconf 89' lang='lat' dir='ltr'><strong>incontaminata</strong></span> <span class='ocrx_word' id='word_1_681' title='bbox 3217 3367 3483 3422; x_wconf 81' lang='lat' dir='ltr'><strong>sacriﬁcia</strong></span> <span class='ocrx_word' id='word_1_682' title='bbox 3506 3407 3522 3432; x_wconf 94' lang='lat'><strong>,</strong></span> <span class='ocrx_word' id='word_1_683' title='bbox 3569 3382 3692 3437; x_wconf 65' lang='lat' dir='ltr'><strong>quae</strong></span> <span class='ocrx_word' id='word_1_684' title='bbox 3733 3361 3872 3418; x_wconf 86' lang='lat' dir='ltr'><strong>nulla</strong></span> 
     </span>
    </p>
   </div>
   <div class='ocr_carea' id='block_1_85' title="bbox 2298 3453 3876 3543">
    <p class='ocr_par' dir='ltr' id='par_1_85' title="bbox 2298 3453 3876 3543">
     <span class='ocr_line' id='line_1_86' title="bbox 2298 3453 3876 3543; baseline -0.013 -17"><span class='ocrx_word' id='word_1_685' title='bbox 2298 3475 2458 3543; x_wconf 80' lang='lat' dir='ltr'><strong>digne</strong></span> <span class='ocrx_word' id='word_1_686' title='bbox 2504 3475 2730 3538; x_wconf 85' lang='lat' dir='ltr'><strong>possunt</strong></span> <span class='ocrx_word' id='word_1_687' title='bbox 2765 3464 2929 3519; x_wconf 86' lang='lat' dir='ltr'><strong>verba</strong></span> <span class='ocrx_word' id='word_1_688' title='bbox 2984 3460 3226 3524; x_wconf 89' lang='lat' dir='ltr'><strong>laudare,</strong></span> <span class='ocrx_word' id='word_1_689' title='bbox 3265 3473 3386 3526; x_wconf 75' lang='lat' dir='ltr'><strong>qua:</strong></span> <span class='ocrx_word' id='word_1_690' title='bbox 3414 3458 3467 3511; x_wconf 94' lang='lat' dir='ltr'><strong>in</strong></span> <span class='ocrx_word' id='word_1_691' title='bbox 3498 3456 3762 3528; x_wconf 85' lang='lat' dir='ltr'><strong>mysterio</strong></span> <span class='ocrx_word' id='word_1_692' title='bbox 3786 3453 3876 3506; x_wconf 48' lang='lat' dir='ltr'><strong>Do.</strong></span> 
     </span>
    </p>
   </div>
   <div class='ocr_carea' id='block_1_86' title="bbox 2301 3539 3875 3625">
    <p class='ocr_par' dir='ltr' id='par_1_86' title="bbox 2301 3539 3875 3625">
     <span class='ocr_line' id='line_1_87' title="bbox 2301 3539 3875 3625; baseline -0.015 -8"><span class='ocrx_word' id='word_1_693' title='bbox 2301 3560 2484 3618; x_wconf 92' lang='lat' dir='ltr'><strong>minici</strong></span> <span class='ocrx_word' id='word_1_694' title='bbox 2512 3556 2754 3625; x_wconf 89' lang='lat' dir='ltr'><strong>corporis</strong></span> <span class='ocrx_word' id='word_1_695' title='bbox 2782 3553 3103 3613; x_wconf 71' lang='lat' dir='ltr'><strong>oﬂ‘eruntur,</strong></span> <span class='ocrx_word' id='word_1_696' title='bbox 3136 3549 3189 3602; x_wconf 92' lang='lat' dir='ltr'><strong>in</strong></span> <span class='ocrx_word' id='word_1_697' title='bbox 3221 3547 3374 3616; x_wconf 85' lang='lat' dir='ltr'><strong>cujus</strong></span> <span class='ocrx_word' id='word_1_698' title='bbox 3417 3545 3648 3614; x_wconf 83' lang='lat' dir='ltr'><strong>ﬁguram</strong></span> <span class='ocrx_word' id='word_1_699' title='bbox 3695 3539 3875 3598; x_wconf 64' lang='lat' dir='ltr'><strong>hostia:</strong></span> 
     </span>
    </p>
   </div>
   <div class='ocr_carea' id='block_1_87' title="bbox 2303 3630 3876 3716">
    <p class='ocr_par' dir='ltr' id='par_1_87' title="bbox 2303 3630 3876 3716">
     <span class='ocr_line' id='line_1_88' title="bbox 2303 3630 3876 3716; baseline -0.018 -7"><span class='ocrx_word' id='word_1_700' title='bbox 2303 3653 2406 3709; x_wconf 69' lang='lat' dir='ltr'><strong>illze</strong></span> <span class='ocrx_word' id='word_1_701' title='bbox 2432 3647 2630 3704; x_wconf 86' lang='lat' dir='ltr'><strong>veteris</strong></span> <span class='ocrx_word' id='word_1_702' title='bbox 2655 3645 2789 3716; x_wconf 89' lang='lat' dir='ltr'><strong>legis</strong></span> <span class='ocrx_word' id='word_1_703' title='bbox 2815 3640 3172 3698; x_wconf 84' lang='lat' dir='ltr'><strong>immaculatae</strong></span> <span class='ocrx_word' id='word_1_704' title='bbox 3196 3652 3265 3692; x_wconf 87' lang='lat' dir='ltr'><strong>ac</strong></span> <span class='ocrx_word' id='word_1_705' title='bbox 3291 3637 3407 3691; x_wconf 90' lang='lat' dir='ltr'><strong>sine</strong></span> <span class='ocrx_word' id='word_1_706' title='bbox 3429 3635 3539 3689; x_wconf 91' lang='lat' dir='ltr'><strong>ullo</strong></span> <span class='ocrx_word' id='word_1_707' title='bbox 3567 3633 3705 3688; x_wconf 89' lang='lat' dir='ltr'><strong>vitio</strong></span> <span class='ocrx_word' id='word_1_708' title='bbox 3733 3630 3876 3700; x_wconf 86' lang='lat' dir='ltr'><strong>jube-</strong></span> 
     </span>
    </p>
   </div>
   <div class='ocr_carea' id='block_1_88' title="bbox 2304 3721 3878 3805">
    <p class='ocr_par' dir='ltr' id='par_1_88' title="bbox 2304 3721 3878 3805">
     <span class='ocr_line' id='line_1_89' title="bbox 2304 3721 3878 3805; baseline -0.015 -8"><span class='ocrx_word' id='word_1_709' title='bbox 2304 3743 2502 3798; x_wconf 91' lang='lat' dir='ltr'><strong>bantur</strong></span> <span class='ocrx_word' id='word_1_710' title='bbox 2522 3736 2724 3801; x_wconf 83' lang='lat' dir='ltr'><strong>oﬂ&#39;erri,</strong></span> <span class='ocrx_word' id='word_1_711' title='bbox 2747 3735 2923 3805; x_wconf 91' lang='lat' dir='ltr'><strong>qualis</strong></span> <span class='ocrx_word' id='word_1_712' title='bbox 2946 3731 3095 3787; x_wconf 90' lang='lat' dir='ltr'><strong>solus</strong></span> <span class='ocrx_word' id='word_1_713' title='bbox 3116 3731 3366 3784; x_wconf 87' lang='lat' dir='ltr'><strong>inventus</strong></span> <span class='ocrx_word' id='word_1_714' title='bbox 3389 3734 3472 3782; x_wconf 86' lang='lat' dir='ltr'><strong>est</strong></span> <span class='ocrx_word' id='word_1_715' title='bbox 3497 3725 3750 3780; x_wconf 87' lang='lat' dir='ltr'><strong>Christus</strong></span> <span class='ocrx_word' id='word_1_716' title='bbox 3771 3721 3878 3778; x_wconf 81' lang='lat' dir='ltr'><strong>sine</strong></span> 
     </span>
    </p>
   </div>
   <div class='ocr_carea' id='block_1_89' title="bbox 2311 3993 3880 4088">
    <p class='ocr_par' dir='ltr' id='par_1_89' title="bbox 2311 3993 3880 4088">
     <span class='ocr_line' id='line_1_90' title="bbox 2311 3993 3880 4088; baseline -0.019 -17"><span class='ocrx_word' id='word_1_717' title='bbox 2311 4033 2449 4088; x_wconf 88' lang='lat' dir='ltr'><strong>papa</strong></span> <span class='ocrx_word' id='word_1_718' title='bbox 2467 4022 2662 4068; x_wconf 89' lang='lat' dir='ltr'><strong>nostro.</strong></span> <span class='ocrx_word' id='word_1_719' title='bbox 2695 4008 2854 4080; x_wconf 79' lang='lat' dir='ltr'><strong>(Aac.</strong></span> <span class='ocrx_word' id='word_1_720' title='bbox 2876 4007 2932 4059; x_wconf 85' lang='lat' dir='ltr'><strong>in</strong></span> <span class='ocrx_word' id='word_1_721' title='bbox 2949 4001 3086 4073; x_wconf 88' lang='lat' dir='ltr'><strong>psal.</strong></span> <span class='ocrx_word' id='word_1_722' title='bbox 3104 3997 3290 4088; x_wconf 64' lang='lat' dir='ltr'><strong>cus.)</strong></span> <span class='ocrx_word' id='word_1_723' title='bbox 3321 3998 3414 4053; x_wconf 87' lang='lat' dir='ltr'><strong>Sic</strong></span> <span class='ocrx_word' id='word_1_724' title='bbox 3431 3996 3653 4052; x_wconf 89' lang='lat' dir='ltr'><strong>omnino</strong></span> <span class='ocrx_word' id='word_1_725' title='bbox 3675 3993 3880 4060; x_wconf 87' lang='lat' dir='ltr'><strong>dignum</strong></span> 
     </span>
    </p>
   </div>
   <div class='ocr_carea' id='block_1_90' title="bbox 2316 4076 3884 4166">
    <p class='ocr_par' dir='ltr' id='par_1_90' title="bbox 2316 4076 3884 4166">
     <span class='ocr_line' id='line_1_91' title="bbox 2316 4076 3884 4166; baseline -0.018 -8"><span class='ocrx_word' id='word_1_726' title='bbox 2316 4076 2420 4158; x_wconf 66' lang='lat' dir='ltr'><strong>iuit</strong></span> <span class='ocrx_word' id='word_1_727' title='bbox 2444 4109 2507 4154; x_wconf 91' lang='lat' dir='ltr'><strong>ut</strong></span> <span class='ocrx_word' id='word_1_728' title='bbox 2537 4076 2794 4166; x_wconf 83' lang='lat' dir='ltr'><strong>inciperet</strong></span> <span class='ocrx_word' id='word_1_729' title='bbox 2834 4099 3023 4148; x_wconf 88' lang='lat' dir='ltr'><strong>sancta</strong></span> <span class='ocrx_word' id='word_1_730' title='bbox 3055 4087 3280 4151; x_wconf 89' lang='lat' dir='ltr'><strong>oblatio,</strong></span> <span class='ocrx_word' id='word_1_731' title='bbox 3303 4085 3555 4142; x_wconf 88' lang='lat' dir='ltr'><strong>videlicet</strong></span> <span class='ocrx_word' id='word_1_732' title='bbox 3581 4097 3683 4152; x_wconf 87' lang='lat' dir='ltr'><strong>pro</strong></span> <span class='ocrx_word' id='word_1_733' title='bbox 3711 4076 3884 4135; x_wconf 77' lang='lat' dir='ltr'><strong>Eccle-</strong></span> 
     </span>
    </p>
   </div>
   <div class='ocr_carea' id='block_1_91' title="bbox 2319 4168 3882 4250">
    <p class='ocr_par' dir='ltr' id='par_1_91' title="bbox 2319 4168 3882 4250">
     <span class='ocr_line' id='line_1_92' title="bbox 2319 4168 3882 4250; baseline -0.02 -1"><span class='ocrx_word' id='word_1_734' title='bbox 2319 4194 2399 4250; x_wconf 88' lang='lat' dir='ltr'><strong>sia</strong></span> <span class='ocrx_word' id='word_1_735' title='bbox 2425 4190 2522 4247; x_wconf 89' lang='lat' dir='ltr'><strong>Dei</strong></span> <span class='ocrx_word' id='word_1_736' title='bbox 2553 4194 2740 4244; x_wconf 87' lang='lat' dir='ltr'><strong>sancta</strong></span> <span class='ocrx_word' id='word_1_737' title='bbox 2763 4181 3031 4239; x_wconf 88' lang='lat' dir='ltr'><strong>catholica</strong></span> <span class='ocrx_word' id='word_1_738' title='bbox 3056 4188 3171 4236; x_wconf 94' lang='lat' dir='ltr'><strong>toto</strong></span> <span class='ocrx_word' id='word_1_739' title='bbox 3211 4186 3482 4232; x_wconf 89' lang='lat' dir='ltr'><strong>terrarum</strong></span> <span class='ocrx_word' id='word_1_740' title='bbox 3509 4173 3644 4229; x_wconf 85' lang='lat' dir='ltr'><strong>orbe</strong></span> <span class='ocrx_word' id='word_1_741' title='bbox 3683 4168 3882 4227; x_wconf 83' lang='lat' dir='ltr'><strong>ditl&#39;usa.</strong></span> 
     </span>
    </p>
   </div>
   <div class='ocr_carea' id='block_1_92' title="bbox 2318 4261 3883 4352">
    <p class='ocr_par' dir='ltr' id='par_1_92' title="bbox 2318 4261 3883 4352">
     <span class='ocr_line' id='line_1_93' title="bbox 2318 4261 3883 4352; baseline -0.017 -14"><span class='ocrx_word' id='word_1_742' title='bbox 2318 4283 2438 4352; x_wconf 88' lang='lat' dir='ltr'><strong>Ipsa</strong></span> <span class='ocrx_word' id='word_1_743' title='bbox 2465 4287 2550 4335; x_wconf 90' lang='lat' dir='ltr'><strong>est</strong></span> <span class='ocrx_word' id='word_1_744' title='bbox 2573 4276 2716 4333; x_wconf 90' lang='lat' dir='ltr'><strong>enim</strong></span> <span class='ocrx_word' id='word_1_745' title='bbox 2737 4270 3064 4329; x_wconf 84' lang='lat' dir='ltr'><strong>universitas</strong></span> <span class='ocrx_word' id='word_1_746' title='bbox 3083 4267 3343 4338; x_wconf 85' lang='lat' dir='ltr'><strong>sanguine</strong></span> <span class='ocrx_word' id='word_1_747' title='bbox 3362 4263 3575 4319; x_wconf 87' lang='lat' dir='ltr'><strong>Domini</strong></span> <span class='ocrx_word' id='word_1_748' title='bbox 3604 4261 3883 4326; x_wconf 81' lang='lat' dir='ltr'><strong>redempta.</strong></span> 
     </span>
    </p>
   </div>
   <div class='ocr_carea' id='block_1_93' title="bbox 2320 4350 3890 4446">
    <p class='ocr_par' dir='ltr' id='par_1_93' title="bbox 2320 4350 3890 4446">
     <span class='ocr_line' id='line_1_94' title="bbox 2320 4350 3890 4446; baseline -0.02 -15"><span class='ocrx_word' id='word_1_749' title='bbox 2320 4350 2440 4446; x_wconf 81' lang='lat' dir='ltr'><strong>Ipsa</strong></span> <span class='ocrx_word' id='word_1_750' title='bbox 2463 4381 2550 4429; x_wconf 89' lang='lat' dir='ltr'><strong>est</strong></span> <span class='ocrx_word' id='word_1_751' title='bbox 2577 4369 2866 4427; x_wconf 74' lang='lat' dir='ltr'><strong>htereditas</strong></span> <span class='ocrx_word' id='word_1_752' title='bbox 2891 4380 2922 4420; x_wconf 90' lang='lat' dir='ltr'><strong>a</strong></span> <span class='ocrx_word' id='word_1_753' title='bbox 2948 4363 3110 4420; x_wconf 88' lang='lat' dir='ltr'><strong>Patre</strong></span> <span class='ocrx_word' id='word_1_754' title='bbox 3129 4361 3179 4417; x_wconf 87' lang='lat' dir='ltr'><strong>ei</strong></span> <span class='ocrx_word' id='word_1_755' title='bbox 3207 4358 3470 4431; x_wconf 86' lang='lat' dir='ltr'><strong>promissa</strong></span> <span class='ocrx_word' id='word_1_756' title='bbox 3496 4365 3552 4410; x_wconf 81' lang='lat' dir='ltr'><strong>et</strong></span> <span class='ocrx_word' id='word_1_757' title='bbox 3579 4355 3725 4418; x_wconf 86' lang='lat' dir='ltr'><strong>data,</strong></span> <span class='ocrx_word' id='word_1_758' title='bbox 3762 4350 3890 4404; x_wconf 83' lang='lat' dir='ltr'><strong>sicut</strong></span> 
     </span>
    </p>
   </div>
   <div class='ocr_carea' id='block_1_94' title="bbox 2327 4439 3889 4535">
    <p class='ocr_par' dir='ltr' id='par_1_94' title="bbox 2327 4439 3889 4535">
     <span class='ocr_line' id='line_1_95' title="bbox 2327 4439 3889 4535; baseline -0.019 -14"><span class='ocrx_word' id='word_1_759' title='bbox 2327 4439 2442 4535; x_wconf 80' lang='lat' dir='ltr'><strong>ipse</strong></span> <span class='ocrx_word' id='word_1_760' title='bbox 2472 4461 2633 4517; x_wconf 83' lang='lat' dir='ltr'><strong>Pater</strong></span> <span class='ocrx_word' id='word_1_761' title='bbox 2668 4460 2905 4528; x_wconf 85' lang='lat' dir='ltr'><strong>loquitur</strong></span> <span class='ocrx_word' id='word_1_762' title='bbox 2933 4456 2988 4510; x_wconf 94' lang='lat' dir='ltr'><strong>in</strong></span> <span class='ocrx_word' id='word_1_763' title='bbox 3029 4451 3237 4524; x_wconf 90' lang='lat' dir='ltr'><strong>psalmo</strong></span> <span class='ocrx_word' id='word_1_764' title='bbox 3263 4467 3278 4504; x_wconf 87' lang='lat'><strong>:</strong></span> <span class='ocrx_word' id='word_1_765' title='bbox 3306 4446 3573 4503; x_wconf 61' lang='lat' dir='ltr'><strong>Daboctibi</strong></span> <span class='ocrx_word' id='word_1_766' title='bbox 3600 4453 3769 4517; x_wconf 78' lang='lat' dir='ltr'><strong>gentes</strong></span> <span class='ocrx_word' id='word_1_767' title='bbox 3792 4439 3889 4490; x_wconf 69' lang='lat' dir='ltr'><strong>ha:-</strong></span> 
     </span>
    </p>
   </div>
   <div class='ocr_carea' id='block_1_95' title="bbox 2330 4538 3888 4620">
    <p class='ocr_par' dir='ltr' id='par_1_95' title="bbox 2330 4538 3888 4620">
     <span class='ocr_line' id='line_1_96' title="bbox 2330 4538 3888 4620; baseline -0.021 -6"><span class='ocrx_word' id='word_1_768' title='bbox 2330 4559 2600 4614; x_wconf 89' lang='lat' dir='ltr'><strong>reditatem</strong></span> <span class='ocrx_word' id='word_1_769' title='bbox 2629 4564 2797 4617; x_wconf 89' lang='lat' dir='ltr'><strong>tuam,</strong></span> <span class='ocrx_word' id='word_1_770' title='bbox 2823 4559 2872 4605; x_wconf 83' lang='lat' dir='ltr'><strong>et</strong></span> <span class='ocrx_word' id='word_1_771' title='bbox 2899 4545 3273 4620; x_wconf 81' lang='lat' dir='ltr'><strong>possessionem</strong></span> <span class='ocrx_word' id='word_1_772' title='bbox 3299 4551 3443 4597; x_wconf 86' lang='lat' dir='ltr'><strong>tuam</strong></span> <span class='ocrx_word' id='word_1_773' title='bbox 3465 4540 3713 4594; x_wconf 84' lang='lat' dir='ltr'><strong>terminos</strong></span> <span class='ocrx_word' id='word_1_774' title='bbox 3752 4538 3888 4584; x_wconf 74' lang='lat' dir='ltr'><strong>terra:</strong></span> 
     </span>
    </p>
   </div>
   <div class='ocr_carea' id='block_1_96' title="bbox 2327 4616 3889 4723">
    <p class='ocr_par' dir='ltr' id='par_1_96' title="bbox 2327 4616 3889 4723">
     <span class='ocr_line' id='line_1_97' title="bbox 2327 4616 3889 4723; baseline -0.022 -19"><span class='ocrx_word' id='word_1_775' title='bbox 2327 4648 2500 4723; x_wconf 88' lang='lat' dir='ltr'><strong>(Psal.</strong></span> <span class='ocrx_word' id='word_1_776' title='bbox 2531 4661 2592 4710; x_wconf 86' lang='grc' dir='ltr'>ιι,</span> <span class='ocrx_word' id='word_1_777' title='bbox 2617 4644 2694 4714; x_wconf 89' lang='grc'><strong>8).</strong></span> <span class='ocrx_word' id='word_1_778' title='bbox 2751 4641 2878 4695; x_wconf 61' lang='lat' dir='ltr'><strong>Haec</strong></span> <span class='ocrx_word' id='word_1_779' title='bbox 2900 4616 3099 4693; x_wconf 77' lang='lat' dir='ltr'><strong>unitas</strong></span> <span class='ocrx_word' id='word_1_780' title='bbox 3137 4631 3380 4701; x_wconf 89' lang='lat' dir='ltr'><strong>corporis</strong></span> <span class='ocrx_word' id='word_1_781' title='bbox 3412 4627 3614 4684; x_wconf 88' lang='lat' dir='ltr'><strong>Christi</strong></span> <span class='ocrx_word' id='word_1_782' title='bbox 3652 4616 3889 4723; x_wconf 46' lang='lat' dir='ltr'><strong>templt&#39;t‘nt</strong></span> 
     </span>
    </p>
   </div>
   <div class='ocr_carea' id='block_1_97' title="bbox 2331 4700 3891 4802">
    <p class='ocr_par' dir='ltr' id='par_1_97' title="bbox 2331 4700 3891 4802">
     <span class='ocr_line' id='line_1_98' title="bbox 2331 4700 3891 4802; baseline -0.024 -6"><span class='ocrx_word' id='word_1_783' title='bbox 2331 4700 2592 4802; x_wconf 20' lang='lat' dir='ltr'><strong>Deiﬁest,’</strong></span> <span class='ocrx_word' id='word_1_784' title='bbox 2621 4700 2708 4789; x_wconf 77' lang='lat' dir='ltr'><strong>cui</strong></span> <span class='ocrx_word' id='word_1_785' title='bbox 2735 4729 3024 4801; x_wconf 81' lang='lat' dir='ltr'><strong>Apostolus</strong></span> <span class='ocrx_word' id='word_1_786' title='bbox 3079 4723 3212 4785; x_wconf 90' lang='lat' dir='ltr'><strong>dicit</strong></span> <span class='ocrx_word' id='word_1_787' title='bbox 3237 4700 3266 4774; x_wconf 10' lang='lat'><strong>77:</strong></span> <span class='ocrx_word' id='word_1_788' title='bbox 3300 4716 3582 4787; x_wconf 84' lang='lat' dir='ltr'><strong>Templum</strong></span> <span class='ocrx_word' id='word_1_789' title='bbox 3638 4712 3773 4767; x_wconf 84' lang='lat' dir='ltr'><strong>enim</strong></span> <span class='ocrx_word' id='word_1_790' title='bbox 3808 4700 3891 4801; x_wconf 52' lang='lat' dir='ltr'><strong>Dei</strong></span> 
     </span>
    </p>
   </div>
   <div class='ocr_carea' id='block_1_98' title="bbox 2329 4789 3890 4896">
    <p class='ocr_par' dir='ltr' id='par_1_98' title="bbox 2329 4789 3890 4896">
     <span class='ocr_line' id='line_1_99' title="bbox 2329 4789 3890 4896; baseline -0.024 -8"><span class='ocrx_word' id='word_1_791' title='bbox 2329 4840 2568 4889; x_wconf 89' lang='lat' dir='ltr'><strong>sanctum</strong></span> <span class='ocrx_word' id='word_1_792' title='bbox 2599 4836 2674 4882; x_wconf 86' lang='lat' dir='ltr'><strong>est</strong></span> <span class='ocrx_word' id='word_1_793' title='bbox 2698 4789 2834 4896; x_wconf 69' lang='lat' dir='ltr'><strong>qudd</strong></span> <span class='ocrx_word' id='word_1_794' title='bbox 2861 4821 2984 4875; x_wconf 87' lang='lat' dir='ltr'><strong>estis</strong></span> <span class='ocrx_word' id='word_1_795' title='bbox 3010 4833 3097 4872; x_wconf 85' lang='lat' dir='ltr'><strong>vos</strong></span> <span class='ocrx_word' id='word_1_796' title='bbox 3128 4813 3178 4885; x_wconf 90' lang='grc'><strong>(1</strong></span> <span class='ocrx_word' id='word_1_797' title='bbox 3208 4812 3332 4868; x_wconf 83' lang='lat' dir='ltr'><strong>Cor.</strong></span> <span class='ocrx_word' id='word_1_798' title='bbox 3356 4825 3439 4875; x_wconf 84' lang='lat' dir='ltr'><strong>tu,</strong></span> <span class='ocrx_word' id='word_1_799' title='bbox 3465 4810 3577 4876; x_wconf 75' lang='grc'><strong>17),</strong></span> <span class='ocrx_word' id='word_1_800' title='bbox 3606 4814 3790 4861; x_wconf 88' lang='lat' dir='ltr'><strong>omnes</strong></span> <span class='ocrx_word' id='word_1_801' title='bbox 3812 4789 3890 4861; x_wconf 83' lang='lat' dir='ltr'><strong>qui</strong></span> 
     </span>
    </p>
   </div>
   <div class='ocr_carea' id='block_1_99' title="bbox 2333 4885 3894 4979">
    <p class='ocr_par' dir='ltr' id='par_1_99' title="bbox 2333 4885 3894 4979">
     <span class='ocr_line' id='line_1_100' title="bbox 2333 4885 3894 4979; baseline -0.026 0"><span class='ocrx_word' id='word_1_802' title='bbox 2333 4923 2560 4979; x_wconf 86' lang='lat' dir='ltr'><strong>credunt</strong></span> <span class='ocrx_word' id='word_1_803' title='bbox 2585 4919 2640 4972; x_wconf 92' lang='lat' dir='ltr'><strong>in</strong></span> <span class='ocrx_word' id='word_1_804' title='bbox 2668 4885 2969 4974; x_wconf 83' lang='lat' dir='ltr'><strong>Christum,</strong></span> <span class='ocrx_word' id='word_1_805' title='bbox 2992 4917 3048 4963; x_wconf 90' lang='lat' dir='ltr'><strong>et</strong></span> <span class='ocrx_word' id='word_1_806' title='bbox 3069 4907 3148 4962; x_wconf 89' lang='lat' dir='ltr'><strong>sic</strong></span> <span class='ocrx_word' id='word_1_807' title='bbox 3173 4903 3402 4960; x_wconf 87' lang='lat' dir='ltr'><strong>credunt</strong></span> <span class='ocrx_word' id='word_1_808' title='bbox 3431 4909 3490 4953; x_wconf 94' lang='lat' dir='ltr'><strong>ut</strong></span> <span class='ocrx_word' id='word_1_809' title='bbox 3513 4898 3752 4968; x_wconf 83' lang='lat' dir='ltr'><strong>diligant.</strong></span> <span class='ocrx_word' id='word_1_810' title='bbox 3798 4885 3894 4940; x_wconf 87' lang='lat' dir='ltr'><strong>lloc</strong></span> 
     </span>
    </p>
   </div>
   <div class='ocr_carea' id='block_1_100' title="bbox 2337 4981 3894 5069">
    <p class='ocr_par' dir='ltr' id='par_1_100' title="bbox 2337 4981 3894 5069">
     <span class='ocr_line' id='line_1_101' title="bbox 2337 4981 3894 5069; baseline -0.026 0"><span class='ocrx_word' id='word_1_811' title='bbox 2337 5023 2422 5069; x_wconf 90' lang='lat' dir='ltr'><strong>est</strong></span> <span class='ocrx_word' id='word_1_812' title='bbox 2464 5012 2608 5066; x_wconf 91' lang='lat' dir='ltr'><strong>enim</strong></span> <span class='ocrx_word' id='word_1_813' title='bbox 2658 5006 2879 5062; x_wconf 87' lang='lat' dir='ltr'><strong>credere</strong></span> <span class='ocrx_word' id='word_1_814' title='bbox 2923 5003 2979 5056; x_wconf 93' lang='lat' dir='ltr'><strong>in</strong></span> <span class='ocrx_word' id='word_1_815' title='bbox 3024 4997 3299 5053; x_wconf 88' lang='lat' dir='ltr'><strong>Christum</strong></span> <span class='ocrx_word' id='word_1_816' title='bbox 3345 4990 3566 5059; x_wconf 84' lang='lat' dir='ltr'><strong>diligere</strong></span> <span class='ocrx_word' id='word_1_817' title='bbox 3621 4981 3894 5040; x_wconf 61' lang='lat' dir='ltr'><strong>Christum.</strong></span> 
     </span>
    </p>
   </div>
   <div class='ocr_carea' id='block_1_101' title="bbox 653 5025 2226 5121">
    <p class='ocr_par' dir='ltr' id='par_1_101' title="bbox 653 5025 2226 5121">
     <span class='ocr_line' id='line_1_102' title="bbox 653 5025 2226 5121; baseline -0.019 -14"><span class='ocrx_word' id='word_1_818' title='bbox 653 5025 1214 5121; x_wconf 32' lang='lat' dir='ltr'><strong>Supplices‘rogamus</strong></span> <span class='ocrx_word' id='word_1_819' title='bbox 1260 5057 1322 5095; x_wconf 89' lang='lat' dir='ltr'><strong>ac</strong></span> <span class='ocrx_word' id='word_1_820' title='bbox 1369 5035 1618 5109; x_wconf 86' lang='lat' dir='ltr'><strong>petimus,</strong></span> <span class='ocrx_word' id='word_1_821' title='bbox 1673 5031 1864 5086; x_wconf 88' lang='lat' dir='ltr'><strong>ethoc</strong></span> <span class='ocrx_word' id='word_1_822' title='bbox 1903 5043 2004 5098; x_wconf 89' lang='lat' dir='ltr'><strong>per</strong></span> <span class='ocrx_word' id='word_1_823' title='bbox 2046 5025 2226 5080; x_wconf 85' lang='lat' dir='ltr'><strong>Jesum</strong></span> 
     </span>
    </p>
   </div>
   <div class='ocr_carea' id='block_1_102' title="bbox 652 5127 2230 5199">
    <p class='ocr_par' dir='ltr' id='par_1_102' title="bbox 652 5127 2230 5199">
     <span class='ocr_line' id='line_1_103' title="bbox 652 5127 2230 5199; baseline -0.019 -3"><span class='ocrx_word' id='word_1_824' title='bbox 652 5139 930 5199; x_wconf 80' lang='lat' dir='ltr'><strong>Christum</strong></span> <span class='ocrx_word' id='word_1_825' title='bbox 950 5135 1149 5191; x_wconf 87' lang='lat' dir='ltr'><strong>Filium</strong></span> <span class='ocrx_word' id='word_1_826' title='bbox 1180 5142 1326 5186; x_wconf 92' lang='lat' dir='ltr'><strong>tuum</strong></span> <span class='ocrx_word' id='word_1_827' title='bbox 1350 5127 1635 5183; x_wconf 90' lang='lat' dir='ltr'><strong>Dominum</strong></span> <span class='ocrx_word' id='word_1_828' title='bbox 1665 5129 1928 5180; x_wconf 87' lang='lat' dir='ltr'><strong>nostrum,</strong></span> <span class='ocrx_word' id='word_1_829' title='bbox 1955 5133 2053 5188; x_wconf 87' lang='lat' dir='ltr'><strong>per</strong></span> <span class='ocrx_word' id='word_1_830' title='bbox 2073 5129 2230 5185; x_wconf 87' lang='lat' dir='ltr'><strong>quem</strong></span> 
     </span>
    </p>
   </div>
   <div class='ocr_carea' id='block_1_103' title="bbox 655 5206 2236 5299">
    <p class='ocr_par' dir='ltr' id='par_1_103' title="bbox 655 5206 2236 5299">
     <span class='ocr_line' id='line_1_104' title="bbox 655 5206 2236 5299; baseline -0.019 -11"><span class='ocrx_word' id='word_1_831' title='bbox 655 5232 835 5287; x_wconf 78' lang='lat' dir='ltr'><strong>omnis</strong></span> <span class='ocrx_word' id='word_1_832' title='bbox 853 5225 1170 5299; x_wconf 89' lang='lat' dir='ltr'><strong>supplicatio</strong></span> <span class='ocrx_word' id='word_1_833' title='bbox 1193 5231 1249 5278; x_wconf 93' lang='lat' dir='ltr'><strong>et</strong></span> <span class='ocrx_word' id='word_1_834' title='bbox 1275 5220 1462 5292; x_wconf 91' lang='lat' dir='ltr'><strong>petitio</strong></span> <span class='ocrx_word' id='word_1_835' title='bbox 1486 5225 1668 5273; x_wconf 90' lang='lat' dir='ltr'><strong>nostra</strong></span> <span class='ocrx_word' id='word_1_836' title='bbox 1690 5213 1756 5268; x_wconf 89' lang='lat' dir='ltr'><strong>ad</strong></span> <span class='ocrx_word' id='word_1_837' title='bbox 1781 5211 1950 5266; x_wconf 88' lang='lat' dir='ltr'><strong>Deum</strong></span> <span class='ocrx_word' id='word_1_838' title='bbox 1969 5207 2123 5277; x_wconf 84' lang='lat' dir='ltr'><strong>dirigi</strong></span> <span class='ocrx_word' id='word_1_839' title='bbox 2145 5206 2236 5260; x_wconf 87' lang='lat' dir='ltr'><strong>de-</strong></span> 
     </span>
    </p>
   </div>
   <div class='ocr_carea' id='block_1_104' title="bbox 657 5305 2235 5385">
    <p class='ocr_par' dir='ltr' id='par_1_104' title="bbox 657 5305 2235 5385">
     <span class='ocr_line' id='line_1_105' title="bbox 657 5305 2235 5385; baseline -0.018 -9"><span class='ocrx_word' id='word_1_840' title='bbox 657 5321 788 5384; x_wconf 85' lang='lat' dir='ltr'><strong>bet,</strong></span> <span class='ocrx_word' id='word_1_841' title='bbox 820 5326 1074 5385; x_wconf 89' lang='lat' dir='ltr'><strong>tanquam</strong></span> <span class='ocrx_word' id='word_1_842' title='bbox 1115 5325 1215 5383; x_wconf 88' lang='lat' dir='ltr'><strong>per</strong></span> <span class='ocrx_word' id='word_1_843' title='bbox 1252 5305 1439 5364; x_wconf 72' lang='lat' dir='ltr'><strong>verum</strong></span> <span class='ocrx_word' id='word_1_844' title='bbox 1486 5305 1835 5361; x_wconf 88' lang='lat' dir='ltr'><strong>mediatorem</strong></span> <span class='ocrx_word' id='word_1_845' title='bbox 1876 5307 1932 5354; x_wconf 93' lang='lat' dir='ltr'><strong>et</strong></span> <span class='ocrx_word' id='word_1_846' title='bbox 1975 5306 2235 5352; x_wconf 60' lang='lat' dir='ltr'><strong>aeternum</strong></span> 
     </span>
    </p>
   </div>
   <div class='ocr_carea' id='block_1_105' title="bbox 649 5385 2243 5472">
    <p class='ocr_par' dir='ltr' id='par_1_105' title="bbox 649 5385 2243 5472">
     <span class='ocr_line' id='line_1_106' title="bbox 649 5385 2243 5472; baseline -0.018 -8"><span class='ocrx_word' id='word_1_847' title='bbox 649 5400 1024 5469; x_wconf 74' lang='lat' dir='ltr'><strong>sacerdotem,</strong></span> <span class='ocrx_word' id='word_1_848' title='bbox 1054 5401 1144 5472; x_wconf 89' lang='lat' dir='ltr'><strong>qui</strong></span> <span class='ocrx_word' id='word_1_849' title='bbox 1175 5398 1329 5455; x_wconf 90' lang='lat' dir='ltr'><strong>sedet</strong></span> <span class='ocrx_word' id='word_1_850' title='bbox 1352 5396 1419 5450; x_wconf 91' lang='lat' dir='ltr'><strong>ad</strong></span> <span class='ocrx_word' id='word_1_851' title='bbox 1445 5396 1722 5450; x_wconf 82' lang='lat' dir='ltr'><strong>dexteram</strong></span> <span class='ocrx_word' id='word_1_852' title='bbox 1759 5388 1957 5452; x_wconf 91' lang='lat' dir='ltr'><strong>Patris,</strong></span> <span class='ocrx_word' id='word_1_853' title='bbox 1987 5393 2043 5442; x_wconf 92' lang='lat' dir='ltr'><strong>et</strong></span> <span class='ocrx_word' id='word_1_854' title='bbox 2076 5385 2243 5440; x_wconf 82' lang='lat' dir='ltr'><strong>inter-</strong></span> 
     </span>
    </p>
   </div>
   <div class='ocr_carea' id='block_1_106' title="bbox 646 5476 2241 5574">
    <p class='ocr_par' dir='ltr' id='par_1_106' title="bbox 646 5476 2241 5574">
     <span class='ocr_line' id='line_1_107' title="bbox 646 5476 2241 5574; baseline -0.016 -20"><span class='ocrx_word' id='word_1_855' title='bbox 646 5498 829 5574; x_wconf 74' lang='lat' dir='ltr'><strong>pellat</strong></span> <span class='ocrx_word' id='word_1_856' title='bbox 855 5509 954 5567; x_wconf 89' lang='lat' dir='ltr'><strong>pro</strong></span> <span class='ocrx_word' id='word_1_857' title='bbox 981 5493 1156 5548; x_wconf 91' lang='lat' dir='ltr'><strong>nobis.</strong></span> <span class='ocrx_word' id='word_1_858' title='bbox 1185 5490 1293 5544; x_wconf 91' lang='lat' dir='ltr'><strong>Pro</strong></span> <span class='ocrx_word' id='word_1_859' title='bbox 1313 5503 1418 5558; x_wconf 89' lang='lat' dir='ltr'><strong>qua</strong></span> <span class='ocrx_word' id='word_1_860' title='bbox 1445 5495 1626 5540; x_wconf 84' lang='lat' dir='ltr'><strong>autem</strong></span> <span class='ocrx_word' id='word_1_861' title='bbox 1650 5499 1708 5540; x_wconf 92' lang='lat' dir='ltr'><strong>re</strong></span> <span class='ocrx_word' id='word_1_862' title='bbox 1731 5481 1863 5537; x_wconf 93' lang='lat' dir='ltr'><strong>dicit</strong></span> <span class='ocrx_word' id='word_1_863' title='bbox 1889 5480 2144 5535; x_wconf 88' lang='lat' dir='ltr'><strong>sacerdos</strong></span> <span class='ocrx_word' id='word_1_864' title='bbox 2175 5476 2241 5528; x_wconf 89' lang='lat' dir='ltr'><strong>ad</strong></span> 
     </span>
    </p>
   </div>
   <div class='ocr_carea' id='block_1_107' title="bbox 653 5564 2244 5653">
    <p class='ocr_par' dir='ltr' id='par_1_107' title="bbox 653 5564 2244 5653">
     <span class='ocr_line' id='line_1_108' title="bbox 653 5564 2244 5653; baseline -0.02 -3"><span class='ocrx_word' id='word_1_865' title='bbox 653 5564 837 5649; x_wconf 64' lang='lat' dir='ltr'><strong>&#39;beum</strong></span> <span class='ocrx_word' id='word_1_866' title='bbox 857 5564 1084 5642; x_wconf 82' lang='lat' dir='ltr'><strong>Patrem</strong></span> <span class='ocrx_word' id='word_1_867' title='bbox 1111 5596 1354 5653; x_wconf 85' lang='lat' dir='ltr'><strong>rogamus</strong></span> <span class='ocrx_word' id='word_1_868' title='bbox 1395 5587 1443 5632; x_wconf 91' lang='lat' dir='ltr'><strong>et</strong></span> <span class='ocrx_word' id='word_1_869' title='bbox 1483 5577 1723 5647; x_wconf 86' lang='lat' dir='ltr'><strong>petimus,</strong></span> <span class='ocrx_word' id='word_1_870' title='bbox 1752 5573 1854 5629; x_wconf 89' lang='lat' dir='ltr'><strong>nisi</strong></span> <span class='ocrx_word' id='word_1_871' title='bbox 1892 5586 1990 5642; x_wconf 92' lang='lat' dir='ltr'><strong>pro</strong></span> <span class='ocrx_word' id='word_1_872' title='bbox 2011 5585 2077 5625; x_wconf 90' lang='lat' dir='ltr'><strong>eo</strong></span> <span class='ocrx_word' id='word_1_873' title='bbox 2103 5564 2244 5636; x_wconf 87' lang='lat' dir='ltr'><strong>quod</strong></span> 
     </span>
    </p>
   </div>
   <div class='ocr_carea' id='block_1_108' title="bbox 671 5655 2244 5751">
    <p class='ocr_par' dir='ltr' id='par_1_108' title="bbox 671 5655 2244 5751">
     <span class='ocr_line' id='line_1_109' title="bbox 671 5655 2244 5751; baseline -0.019 -16"><span class='ocrx_word' id='word_1_874' title='bbox 671 5680 936 5751; x_wconf 81' lang='lat' dir='ltr'><strong>sequitur,</strong></span> <span class='ocrx_word' id='word_1_875' title='bbox 975 5673 1224 5729; x_wconf 88' lang='lat' dir='ltr'><strong>videlicet</strong></span> <span class='ocrx_word' id='word_1_876' title='bbox 1260 5679 1320 5724; x_wconf 90' lang='lat' dir='ltr'><strong>ut</strong></span> <span class='ocrx_word' id='word_1_877' title='bbox 1357 5682 1420 5722; x_wconf 91' lang='lat' dir='ltr'><strong>ea</strong></span> <span class='ocrx_word' id='word_1_878' title='bbox 1458 5680 1580 5735; x_wconf 83' lang='lat' dir='ltr'><strong>quae</strong></span> <span class='ocrx_word' id='word_1_879' title='bbox 1624 5664 1725 5732; x_wconf 86' lang='lat' dir='ltr'><strong>ipsi</strong></span> <span class='ocrx_word' id='word_1_880' title='bbox 1760 5662 2059 5718; x_wconf 78' lang='lat' dir='ltr'><strong>olferuntur</strong></span> <span class='ocrx_word' id='word_1_881' title='bbox 2084 5655 2244 5715; x_wconf 88' lang='lat' dir='ltr'><strong>dona,</strong></span> 
     </span>
    </p>
   </div>
   <div class='ocr_carea' id='block_1_109' title="bbox 677 5743 2242 5830">
    <p class='ocr_par' dir='ltr' id='par_1_109' title="bbox 677 5743 2242 5830">
     <span class='ocr_line' id='line_1_110' title="bbox 677 5743 2242 5830; baseline -0.021 -3"><span class='ocrx_word' id='word_1_882' title='bbox 677 5783 900 5828; x_wconf 87' lang='lat' dir='ltr'><strong>munera</strong></span> <span class='ocrx_word' id='word_1_883' title='bbox 929 5772 1136 5830; x_wconf 84' lang='lat' dir='ltr'><strong>sancta,</strong></span> <span class='ocrx_word' id='word_1_884' title='bbox 1164 5759 1428 5816; x_wconf 79' lang='lat' dir='ltr'><strong>sacrificia</strong></span> <span class='ocrx_word' id='word_1_885' title='bbox 1457 5764 1696 5824; x_wconf 86' lang='lat' dir='ltr'><strong>accepta,</strong></span> <span class='ocrx_word' id='word_1_886' title='bbox 1715 5753 1767 5806; x_wconf 94' lang='lat' dir='ltr'><strong>id</strong></span> <span class='ocrx_word' id='word_1_887' title='bbox 1794 5761 1877 5806; x_wconf 87' lang='lat' dir='ltr'><strong>est</strong></span> <span class='ocrx_word' id='word_1_888' title='bbox 1911 5743 2242 5815; x_wconf 87' lang='lat' dir='ltr'><strong>beueplacita</strong></span> 
     </span>
    </p>
   </div>
   <div class='ocr_carea' id='block_1_110' title="bbox 2340 5063 3899 5172">
    <p class='ocr_par' dir='ltr' id='par_1_110' title="bbox 2340 5063 3899 5172">
     <span class='ocr_line' id='line_1_111' title="bbox 2340 5063 3899 5172; baseline -0.026 -14"><span class='ocrx_word' id='word_1_889' title='bbox 2649 5095 2854 5166; x_wconf 89' lang='lat' dir='ltr'><strong>lapides</strong></span> <span class='ocrx_word' id='word_1_890' title='bbox 2896 5097 3024 5145; x_wconf 89' lang='lat' dir='ltr'><strong>sunt</strong></span> <span class='ocrx_word' id='word_1_891' title='bbox 3056 5085 3184 5150; x_wconf 88' lang='lat' dir='ltr'><strong>vivi,</strong></span> <span class='ocrx_word' id='word_1_892' title='bbox 3211 5085 3274 5138; x_wconf 89' lang='lat' dir='ltr'><strong>de</strong></span> <span class='ocrx_word' id='word_1_893' title='bbox 3306 5082 3502 5151; x_wconf 89' lang='lat' dir='ltr'><strong>quibus</strong></span> <span class='ocrx_word' id='word_1_894' title='bbox 3533 5073 3784 5145; x_wconf 86' lang='lat' dir='ltr'><strong>templum</strong></span> <span class='ocrx_word' id='word_1_895' title='bbox 3809 5063 3899 5118; x_wconf 82' lang='lat' dir='ltr'><strong>D0-</strong></span> 
     </span>
    </p>
   </div>
   <div class='ocr_carea' id='block_1_111' title="bbox 2342 5162 3900 5248">
    <p class='ocr_par' dir='ltr' id='par_1_111' title="bbox 2342 5162 3900 5248">
     <span class='ocr_line' id='line_1_112' title="bbox 2342 5162 3900 5248; baseline -0.024 0"><span class='ocrx_word' id='word_1_896' title='bbox 2342 5162 2823 5248; x_wconf 47' lang='lat' dir='ltr'><strong>mini-zedilicatur.</strong></span> <span class='ocrx_word' id='word_1_897' title='bbox 2845 5180 2962 5234; x_wconf 80' lang='lat' dir='ltr'><strong>Hoc</strong></span> <span class='ocrx_word' id='word_1_898' title='bbox 2981 5185 3161 5231; x_wconf 89' lang='lat' dir='ltr'><strong>autem</strong></span> <span class='ocrx_word' id='word_1_899' title='bbox 3192 5171 3448 5241; x_wconf 88' lang='lat' dir='ltr'><strong>templum</strong></span> <span class='ocrx_word' id='word_1_900' title='bbox 3474 5178 3559 5224; x_wconf 87' lang='lat' dir='ltr'><strong>est</strong></span> <span class='ocrx_word' id='word_1_901' title='bbox 3585 5165 3675 5220; x_wconf 89' lang='lat' dir='ltr'><strong>ubi</strong></span> <span class='ocrx_word' id='word_1_902' title='bbox 3701 5162 3900 5228; x_wconf 70' lang='lat' dir='ltr'><strong>rogatur</strong></span> 
     </span>
    </p>
   </div>
   <div class='ocr_carea' id='block_1_112' title="bbox 2344 5245 3900 5336">
    <p class='ocr_par' dir='ltr' id='par_1_112' title="bbox 2344 5245 3900 5336">
     <span class='ocr_line' id='line_1_113' title="bbox 2344 5245 3900 5336; baseline -0.024 1"><span class='ocrx_word' id='word_1_903' title='bbox 2344 5284 2486 5336; x_wconf 86' lang='lat' dir='ltr'><strong>Deus</strong></span> <span class='ocrx_word' id='word_1_904' title='bbox 2547 5285 2601 5331; x_wconf 89' lang='lat' dir='ltr'><strong>et</strong></span> <span class='ocrx_word' id='word_1_905' title='bbox 2645 5273 2887 5328; x_wconf 79' lang='lat' dir='ltr'><strong>exaudit.</strong></span> <span class='ocrx_word' id='word_1_906' title='bbox 2931 5265 3186 5336; x_wconf 85' lang='lat' dir='ltr'><strong>Quisquis</strong></span> <span class='ocrx_word' id='word_1_907' title='bbox 3230 5264 3375 5320; x_wconf 88' lang='lat' dir='ltr'><strong>enim</strong></span> <span class='ocrx_word' id='word_1_908' title='bbox 3422 5268 3619 5332; x_wconf 64' lang='lat' dir='ltr'><strong>praeter</strong></span> <span class='ocrx_word' id='word_1_909' title='bbox 3665 5245 3900 5315; x_wconf 82' lang='lat' dir='ltr'><strong>templum</strong></span> 
     </span>
    </p>
   </div>
   <div class='ocr_carea' id='block_1_113' title="bbox 2346 5347 3900 5429">
    <p class='ocr_par' dir='ltr' id='par_1_113' title="bbox 2346 5347 3900 5429">
     <span class='ocr_line' id='line_1_114' title="bbox 2346 5347 3900 5429; baseline -0.024 -2"><span class='ocrx_word' id='word_1_910' title='bbox 2346 5369 2584 5426; x_wconf 86' lang='lat' dir='ltr'><strong>oraverit</strong></span> <span class='ocrx_word' id='word_1_911' title='bbox 2608 5367 2800 5428; x_wconf 90' lang='lat' dir='ltr'><strong>Deum,</strong></span> <span class='ocrx_word' id='word_1_912' title='bbox 2823 5377 2927 5429; x_wconf 77' lang='lat' dir='ltr'><strong>non</strong></span> <span class='ocrx_word' id='word_1_913' title='bbox 2952 5358 3238 5414; x_wconf 77' lang='lat' dir='ltr'><strong>exauditur</strong></span> <span class='ocrx_word' id='word_1_914' title='bbox 3263 5355 3329 5410; x_wconf 90' lang='lat' dir='ltr'><strong>ad</strong></span> <span class='ocrx_word' id='word_1_915' title='bbox 3357 5353 3501 5408; x_wconf 90' lang='lat' dir='ltr'><strong>illam</strong></span> <span class='ocrx_word' id='word_1_916' title='bbox 3522 5360 3707 5420; x_wconf 71' lang='lat' dir='ltr'><strong>pacem</strong></span> <span class='ocrx_word' id='word_1_917' title='bbox 3730 5347 3900 5406; x_wconf 75' lang='lat' dir='ltr'><strong>super-</strong></span> 
     </span>
    </p>
   </div>
   <div class='ocr_carea' id='block_1_114' title="bbox 2347 5432 3902 5524">
    <p class='ocr_par' dir='ltr' id='par_1_114' title="bbox 2347 5432 3902 5524">
     <span class='ocr_line' id='line_1_115' title="bbox 2347 5432 3902 5524; baseline -0.024 -5"><span class='ocrx_word' id='word_1_918' title='bbox 2347 5476 2496 5524; x_wconf 92' lang='lat' dir='ltr'><strong>nam,</strong></span> <span class='ocrx_word' id='word_1_919' title='bbox 2541 5473 2648 5512; x_wconf 91' lang='lat' dir='ltr'><strong>non</strong></span> <span class='ocrx_word' id='word_1_920' title='bbox 2697 5454 2983 5510; x_wconf 79' lang='lat' dir='ltr'><strong>exauditur</strong></span> <span class='ocrx_word' id='word_1_921' title='bbox 3025 5450 3091 5503; x_wconf 92' lang='lat' dir='ltr'><strong>ad</strong></span> <span class='ocrx_word' id='word_1_922' title='bbox 3130 5447 3295 5500; x_wconf 78' lang='lat' dir='ltr'><strong>vitam</strong></span> <span class='ocrx_word' id='word_1_923' title='bbox 3343 5452 3627 5503; x_wconf 82' lang='lat' dir='ltr'><strong>aeternam,</strong></span> <span class='ocrx_word' id='word_1_924' title='bbox 3669 5444 3784 5503; x_wconf 70' lang='lat' dir='ltr'><strong>qua:</strong></span> <span class='ocrx_word' id='word_1_925' title='bbox 3810 5432 3902 5478; x_wconf 74' lang='grc' dir='ltr'><strong>ηοῑι</strong></span> 
     </span>
    </p>
   </div>
   <div class='ocr_carea' id='block_1_115' title="bbox 2349 5511 3903 5610">
    <p class='ocr_par' dir='ltr' id='par_1_115' title="bbox 2349 5511 3903 5610">
     <span class='ocr_line' id='line_1_116' title="bbox 2349 5511 3903 5610; baseline -0.024 -3"><span class='ocrx_word' id='word_1_926' title='bbox 2349 5549 2664 5608; x_wconf 88' lang='lat' dir='ltr'><strong>conceditur</strong></span> <span class='ocrx_word' id='word_1_927' title='bbox 2690 5545 2794 5600; x_wconf 91' lang='lat' dir='ltr'><strong>nisi</strong></span> <span class='ocrx_word' id='word_1_928' title='bbox 2821 5544 2870 5597; x_wconf 90' lang='lat' dir='ltr'><strong>ei</strong></span> <span class='ocrx_word' id='word_1_929' title='bbox 2914 5541 3007 5610; x_wconf 89' lang='lat' dir='ltr'><strong>qui</strong></span> <span class='ocrx_word' id='word_1_930' title='bbox 3046 5540 3100 5593; x_wconf 91' lang='lat' dir='ltr'><strong>in</strong></span> <span class='ocrx_word' id='word_1_931' title='bbox 3147 5534 3348 5605; x_wconf 90' lang='lat' dir='ltr'><strong>templo</strong></span> <span class='ocrx_word' id='word_1_932' title='bbox 3377 5531 3471 5586; x_wconf 89' lang='lat' dir='ltr'><strong>Dei</strong></span> <span class='ocrx_word' id='word_1_933' title='bbox 3501 5535 3641 5585; x_wconf 90' lang='lat' dir='ltr'><strong>orat.</strong></span> <span class='ocrx_word' id='word_1_934' title='bbox 3675 5517 3772 5587; x_wconf 88' lang='lat' dir='ltr'><strong>Qui</strong></span> <span class='ocrx_word' id='word_1_935' title='bbox 3800 5511 3903 5610; x_wconf 45' lang='lat' dir='ltr'><strong>ora?</strong></span> 
     </span>
    </p>
   </div>
   <div class='ocr_carea' id='block_1_116' title="bbox 2352 5593 3900 5711">
    <p class='ocr_par' dir='ltr' id='par_1_116' title="bbox 2352 5593 3900 5711">
     <span class='ocr_line' id='line_1_117' title="bbox 2352 5593 3900 5711; baseline -0.021 -13"><span class='ocrx_word' id='word_1_936' title='bbox 2352 5645 2406 5698; x_wconf 92' lang='lat' dir='ltr'><strong>in</strong></span> <span class='ocrx_word' id='word_1_937' title='bbox 2435 5654 2568 5711; x_wconf 83' lang='lat' dir='ltr'><strong>pace</strong></span> <span class='ocrx_word' id='word_1_938' title='bbox 2595 5635 2877 5698; x_wconf 83' lang='lat' dir='ltr'><strong>Ecclesiae,</strong></span> <span class='ocrx_word' id='word_1_939' title='bbox 2908 5634 2962 5687; x_wconf 91' lang='lat' dir='ltr'><strong>in</strong></span> <span class='ocrx_word' id='word_1_940' title='bbox 2988 5632 3192 5685; x_wconf 86' lang='lat' dir='ltr'><strong>unitate</strong></span> <span class='ocrx_word' id='word_1_941' title='bbox 3233 5623 3476 5693; x_wconf 88' lang='lat' dir='ltr'><strong>corporis</strong></span> <span class='ocrx_word' id='word_1_942' title='bbox 3522 5613 3753 5675; x_wconf 85' lang='lat' dir='ltr'><strong>Christi,</strong></span> <span class='ocrx_word' id='word_1_943' title='bbox 3777 5593 3900 5673; x_wconf 75' lang='lat' dir='ltr'><strong>quod</strong></span> 
     </span>
    </p>
   </div>
   <div class='ocr_carea' id='block_1_117' title="bbox 2353 5697 3898 5802">
    <p class='ocr_par' dir='ltr' id='par_1_117' title="bbox 2353 5697 3898 5802">
     <span class='ocr_line' id='line_1_118' title="bbox 2353 5697 3898 5802; baseline -0.025 -14"><span class='ocrx_word' id='word_1_944' title='bbox 2353 5697 2546 5802; x_wconf 45' lang='lat' dir='ltr'><strong>cor&#39;pus</strong></span> <span class='ocrx_word' id='word_1_945' title='bbox 2567 5726 2774 5784; x_wconf 86' lang='lat' dir='ltr'><strong>Christi</strong></span> <span class='ocrx_word' id='word_1_946' title='bbox 2798 5731 3010 5779; x_wconf 87' lang='lat' dir='ltr'><strong>constat</strong></span> <span class='ocrx_word' id='word_1_947' title='bbox 3031 5737 3096 5776; x_wconf 73' lang='lat' dir='ltr'><strong>ex</strong></span> <span class='ocrx_word' id='word_1_948' title='bbox 3126 5716 3309 5774; x_wconf 86' lang='lat' dir='ltr'><strong>multis</strong></span> <span class='ocrx_word' id='word_1_949' title='bbox 3337 5703 3756 5769; x_wconf 85' lang='lat' dir='ltr'><strong>credentibus&#39;in</strong></span> <span class='ocrx_word' id='word_1_950' title='bbox 3803 5697 3898 5746; x_wconf 81' lang='grc' dir='ltr'><strong>ιοιο</strong></span> 
     </span>
    </p>
   </div>
  </div>
