4050 6302
521 292 578 346 ΞὶΙ
1626 289 1826 346 FLOR!
1863 287 2133 344 υιιιιῑοῖιι
2174 247 2656 343 Lucouuessw

3713 296 3792 362 5.1

518 416 623 470 est,
661 408 802 462 unde
824 414 879 463 et
899 406 1022 460 alibi
1057 406 1232 460 divina
1269 405 1381 475 lege
1408 405 1715 478 praecipitur
1742 421 1752 455 :
1781 403 2103 470 Sacrificans
2135 404 2178 460 Λ
2212 409 2438 453 testatur
2453 400 2755 470 Apostolus,
2777 414 2873 471 per
2894 402 3152 472 Spiritum
3173 416 3419 466 sanctum
3436 413 3786 482 semetipsum

518 500 620 555 diis
652 499 1026 562 eradicabitur,
1057 498 1156 551 nisi
1189 497 1408 550 Domino
1451 495 1568 548 soli.
1609 494 1762 550 Unde
1789 494 1984 548 merito
2026 492 2101 546 illi

518 591 572 643 in
595 588 914 644 coelestibus
938 587 1153 643 sedibus
1179 586 1458 642 constituti
1492 586 1826 640 immortales
1854 594 1910 640 et
1935 584 2102 647 beati,

517 681 645 748 quia
683 696 781 735 nos
801 680 1056 734 mortales
1073 687 1121 733 et
1148 680 1394 741 miseros,
1418 689 1478 732 ut
1500 676 1830 731 immortales
1857 675 2106 744 beatique

516 773 690 825 simus
729 771 1150 826 misericorditer
1175 769 1398 838 diligunt
1426 786 1440 833 ;
1475 769 1662 824 nolunt
1691 783 1788 822 nos
1813 766 1914 820 sibi
1946 767 2108 821 sacri-

518 861 708 928 ﬁcare,
747 862 841 917 sed
873 862 920 916 ei
950 860 1102 931 cujus
1133 867 1187 913 et
1209 858 1307 928 ipsi
1340 857 1616 914 nobiscum
1639 856 1962 912 sacriﬁcium
1985 871 2108 910 esse

514 949 853 1014 petiverunt.
881 948 1012 1004 Cum
1043 947 1172 1018 ipsis
1197 947 1339 1001 enim
1368 961 1552 1000 smnus
1584 962 1688 999 una
1716 945 1928 1010 civitas,
1955 943 2108 1012 cujus

527 1057 656 1109 pars
701 1041 754 1095 in
788 1040 942 1095 nobis
984 1038 1376 1110 peregrinatur,
1415 1053 1540 1107 pars
1583 1037 1636 1090 iu
1668 1035 1771 1091 illis
1793 1034 2106 1106 opitulatur.

529 1130 729 1186 Oratur
768 1131 946 1198 itaque
991 1130 1132 1184 Deus
1177 1137 1236 1182 ut
1285 1129 1425 1182 hanc
1469 1127 1813 1188 oblationem,
1843 1142 2005 1196 quam
2035 1123 2116 1180 illi"

530 1223 630 1276 soli
671 1222 846 1276 debita
893 1222 1156 1276 servitute
1192 1219 1366 1274 defert
1396 1218 1634 1274 Ecclesia
1681 1218 1922 1288 placatus
1969 1217 2110 1271 acci-

526 1311 661 1381 piat.
708 1310 831 1366 Hmc
866 1320 951 1366 est
997 1325 1122 1364 vera
1165 1309 1387 1374 oblatio,
1435 1309 1488 1364 in
1535 1325 1639 1380 qua
1672 1308 1840 1363 Filius
1866 1308 2109 1372 offertur,

528 1403 692 1456 Pater
733 1401 1133 1467 reconciliatur,
1180 1409 1234 1456 et
1261 1400 1408 1455 vitali
1437 1401 1708 1455 oblatione
1732 1399 1975 1467 placatus
1998 1399 2113 1454 dies

527 1501 742 1549 nostros
763 1493 816 1548 in
847 1509 942 1548 sua
965 1509 1093 1563 pace
1117 1492 1387 1562 disponat,
1417 1500 1496 1554 ut,
1527 1491 1627 1546 etsi
1657 1491 1708 1544 in
1739 1490 1936 1544 mundo
1963 1505 2115 1557 pres-

527 1601 712 1641 suram
770 1586 1050 1651 habemus,
1105 1587 1157 1640 in
1211 1585 1302 1642 illo
1353 1599 1539 1656 pacem
1586 1585 1900 1638 habeamus.
1936 1581 2114 1635 Finito

528 1686 708 1730 autent
741 1675 896 1745 hujus
939 1675 1286 1730 mortalitatis
1333 1690 1516 1737 cursu,
1545 1675 1614 1728 ab
1657 1682 1858 1726 aztcrna
1885 1673 2109 1725 damna-

2208 491 2400 546 obtulit
2429 491 2828 546 immaculatum
2853 495 2979 548 Deo.
3025 494 3139 550 Hoc
3160 513 3391 568 namque
3421 500 3577 556 nobis
3603 501 3655 555 in
3695 517 3785 556 sa-

2207 594 2485 639 cramento
2529 584 2772 654 corporis
2809 594 2864 639 et
2906 587 3184 656 sanguinis
3234 588 3354 643 Filii
3401 590 3496 645 Dei
3541 592 3786 660 quotidie

2208 675 2562 728 instauratur.
2591 676 2771 746 (Auc.,
2799 675 2892 732 lib.
2919 693 2989 730 xx
3009 689 3191 733 contra
3223 677 3413 747 Faust,
3443 697 3496 737 c.
3526 682 3637 754 I5.)
3667 682 3782 739 [Ioc

2207 778 2400 831 corpus
2433 774 2488 819 et
2514 765 2602 819 hic
2631 766 2848 834 sanguis
2885 783 2990 822 non
3030 768 3083 822 in
3115 770 3278 838 spicis
3303 778 3358 824 et
3389 771 3444 824 in
3483 775 3775 829 sarmentis

2207 852 2504 923 colligitur,
2533 855 2624 908 sed
2653 863 2800 910 certa
2827 857 3235 912 consecratione
3265 859 3524 930 mysticus
3547 860 3637 915 fit.
3675 861 3786 916 No-

2209 959 2308 998 vus
2334 960 2440 998 non
2466 946 2737 1011 nascitur,
2766 961 2890 1001 cum
2919 948 3073 1016 panis
3105 959 3162 1003 et
3184 949 3292 1003 vini
3331 958 3581 1004 creatura
3611 951 3664 1005 in
3693 967 3786 1007 sa-

2211 1047 2547 1092 cramentum
2584 1038 2766 1092 carnis
2793 1048 2847 1094 et
2874 1041 3154 1110 sanguinis
3180 1039 3297 1109 ejus
3325 1040 3581 1096 ineffabili
3618 1042 3792 1113 Spiri-

2213 1135 2300 1182 tus
2331 1128 2756 1184 sanetiﬁcatione
2803 1129 3149 1184 transfertur.
3191 1129 3342 1198 Quod
3369 1140 3550 1188 autem
3581 1149 3692 1188 non
3715 1134 3795 1189 ita

2213 1217 2305 1281 sit,
2329 1220 2577 1287 quamvis
2609 1219 2680 1274 sit
2706 1221 2860 1288 panis
2890 1229 2946 1274 et
2973 1220 3114 1275 calix
3133 1260 3149 1284 ,
3190 1222 3505 1278 alimentum
3539 1233 3624 1278 est
3651 1224 3795 1280 refe-

2213 1305 2428 1372 ctionis,
2464 1323 2570 1362 non
2617 1319 3015 1364 sacramentum
3066 1311 3362 1383 religionis,
3395 1329 3502 1382 quo
3547 1315 3795 1372 divinum

2213 1395 2384 1451 altare
2417 1396 2664 1452 Christus
2691 1397 2948 1467 implevit.
2973 1399 3223 1455 Invitavit
3245 1416 3376 1472 ergo
3396 1402 3654 1459 Dominus
3679 1419 3800 1460 ser-

2213 1502 2330 1554 vos,
2360 1497 2418 1542 et
2448 1489 2768 1558 praeparavit
2806 1489 2886 1544 eis
2914 1489 3095 1544 cibum
3139 1490 3399 1560 seipsum.
3433 1492 3564 1559 Quis
3592 1494 3797 1550 audeat

2217 1578 2544 1634 manducare
2567 1579 2847 1633 Dominum
2867 1580 3058 1634 suum?
3079 1579 3146 1634 Et
3169 1589 3349 1636 tamen
3376 1583 3488 1637 ait:
3520 1583 3624 1648 Qui
3643 1601 3800 1638 man-

2218 1669 2375 1724 ducat
2405 1687 2506 1735 me,
2554 1671 2676 1724 vivit
2709 1681 2918 1740 propter
2944 1686 3023 1724 me
3071 1669 3254 1740 (Joan.
3287 1688 3370 1739 v1,
3401 1673 3513 1743 58).
3567 1673 3805 1740 Quando

531 1766 680 1820 tione
704 1743 939 1834 ereptos,
965 1768 1016 1820 in
1042 1765 1337 1822 electorum
1368 1781 1588 1820 suorum
1617 1779 1778 1833 grege
1805 1779 1906 1821 nos
1935 1779 2109 1816 annu-
2145 1743 2186 1802 Β
2213 1757 2463 1813 Christus
2490 1759 2861 1824 manducetur,
2891 1761 2999 1815 vita
3030 1763 3421 1826 manducatur,
3453 1777 3560 1817 non
3589 1762 3796 1818 occidi—

531 1869 746 1909 merare
767 1855 1034 1925 dignetur.
1067 1855 1281 1926 (6330.)
1300 1855 1445 1922 Quia
1475 1857 1587 1924 ipsa
1612 1871 1828 1925 quoque
1858 1855 2110 1924 perennis

533 1943 681 2012 regni
713 1943 1113 2012 praedestinatio
1141 1943 1214 1998 ita
1240 1953 1325 1998 est
1345 1944 1412 1997 ab
1432 1942 1811 2013 Omnipotente
1829 1943 2108 2012 disposita,

533 2041 593 2085 ut
618 2033 684 2087 ad
713 2033 814 2088 hoc
838 2032 994 2088 electi
1041 2048 1108 2087 ex
1148 2032 1330 2089 labore
1358 2034 1696 2102 perveniant,
1726 2041 1993 2103 quatenus
2019 2049 2113 2102 po-

533 2123 783 2178 stulando
829 2133 1140 2179 mereantur
1187 2125 1452 2194 accipere,
1504 2125 1644 2194 quod
1668 2125 1749 2178 eis
1772 2125 2113 2193 omnipotens

536 2214 680 2269 Deus
726 2223 852 2270 ante
908 2215 1104 2271 saecula
1159 2215 1426 2285 disposuit
1474 2214 1694 2272 donare.
1753 2213 2010 2284 Sequitur
2058 2217 2114 2270 in

537 2309 797 2377 mysterio
819 2328 833 2364 :

607 2399 696 2454 59.
739 2400 910 2466 Quam
940 2401 1249 2456 oblationem
1291 2412 1367 2465 tu,
1401 2401 1564 2466 Deus,
1608 2403 1662 2455 in
1698 2401 1960 2464 omnibus,
2006 2409 2111 2455 etc.

537 2490 736 2546 Oratur
754 2491 1137 2562 Omnipotens,
1163 2503 1222 2548 ut
1247 2493 1573 2549 oblationem
1597 2493 1710 2549 suis
1733 2494 1906 2549 sacris
1930 2493 2115 2548 altari-

537 2583 642 2636 bus
696 2583 1004 2652 impositam
1050 2592 1106 2638 et
1151 2584 1316 2639 tantis
1363 2585 1612 2655 precibus
1655 2585 2110 2648 commendatam,

537 2670 657 2739 ipse
677 2685 773 2741 per
802 2673 1056 2728 virtutem
1085 2673 1464 2729 descendentis
1492 2674 1565 2728 ita
1593 2674 1886 2742 legitimam
1910 2684 1965 2728 et
1994 2689 2116 2744 per-

541 2761 736 2816 fectam
793 2763 1178 2819 eucharistiam
1239 2763 1471 2829 eﬁiciat,
1536 2773 1594 2818 ut
1646 2765 1699 2820 in
1742 2765 1994 2820 omnibus
2043 2765 2116 2819 sit

540 2849 808 2919 ascripta,
840 2850 892 2906 id
919 2861 1004 2907 est
1033 2852 1088 2906 in
1123 2867 1406 2908 numerum
1447 2852 1768 2922 placitorum
1793 2852 1897 2908 sibi
1926 2868 2116 2909 nume-

542 2949 694 2994 retur
719 2950 966 3011 recepta;
999 2943 1069 2997 sit
1094 2945 1260 2998 etiam
1294 2954 1411 2999 rata
1429 2985 1444 3007 ,
1473 2945 1525 2998 id
1550 2952 1636 2999 est
1662 2943 1922 2999 immobili
1951 2944 2117 2998 ﬁrmi-

547 3036 657 3085 tate
683 3039 962 3100 perpetua.
996 3031 1108 3087 Hoc
1142 3049 1373 3103 namque
1407 3033 1606 3088 dicitur
1632 3041 1831 3098 ratum,
1861 3033 2004 3103 quod
2033 3039 2118 3089 est

547 3119 809 3174 immobili
836 3121 1044 3177 ratione
1069 3122 1283 3177 firmum
1304 3131 1358 3177 et
1383 3123 1772 3178 inconvulsum.
1801 3122 1882 3177 Sit
1907 3137 2122 3193 quoque

548 3211 788 3280 ejusdem
825 3211 1061 3284 Spintus
1084 3216 1257 3270 sancti
1282 3224 1543 3286 operante
1568 3217 1789 3281 virtute,
1828 3215 2124 3270 rationabi-

550 3304 618 3359 lis
641 3312 696 3359 et
717 3319 815 3375 per
843 3304 957 3360 haec
983 3305 1166 3360 omnia
1201 3307 1552 3376 singulariter
1577 3306 1686 3363 Deo
1705 3315 1857 3378 grata
1891 3316 1946 3361 et
1971 3321 2127 3362 acce-

550 3395 798 3465 ptabilis,
831 3405 925 3462 ut,
957 3399 1204 3467 quamvis
1236 3399 1304 3454 de
1333 3399 1666 3469 simplicibus
1699 3409 1854 3453 terra:
1882 3397 2126 3470 frugibus

550 3494 764 3556 sumpta
783 3526 800 3550 ,
821 3486 1016 3543 divinae
1055 3488 1442 3544 benedictionis
1467 3488 1721 3544 ineffabili
1750 3490 1988 3559 potentia
2014 3487 2128 3542 efﬁ-

554 3577 727 3632 ciatur
745 3593 942 3649 corpus
965 3587 1019 3634 et
1043 3580 1259 3650 sanguis
1279 3581 1537 3652 unigeniti
1562 3581 1681 3636 Filii
1713 3581 1830 3644 Dei,
1854 3581 1995 3635 sicut
2015 3580 2129 3648 ipse

557 3676 785 3723 testatur
815 3686 829 3722 :
866 3668 1004 3723 Caro
1038 3686 1150 3723 mea
1194 3687 1310 3724 vere
1336 3681 1410 3724 est
1455 3672 1620 3736 cibus,
1661 3681 1709 3725 et
1737 3671 1950 3740 sanguis
1985 3686 2128 3723 meus

551 3776 668 3814 vere
695 3769 769 3814 est
800 3770 953 3830 potus
975 3759 1185 3831 (10am,
1223 3776 1300 3826 vt,
1331 3761 1442 3830 56),
1472 3771 1530 3816 ιιι
1560 3775 1657 3832 per
1689 3762 1831 3816 hunc
1870 3761 2047 3814 cibum
2079 3767 2134 3813 et

555 3858 741 3920 potum
775 3850 1063 3921 impleatur
1093 3852 1147 3905 in
1177 3853 1446 3907 mentibus
1485 3854 1810 3908 sumentium
1847 3853 1990 3922 quod
2019 3851 2133 3920 ipse

555 3943 828 4014 promittit
851 3943 1074 3998 dicens:
1105 3943 1253 3998 Sicut
1280 3962 1359 3998 me
1397 3947 1534 4000 misit
1562 3947 1728 4001 vivens
1754 3943 1930 4008 Pater,
1964 3955 2009 3998 et
2041 3961 2134 4014 ego

556 4035 668 4088 vivo
693 4044 902 4105 propter
922 4031 1168 4098 Patrem;
1198 4044 1245 4089 et
1271 4036 1361 4106 qui
1383 4037 1663 4091 manducat
1681 4053 1782 4101 me,
1803 4046 1850 4089 et
1875 4036 1982 4105 ipse
2007 4037 2136 4088 vicet

555 4137 765 4198 propter
778 4144 859 4182 me
885 4126 1068 4199 (Ibid.,
1098 4129 1270 4198 Lvtu).
1300 4127 1423 4183 Hinc
1448 4138 1531 4183 est
1557 4143 1684 4199 ergo
1712 4144 1837 4183 vera
1857 4136 1912 4181 et
1935 4136 2136 4180 teterna

558 4213 758 4286 h'ostia,
783 4221 906 4291 quia
937 4237 1063 4276 vera
1091 4230 1146 4276 et
1171 4231 1372 4277 aeterna
1392 4230 1477 4276 est
1501 4223 1691 4286 virtus,
1715 4237 1840 4276 vera
1862 4231 1917 4274 et
1936 4230 2138 4274 aeterna

559 4328 658 4384 per
683 4327 803 4366 eam
837 4311 1116 4384 perﬁcitur
1159 4313 1323 4368 salus.
1373 4314 1466 4368 Est
1513 4315 1656 4369 enim
1690 4313 1812 4366 novi
1854 4321 1908 4367 et
1949 4312 2140 4366 :eterui

563 4399 916 4459 Testamenti.
943 4404 1069 4460 Hrec
1093 4415 1177 4460 est
1200 4405 1480 4460 rationalis
1507 4406 1701 4466 hostia,
1723 4405 1873 4474 plena
1896 4403 2142 4458 videlicet

563 4495 826 4562 rationis,
850 4496 1003 4566 plena
1037 4497 1303 4568 mysterii,
1331 4512 1450 4568 qua:
1487 4505 1614 4550 tunc
1645 4495 1912 4550 tractabili
1945 4504 2144 4550 tracta-

566 4593 709 4646 tione
737 4592 792 4646 in
814 4591 1084 4646 veteribus
1106 4591 1389 4646 sacriﬁciis.
1411 4590 1592 4654 ﬁebat,
1623 4589 1715 4645 sed
1748 4606 1888 4644 nunc
1915 4589 2142 4658 spiritali

564 4681 774 4737 ratione
801 4681 1124 4746 celebratur,
1163 4690 1218 4736 et
1244 4680 1363 4736 ﬁdei
1393 4681 1628 4750 puritate
1654 4680 1960 4744 exhibetur,
1987 4680 2143 4750 juxta

563 4773 878 4846 Apostolum
932 4774 1142 4831 ﬁdelem
1187 4774 1581 4844 praecipientem
1639 4773 1953 4827 rationabile
1989 4771 2146 4826 obse-

567 4868 754 4936 quium
801 4875 1066 4922 nostrum.
1126 4865 1198 4920 Ut
1241 4865 1383 4919 enim
1427 4863 1528 4916 hoc
1573 4863 1861 4931 Apostolus
1917 4863 2144 4925 diceret,

566 4956 752 5028 utique
769 4956 836 5012 de
859 4954 1086 5026 spiritali
1106 4951 1372 5008 sacriﬁcio
1393 4949 1733 5018 loquebatur.
1761 4950 1909 5006 Unde
1937 4961 1994 5006 et
2016 4952 2142 5006 alibi

563 5049 645 5103 ait
675 5064 691 5104 :
721 5045 944 5102 Necesse
985 5054 1062 5100 est
1105 5057 1225 5110 ergo
1273 5039 1589 5110 exenzplaria
1626 5042 1834 5112 quidem
1865 5041 2148 5095 cwlestium

565 5145 647 5200 his
682 5139 928 5195 mandari
951 5135 1138 5208 (Hebr.
1161 5149 1234 5195 ιι,
1262 5131 1388 5202 23);
1421 5133 1532 5202 ipsa
1558 5141 1737 5187 autem
1767 5133 2008 5187 ctBleslia
2035 5149 2149 5187 me-

566 5232 800 5287 lioribus
831 5226 1023 5282 hostiis
1059 5238 1221 5294 quam
1250 5221 1385 5277 istis.
1435 5221 1503 5277 Ut
1537 5223 1681 5278 enim
1719 5222 1882 5277 corda
1914 5221 2149 5278 ﬁdelium

569 5324 768 5378 ﬁerent
789 5316 1054 5379 caelestia,
1077 5323 1149 5378 et,
1180 5313 1320 5368 sicut
1347 5321 1694 5383 portaverant
1721 5313 2010 5383 imaginem
2045 5322 2151 5366 ter-

571 5411 714 5475 seni,
744 5411 1025 5480 portarent
1049 5413 1104 5459 et
1132 5401 1420 5474 imaginem
1442 5400 1557 5469 ejus
1583 5402 1672 5472 qui
1700 5403 1766 5458 de
1789 5401 1945 5457 cwlis
1972 5409 2076 5462 est,
2097 5408 2152 5454 et

567 5500 750 5570 qualis
785 5495 1022 5552 caelestis
1052 5493 1186 5549 tales
1216 5493 1404 5548 ﬁerent
1439 5502 1494 5547 et
1522 5494 1801 5558 caelestes,
1837 5510 1941 5549 non
1969 5495 2153 5549 bruto-

577 5609 698 5650 rum
747 5588 1058 5644 animalium
1117 5602 1340 5652 cruore,
1387 5587 1479 5641 sed
1526 5586 1829 5642 rationabili
1879 5585 2154 5655 sanguinis

581 5682 783 5739 libristi
831 5697 1020 5737 cruore
1070 5680 1314 5737 mundari
1349 5680 1680 5745 debuerunt;
1731 5680 1846 5748 qui,
1901 5688 1958 5734 ut
2013 5681 2152 5736 idem

2148 3083 2195 3146 C

2214 1856 2302 1902 tur
2330 1857 2388 1902 ut
2431 1849 2806 1912 manducetur,
2856 1853 2950 1906 sed
2983 1863 3223 1909 mortuos
3273 1851 3534 1917 viviﬁcat,
3575 1852 3802 1922 quando

2214 1938 2586 1992 manducatur.
2622 1938 2848 2005 Reﬁcit,
2893 1942 2987 1996 sed
3052 1959 3159 1997 non
3197 1941 3408 2008 deﬁcit;
3443 1942 3806 1996 manducatus-

2214 2026 2478 2091 Christus,
2507 2029 2638 2083 vivit
2665 2031 3033 2097 manducatus,
3059 2034 3184 2103 quia
3216 2033 3514 2088 resurrexit
3538 2035 3753 2088 occisus
3781 2051 3802 2099 ;

2215 2124 2333 2182 nec,
2368 2119 2584 2187 quando
2627 2123 3033 2186 manducamus,
3061 2132 3244 2192 partes
3291 2123 3358 2178 de
3387 2122 3477 2178 illo
3531 2123 3803 2188 facimus;

2215 2216 2270 2262 et
2298 2211 2512 2278 quidem
2556 2211 2610 2265 in
2644 2224 2984 2270 sacramento
3005 2217 3084 2271 sic
3111 2192 3191 2280 ﬁt,
3231 2231 3326 2287 per
3356 2225 3537 2286 partes
3563 2217 3796 2269 mandu-

2213 2311 2369 2357 catur
2393 2303 2445 2357 in
2473 2316 2837 2371 sacramento,
2861 2317 2916 2362 et
2945 2317 3128 2363 manet
3151 2309 3360 2378 integer
3385 2317 3529 2362 totus
3552 2307 3604 2362 in
3633 2307 3801 2373 celo,

2216 2403 2400 2448 manet
2437 2395 2644 2466 integer
2671 2406 2813 2452 totus
2857 2398 2909 2452 in
2952 2402 3114 2454 corde
3153 2415 3270 2455 suo.
3305 2398 3561 2470 Sequitur
3585 2399 3640 2454 in
3681 2414 3804 2469 my-

2217 2486 2402 2540 sterio.
3467 2492 3474 2504 '

2288 2576 2375 2632 60.
2403 2577 2526 2643 Qui,
2549 2579 2717 2648 pridie
2736 2597 2891 2651 quam
2909 2591 3190 2651 pateretur,
3217 2583 3413 2652 accepit
3433 2599 3642 2654 panem,
3666 2591 3805 2649 etc.,

2220 2683 2391 2738 usque
2434 2670 2503 2724 ad
2533 2669 2643 2724 lucc
2683 2671 3086 2742 quotiescunque
3117 2672 3360 2740 feceritis,
3385 2674 3440 2726 in
3469 2673 3569 2726 mei
3608 2676 3822 2727 memo-'

2219 2760 2352 2812 riam
2377 2759 2598 2828 facietis.
2643 2760 2798 2817 Unde
2827 2762 3144 2818 universalis
3190 2763 3470 2829 Ecclesia,
3519 2774 3578 2818 ut
3615 2762 3808 2834 iugem

2221 2849 2534 2905 memoriam
2579 2851 2791 2907 Domini
2836 2861 2892 2908 et
2935 2853 3311 2924 Redemptoris
3355 2853 3620 2919 celebret,
3675 2856 3795 2925 ipse

2221 2940 2482 2997 Dominus
2519 2941 2742 2998 tradidit
2783 2945 3072 3014 apostolis,
3111 2955 3166 3000 et
3205 2945 3430 3015 apostoli
3480 2946 3818 3014 generaliter

2225 3030 2370 3086 omni
2413 3030 2686 3088 Ecclesite.
2717 3031 2773 3087 In
2800 3033 2886 3090 his
2925 3035 3124 3099 verbis,
3156 3034 3273 3090 sine
3296 3035 3492 3105 quibus
3518 3035 3663 3088 nulla
3703 3034 3814 3089 Iin—

2228 3141 2362 3195 gna,
2407 3125 2552 3180 nulla
2597 3125 2781 3196 regio,
2827 3125 2970 3181 nulla
3015 3127 3238 3192 civitas,
3269 3127 3322 3181 id
3359 3138 3441 3183 est
3479 3127 3620 3182 nulla
3667 3126 3818 3197 pars

2229 3216 2482 3271 Ecclesia:
2502 3217 2779 3272 catholicae
2797 3217 3063 3273 conﬁcere
3083 3227 3280 3289 potest,
3304 3217 3358 3273 id
3374 3228 3456 3273 est
3478 3231 3802 3284 consecrare

2230 3317 2625 3363 sacramentum
2654 3309 2897 3377 corporis
2923 3317 2978 3364 et
2999 3309 3274 3380 sanguinis
3298 3309 3533 3372 Domini,
3566 3309 3679 3379 ipse
3702 3308 3812 3364 Do-

2231 3398 2408 3452 minus
2439 3399 2657 3453 tradidit
2697 3397 2971 3469 apostohs,
3011 3398 3153 3452 unde
3198 3397 3516 3453 universalis
3558 3397 3812 3454 Ecclesia

2224 3487 2405 3556 jngem
2434 3489 2744 3542 memoriam
2777 3488 2857 3542 sui
2895 3487 3268 3560 Redemptoris
3308 3487 3575 3553 celebret,
3599 3497 3655 3543 et
3679 3504 3816 3558 apo-

2233 3579 2356 3632 stoli
2391 3578 2714 3648 generaliter
2748 3577 2894 3632 omni
2922 3564 3196 3633 Ecclesiae;
3225 3577 3425 3633 Christi
3451 3591 3583 3648 ergo
3612 3579 3826 3634 virtute

2233 3679 2288 3724 et
2311 3669 2492 3724 verbis
2518 3684 2730 3739 semper
2759 3677 3107 3724 consecratur
3129 3678 3179 3723 et
3207 3670 3636 3725 consecrabitur.
3669 3670 3824 3724 Illius

2235 3781 2412 3821 sermo
2434 3773 2516 3820 est
2540 3766 2630 3835 qui
2655 3765 2897 3820 cmlestia
2924 3775 3262 3820 sacramenta
3291 3763 3612 3820 sanctiﬁcat.
3641 3764 3732 3819 Ille
3764 3766 3821 3819 in

2238 3860 2351 3914 suis
2395 3858 2766 3913 sacerdotibus
2807 3858 3044 3929 quotidie
3086 3857 3342 3928 loquitur.
3390 3857 3468 3911 Illi
3523 3855 3822 3927 funguntur

2238 3950 2432 4013 ollicio,
2461 3951 2548 4004 ille
2574 3950 2852 4018 majestate
2875 3949 3068 4003 divina:
3093 3947 3377 4017 potestatis
3403 3958 3677 4016 operatur.
3702 3946 3823 4018 Ipse

2239 4053 2322 4096 est
2345 4044 2486 4096 enim
2518 4043 2606 4096 ille
2628 4059 2788 4096 verus
2811 4042 3222 4106 Melchisedech,
3252 4043 3342 4114 qui
3378 4043 3494 4098 hmo
3519 4050 3704 4098 sancta
3737 4059 3827 4098 sa-

2242 4131 2476 4195 criﬁcia,
2504 4146 2624 4200 qua:
2660 4132 2748 4185 ille
2791 4140 2915 4186 tunc
2946 4132 2997 4186 in
3031 4133 3287 4203 mysterio
3313 4131 3698 4203 przeliguravit,
3723 4147 3831 4202 per

2241 4223 2567 4277 oblationem
2593 4223 2675 4278 sui
2705 4223 2948 4291 corporis
2970 4223 3159 4292 suique
3188 4223 3468 4296 sanguinis
3489 4222 3826 4292 adimplevit.

2244 4313 2360 4382 Ipse
2401 4329 2466 4368 ex
2499 4311 2732 4383 Spiritus
2772 4313 3020 4383 paracliti
3050 4314 3250 4369 virtute
3274 4324 3328 4370 et
3354 4313 3560 4370 caalesti
3603 4313 3832 4368 benedi-

2246 4405 2424 4458 ctione
2453 4408 2703 4458 sanctum’
2730 4419 2924 4474 corpus
2954 4414 3012 4459 et
3041 4407 3353 4476 sanguinem
3377 4421 3531 4460 suum
3555 4419 3674 4459 esse
3703 4419 3832 4474 per-

2250 4492 2377 4547 ﬁcit.
2407 4493 2558 4559 Quod
2587 4501 2766 4547 autem
2799 4493 2863 4546 de
2886 4509 3023 4563 pane
3049 4495 3124 4548 ait
3149 4512 3163 4549 :
3189 4493 3416 4564 Accipite
3441 4504 3487 4548 et
3511 4493 3836 4547 manducate

2247 4599 2311 4634 ex
2352 4582 2448 4635 hoc
2477 4597 2690 4645 omnes;
2721 4581 2970 4637 similiter
3009 4592 3064 4638 et
3088 4583 3154 4638 de
3181 4584 3350 4640 calice
3379 4601 3390 4635 :
3424 4584 3652 4651 Accipite
3675 4593 3723 4637 ct
3751 4583 3834 4636 bi-

2249 4671 2350 4725 bite
2372 4689 2434 4726 ea:
2469 4689 2528 4725 eo
2560 4688 2758 4736 omnes,
2793 4674 3191 4728 commendatio
3219 4682 3298 4728 est
3326 4673 3548 4728 unitatis
3572 4681 3627 4726 et
3653 4673 3834 4743 pacis,

2251 4770 2309 4814 nt
2353 4776 2448 4829 per
2490 4761 2592 4814 hoc
2624 4761 2938 4831 mysterium
2968 4760 3185 4816 Christo
3211 4762 3626 4831 participantes,
3661 4777 3836 4815 nnntn

2249 4867 2437 4906 omnes
2465 4852 2634 4906 simus
2657 4852 2708 4905 in
2734 4851 2846 4917 illo,
2869 4852 3009 4906 sicut
3023 4852 3311 4921 Apostolus
3327 4851 3578 4916 afﬁrmat,
3603 4851 3794 4906 dicens
3817 4868 3832 4903 :

2254 4942 2376 4995 Non
2410 4952 2483 4996 est
2503 4941 2725 4996 Judwus
2755 4959 2915 5013 neque
2944 4940 3191 5008 Crtecus;
3225 4960 3326 4997 non
3359 4952 3433 4998 est
3458 4959 3634 4998 servus
3668 4958 3840 5013 neque

2251 5033 2399 5094 liber.
2433 5051 2535 5087 non
2560 5044 2634 5088 est
2658 5033 2920 5088 masculus
2949 5051 3111 5105 neque
3131 5034 3348 5104 femina;
3377 5051 3552 5088 omnes
3577 5034 3714 5088 enim
3744 5049 3841 5089 vos

2255 5143 2414 5180 unum
2436 5127 2558 5180 estis
2587 5127 2642 5180 in
2667 5125 2872 5180 Christo
2891 5125 3019 5179 Iesu
3042 5121 3181 5197 (Gal.
3211 5142 3290 5192 nt,
3322 5126 3435 5199 ‘28).
3465 5125 3615 5180 lianc
3641 5140 3844 5194 nempe

2256 5220 2516 5274 unitatem
2539 5219 2593 5272 in
2623 5217 3108 5274 communicatione
3143 5217 3301 5286 hujus
3341 5217 3665 5273 sacramenti
3706 5216 3842 5270 alibi

2259 5311 2599 5364 commendat
2641 5311 2826 5363 dicens
2860 5325 2872 5359 :
2909 5309 3063 5364 Calix
3096 5310 3486 5374 benedictionis,
3517 5308 3603 5362 cui
3630 5308 3843 5362 benedi-

2259 5405 2446 5468 cimus,
2478 5420 2646 5457 nonne
2680 5403 3079 5457 communicatio
3109 5402 3379 5472 sanguinis
3421 5401 3615 5456 Christi
3642 5410 3756 5465 est;
3788 5410 3844 5455 et

2258 5486 2409 5564 panis
2453 5511 2604 5564 quem
2657 5493 2970 5564 frangimus,
3020 5510 3186 5547 nonne
3229 5492 3560 5564 participatio
3608 5490 3846 5560 corporis

2262 5587 2456 5641 Christi
2479 5598 2551 5641 est
2583 5585 2630 5655 (I
2655 5585 2778 5640 Cor.
2809 5585 3290 5656 x,16)?QItoniam
3315 5600 3452 5637 unus
3473 5583 3645 5653 panis,
3672 5596 3842 5635 unttm

2264 5693 2454 5748 corpus
2485 5677 2634 5732 multi
2669 5693 2853 5730 sumus
2879 5692 3080 5736 (nunes,
3117 5674 3206 5743 qui
3234 5673 3297 5728 de
3324 5691 3428 5728 uno
3461 5687 3596 5742 pane
3626 5670 3848 5741 partici-
