4050 6302
282 259 354 315 53
1406 327 1410 330 η
1445 259 1531 312 DE
1569 257 2024 328 EXPOSITIONE
2067 258 2316 314 MISSA‘I.
3453 272 3540 328 54,

282 386 493 442 pamus.
524 370 690 424 Tanta
719 370 862 425 enim
907 369 1160 424 Ecclesiae
1195 377 1277 424 est
1323 370 1374 425 in
1405 369 1619 424 Christo
1651 371 1848 432 unitas,
1880 373 1924 428 A
1955 369 2183 424 devincti
2207 373 2274 426 ab
2299 372 2490 427 inferni
2515 375 2765 430 claustris
2789 377 2966 432 educti
2995 389 3136 442 sunt,
3170 389 3224 436 et
3256 398 3352 453 per
3377 357 3526 436 eum-

284 470 344 515 ut
373 459 640 530 quomodo
669 473 769 512 una
805 458 934 512 ﬁdes
963 466 1016 513 et
1061 474 1227 512 unum
1272 458 1537 528 baptisma
1588 467 1643 512 et
1692 473 1852 510 unum

281 551 471 614 altare,
501 551 566 604 de
599 565 704 618 quo
734 549 810 602 ait
840 549 1005 604 Isaias
1030 568 1042 602 :
1076 547 1190 602 Erit
1225 548 1391 602 altare
1419 547 1632 602 Domini
1659 549 1714 600 in
1744 564 1855 600 nte-

282 642 373 694 dio
400 651 552 693 terra:
577 638 793 709 rEgypti
822 637 954 708 (lsa;
1003 655 1093 692 xix
1114 679 1128 704 ,
1154 639 1273 708 l9);
1304 639 1376 692 ita
1404 654 1540 692 unus
1567 639 1762 707 ubique
1787 637 1857 691 sit

284 731 440 800 panis
461 727 703 799 corporis
729 729 949 793 Christi,
982 737 1038 784 et
1073 745 1212 784 unus
1247 729 1384 783 calix
1414 729 1689 800 sanguinis
1718 727 1853 795 ejus.

285 821 439 878 Unde
463 831 519 876 et
545 821 781 876 Ecclesia
810 836 874 874 ex
907 820 1196 875 traditione
1220 820 1303 874 his
1326 820 1508 873 verbis
1536 833 1857 874 consecrans

282 915 599 986 mysterium
643 914 780 968 sacri
813 913 1056 983 corporis
1097 921 1152 966 et
1183 911 1456 981 sanguinis
1485 910 1729 975 Domini,
1767 909 1858 964 de-

280 1010 565 1078 signanter
598 1007 728 1060 dicit
757 1005 1038 1059 Dominum
1075 1004 1273 1058 dixisse
1302 1003 1556 1072 apostolis
1585 1019 1596 1055 :
1629 1001 1858 1072 Accipite

280 1111 330 1153 et
377 1099 690 1152 manducate
725 1113 791 1150 ea:
822 1097 918 1149 hoc
965 1111 1174 1159 omnes;
1221 1095 1318 1147 hoc
1363 1104 1437 1147 est
1480 1094 1617 1147 enim
1663 1108 1850 1161 corpus

281 1207 478 1244 meum.
509 1188 683 1244 Simili
721 1187 874 1241 modo
903 1197 1235 1256 posteaquam
1275 1193 1532 1238 comatum
1577 1192 1682 1246 est,
1721 1182 1861 1235 arci-

279 1284 430 1352 piens
474 1291 523 1336 et
563 1281 700 1334 hunc
742 1280 954 1334 calicem
1004 1277 1334 1348 prteclarum.
1388 1277 1642 1330 Attrndat
1689 1275 1859 1329 ﬁdelis

279 1375 546 1441 quisque,
573 1369 700 1439 quid
746 1377 832 1424 est
870 1367 1011 1438 quod
1046 1367 1188 1422 dicat
1229 1367 1403 1431 hunc,
1431 1366 1676 1421 videlicet
1718 1365 1860 1435 quod

280 1461 448 1526 calix,
487 1475 646 1530 quem
689 1459 940 1514 sacerdos
978 1457 1276 1513 catholicus
1305 1456 1608 1518 sacriﬁcat,
1640 1471 1744 1510 non
1777 1463 1862 1510 est

223 1574 233 1583 -
280 1552 443 1617 alius,
471 1551 576 1606 nisi
601 1550 715 1622 ipse
736 1560 896 1619 quem
925 1549 1185 1603 Dominus
1217 1547 1472 1618 apostolis
1500 1545 1736 1600 tradidit.
1770 1544 1858 1600 Si-

280 1653 375 1700 cut
398 1658 528 1713 ergo
552 1644 617 1699 de
643 1642 922 1711 sanguine,
951 1641 1029 1695 sic
1048 1655 1260 1709 quoque
1281 1640 1346 1694 de
1375 1653 1600 1708 corpore
1624 1638 1860 1692 sentien-

1959 459 2078 513 dein
2126 463 2288 514 etiam
2332 479 2519 518 omnes
2547 467 2826 520 credentes
2857 483 2886 521 a
2929 480 3267 537 peccatorum
3301 473 3527 527 vinculis

1959 557 2011 601 et
2042 550 2106 602 de
2128 549 2244 604 lacu
2274 553 2501 607 miseriae
2523 563 2577 608 et
2603 555 2670 608 de
2697 555 2806 608 luto
2833 556 2979 610 ﬁecis
3001 558 3318 626 eripiuntur.
3538 551 3544 558 “

2030 638 2291 703 62.1mm,
2319 643 2458 708 quod
2502 644 2587 696 hic
2627 645 2823 698 dicitur
2860 648 3160 716 mysterium
3187 649 3332 716 ﬁdei,
3374 658 3429 703 et
3471 651 3523 705 in

1959 729 2065 784 illis
2106 732 2285 786 verbis
2335 732 2542 786 Domini
2584 735 2777 803 quibus
2833 737 3143 806 mysterium
3189 739 3428 808 corporis
3473 747 3532 795 et

1959 821 2236 890 sanguinis
2264 823 2345 875 sui
2395 824 2642 888 tradidit,
2682 840 2786 879 non
2836 825 3051 895 legitur,
3079 827 3288 881 videtur
3326 831 3390 883 de
3423 829 3528 883 alio

1959 912 2077 966 loco
2111 913 2382 985 Evangelii
2418 925 2684 986 sumptum
2711 907 3003 983 esse,lubi,
3037 921 3330 974 secundum
3361 921 3526 976 Joan-

1960 1019 2113 1066 nem,
2150 1004 2215 1058 de
2261 1005 2361 1059 hoc
2393 1006 2582 1060 eodem
2630 1017 2965 1063 sacramenta
3003 1009 3319 1080 quibusdam
3367 1012 3528 1066 disci-

1959 1094 2096 1164 pulis
2143 1111 2246 1149 non
2292 1096 2636 1151 credentibus
2673 1097 2900 1167 loquens
2933 1100 3008 1153 ait
3043 1118 3054 1154 :
3101 1099 3264 1154 Verba
3295 1117 3412 1171 qua?
3441 1117 3534 1171 ego

1960 1183 2161 1236 locutus
2183 1199 2296 1236 sum
2325 1185 2486 1248 vobis,
2515 1183 2739 1255 Spiritus
2770 1197 2816 1240 et
2847 1189 2948 1242 vita
2985 1197 3122 1254 sunt,
3153 1190 3243 1242 sed
3272 1199 3390 1243 sunt
3421 1191 3538 1260 qui-
3585 1237 3609 1254 ,

1959 1271 2083 1323 dam
2123 1288 2188 1325 ex
2233 1273 2372 1326 vobis
2413 1273 2502 1343 qui
2549 1291 2652 1328 non
2691 1275 2906 1328 credunt
2951 1275 3140 1348 (Joan.
3167 1293 3254 1341 vi,
3286 1277 3382 1341 64,
3419 1278 3534 1349 65).

1961 1359 2206 1417 Ostendit
2235 1364 2376 1417 enim
2419 1378 2479 1419 se
2515 1379 2764 1435 magnum
2807 1366 3004 1422 dixisse
3047 1369 3384 1438 mysterium.
3413 1385 3537 1424 cum

1962 1452 2037 1505 ait
2075 1468 2088 1503 :
2126 1450 2294 1506 Verba
2338 1469 2456 1523 qua:
2501 1471 2594 1524 ego
2628 1454 2830 1538 locptus
2875 1473 3027 1522 sum,
3077 1457 3306 1527 Spiritus
3348 1467 3395 1512 et
3434 1459 3540 1511 vita

1961 1553 2101 1597 sunt.
2130 1544 2264 1598 Cum
2292 1555 2472 1599 autem
2499 1545 2741 1616 adjungit
2771 1565 2782 1599 :
2811 1546 2914 1602 Sed
2935 1558 3054 1603 sunt
3073 1548 3288 1619 quidam
3316 1567 3380 1604 ea:
3401 1551 3538 1604 vobis

1961 1641 2051 1710 qui
2081 1657 2182 1694 non
2213 1643 2462 1706 credunt,
2492 1644 2727 1698 ostendit
2753 1643 2881 1698 illud
2928 1646 3244 1715 mysterium
3283 1660 3387 1700 non
3421 1660 3542 1700 esse

280 1733 412 1788 dum
435 1741 491 1788 et
511 1731 798 1786 tenendum
818 1737 919 1785 est.
939 1728 1090 1796 Quod
1112 1737 1292 1782 autem
1315 1726 1626 1798 praclarum
1648 1725 1860 1780 calicem
1892 1713 1938 1773 Β
1968 1729 2069 1783 nisi
2103 1729 2226 1785 ﬁdei
2256 1738 2311 1785 et
2340 1731 2595 1796 ﬁdelium,
2619 1733 2708 1802 qui
2731 1733 2817 1788 illa
2843 1713 3000 1789 verba
3027 1734 3256 1790 ﬁdeliter
3281 1735 3538 1801 audiunt;

282 1823 436 1885 dicit,
467 1820 751 1876 manifeste
797 1821 864 1875 de
908 1819 1115 1890 psalmo
1157 1827 1399 1888 sumptus
1438 1827 1561 1873 est:
1612 1815 1678 1870 Et
1721 1817 1862 1870 calix

281 1926 405 1970 tuus
438 1917 701 1970 inebrians
738 1932 894 1986 quam
926 1914 1183 1985 prwlarus
1209 1925 1282 1987 est
1310 1913 1480 1984 (Psal.
1514 1930 1648 1978 χχιι,
1675 1914 1762 1983 5)!
1797 1913 1864 1967 Et

281 2020 413 2060 vere
451 2005 772 2074 praeclarus,
813 2019 919 2074 quo
959 2001 1176 2076 sanguis
1204 2003 1426 2058 oﬁ‘ertur
1467 2003 1861 2069 immaculatus,

281 2096 430 2150 nulla
458 2095 662 2165 peccati
691 2095 896 2149 macula
921 2103 1110 2150 tectus.
1135 2094 1246 2149 Hoc
1271 2094 1461 2164 poculo
1488 2093 1722 2148 ﬁdelium
1751 2095 1866 2149 ine-

280 2189 497 2243 briatur
526 2187 784 2252 allectus,
827 2199 884 2242 ut
913 2188 1152 2242 lmtitiam
1203 2189 1389 2242 induat
1430 2189 1496 2242 de
1545 2189 1866 2243 remissione

280 2282 516 2353 peccati.
559 2282 668 2336 Hac
709 2281 968 2337 ebrietate
993 2281 1204 2336 animus
1243 2295 1350 2338 non
1377 2280 1738 2345 confunditur,
1769 2281 1864 2336 sed

282 2381 656 2429 consecratur.

361 2463 449 2517 6|.
487 2464 646 2527 Item,
688 2464 831 2533 quod
878 2464 931 2518 in
979 2463 1064 2519 his
1111 2463 1290 2518 verbis
1337 2463 1532 2518 dicitur
1573 2480 1586 2516 :

285 2557 471 2610 σειστηὲ
501 2555 543 2609 Τ
543 2558 834 2620 estamenti,
858 2555 1200 2612 manifestum
1225 2564 1326 2620 est,
1357 2556 1481 2624 quia
1509 2555 1560 2608 in
1579 2554 1868 2624 Evangelio

285 2662 397 2700 non
437 2644 650 2714 legitur,
681 2645 782 2700 nisi
815 2645 1184 2700 tantummodo
1208 2685 1224 2709 ,
1267 2644 1421 2699 Calix
1471 2645 1740 2715 sanguinis
1769 2643 1870 2698 mei

290 2733 432 2788 Novi
463 2732 776 2787 Testamenti
798 2775 812 2799 ,
843 2733 936 2789 sed
979 2733 1122 2804 quod
1153 2733 1243 2788 hic
1281 2733 1496 2787 additur
1520 2733 1702 2787 αντενηὶ
1731 2741 1784 2786 et
1814 2733 1867 2786 in

275 2824 619 2894 propheticis
654 2811 710 2879 et
736 2825 788 2878 in
818 2824 1129 2894 apostolicis
1156 2823 1353 2878 litteris
1380 2823 1705 2878 continetur.
1735 2821 1870 2876 Nam

288 2914 345 2968 in
377 2913 510 2969 lsaia
534 2914 776 2985 legimus,
800 2914 1147 2985 promittente
1170 2913 1280 2967 Deo
1303 2911 1575 2966 ﬁdelibus:
1595 2909 1662 2964 Et
1685 2910 1871 2979 feriam

287 3003 551 3057 vobiscum
576 3014 807 3072 pactum,
835 3003 889 3058 id
929 3012 1012 3059 est
1041 3010 1419 3058 testamentum
1462 3003 1867 3071 sempiternum.

1643 2462 1778 2516 Novi
1819 2472 1867 2516 et

1964 1827 2017 1872 et
2044 1818 2164 1873 ideo
2193 1819 2272 1873 eis
2296 1821 2511 1889 spiritus
2541 1830 2597 1875 et
2622 1823 2729 1876 vita
2764 1832 2889 1878 sunt
2915 1841 2928 1877 :
2958 1824 3082 1894 quia
3111 1839 3203 1880 eos
3229 1825 3543 1896 spiritaliter

1965 1911 2232 1967 intellecta
2261 1913 2536 1969 viviﬁcant
2585 1914 2764 1984 (Auc.,
2794 1915 2892 1970 lib.
2937 1932 2954 1970 ι
3004 1917 3066 1970 de
3103 1927 3297 1988 peccat.
3329 1915 3533 1971 Meritis

1961 2008 2010 2053 et
2043 1997 2262 2067 Remis.,
2294 2017 2342 2056 c.
2372 2000 2486 2071 24).
2517 2001 2626 2056 Aut
2665 2011 2812 2058 certe
2840 2003 2954 2059 haec
2977 2005 3138 2060 verba
3172 2005 3237 2059 de
3281 2004 3539 2074 Apostolo

1963 2079 2176 2159 sumpta
2223 2099 2386 2157 sunt,
2416 2091 2507 2146 ubi
2547 2092 2625 2146 ait
2665 2109 2678 2146 :
2712 2091 2971 2148 Habentes
3010 2094 3311 2164 mysterium
3339 2093 3462 2162 ﬁdei
3489 2095 3545 2148 in

1963 2179 2277 2231 conscientia
2303 2196 2436 2248 pura
2463 2179 2515 2250 (Ι
2543 2179 2676 2234 Tim.
2705 2197 2788 2245 nt,
2815 2181 2887 2253 9),
2915 2183 3040 2252 quia
3065 2183 3204 2237 sicut
3231 2197 3543 2257 sacrameng

1967 2279 2079 2324 tum
2103 2281 2303 2325 sanctae
2327 2270 2628 2337 Trinitatis,
2651 2273 2724 2327 ita
2751 2281 2805 2328 et
2825 2282 3223 2328 sacramentum
3255 2274 3548 2329 Dominica:

1963 2361 2228 2430 passionis
2255 2372 2311 2417 et
2342 2365 2554 2430 mortis,
2580 2366 2724 2434 quod
2753 2365 2842 2419 illa
2869 2366 3141 2422 oblatione
3170 2365 3548 2436 frequentatur

1964 2452 2247 2520 aequaliter
2271 2455 2636 2510 necessarium
2666 2457 2732 2510 ad
2762 2455 3010 2521 salutem,
3041 2456 3316 2526 aequaliter
3343 2457 3396 2511 in
3417 2472 3547 2512 con-

1966 2541 2189 2595 scientia
2218 2557 2352 2612 pnra
2399 2553 2484 2598 est
2529 2544 2847 2598 sumendum
2884 2561 2946 2601 ac
2991 2547 3346 2601 retinendum.
3394 2544 3549 2612 Quod

1966 2631 2129 2684 etiam
2162 2631 2216 2685 in
2245 2633 2566 2702 baptismate
2587 2633 2912 2699 celebratur,
2943 2635 3167 2690 docente
3193 2637 3381 2690 eodem
3408 2635 3552 2706 Apo-

1968 2709 2106 2775 stolo
2132 2735 2196 2775 ac
2221 2721 2432 2777 dicente
2460 2739 2474 2775 :
2522 2723 2828 2795 Quicunque
2854 2725 2990 2778 enim
3012 2725 3260 2793 baptisati
3285 2741 3463 2778 sumus
3491 2725 3548 2778 in

1971 2805 2180 2862 Christo
2206 2806 2357 2874 Iesu,
2384 2809 2439 2863 in
2466 2820 2632 2864 morte
2661 2810 2822 2879 ipsius
2851 2810 3098 2882 baptizati
3127 2827 3326 2864 sumus.
3356 2811 3552 2866 Totum

1968 2911 2099 2968 ergo
2141 2897 2285 2968 quod
2335 2898 2390 2954 in
2436 2898 2538 2954 hac
2585 2897 2855 2955 oblatione
2901 2898 3164 2955 Dominici
3210 2901 3454 2971 corporis
3498 2909 3555 2955 et

1973 2987 2252 3058 sanguinis
2271 2987 2467 3058 agitur,
2489 2988 2803 3058 mysterium
2824 2995 2944 3044 est:
2974 2987 3117 3042 aliud
3143 2988 3288 3043 enim
3315 2989 3552 3056 videtur,

293 3093 363 3148 Et
381 3094 432 3148 in
459 3065 756 3157 Ezechiele,
781 3065 872 3148 ιιὺί
899 3094 1162 3164 promittit
1184 3093 1440 3148 Ecclesiae
1473 3111 1486 3147 ε
1515 3065 1593 3146 Et"
1608 3091 1870 3146 suscitabo
1900 3065 1945 3128 C
1975 3076 2120 3130 aliud
2151 3076 2466 3147 intelligitur
2496 3094 2510 3130 =
2539 3077 2682 3147 quod
2711 3078 2923 3132 videtur
2962 3079 3197 3149 speciem
3241 3079 3403 3133 habet
3430 3094 3555 3134 cor-

289 3183 391 3236 tibi
414 3192 624 3252 pactum
665 3183 1030 3250 sempiternum
1061 3182 1080 3254 (
1097 3183 1291 3237 Ezech.
1322 3198 1410 3237 xvn
1434 3223 1448 3247 ,
1479 3182 1602 3250 80).
1634 3182 1702 3236 Et
1731 3182 1872 3252 Apo-

288 3276 465 3330 stolus
513 3275 644 3329 dicit
689 3291 702 3327 :
749 3272 866 3328 Una
907 3276 1046 3330 enim
1089 3275 1348 3329 oblatione
1394 3275 1768 3328 consummavit
1817 3274 1874 3328 in

291 3365 662 3435 sempiternum
691 3365 1042 3434 sanctiﬁcatos
1076 3364 1260 3435 (Hebr.
1301 3383 1352 3427 χ,
1392 3364 1500 3436 Η).
1534 3364 1601 3418 Et
1627 3364 1820 3418 iterum
1854 3380 1870 3420 :

295 3457 438 3510 Deus
469 3465 640 3509 autem
685 3457 860 3525 pacis,
898 3456 988 3524 qui
1028 3454 1206 3509 eduxit
1238 3455 1301 3508 de
1336 3455 1556 3508 mortuis
1590 3464 1872 3524 pastorem,

291 3533 502 3616 Agnum
540 3545 710 3599 ovium
755 3545 808 3598 in
837 3545 1088 3614 sanguine
1120 3543 1434 3598 Testamenti
1483 3545 1664 3597 wterni
1690 3543 1872 3596 Dami-

292 3651 422 3689 num
451 3644 685 3688 nostrum
712 3632 891 3688 Jesum
912 3631 1175 3687 Christum
1207 3629 1392 3704 (Hebr.
1412 3631 1658 3703 Xltt,20).
1693 3632 1875 3703 (Auc.)

288 3723 420 3779 Ideo
463 3739 590 3793 ergo
621 3723 836 3793 sanguis
865 3721 1069 3777 Christi
1112 3737 1307 3775 novum
1343 3731 1428 3776 est
1473 3729 1874 3785 testamentum,

293 3815 424 3883 quia
457 3830 592 3868 nova
621 3813 856 3876 dilectio,
887 3827 993 3881 qua
1033 3825 1202 3880 usque
1239 3810 1306 3864 ad
1340 3818 1569 3864 mortem
1598 3809 1649 3862 in
1697 3808 1877 3862 novis-

292 3905 450 3961 simis
473 3904 787 3958 saeculorum
816 3903 1146 3972 temporibus
1175 3916 1272 3956 nos
1293 3899 1499 3955 dilexit.
1527 3898 1752 3954 Dilectio
1777 3898 1878 3952 ista

297 4011 399 4050 nos
433 3995 667 4058 innovet,
695 4003 756 4048 ut
783 3993 953 4068 simus
980 3992 1225 4047 homines
1248 3991 1393 4056 novi,
1423 3991 1660 4045 lireredes
1691 3989 1880 4044 'l‘esta-

297 4085 468 4141 menti
498 4084 650 4148 Novi,
684 4084 822 4138 sicut
848 4093 903 4138 et
922 4082 1198 4153 apostolus
1218 4081 1396 4145 docet,
1419 4080 1637 4135 dicens:
1669 4079 1879 4146 Quanto

301 4178 470 4247 magis
499 4177 710 4246 sanguis
755 4173 980 4240 Christi,
1011 4175 1098 4244 qui
1128 4189 1220 4243 per
1245 4172 1497 4242 Spiritum
1537 4181 1776 4224 sanctum
1801 4186 1882 4223 se-

301 4269 577 4339 metipsum
620 4266 803 4321 obtulit
842 4263 1235 4319 immaculatum
1259 4263 1400 4325 Deo,
1433 4260 1728 4316 emundavit
1757 4276 1880 4313 con-

301 4359 576 4414 scientiam
599 4366 828 4411 nostram
852 4355 914 4408 ab
937 4353 1175 4423 operibus
1201 4350 1438 4413 mortuis,
1462 4350 1530 4402 ad
1554 4348 1880 4403 serviendum

305 4452 414 4506 Deo
469 4449 707 4504 viventi?
761 4446 830 4499 Et
886 4445 1002 4498 ideo
1059 4443 1195 4498 Novi
1261 4441 1575 4495 'l'estamenti
1627 4439 1884 4492 mediator

305 4541 496 4614 (Hebr.
521 4556 594 4603 ix,
622 4537 730 4609 M).
757 4535 863 4590 Per
885 4536 1028 4589 hunc
1049 4548 1178 4603 ergo
1206 4531 1520 4601 sanguinem
1542 4527 1677 4582 Novi
1699 4527 1884 4581 Testa-

307 4632 478 4688 menti
507 4630 599 4700 qui
639 4637 723 4683 est
760 4626 961 4681 elfusus
1011 4625 1064 4679 in
1100 4622 1472 4678 remissionem
1519 4627 1880 4688 peccatorum,

306 4718 641 4782 etnundavit,
681 4717 732 4771 id
763 4723 846 4770 est
887 4712 1160 4768 innovavit
1203 4708 1587 4765 conscientiam
1624 4705 1880 4768 ﬁdelium,

307 4825 362 4870 et
396 4816 529 4868 ﬁunt
551 4812 709 4866 iidem
734 4808 918 4863 ﬁdeles
931 4805 1085 4875 juxta
1107 4804 1354 4859 eumdem
1377 4798 1690 4870 Apostolum
1722 4798 1888 4851 haere-

307 4908 406 4958 des
429 4900 724 4956 secundum
746 4911 895 4968 Spem
919 4897 1040 4949 vitm
1077 4901 1315 4956 aeternae,
1339 4900 1392 4945 et
1415 4886 1890 4958 repromissionetn

310 4993 585 5064 accipiunt
609 4990 698 5060 qui
743 4993 1003 5044 vOcautur
1044 4995 1257 5039 azternaa
1294 4980 1641 5036 hmreditatis.
1674 4979 1740 5032 Et
1767 4978 1888 5032 ideo

311 5088 534 5158 sanguis
557 5085 644 5140 ille
668 5085 797 5139 Novi
819 5091 876 5137 et
895 5082 1082 5137 aeterni
1110 5088 1192 5135 est
1221 5075 1574 5136 'l‘estamenti,
1602 5072 1726 5141 quia
1753 5087 1889 5142 quos

312 5198 342 5234 a
374 5187 639 5233 vetustate
677 5176 898 5230 innovat
927 5174 992 5227 ad
1015 5181 1270 5227 aeternam
1297 5165 1665 5221 [nereditatem
1696 5163 1893 5231 perdu-

313 5272 408 5328 cit.
439 5268 573 5324 llinc
607 5267 897 5322 Zacharias
926 5264 1204 5335 propheta,
1231 5259 1379 5315 velut
1414 5257 1480 5312 ad
1509 5257 1682 5327 ipsum
1709 5254 1887 5309 Domi-

313 5378 442 5418 num
475 5361 717 5430 loquens,
744 5359 819 5411 ait
849 5374 859 5409 :
889 5355 966 5409 Tu
989 5369 1188 5426 quoque
1212 5353 1266 5404 iu
1292 5350 1544 5420 sanguine
1574 5345 1891 5408 Testamenti

313 5452 391 5506 tui
413 5448 629 5504 emisisti
655 5449 848 5501 vinctos
874 5452 986 5498 tuos
1011 5444 1072 5495 de
1095 5443 1235 5506 lacu,
1259 5442 1311 5494 in
1333 5456 1434 5510 quo
1459 5454 1595 5491 nunc
1617 5445 1727 5491 erat
1753 5451 1889 5504 aqua

315 5541 499 5609 (lacti.
534 5553 620 5602 ut,
666 5537 752 5607 lO)
782 5554 797 5593 :
827 5535 952 5606 quia
991 5533 1236 5589 videlicet
1280 5545 1376 5601 per
1415 5527 1571 5598 hujus
1613 5527 1890 5598 sanguinis

314 5631 628 5687 ell‘usioneni
669 5639 720 5684 et
765 5625 1118 5698 antiquijusti
1152 5638 1244 5694 spe
1275 5621 1466 5676 futura:
1508 5619 1888 5688 redemptionis

1908 4407 1961 4466 D

1974 3167 2236 3238 poralem,
2259 3169 2404 3238 quod
2426 3169 2741 3242 intelligitur
2763 3170 2993 3225 fructum
3015 3170 3178 3226 habet
3197 3171 3553 3246 spiritualem.

1977 3258 2266 3315 Sciendum
2296 3275 2428 3316 vero
2458 3261 2600 3331 quod
2631 3262 2881 3317 eumdem
2923 3262 3148 3317 calicem
3192 3263 3403 3318 Domini
3432 3279 3558 3319 san-

1975 3352 2152 3421 guinis
2191 3351 2347 3421 juxta
2396 3353 2792 3408 observantiam
2845 3353 3098 3430 Ecclesize
3148 3355 3428 3411 catholica:
3487 3357 3556 3410 ab

1977 3443 2234 3513 apostolis
2264 3446 2537 3511 traditam,
2568 3446 2922 3502 nisi'mistum
2963 3463 3101 3517 aqua
3130 3446 3313 3503 oﬂerri
3347 3464 3454 3502 non
3481 3448 3550 3503 li-

1976 3545 2085 3602 cet,
2107 3536 2234 3605 quia
2253 3537 2434 3591 vinum
2459 3537 2557 3592 fuit
2582 3537 2965 3608 redemptionis
2986 3549 3185 3593 nostra:
3213 3539 3552 3610 mysterium,

1977 3641 2102 3680 cum
2131 3628 2208 3681 ait
2237 3645 2251 3680 :
2279 3626 2401 3681 Non
2429 3627 2597 3681 bibam
2632 3645 2665 3680 a
2708 3627 2862 3681 ntodo
2893 3628 2956 3681 de
3001 3628 3098 3681 hoc
3139 3629 3395 3698 genimine
3441 3629 3577 3681 vitis-

1981 3716 2174 3788 (Marc.
2201 3732 2313 3783 xw,
2339 3717 2454 3788 ΩΒ),
2483 3725 2538 3770 et
2563 3716 2630 3772 de
2659 3717 2827 3772 latere
2850 3716 2966 3785 ejus
2987 3717 3129 3787 quod
3150 3717 3335 3772 lancea
3379 3726 3554 3772 trans-

1981 3808 2148 3862 ﬁxum
2183 3817 2284 3870 est,
2319 3823 2565 3878 aquaque
2587 3823 2710 3862 cum
2735 3807 2998 3879 sanguine
3035 3822 3250 3877 egressa
3275 3807 3456 3861 vinum
3493 3809 3561 3862 de

1980 3885 2106 3953 vera
2134 3898 2315 3953 carnis
2338 3897 2452 3965 ejus
2474 3898 2583 3952 vite
2611 3914 2734 3954 cum
2775 3913 2914 3968 aqua
2939 3911 3258 3969 expressum
3297 3899 3552 3954 ostendit.

1982 3988 2107 4045 Haec
2129 4001 2254 4044 sunt
2282 3991 2425 4046 enim
2455 3998 2793 4047 sacramenta
2821 3990 3098 4054 Ecclesiae,
3129 3991 3244 4047 sine
3273 3991 3467 4059 quibus
3489 3993 3557 4045 ad

1981 4082 2146 4135 vitam
2162 4097 2282 4151 qua:
2293 4097 2417 4136 vere
2431 4082 2540 4136 vita
2559 4089 2642 4137 est
2668 4097 2772 4136 non
2788 4080 3038 4136 intratur.
3054 4081 3148 4136 llle
3162 4082 3378 4152 sanguis
3397 4081 3451 4136 in
3469 4096 3554 4136 re-

1982 4174 2290 4228 missionem
2334 4157 2484 4228 [usus
2521 4181 2604 4228 est
2628 4180 2994 4242 peccatorum,
3023 4188 3162 4244 aqua
3205 4172 3290 4227 illa
3321 4172 3562 4228 salutare

1981 4271 2247 4332 temperat
2260 4263 2507 4332 poculum
2523 4278 2538 4317 :
2552 4263 2666 4318 haec
2685 4273 2739 4317 et
2753 4263 3026 4317 lavacrum
3043 4269 3266 4332 praestat
3281 4270 3335 4317 et
3353 4269 3560 4331 potum.

2055 4355 2142 4410 63.
2185 4353 2299 4409 Iloc
2347 4361 2515 4407 totum
2566 4353 2857 4408 Dominica:
2904 4353 3193 4408 oblationis
3245 4352 3566 4422 mysterium

1985 4454 2184 4516 quanta
2213 4445 2412 4515 pietate
2436 4453 2491 4498 et
2514 4457 2698 4497 amore
2719 4443 2981 4513 agendum
3005 4451 3090 4497 est
3118 4450 3173 4495 et
3193 4441 3566 4510 accipiendum

1986 4539 2088 4600 sit,
2121 4536 2464 4590 commendat
2497 4533 2653 4588 nobis
2691 4533 2804 4602 ipse
2844 4533 3101 4587 Dominus
3130 4529 3355 4584 dicendo
3388 4545 3399 4580 :
3435 4526 3590 4585 ιιωσ-

1986 4627 2389 4697 quotiescunque
2436 4623 2700 4692 feceritis,
2747 4623 2800 4675 in
2851 4623 2953 4674 ntei
3007 4620 3310 4673 memoriam
3362 4618 3566 4687 facietis

1990 4715 2142 4787 (Luc.
2173 4730 2308 4777 χιιι,
2337 4711 2454 4780 19).
2477 4713 2628 4780 Quod
2657 4725 2933 4781 exponens
2955 4709 3244 4778 Apostolus
3273 4708 3378 4762 ait:
3415 4707 3565 4773 Quo-

1957 4857 1960 4859 .
1987 4807 2083 4860 ties
2107 4806 2244 4858 enim
2274 4803 2657 4857 manducabitis
2696 4817 2883 4870 panem
2911 4800 3070 4862 hunc,
3106 4807 3153 4852 et
3185 4796 3396 4851 calicem
3425 4797 3565 4850 bibe-

1989 4899 2091 4960 tis,
2141 4905 2364 4948 mortem
2401 4893 2612 4947 Domini
2655 4889 3064 4952 annuntiabitis,
3109 4888 3270 4942 donec
3313 4889 3481 4942 veniat
3512 4887 3600 4956 (1.-

1991 4987 2114 5042 Cor.
2138 5002 2212 5048 ιιι,
2233 4986 2348 5055 26).
2377 4985 2524 5039 Illius
2544 4998 2672 5052 ergo
2693 4980 2844 5051 panis
2867 4989 2921 5034 et
2948 4978 3134 5034 calicis
3153 4977 3353 5032 oblatio
3379 4977 3587 5031 mortis-

1990 5077 2192 5133 Christi
2224 5086 2306 5131 est
2347 5073 2819 5134 commemoratio,
2846 5081 2902 5126 et
2929 5071 3282 5135 annuntiatio,
3313 5085 3433 5139 quas
3459 5084 3586 5124 non.

1994 5178 2103 5222 tam
2147 5165 2329 5220 verbis
2380 5178 2538 5232 quam
2585 5160 2850 5232 mysterii!
2903 5161 3035 5232 ipsis
3080 5161 3272 5229 agitur,
3320 5177 3416 5230 per
3447 5176 3580 5229 quas

1993 5255 2193 5310 nostris
2225 5253 2491 5308 mentibus
2516 5267 2662 5313 mors
2691 5251 2780 5305 illa
2807 5251 3041 5321 lntiosa
3062 5290 3088 5314 ,.
3109 5251 3272 5304 altius
3301 5259 3356 5303 et
3380 5249 3574 5304 fortius

1992 5345 2418 5401 commendatur.
2446 5341 2583 5408 Quid
2607 5350 2689 5396 est
2711 5340 2852 5398 enin
2878 5342 3067 5396 mortis
3093 5341 3305 5395 Christi.
3329 5353 3568 5394 comme-

1995 5437 2250 5495 moratio,
2299 5434 2403 5486 nisi
2444 5432 2726 5486 charitatis
2775 5429 2893 5503 (ris
2941 5431 3370 5492 commendatio.
3410 5444 3580 5498 quatis

1995 5523 2148 5581 nobis
2178 5524 2364 5578 beatus
2393 5521 2719 5592 evangelista
2743 5518 2811 5578 εἶς-ι
2833 5534 2980 5583 anes
3005 5519 3388 5575 commendans
3406 5556 3419 5580 ,
3449 5516 3525 5574 ait
3554 5528 3580 5570 τ

1985 5615 2180 5669 ‘Sciens
2207 5611 2361 5667 Iesus
2394 5613 2513 5683 quia
2540 5613 2669 5666 venit
2711 5612 2772 5665 hc
2867 5612 3000 5680 ejus,
3029 5619 3084 5662 ut
3125 5618 3355 5664 transeat
3386 5623 3418 5662 tt
3477 5605 3578 5676 ιη
