4050 6302
465 287 536 345 55
1578 281 1780 340 ΡΙ.οΜ
1818 284 2092 339 ΒΙΑΕΟΝΙ
2133 274 2619 337 LUGDUNENSIS
3655 257 3725 320 56

463 398 660 453 mundo
701 398 769 451 ad
802 397 1038 459 Patrem,
1069 412 1186 450 cum
1228 395 1491 449 dilexisset
1512 409 1633 446 suos
1661 395 1752 462 qui
1796 403 1943 446 erant
1982 392 2038 444 in
2066 399 2111 455 Α
2144 389 2383 444 Mortuus
2411 399 2484 442 est
2522 396 2731 455 propter
2770 382 2958 436 delicta
2991 392 3189 444 nostra,
3239 380 3524 462 sedetiam
3551 390 3730 432 resur-

464 487 683 554 mundo,
718 488 772 542 in
795 487 952 556 ﬁnem
980 485 1160 540 dilexit
1205 483 1386 555 (Joan.
1421 498 1548 546 xm,
1575 484 1649 552 1),
1691 482 1741 536 id
1765 490 2040 549 estusque

467 581 535 634 ad
564 589 792 634 mortem
832 593 956 633 eum
990 578 1078 632 illa
1114 576 1328 632 dilectio
1371 575 1651 644 perduxit,
1677 573 1804 642 quia
1831 581 2039 626 tantum

468 669 660 722 dilexit
691 683 785 722 eos
811 677 869 722 ut
911 675 1214 722 moreretur
1255 675 1472 734 propter
1498 679 1610 718 eos.
1643 663 1755 718 Hoc
1787 663 1930 717 enim
1964 671 2042 716 te-

466 768 641 816 status
685 767 798 824 est,
832 759 1020 814 dicens
1049 778 1063 812 :
1095 757 1350 826 Majorem
1380 755 1479 808 hac
1521 754 1847 808 dilectionem
1890 767 2040 806 nemo

465 853 640 918 habet,
672 869 828 922 quam
860 861 916 904 ut
949 851 1178 904 animant
1222 864 1373 900 suam
1411 848 1527 916 quis
1555 856 1714 916 ponat
1739 860 1832 909 pro
1861 844 2042 898 amicis

337 951 346 958 ‘
387 986 392 990 .
467 945 576 996 suis
608 942 792 1014 (Joan.
822 957 918 1004 xv,
964 940 1072 1008 l5).
1099 936 1391 1008 Propterea
1436 945 1490 992 et
1535 937 1708 990 iturus
1741 936 1807 990 ad
1840 935 2046 1003 passio—
2086 998 2088 1001 ι

471 1051 614 1098 nem,
649 1044 704 1089 et
749 1049 847 1105 per
889 1033 1297 1088 resurrectionis
1339 1040 1396 1086 et
1437 1030 1770 1086 ascensionis
1817 1029 2042 1100 gloriam

469 1126 808 1180 discessurus
836 1140 867 1178 e
902 1126 1135 1187 mundo,
1183 1124 1287 1177 hoc
1339 1129 1739 1176 sacramentum
1793 1119 2044 1172 ultimum

417 1215 426 1222 ’
467 1215 746 1286 discipulis
777 1215 1033 1278 tradidit,
1080 1224 1140 1268 ut
1182 1213 1498 1268 memoriam
1543 1219 1705 1264 tantm
1737 1209 2044 1272 charitatis,

471 1321 569 1374 per
595 1321 756 1375 quam
785 1304 952 1360 solam
989 1303 1276 1366 solvamur,
1309 1303 1512 1358 arctius
1553 1315 1741 1356 eorum
1778 1299 2047 1354 mentibus

471 1397 746 1468 inﬁgeret;
779 1405 1044 1465 quatenus
1072 1409 1288 1463 semper
1314 1407 1582 1448 memores
1614 1405 1807 1455 sumus,
1836 1399 1893 1444 et
1915 1405 2047 1459 qua-

471 1487 548 1541 les
577 1495 631 1540 et
667 1493 928 1555 quantum
969 1483 1037 1537 ab
1065 1499 1131 1538 eo
1172 1473 1352 1536 dileai
1383 1481 1585 1544 simus;
1631 1479 1818 1548 quales
1841 1519 1856 1540 ,
1884 1492 1952 1532 ne
1981 1477 2047 1532 de

471 1575 626 1630 nobis
669 1575 991 1644 gloriemur;
1041 1581 1330 1643 quantum,
1372 1580 1432 1625 ut
1476 1572 1543 1625 de
1592 1570 1683 1624 illo
1727 1583 2044 1638 speremus;

468 1663 613 1732 quod
641 1673 930 1731 utrumque
964 1660 1248 1730 diligenter
1290 1657 1577 1728 Apostolus
1622 1655 1848 1725 imponit
1871 1663 1925 1709 et
1961 1656 2045 1709 in-

2143 482 2274 532 rexit
2301 487 2508 549 prapter
2528 474 2964 546 justi/icationem
3021 482 3254 526 nostram
3306 460 3486 540 (Rom.
3510 484 3584 533 tv,
3608 467 3726 539 Q5),

2143 584 2410 624 memores
2431 568 2598 622 simus
2620 564 3028 619 resurrectionis
3049 577 3261 632 quoque
3280 560 3396 630 ejus
3416 560 3484 614 ab
3505 558 3728 624 inferis;

2141 671 2216 724 et,
2245 659 2498 728 quoniam
2552 670 2837 725 resurgens
2876 670 2906 708 a
2948 653 3174 708 mortuis
3226 660 3281 706 et
3334 657 3646 718 assumptus
3671 648 3731 703 in

2143 751 2363 814 caelum,
2395 747 2542 803 sedet
2579 762 2610 801 a
2640 746 2846 801 dextris
2884 745 3000 808 Dei,
3050 744 3220 799 simus
3257 754 3529 796 memores
3557 739 3729 794 etiam

2143 840 2391 909 gloriosa:
2419 836 2748 893 ascensionis
2778 836 2916 905 ejus.
2949 833 3075 889 Haec
3120 841 3206 887 est
3246 833 3388 886 enim
3426 839 3536 885 tota
3583 829 3734 885 salus

2143 941 2326 986 nostra
2352 939 2406 984 et
2439 932 2570 993 vita,
2621 929 2664 983 si
2703 929 3036 982 incessanter
3087 939 3358 979 memores
3386 924 3576 978 simus.
3613 922 3731 976 Me-

2145 1035 2327 1076 mores
2354 1020 2520 1089 igitur
2545 1017 2838 1072 Dominiea:
2883 1015 3173 1085 passionis,
3228 1011 3638 1068 resurrectionis
3677 1021 3737 1068 et

2145 1109 2502 1172 ascensionis,
2536 1117 2644 1160 tam
2693 1107 3004 1182 sacerdotes
3045 1120 3207 1173 quam
3257 1103 3408 1173 plebs
3435 1102 3607 1156 ﬁdelis
3648 1101 3738 1157 ol'o

2143 1199 2327 1253 ferunt
2357 1197 2649 1266 praeclaras,
2681 1196 2732 1250 id
2768 1203 2852 1249 est
2877 1193 3198 1265 prtecellenti
3231 1202 3288 1246 et
3336 1192 3580 1262 gloriosae
3612 1207 3734 1245 ma-

2137 1287 2326 1358 jestati
2360 1287 2614 1358 Dei,,non
2641 1287 2708 1342 de
2737 1302 2859 1352 suo,
2902 1288 2997 1341 sed
3022 1286 3089 1340 de
3113 1286 3231 1356 ejus
3274 1285 3430 1339 donis
3478 1299 3541 1339 ac
3567 1283 3735 1348 datis,

2139 1383 2294 1453 juxta
2316 1380 2457 1452 quod
2480 1381 2740 1450 scriptum
2769 1389 2855 1434 est
2881 1398 2892 1433 :
2924 1379 2992 1434 Et
3029 1394 3150 1448 qua:
3178 1379 3244 1433 de
3274 1393 3434 1432 manu
3460 1385 3549 1430 tua
3583 1392 3743 1432 acce-

2145 1476 2344 1544 pimus,
2367 1472 2609 1527 dedimus
2638 1471 2730 1524 libi
2754 1471 2805 1525 in
2838 1471 3094 1541 mysterio
3122 1468 3384 1524 Dominici
3409 1467 3652 1536 corporis
3679 1476 3741 1521 et

2146 1563 2423 1634 sanguinis
2455 1578 2582 1617 vere
2627 1563 2856 1617 hostiam
2914 1577 3124 1632 puram,
3181 1560 3410 1614 hostiam
3463 1569 3737 1622 sanctam,

2150 1656 2382 1711 hostiam
2436 1653 2855 1709 immaculatam.
2906 1653 3037 1719 Qua:
3087 1652 3227 1705 trina
3295 1651 3546 1720 repetitio
3597 1651 3739 1704 tanti

471 1755 682 1820 caleat,
724 1755 909 1810 dicens
937 1771 950 1808 :
980 1751 1048 1807 Ut
1075 1753 1201 1822 quid
1240 1753 1377 1806 enim
1408 1749 1678 1813 Christus,
1709 1764 1826 1802 cum
1869 1747 2043 1801 adhuc
2072 1735 2119 1794 Β
2146 1746 2386 1818 mysterii
2408 1754 2491 1800 est
2515 1744 2770 1798 laudatio.
2812 1743 2940 1798 Haec
2968 1758 3201 1810 namque
3227 1743 3424 1806 hostia,
3447 1756 3610 1810 quam
3640 1741 3741 1795 ho-

472 1843 668 1912 inﬁrmi
689 1859 934 1905 essemus,
959 1840 1243 1894 secundum
1264 1849 1464 1907 tempus
1489 1853 1582 1906 pro
1609 1837 1781 1904 impiis
1809 1846 2044 1889 mortuus

472 1942 546 1984 est
573 1929 751 2001 (Rom.
782 1946 836 1995 v,
864 1930 956 2001 6)?
985 1930 1051 1983 Et
1083 1937 1205 1998 post
1234 1927 1503 1997 paululum
1537 1943 1549 1978 :
1584 1925 1924 1980 Commendat
1950 1941 2049 1978 au-

472 2033 596 2085 tem,
630 2021 822 2091 inquit,
843 2037 993 2074 suam
1015 2020 1321 2073 charitatem
1343 2017 1484 2070 Deus
1516 2018 1568 2070 in
1597 2016 1762 2080 nobis,
1798 2015 2048 2085 quoniam

473 2114 518 2163 si
539 2151 553 2171 ,
580 2127 698 2163 cum
729 2110 901 2163 adhuc
926 2117 1220 2178 peccatores
1240 2123 1489 2172 essemus,
1516 2104 1751 2159 Christus
1777 2121 1871 2174 pro
1901 2103 2048 2158 nobis

477 2209 713 2252 mortuus
739 2209 844 2262 est,
881 2197 1039 2251 multo
1069 2197 1233 2267 magis
1252 2195 1532 2266 justiﬁcati
1560 2210 1696 2247 nunc
1719 2194 1772 2246 in
1796 2193 2048 2262 sanguine

475 2290 642 2358 ipsius
661 2288 790 2342 salvi
802 2289 994 2341 erimus
1009 2287 1072 2340 ab
1085 2286 1166 2340 ira
1185 2303 1276 2355 per
1297 2287 1483 2356 ipsum.
1503 2283 1561 2339 Si
1573 2285 1708 2338 enim
1721 2300 1838 2338 cum
1853 2283 2050 2337 inimici

475 2394 724 2452 essemus,
743 2376 1062 2430 reconciliati
1075 2391 1255 2429 sumus
1278 2374 1386 2428 Deo
1405 2391 1496 2444 per
1517 2384 1730 2428 mortem
1758 2371 1886 2426 Filii
1911 2373 2044 2441 ejus,

475 2469 640 2522 multo
677 2470 841 2538 magis
885 2467 1202 2522 reconciliati
1229 2467 1360 2521 salvi
1385 2468 1579 2520 erimus
1629 2467 1682 2518 in
1735 2467 1837 2519 vita
1886 2465 2050 2534 ipsius

477 2557 652 2621 (liam.
669 2574 761 2612 vm
774 2599 788 2622 ,
802 2557 980 2629 9,10).
997 2557 1110 2612 Hoc
1134 2571 1262 2628 ergo
1290 2556 1576 2626 agendum,
1592 2556 1694 2610 hoc
1713 2554 2054 2624 frequentan-

476 2649 603 2700 dum
649 2647 1073 2710 commendavit,
1124 2661 1231 2716 quo
1275 2661 1441 2715 usque
1486 2646 1600 2714 ipse
1643 2644 1822 2699 veniat
1860 2643 1914 2697 in
1946 2643 2052 2698 ﬁne

477 2737 680 2802 saeculi,
709 2738 924 2807 quando
949 2737 1054 2792 erit
1085 2745 1392 2791 sanctorum
1443 2735 1684 2805 requies,
1729 2751 1836 2790 non
1879 2735 2054 2789 adhuc

480 2828 532 2881 in
565 2837 904 2882 sacramento
926 2828 1063 2898 spei,
1085 2843 1192 2897 quo
1221 2827 1274 2880 in
1309 2827 1410 2881 hoc
1440 2836 1682 2895 tempore
1709 2825 2054 2880 consociatur

481 2919 758 2982 Ecclesia,
803 2919 1040 2988 quandiu
1089 2919 1292 2974 bibitur
1340 2919 1481 2987 quod
1527 2919 1594 2972 de
1641 2918 1808 2972 latere
1855 2916 2052 2971 Christi

479 3011 770 3075 emanavit,
807 3011 898 3065 sed
927 3010 1034 3081 jam
1067 3011 1180 3080 ipsa
1224 3009 1554 3080 perfectione
1584 3009 1771 3063 salutis
1814 3018 2050 3073 aeternae,

2146 1838 2304 1892 stium
2330 1850 2539 1906 puram,
2564 1843 2832 1897 sanctam,
2870 1832 3267 1887 immaculatam
3291 1831 3545 1895 dicimus,
3571 1831 3624 1885 id
3651 1839 3742 1886 est

2145 1941 2338 1998 panem
2361 1933 2602 1980 sanetum
2627 1925 2748 1978 vitae
2767 1933 2981 1979 acternae
3005 1933 3062 1978 et
3085 1924 3308 1978 calicem
3335 1923 3524 1978 salutis
3544 1938 3742 1992 perpe—

2150 2027 2273 2080 tuze,
2305 2015 2640 2071 sumentibus
2689 2015 2797 2068 vita
2823 2023 3024 2069 aeterna
3055 2024 3174 2078 est,
3208 2014 3419 2068 dicente
3465 2012 3694 2066 Domino
3718 2027 3737 2066 :

2148 2106 2253 2172 Qui
2291 2106 2572 2160 manducat
2609 2106 2747 2159 hunc
2794 2121 3000 2173 panem,
3031 2105 3156 2158 vivet
3185 2105 3240 2158 in
3268 2115 3517 2158 aeternum
3549 2104 3735 2174 (Joan.

2147 2215 2221 2262 vt,
2239 2199 2349 2268 59).
2373 2196 2542 2264 Quam
2565 2211 2695 2252 vero
2721 2195 2954 2251 hostiam
2976 2210 3185 2265 puram,
3210 2202 3452 2249 sanctam
3467 2203 3521 2248 et
3545 2195 3738 2248 imma-

2148 2289 2380 2344 culatam
2401 2287 2560 2343 oll‘ert
2588 2285 2848 2350 Ecclesna,
2876 2285 2978 2340 nisi
2999 2301 3161 2354 quam
3183 2301 3211 2338 a
3244 2283 3471 2338 Domino
3494 2283 3738 2354 accepit?

2150 2382 2202 2436 id
2232 2390 2314 2435 est
2338 2395 2530 2449 panem
2552 2387 2795 2433 sanctum
2818 2379 2942 2431 vita:
2966 2386 3199 2440 aeternae,
3222 2383 3276 2430 et
3297 2375 3522 2430 calicem
3546 2373 3738 2429 salutis

2149 2482 2438 2542 perpetuae.
2463 2471 2516 2524 In
2543 2472 2641 2524 hoc
2662 2469 2804 2523 enim
2840 2483 2978 2538 pane
3009 2466 3345 2522 sumentibus
3389 2465 3494 2518 vita
3532 2474 3736 2518 aeterna

2149 2574 2255 2628 est,
2279 2565 2416 2618 sicut
2445 2565 2556 2632 ipse
2575 2561 2830 2616 Dominus
2847 2559 2999 2629 panis
3012 2559 3164 2612 vivus
3178 2567 3230 2611 et
3251 2557 3405 2626 panis
3433 2557 3557 2610 vitm
3582 2556 3649 2610 de
3679 2571 3739 2610 se

2153 2657 2273 2724 ipso
2308 2655 2385 2708 ait
2411 2672 2423 2706 :
2467 2653 2578 2722 Ego
2605 2669 2719 2707 smn
2745 2652 2895 2720 panis
2926 2652 3063 2704 vivus
3091 2650 3180 2720 qui
3217 2649 3280 2702 de
3324 2646 3448 2701 (σξιο
3493 2646 3737 2700 descendi

2153 2747 2333 2818 (Joan.
2365 2744 2571 2816 vt,5|).
2617 2744 2678 2798 Et
2725 2743 2956 2797 iterum:
3009 2738 3174 2794 Panis
3225 2739 3361 2793 enim
3403 2737 3498 2792 Dei
3541 2747 3616 2790 est
3643 2738 3736 2808 qui

2153 2840 2414 2894 descendit
2443 2840 2507 2893 de
2535 2837 2660 2892 caelo
2683 2847 2729 2890 et
2765 2836 2854 2890 dat
2885 2837 3040 2890 vitam
3086 2833 3280 2888 mundo
3311 2832 3496 2903 (Ibid.,
3528 2830 3643 2900 53).
3674 2830 3741 2884 Et

2155 2930 2260 2984 alio
2285 2931 2401 2984 loco
2430 2929 2594 2984 dicit:
2635 2927 2741 2992 Qui
2780 2926 3062 2980 manducat
3089 2925 3226 2978 hunc
3265 2939 3469 2993 panem,
3524 2934 3654 2974 vivet
3683 2937 3739 2975 in

2155 3033 2405 3078 retentum
2437 3020 2626 3089 (Ib.'d.,
2663 3019 2774 3090 59).
2808 3019 2872 3072 Et
2900 3017 3043 3087 quod
3073 3018 3176 3071 iste
3221 3015 3292 3070 sit
3318 3014 3468 3084 panis
3496 3013 3741 3082 corporis

481 3117 604 3155 cum
642 3101 884 3156 "adem"
914 3115 1138 3170 regnum
1172 3099 1281 3154 1)εο
1316 3108 1370 3154 ει
1396 3098 1540 3153 Pam
1561 3141 1574 3164 ι
1619 3106 1676 3151 ut
1705 3098 1758 3151 ίη
1807 3097 1893 3151 illa
1925 3109 2051 3166 Per"
2080 3081 2125 3142 C
2158 3113 2272 3182 ipse
2293 3081 2514 3180 exponit
2538 3081 2802 3164 dicendo:
2832 3107 2899 3160 Et
2917 3081 3077 3174 panis
3099 3121 3252 3175 quem
3289 3081 3380 3173 ego
3419 3081 3738 3168 dabo,caro

481 3193 665 3262 spicua
680 3191 1126 3261 contemplatione
1143 3189 1592 3245 incommutabilis
1613 3186 2056 3251 veritatis,,nullis

483 3285 757 3354 mysteriis
789 3284 1156 3354 corporalibus
1191 3297 1462 3353 egeamus.
1495 3280 1710 3351 ((ἶιιεο.)
1744 3279 1869 3334 [hec
1907 3294 2058 3332 nam-

483 3387 589 3440 que
618 3371 962 3440 singulariter
989 3371 1204 3426 victima
1235 3370 1304 3426 ab
1343 3381 1544 3425 teterno
1572 3368 1793 3424 interitu
1823 3368 2055 3422 animam

486 3465 692 3528 salvat,
722 3479 841 3530 qua:
869 3463 1011 3517 illam
1058 3463 1211 3518 nobis
1243 3471 1467 3516 mortem
1503 3461 1769 3532 Unigeniti
1811 3476 1908 3530 per
1945 3475 2058 3530 my-

483 3555 706 3610 sterium
739 3564 968 3622 reparat.
1002 3553 1125 3618 Qui,
1156 3553 1281 3608 licet
1310 3567 1537 3622 surgens
1582 3567 1614 3605 a
1657 3551 1884 3605 mortuis
1904 3591 1918 3614 ,
1943 3550 2057 3621 jam

487 3661 592 3698 non
631 3644 876 3706 moritur,
911 3651 964 3696 et
994 3658 1138 3697 mors
1164 3643 1213 3697 ei
1243 3641 1380 3695 ultra
1413 3656 1516 3695 non
1543 3640 1906 3696 dominabitur
1931 3657 1944 3704 ;
1979 3649 2060 3692 ta-

487 3747 635 3798 men,
663 3733 712 3786 in
744 3748 804 3787 se
832 3732 947 3802 ipso
977 3732 1354 3788 immortaliter
1392 3740 1552 3800 atque
1583 3729 2060 3799 incorruptibiliter

487 3823 704 3885 vivens,
751 3838 849 3892 pro
897 3823 1051 3877 nobis
1100 3823 1293 3877 iterum
1347 3823 1401 3877 in
1451 3822 1553 3876 hoc
1587 3822 1844 3892 mysterio
1893 3835 2061 3874 sacrae

489 3915 774 3970 oblationis
820 3915 1148 3969 immolatur.
1180 3915 1306 3983 Ejus
1331 3916 1527 3986 quippe
1562 3915 1632 3970 ihi
1664 3931 1861 3984 corpus
1895 3914 2061 3968 sumi-

493 4017 601 4067 tur,
631 4007 745 4074 ejus
771 4021 898 4059 caro
928 4006 980 4059 in
1006 4007 1183 4076 pepuli
1212 4007 1380 4060 salute
1410 4005 1660 4075 partitur.
1689 4005 1816 4075 Ejus
1843 4005 2060 4075 sanguis

494 4113 597 4150 non
626 4095 737 4163 jam
781 4098 834 4150 in
881 4112 1069 4150 manus
1117 4097 1407 4150 inﬁdelium
1459 4097 1718 4152 funditur.
1766 4097 1898 4150 Hinc
1930 4111 2061 4167 ergo

491 4202 779 4255 pensemus
831 4187 990 4256 quale
1053 4189 1123 4242 sit
1179 4202 1276 4258 pro
1326 4187 1481 4242 nobis
1541 4187 1643 4241 hoc
1701 4185 2059 4249 sacriﬁcium,

493 4279 634 4345 quod
681 4293 779 4348 pro
826 4278 1162 4332 absolutione
1214 4286 1395 4332 nostra
1450 4277 1751 4346 passionem
1802 4275 2062 4345 unigeniti

492 4369 611 4423 Filii
652 4385 864 4440 semper
897 4369 1156 4424 imitatur.
1201 4367 1454 4438 Sequitur
1491 4370 1543 4423 in
1583 4368 1882 4439 mysterio:

564 4461 651 4516 64.
683 4457 830 4516 Unde
854 4472 901 4516 et
924 4477 1171 4515 memores
1204 4478 1296 4515 nos
1343 4462 1475 4515 servi
1505 4461 1600 4524 tui,
1633 4469 1763 4525 elc.,
1790 4475 1958 4529 usque
1995 4459 2061 4515 ad

495 4554 706 4606 calicem
731 4552 920 4605 salutis
948 4561 1227 4621 perpetiar.
1261 4552 1396 4618 Quia
1435 4551 1690 4606 Dominus
1716 4561 1770 4606 et
1816 4551 2064 4606 Salvator

497 4655 679 4699 noster
708 4645 1020 4715 mysterium
1047 4658 1158 4697 sum
1182 4643 1390 4707 mortis,
1429 4659 1588 4711 quam
1614 4657 1712 4712 pro
1741 4651 1921 4697 nostra
1945 4657 2065 4695 om-

498 4737 752 4801 niutnque
787 4733 961 4787 salute
989 4732 1244 4801 suscepit,
1274 4741 1419 4785 tanta
1459 4733 1658 4800 pietate
1706 4731 1978 4785 memori-.e
2007 4729 2068 4782 ﬁ-

493 4821 694 4874 delium
721 4820 1135 4883 commendavit,
1179 4829 1235 4873 ut
1268 4835 1364 4888 per
1400 4821 1721 4874 oblationem
1749 4829 1802 4873 et
1845 4817 2067 4887 partici-

494 4914 766 4982 pationem
798 4914 1039 4981 corporis
1067 4921 1123 4967 et
1167 4913 1440 4982 sanguinis
1489 4912 1730 4966 eamdem
1785 4909 2074 4963 viviﬁcavit

499 5010 726 5055 mortem
749 5016 918 5054 suam.
953 5001 1019 5054 Et
1065 5001 1188 5070 quia
1240 5003 1293 5056 in
1318 5001 1726 5072 participatione
1751 5000 1990 5069 corporis
2019 5008 2074 5051 et

496 5089 774 5160 sanguinis
799 5090 880 5144 sui
904 5089 1170 5146 viviﬁcam
1197 5105 1346 5144 suam
1378 5099 1600 5144 mortem
1627 5104 1722 5142 nos
1750 5090 2071 5141 annuntiare

498 5180 666 5234 voluit
699 5179 956 5234 Dominus
979 5188 1035 5233 et
1059 5178 1307 5234 Salvator
1331 5188 1513 5235 noster
1534 5177 1703 5231 donec
1731 5177 1844 5246 ipse
1869 5179 2068 5241 veniat,

496 5273 716 5341 dignum
742 5279 795 5324 et
830 5269 1046 5325 salubre
1093 5279 1174 5325 est
1207 5280 1284 5335 ut,
1316 5271 1429 5325 haec
1481 5269 1785 5324 veneranda
1817 5270 2071 5339 mysteria

498 5361 908 5430 frequentanda,
937 5377 1203 5418 memores
1243 5363 1352 5418 sint
1379 5362 1688 5417 sacerdotes
1732 5368 1786 5413 et
1826 5361 2072 5431 populus,

508 5452 756 5506 universa
781 5451 1030 5505 videlicet
1058 5451 1319 5514 Ecclesia,
1353 5451 1526 5506 beata:
1553 5450 1818 5520 passionis
1843 5446 1977 5516 ejus.
2008 5449 2075 5503 Et

502 5556 628 5597 sere
649 5544 837 5604 beatae,
868 5541 993 5609 quia
1017 5541 1131 5596 sine
1159 5549 1378 5610 peccato
1403 5551 1671 5608 suscepta,
1697 5539 1862 5594 totius
1890 5539 2071 5593 mundi

501 5639 719 5702 peccata
742 5631 957 5694 delevit,
988 5639 1041 5685 et
1070 5631 1191 5700 quia
1215 5646 1318 5684 non
1351 5629 1544 5693 solum,
1566 5639 1619 5680 ut
1648 5629 1726 5698 Ap
1749 5630 1931 5684 istolas
1955 5631 2069 5684 ait:

777 5841 834 5851 ..-

2155 3217 2270 3254 mea
2293 3209 2366 3253 est
2401 3215 2496 3269 pro
2517 3198 2698 3252 mundi
2718 3199 2820 3252 vita
2844 3195 3032 3266 (Ibid.,
3055 3193 3167 3265 52).
3201 3193 3341 3262 Ergo
3371 3201 3427 3245 et
3447 3191 3587 3245 calix
3612 3205 3740 3243 san-

2156 3291 2331 3362 guinis
2359 3289 2495 3358 ejus,
2545 3289 2682 3344 calix
2723 3297 2806 3344 est
2849 3287 3038 3342 salutis
3082 3296 3316 3346 aeternae,
3365 3283 3490 3352 quia
3521 3281 3746 3350 sanguis

2159 3381 2245 3434 ille
2274 3397 2372 3451 pro
2401 3381 2583 3434 multis
2619 3378 2823 3434 eﬁ'usus
2867 3387 2951 3433 est
2993 3378 3046 3432 in
3076 3376 3445 3430 remissionem
3489 3382 3744 3442 peceato-

2158 3487 2299 3532 rum,
2346 3479 2405 3524 ut
2453 3470 2657 3524 salvum
2698 3470 2900 3524 faceret
2952 3468 3200 3539 populum
3232 3482 3385 3520 suum
3431 3481 3461 3518 a
3506 3465 3744 3533 peccatis

2157 3578 2364 3616 eorum.
2398 3561 2474 3615 De
2495 3563 2595 3617 hoc
2617 3563 2830 3616 canitur
2853 3562 2906 3614 in
2933 3560 3175 3630 psalmo:
3211 3557 3439 3612 Calicem
3479 3557 3738 3612 salutaris

2160 3656 2415 3724 accipiam
2442 3665 2490 3708 et
2520 3671 2704 3708 nomen
2745 3653 2954 3707 Dontini
3000 3652 3247 3705 invocabo
3275 3647 3448 3719 (Psal.
3476 3663 3600 3711 cxv,
3625 3649 3738 3718 13).

2160 3743 2255 3798 Est
2280 3744 2424 3797 enim
2450 3743 2588 3796 calix
2629 3744 2727 3797 iste
2756 3741 3007 3797 salutaris
3051 3739 3353 3810 accipienti,
3385 3747 3439 3792 et
3470 3739 3522 3792 in
3553 3754 3742 3810 sacra-

2161 3833 2326 3888 menti
2378 3833 2755 3902 perceptione,
2809 3831 2862 3885 in
2914 3830 3180 3900 passionis
3227 3827 3546 3890 imitatione,
3599 3827 3746 3881 sicut

2161 3939 2190 3975 a
2257 3922 2458 3976 sanctis
2535 3920 2862 3991 martyribus
2945 3927 3196 3986 acceptus
3261 3925 3363 3970 est.
3431 3915 3586 3970 Hunc
3645 3931 3746 3984 pa-

2162 4027 2283 4067 nem
2311 4010 2630 4080 signiﬁcavit
2675 4024 2902 4072 manna,
2949 4009 3092 4062 hunc
3126 4009 3319 4075 panem
3353 4005 3540 4059 tribuit
3570 4005 3745 4060 altare

2164 4105 2279 4160 Dei.
2331 4104 2605 4158 Noverunt
2647 4101 2832 4156 ﬁdeles
2871 4099 3069 4155 Christi
3113 4114 3338 4168 corpus,
3386 4097 3431 4152 si
3462 4098 3512 4151 in
3541 4095 3743 4150 Christi

2162 4212 2386 4266 corpore
2407 4197 2568 4252 homo
2589 4195 2770 4259 luerit,
2797 4193 3024 4264 accipiet
3048 4192 3112 4246 de
3136 4185 3338 4246 Christi
3356 4190 3566 4260 spiritu.
3591 4188 3747 4244 Sicut

2162 4296 2340 4342 autem
2373 4301 2569 4356 corpus
2598 4295 2840 4340 nostrum
2863 4286 2978 4340 sine
2999 4286 3188 4354 spiritu
3218 4300 3321 4340 non
3344 4291 3520 4354 potest
3539 4283 3740 4345 vivere,

2165 4379 2243 4434 sic
2281 4394 2386 4434 non
2424 4376 2642 4434 habebit
2673 4377 2918 4447 spiritum
2947 4378 3069 4431 vita:
3093 4419 3108 4442 ,
3158 4378 3258 4433 nisi
3307 4377 3399 4446 qui
3448 4376 3499 4429 in
3544 4375 3745 4431 Christi

2165 4486 2390 4540 corpore
2435 4469 2597 4524 fuerit
2635 4469 2899 4524 inventus.
2947 4469 3048 4536 Qui
3097 4467 3210 4521 vult
3249 4467 3454 4528 vivere,
3503 4465 3742 4528 accedat,

2167 4560 2373 4622 credat,
2405 4559 2550 4612 vivat
2575 4559 2682 4613 Deo
2707 4558 2772 4612 de
2803 4559 2939 4621 Deo;
2973 4560 3364 4626 incorporetur,
3405 4566 3465 4610 ut
3502 4555 3743 4610 viviﬁee-

2167 4657 2273 4703 tur.
2302 4648 2418 4704 Iloc
2443 4658 2529 4702 est
2554 4649 2697 4702 enim
2725 4647 3052 4702 manducare
3080 4648 3222 4700 illam
3253 4663 3462 4711 escam,
3511 4655 3566 4702 et
3593 4647 3743 4701 illum

2169 4739 2354 4792 bibere
2378 4748 2580 4808 potum,
2611 4738 2662 4791 in
2685 4737 2901 4792 Christo
2925 4751 3161 4800 manere,
3187 4745 3243 4790 et
3267 4737 3413 4791 illum
3438 4745 3743 4790 manentem

2174 4827 2226 4882 in
2257 4843 2315 4881 se
2345 4827 2571 4890 habere,
2603 4826 2741 4880 sicut
2767 4827 2880 4895 ipse
2909 4827 3039 4881 dicit
3066 4845 3078 4879 :
3116 4826 3219 4892 Qui
3249 4829 3530 4880 manducet
3574 4842 3745 4879 meam

2175 4932 2416 4976 carnem,
2459 4927 2506 4970 et
2549 4915 2672 4970 bibit
2721 4932 2892 4970 meum
2921 4917 3222 4985 sanguinem
3252 4917 3303 4970 in
3336 4933 3414 4969 me
3455 4897 3663 4979 manet,
3695 4925 3745 4970 et

2175 5022 2265 5074 ego
2295 5006 2348 5058 in
2375 5004 2465 5060 illo
2496 5005 2675 5074 (Joan.
2708 5023 2781 5068 vt,
2817 5006 2928 5074 57).
2963 5004 3216 5074 Sequitur
3243 5005 3294 5059 in
3326 5007 3600 5075 mysterio.

2247 5093 2334 5149 65.
2377 5094 2547 5162 Supra
2575 5112 2691 5165 qua:
2720 5097 2942 5164 propitio
2972 5113 3032 5147 ac
3061 5111 3238 5148 sereno
3267 5094 3410 5146 vultu
3430 5135 3444 5156 ,
3483 5104 3616 5157 ctc.,
3658 5111 3748 5148 us-

2177 5200 2280 5252 que
2302 5184 2690 5237 immaculatam
2715 5184 2958 5237 hostiam.
2985 5182 3183 5237 Oratur
3205 5183 3343 5237 Deus
3371 5193 3429 5237 ut
3451 5199 3611 5252 super
3635 5185 3752 5238 hzee

2177 5288 2400 5327 munera
2435 5274 2556 5326 vita:
2579 5281 2634 5325 et
2662 5271 2868 5335 salutis,
2897 5287 3016 5339 qua:
3045 5273 3315 5340 praedone
3343 5273 3606 5342 majestati
3634 5274 3756 5344 ejus

2175 5363 2496 5428 offeruntur,
2521 5361 2775 5431 propitio,
2805 5361 2856 5415 id
2882 5370 2965 5415 est
3000 5361 3242 5431 placabili
3287 5373 3339 5417 et
3381 5379 3571 5418 sereno
3599 5364 3751 5419 vuitu

2178 5453 2446 5521 respicere
2486 5451 2757 5520 dignetur,
2798 5466 2902 5505 non
2940 5452 3065 5520 quia
3104 5453 3280 5507 vultus
3313 5451 3430 5520 ejus
3463 5455 3754 5524 aliquando

2178 5552 2481 5602 serenatur,
2515 5547 2570 5593 ut
2601 5539 2713 5608 ipse
2745 5541 2812 5594 sit
2843 5540 3004 5594 Pater
3029 5539 3309 5605 luminum,
3348 5552 3407 5594 ut
3447 5545 3635 5597 beatus
3661 5541 3752 5597 Ja-

2177 5631 2342 5683 cobus
2370 5630 2534 5683 dicit:
2567 5628 2717 5698 Apud
2745 5646 2893 5700 quem
2926 5647 3027 5684 non
3050 5640 3122 5685 est
3149 5633 3534 5696 transmutatio,
3567 5647 3657 5684 nec
3684 5629 3752 5683 vi-
