4050 6302
277 369 350 428 57
1421 333 1538 419 be
1576 354 2035 418 Exeosmous
2072 356 2320 416 MISSA‘Z.
2624 444 2627 447 Δ
2884 432 2887 435 q
2973 317 2976 319 Α
3453 357 3520 412 58

278 473 606 531 cissitudinis
646 470 970 528 obumbratio
1011 472 1151 545 (Jac.
1174 488 1217 537 ι,
1240 471 1347 543 17).
1378 472 1447 527 ΕΙ.
1481 474 1673 527 beatus
1693 470 1853 526 Joan-
1880 470 1928 535 Α
1957 487 2117 543 neque
2142 462 2344 525 initium
2367 469 2569 522 dierum
2601 484 2762 539 neque
2785 468 2941 538 liuent
2964 456 3526 531 liabens,'assimilatus

280 582 383 622 nes
404 572 667 620 testatur:
701 562 961 629 Quoniam
986 562 1124 617 Deus
1152 563 1245 617 lua:
1268 573 1363 627 est,
1393 572 1442 617 et
1468 561 1690 618 tenebrae
1711 564 1767 616 in
1792 579 1853 617 eo

281 670 388 709 non
428 662 550 707 sunt
584 651 708 707 ulla:
734 651 782 723 (ι
812 652 972 707 Joan.
1003 668 1053 717 ι,
1080 653 1157 723 5).
1191 651 1298 708 Sed
1327 654 1420 723 qui
1450 668 1663 723 semper
1690 654 1741 706 in
1770 652 1855 707 lu-

281 746 431 813 mine
454 751 560 805 est,
592 753 719 797 tunc.
744 758 906 815 super
934 760 1034 800 nos
1059 755 1307 809 serenat,
1349 759 1414 800 ac
1448 745 1712 799 illuminat
1735 744 1855 798 vul-

281 843 400 889 tum
428 849 584 889 suum
608 834 823 903 quando
848 834 1086 889 declarat
1112 850 1274 906 super
1291 849 1390 889 nos
1410 834 1854 899 misericordiam,

282 923 425 979 sicut
465 922 520 976 in
559 921 771 992 psalmo
792 932 1007 979 orantes
1041 924 1268 979 dicimus
1297 942 1311 978 :
1354 923 1625 979 Illuminet
1660 906 1861 979 vultum.

278 1026 438 1065 suum
467 1025 621 1079 super
646 1012 761 1076 nas,
789 1020 838 1064 et
863 1000 1170 1066 misereatur
1203 1014 1367 1067 nostri
1397 1012 1570 1084 (Psal.
1600 1028 1745 1077 uvx,
1773 1012 1854 1083 2).

280 1096 440 1153 Sicut
466 1113 500 1153 e
529 1098 805 1152 contrario
829 1100 896 1154 de
923 1101 1263 1169 quibusdam,
1293 1102 1386 1172 qui
1412 1100 1529 1170 ejus
1554 1102 1858 1157 misericor-

279 1183 373 1245 dia
398 1188 602 1261 indigni
629 1197 775 1254 sunt,
803 1188 918 1258 ipse
937 1191 1101 1246 dicit:
1126 1190 1451 1245 Abscondam
1479 1191 1665 1260 faciem
1687 1207 1855 1246 meam

280 1278 352 1331 ab
380 1278 458 1331 eis
484 1276 664 1346 (Deut.
694 1292 847 1341 xxxx,
873 1276 981 1351 17).
1013 1279 1078 1332 Et
1104 1279 1297 1334 iterum
1324 1279 1518 1349 quibus
1541 1294 1600 1334 se
1623 1278 1858 1349 placabi-

279 1367 391 1425 lem
411 1368 633 1438 praebet,
654 1368 919 1438 promittit
943 1369 1126 1424 dicens
1149 1389 1163 1424 :
1195 1370 1263 1424 Et
1291 1386 1394 1424 non
1418 1379 1647 1425 avertam
1668 1371 1855 1439 faciem

279 1474 451 1512 meam
477 1475 510 1511 α
535 1457 673 1513 vobis
702 1456 919 1528 (Jerem.
952 1475 1034 1526 ιιι,
1065 1460 1175 1530 12).
1203 1460 1351 1516 Unde
1377 1469 1432 1515 et
1457 1461 1645 1515 beatus
1671 1460 1855 1515 Daniel

278 1551 403 1606 istis
432 1551 564 1623 ipsis
595 1552 769 1606 verbis
795 1562 1004 1617 exorat,
1043 1553 1229 1622 dicens
1267 1572 1280 1607 :
1324 1553 1536 1608 Exaudi
1555 1594 1571 1618 ,
1602 1538 1850 1618 Domine,

276 1657 456 1709 preces
483 1641 615 1696 servi
642 1641 740 1704 tui,
771 1640 1008 1696 illumina
1036 1644 1225 1713 faciem
1256 1653 1400 1697 tuam
1428 1659 1582 1712 super
1609 1652 1857 1696 sanctua—

279 1730 421 1783 rium
448 1739 618 1794 tuum,
646 1742 696 1785 et
723 1733 978 1802 propitius
1000 1734 1206 1788 intende
1227 1732 1475 1804 populum
1497 1735 1673 1798 istum,
1701 1748 1857 1802 super

1954 577 2047 630 per
2072 561 2245 628 omnia
2272 554 2412 612 Filio
2440 557 2564 621 Dei,
2593 558 2680 628 qui
2711 568 2881 612 manet
2906 557 3151 612 sacerdos
3180 558 3235 611 in
3271 568 3522 611 (eternunt

1957 650 2144 722 (llebr.
2171 666 2248 714 vt,
2271 651 2347 719 3).
2371 649 2523 716 Quod
2548 664 2673 704 vero
2699 658 2818 719 post
2848 649 2962 703 tunc
2980 648 3161 723 omnia
3184 646 3528 719 subjungitur

1956 752 2189 798 sanctum
2216 740 2554 806 sacriﬁcium,
2583 738 2970 792 immaculatum
2998 738 3240 800 hostiam,
3275 736 3340 791 ad
3366 732 3525 806 Supe-

1944 833 2099 887 ‘riora
2138 825 2476 886 referendum
2511 843 2629 883 esse
2663 828 2894 890 videtur,
2925 812 3015 881 ubi
3042 826 3242 879 dictum
3270 833 3391 879 est:
3421 822 3528 879 Su-

1954 911 2047 995 per
2066 938 2184 995 qua:
2220 920 2438 991 propitio
2476 936 2538 972 ac
2575 933 2753 991 sereno
2796 916 2938 971 vultu
2981 917 3233 986 respicere
3271 915 3525 985 digneris.

1957 1022 2016 1068 ut
2056 1013 2123 1067 ad
2160 1004 2879 1080 complendam‘petitionem
2925 1003 3266 1073 subjunctum
3295 1003 3387 1061 sit.
3416 1002 3529 1057 lloc
3606 1086 3609 1087 ν

1956 1112 2135 1157 autem
2165 1092 2331 1155 totum
2360 1106 2615 1153 exoratur
2641 1097 2982 1167 omnipotens
3012 1095 3173 1159 Deus,
3216 1104 3277 1149 ut
3315 1093 3527 1149 sacriﬁ-

1955 1196 2098 1251 cium
2129 1182 2383 1248 Ecclesim
2422 1192 2493 1246 ita
2536 1199 2815 1262 acceptum
2855 1188 3072 1253 habeat,
3103 1196 3162 1241 ut
3202 1182 3541 1242 sacriﬁcium

1880 1322 1883 1325 η
1947 1285 2079 1355 justi
2102 1284 2265 1348 Abel,
2294 1292 2349 1338 et
2374 1264 2700 1354 patriarcha:
2725 1272 2987 1344 Abrahae;
3030 1287 3083 1334 et
3114 1277 3318 1357 summi
3349 1290 3529 1332 sacer-

1956 1376 2096 1432 dotis
2132 1366 2556 1437 Melchisedech;
2606 1368 2731 1441 quia
2759 1379 2814 1425 et
2845 1370 2898 1425 in
2930 1369 3035 1424 illis
3061 1369 3298 1438 antiquis
3322 1366 3539 1422 sacriﬁ-'

1955 1467 2054 1521 ciis
2082 1466 2260 1536 imago
2287 1473 2400 1519 erat
2442 1463 2602 1533 lmjus
2638 1464 2749 1517 veri
2782 1459 3072 1524 sacriﬁcii,
3116 1468 3172 1513 et
3210 1460 3327 1513 hoc
3353 1459 3527 1527 ipsum
3584 1484 3585 1487 η

1956 1558 2046 1610 nni
2084 1556 2191 1611 Deo
2225 1555 2435 1610 auctori
2473 1554 2751 1622 utriusque
2795 1549 3124 1605 Testamenti
3163 1557 3217 1602 et
3249 1549 3530 1617 utriusque

1956 1644 2204 1700 sacriﬁcii
2235 1644 2638 1699 ordinatissima
2677 1652 2976 1711 temporum
3019 1638 3370 1710 dispositione
3398 1646 3530 1692 tunc

1958 1735 2202 1805 placebat
2246 1735 2300 1787 in
2336 1732 2769 1803 praaﬁguratione
2798 1741 3035 1786 venturae
3070 1729 3346 1793 veritatis,
3385 1725 3529 1797 quod

276 1833 434 1885 quem
461 1818 758 1873 invocatum
792 1830 867 1873 est
901 1837 1084 1876 nomen
1112 1832 1259 1877 tuum
1289 1823 1453 1894 (Dan.
1481 1838 1570 1889 ιχ,
1600 1823 1712 1894 17).
1752 1824 1854 1879 Ne—
1886 1827 1930 1885 Β
1957 1834 2012 1878 et
2052 1840 2195 1877 nunc
2232 1823 2510 1891 plaeet‘in
2559 1821 2938 1891 adimpletioue
2985 1820 3224 1891 ejusdem
3259 1817 3525 1873 veritatis.

277 1922 388 1977 que
430 1908 571 1967 enim
613 1908 755 1964 Deus
799 1910 1030 1965 humana
1075 1910 1246 1966 forma
1288 1910 1478 1966 faciem
1520 1920 1613 1966 aut
1652 1912 1861 1967 vultum

277 1996 482 2052 habere
508 2000 777 2068 putandus
804 2011 887 2055 est
917 2019 930 2054 :
960 2001 1106 2072 quia,
1128 2001 1460 2057 utDominus
1489 2003 1541 2056 in
1565 2001 1856 2073 Evangelio

277 2089 402 2143 ait:
438 2088 665 2159 Spiritus
692 2101 767 2144 est
800 2091 942 2147 Deus
965 2130 979 2158 ,
1030 2103 1076 2146 et
1104 2110 1190 2146 eos
1223 2094 1310 2164 qui
1347 2094 1574 2148 adorant
1611 2109 1761 2157 eum,
1800 2093 1857 2147 in

274 2180 467 2248 spiritu
495 2191 541 2233 et
570 2181 783 2234 veritate
807 2191 1006 2252 oportet
1035 2182 1259 2237 adorare
1287 2183 1467 2253 (Joan.
1496 2199 1572 2248 tv,
1600 2183 1715 2255 24).
1749 2182 1856 2239 Sed

275 2273 449 2328 facies
467 2283 523 2327 et
543 2274 723 2329 vultus
747 2274 843 2330 Dei
869 2280 1154 2347 praesentia
1179 2278 1295 2347 ejus
1321 2286 1425 2335 est.
1453 2280 1590 2348 Quid
1608 2290 1691 2335 est
1710 2281 1855 2334 enim

276 2362 451 2417 facies
473 2363 565 2418 Dei
591 2379 752 2434 super
775 2381 874 2439 nos
903 2367 1223 2433 illuminata,
1247 2370 1347 2424 nisi
1373 2371 1656 2440 praesentia
1677 2372 1852 2426 decla-

276 2461 396 2506 rata
420 2492 435 2516 ,
477 2469 599 2508 cum
630 2455 1054 2513 misericordiam
1097 2468 1155 2513 et
1193 2460 1485 2515 bonitatem
1519 2461 1686 2531 ipsius
1713 2476 1854 2533 prae-7

275 2552 486 2598 sentem
514 2544 666 2600 nobis
691 2546 880 2621 adesse
908 2550 1206 2605 sentimus?
1241 2548 1332 2605 Sic
1360 2560 1414 2606 et
1455 2552 1725 2622 respicere
1759 2553 1854 2609 Dei

274 2633 519 2688 visitatio
548 2635 764 2703 pietatis
802 2638 918 2707 ejus
953 2648 1069 2705 est,
1116 2641 1257 2696 sicut
1296 2642 1367 2715 in.
1389 2642 1597 2711 psalmo
1634 2652 1855 2699 orantes

273 2725 551 2781 dicimus:
583 2728 723 2782 Deus
762 2730 1046 2796 virtutum,
1091 2743 1326 2788 converte
1368 2749 1497 2800 nos,
1549 2736 1744 2805 respice
1788 2735 1855 2789 de

270 2815 429 2882 caelo,
447 2829 495 2871 ct
519 2819 650 2885 vide,
676 2830 725 2874 et
748 2822 902 2876 visita
924 2825 1124 2880 vineam
1151 2826 1307 2879 istam
1328 2826 1500 2896 (Psal.
1527 2843 1715 2894 LXXIX,
1739 2828 1850 2898 15).

273 2907 478 2963 Oratur
525 2908 706 2979 itaque
751 2914 1095 2983 omnipotens
1142 2915 1305 2981 Deus,
1349 2925 1426 2982 ut,
1468 2918 1746 2987 placabilis
1788 2935 1853 2975 ac

275 2996 542 3066 propitius
570 2997 764 3065 factus,
798 3017 991 3057 sereno
1014 3004 1183 3069 vultu,
1215 3006 1268 3061 id
1295 3016 1378 3062 est
1403 3008 1673 3065 declarata
1701 3009 1853 3065 boni-

280 3088 405 3142 tatis
436 3099 491 3144 et
520 3089 734 3158 pietatis
771 3108 883 3148 sua:
920 3098 1228 3164 prmsentia,
1274 3100 1530 3169 respiciat
1565 3102 1852 3172 dignanter

1958 1913 2091 1968 Nam
2132 1923 2186 1970 et
2233 1915 2286 1968 in
2337 1912 2605 1967 sacriﬁcio
2646 1911 2810 1977 Abel,
2866 1913 3009 1981 quod
3052 1912 3119 1967 de
3160 1910 3530 1981 primogenitis

1956 2006 2138 2073 ovium
2173 2014 2228 2059 et
2261 2003 2507 2073 adipibus
2541 2018 2729 2057 earum
2770 2002 3040 2066 oblatum,
3090 2000 3356 2055 sacriﬁcio
3394 1994 3541 2053 Caiu'

1956 2099 2097 2168 quod
2126 2112 2191 2152 ex
2224 2107 2382 2152 terrae
2418 2096 2681 2150 fructibus
2714 2093 3063 2159 oﬂ‘erehatur,
3100 2092 3380 2160 praelatum
3421 2100 3525 2154 est,

1956 2189 2089 2245 Novi
2116 2180 2459 2259 Testameuti‘
2479 2188 2613 2243 fides
2648 2172 3109 2258 priuﬁgurahatur,
3139 2198 3242 2254 qua
3275 2183 3531 2237 innocen-

1958 2280 2030 2334 tia
2057 2280 2244 2349 gratiae
2271 2279 2436 2333 Deum
2464 2278 2712 2343 laudans,
2739 2276 2948 2331 Veteris
2967 2272 3296 2330 Testamenti
3330 2273 3527 2327 terreni

1956 2374 2210 2443 operibus
2236 2370 2601 2441 anteponitur,
2627 2377 2683 2423 et
2709 2369 2760 2421 in
2791 2364 3157 2421 immolatione
3183 2363 3326 2417 unici
3360 2371 3415 2416 et
3442 2360 3529 2415 di-

1955 2464 2078 2519 lecti
2108 2463 2201 2517 ﬁlii
2228 2461 2460 2516 Ahralue
2490 2458 2784 2514 immolatio
2807 2457 2925 2528 ejus
2959 2454 3421 2526 prmligurabatur,
3463 2451 3532 2506 de

1955 2571 2063 2626 quo
2099 2555 2231 2609 dicit
2265 2553 2428 2608 Pater
2458 2570 2472 2606 :
2517 2549 2627 2626 llic}
2659 2559 2732 2604 est
2780 2546 2953 2601 Filius
3002 2563 3146 2600 meus
3190 2543 3442 2607 dilectus,
3473 2544 3530 2595 in

1952 2665 2055 2719 quo
2086 2647 2214 2700 mihi
2250 2647 2374 2700 bene
2403 2642 2692 2715 complacui
2721 2640 2937 2713 (Matth.
2979 2652 3120 2703 xvn,
3161 2637 3237 2708 5).
3271 2636 3423 2693 Unde
3453 2636 3531 2688 ait

1954 2738 2240 2809 Apostolus
2270 2754 2284 2789 :
2319 2735 2422 2801 Qui
2450 2735 2660 2805 proprio
2692 2731 2832 2785 Filio
2873 2747 2968 2784 suo
3015 2742 3118 2783 non
3157 2728 3413 2799 pepercit,
3437 2725 3530 2780 sed

1952 2850 2047 2903 pro
2079 2829 2225 2886 nobis
2255 2828 2493 2883 omnibus
2522 2826 2739 2879 tradidit
2771 2824 2919 2878 illum
2957 2821 3137 2892 (Rom.
3168 2837 3284 2884 vm,
3317 2819 3430 2883 3‘2).
3465 2819 3531 2872 Et

1954 2922 2275 2979 sacriﬁcium
2307 2919 2696 2975 Melchisedech
2734 2925 2842 2972 tam
2881 2931 3009 2969 vera
3046 2923 3163 2968 erat
3205 2910 3531 2982 signiﬁcatio

1953 2994 2206 3068 sacriﬁcii
2235 3010 2459 3071 Christi,
2489 3017 2548 3061 ut
2578 3006 2703 3061 inde
2738 3006 3052 3076 praedictum
3091 3004 3160 3058 sit
3187 3020 3200 3056 :
3233 3001 3312 3055 Tu
3353 3016 3406 3053 es
3443 3016 3521 3052 sae

1952 3105 2132 3159 cerdos
2168 3105 2222 3156 in
2261 3111 2512 3156 a'ternum
2546 3102 2833 3153 secundum
2870 3097 3105 3149 ordinem
3150 3088 3527 3147 Melchisedech

276 3179 535 3271 Ecclesia:
562 3198 673 3237 sua:
702 3199 948 3249 munera,
975 3194 1031 3240 et
1054 3197 1275 3257 accepta
1305 3198 1360 3243 et
1387 3190 1724 3261 beneplaeita
1759 3192 1853 3247 ha-
1879 3195 1923 3256 C
1956 3194 2129 3271 (Psal.
2157 3210 2270 3257 cux,
2296 3193 2371 3263 4).
2402 3191 2661 3262 Sequitur
2685 3190 2736 3243 in
2766 3188 3020 3260 mysterio
3052 3204 3064 3240 :

275 3270 424 3336 beat,
454 3274 596 3329 sicut
616 3290 839 3330 munera
859 3277 1009 3346 pueri
1034 3278 1114 3333 sui
1129 3279 1261 3349 justi
1283 3280 1614 3350 Abel,~eujus
1644 3283 1778 3339 lides
1796 3291 1854 3338 et

266 3358 479 3430 justitia
491 3364 844 3421 eteblationis
854 3369 1159 3441 acceptioqet
1184 3370 1239 3440 in
1266 3370 1380 3442 lege
1402 3374 1567 3428 veteri
1587 3389 1855 3443 common:

273 3458 454 3521 datur,
488 3458 577 3513 ubi
614 3461 871 3529 scriptum
902 3472 1023 3517 est:
1058 3463 1130 3518 Et
1167 3467 1386 3534 respexit
1429 3466 1571 3522 Deus
1616 3468 1686 3521 ad
1725 3467 1854 3522 Abel

270 3559 320 3601 et
350 3549 421 3601 ad
444 3565 664 3604 munera
697 3551 811 3620 eius
849 3550 1003 3620 (Gen.
1032 3570 1108 3620 tv,
1134 3555 1225 3627 4);
1256 3566 1312 3611 et
1349 3556 1402 3611 in
1445 3557 1737 3629 Evangelia
1762 3578 1775 3614 :
1809 3561 1854 3616 Α

266 3639 529 3715 sanguine
554 3639 682 3695 Abel
702 3641 836 3711 justi
865 3642 1081 3714 (Matth.
1109 3662 1245 3711 χχιι,
1266 3647 1388 3719 55);
1414 3660 1469 3703 et
1497 3650 1548 3703 iu
1573 3652 1853 3721 Apostolo,

267 3730 364 3782 uhi
390 3731 621 3786 scribit:
650 3730 787 3787 Fide
812 3734 1094 3803 plurimam
1120 3738 1345 3792 hostiam
1366 3740 1494 3793 Abel
1518 3758 1674 3807 quam
1720 3742 1853 3799 Cain

270 3817 461 3871 obtulit
484 3817 613 3885 Deo,
637 3838 730 3891 per
752 3838 909 3891 quam
931 3825 1280 3897 testimonium
1309 3840 1615 3885 consecutus
1644 3843 1717 3887 est
1745 3851 1854 3893 esse

260 3907 448 3975 justus
465 3907 649 3977 (Hebr.
675 3927 752 3976 ιιι,
769 3912 849 3981 4),
867 3915 957 3982 qui
985 3932 1091 3969 non
1114 3924 1295 3983 :etate,
1310 3919 1403 3991 sed
1433 3921 1775 3990 simplicitate
1798 3933 1853 3980 et

270 3998 533 4065 puritate,
565 4014 699 4069 puer
722 4001 816 4058 Dei
847 4004 1164 4074 appellatur.
1188 4005 1342 4062 Sicut
1365 4010 1526 4065 etiam
1557 4013 1621 4066 de
1660 4012 1848 4078 David,

270 4088 364 4154 qui
412 4097 658 4143 mortuus
704 4099 787 4145 est
835 4107 1031 4159 senex,
1078 4095 1131 4148 in
1181 4096 1468 4165 Evangelio
1512 4101 1746 4156 dicitur:
1785 4102 1851 4158 In

272 4182 430 4278 domo
461 4179 633 4283 David
661 4186 809 4287 pueri
838 4186 922 4239 sui
954 4174 1105 4253 (Luc.
1135 4203 1173 4251 ι,
1205 4188 1318 4256 69).
1358 4190 1447 4253 Et,
1482 4193 1616 4247 sicut
1639 4197 1848 4264 sacriﬁ-

272 4271 434 4334 cium,
460 4270 653 4339 inquit,
677 4270 995 4341 p'atriarchte
1025 4279 1190 4332 nostri
1214 4280 1459 4335 Abralue.
1487 4282 1682 4353 Utique
1709 4288 1850 4355 quod

271 4361 598 4415 sacriﬁcium
640 4362 693 4416 in
731 4363 1055 4421 oblationem
1082 4369 1352 4439 .unigeniti
1396 4372 1490 4426 lilii
1532 4375 1683 4430 Isaae
1716 4377 1849 4432 olfe-

274 4466 399 4505 rens
425 4465 548 4504 cum
584 4452 695 4506 Deo
727 4453 1115 4519 holocaustum,
1155 4460 1296 4527 quod
1326 4460 1402 4515 ita
1431 4474 1712 4533 acceptum
1751 4466 1853 4520 fuit

2020 3284 2412 3355 66.8upplices
2443 3293 2491 3338 te
2542 3298 2808 3353 rogamus,
2861 3278 3180 3347 omnipotens
3210 3275 3373 3339 Deus,
3416 3283 3524 3329 etc.

1953 3375 2077 3431 llmc
2100 3376 2261 3431 verba
2286 3372 2526 3444 mysterii
2564 3380 2672 3425 tam
2700 3368 2987 3440 profunda",
3017 3377 3121 3421 tam
3159 3367 3295 3421 mira
3334 3374 3387 3420 et
3409 3362 3531 3420 ειη-ι’

1951 3468 2122 3538 penda
2161 3466 2282 3535 quis
2306 3461 2763 3532 comprehendere
2783 3457 3047 3514 suﬁieiat?
3072 3457 3193 3526 quis
3223 3457 3344 3509 inde
3369 3454 3531 3525 digue‘
3604 3482 3609 3487 ο

1952 3556 2151 3627 aliquid
2180 3555 2472 3625 loquatur?
2500 3553 2671 3623 magis
2698 3551 3004 3605 veneranda
3046 3556 3170 3605 sunt
3214 3557 3268 3602 et
3292 3546 3528 3616 pavenda

1951 3664 2113 3718 quam
2164 3645 2519 3701 discutienda.
2562 3644 2761 3698 Beatus
2811 3650 2990 3695 tamen
3043 3637 3358 3708 Gregorius,
3409 3636 3527 3689 ido-

1953 3752 2085 3793 neus
2117 3735 2250 3789 tanti
2299 3733 2542 3804 mysterii
2600 3724 2892 3799 interpres,
2921 3729 2972 3782 in
3002 3729 3235 3796 quedam
3267 3726 3385 3780 loco
3431 3724 3530 3778 ali-

1952 3828 2079 3897 quid
2104 3827 2169 3881 de
2192 3826 2255 3880 iis
2288 3835 2541 3893 tauquam
2572 3823 2638 3877 de
2667 3838 2725 3877 re
2748 3819 3004 3876 iuellabili
3028 3834 3164 3889 pene
3185 3816 3529 3872 ineffabilitcr

1952 3921 2189 3990 loquitur
2226 3917 2441 3988 (finem,
2469 3918 2505 3971 Ι.
2535 3934 2588 3972 tv
2633 3914 2871 3984 Dialog.,
2900 3912 3010 3983 60).
3047 3911 3177 3979 Quis
3223 3911 3368 3965 enim
3401 3911 3531 3964 lide~

1952 4013 2106 4077 liulu,
2148 3996 2344 4080 inquit,
2405 4010 2604 4064 habere
2642 4008 2860 4063 dubium
2891 4004 3082 4076 possit,
3114 4003 3166 4057 in
3196 4003 3309 4072 ipsa
3340 4002 3530 4057 immo-

1952 4106 2171 4160 lationis
2200 4088 2423 4159 hora-ad
2469 4100 2768 4157 sacerdotis
2797 4114 2981 4154 vocem
3010 4096 3179 4152 caelos
3203 4091 3424 4164 aperiri,
3475 4091 3529 4144 in

1953 4197 2043 4265 illo
2063 4195 2189 4251 Jesu
2217 4194 2417 4250 Christi
2446 4192 2704 4264 mysterio
2740 4190 3053 4260 angelorum
3089 4185 3270 4243 choris
3319 4185 3531 4245 adesse,

1952 4288 2178 4343 smumis
2207 4287 2311 4341 ima
2341 4285 2559 4348 sociari,
2608 4293 2808 4338 terram
2833 4280 3141 4336 emlestibus
3158 4277 3333 4346 jungi,
3356 4290 3529 4361 unum

1952 4380 2080 4450 quid
2106 4394 2171 4434 ex
2203 4376 2505 4433 visibilibus
2556 4384 2721 4446 atque
2771 4372 3132 4429 invisibilibus
3174 4369 3335 4423 ﬁeri?
3382 4366 3527 4423 Idem

1952 4472 2116 4527 etiam
2146 4470 2335 4525 doctor
2370 4452 2640 4537 quomodo
2684 4464 3053 4535 accipiendum
3080 4462 3150 4516 sit
3174 4459 3401 4515 sublime
3447 4454 3526 4508 al-

271 4550 330 4593 nt
361 4552 665 4597 mereretur
691 4547 878 4601 audire
904 4566 920 4601 ι
949 4544 1056 4602 Per
1090 4552 1443 4622 memetipsum
1474 4554 1649 4625 juravi
1667 4597 1682 4617 ,
1721 4558 1848 4613 dicit
1879 4543 1927 4601 Ι)
1951 4568 2067 4615 tare
2094 4560 2187 4615 Dei
2211 4560 2263 4614 in
2286 4564 2576 4629 conspectu
2608 4557 2804 4611 divina:
2831 4553 3129 4622 majestatis
3153 4551 3269 4619 ejus
3297 4545 3528 4617 quodam

269 4633 549 4698 Dominus,
576 4636 700 4706 quia
727 4638 896 4707 fecisti
923 4658 1029 4695 rem
1056 4642 1213 4709 hanc,
1235 4656 1283 4699 et
1309 4662 1413 4701 non
1435 4651 1706 4718 pepercisti
1731 4653 1848 4706 uni-

266 4723 443 4791 genito
472 4732 561 4777 tuo
580 4736 792 4796 propter
816 4744 920 4793 me,
944 4730 1241 4788 benedicam
1271 4737 1365 4790 tibi
1396 4736 1547 4807 (Gen.
1572 4756 1708 4803 xm,
1734 4743 1845 4812 12),

266 4823 375 4865 etc.
414 4811 515 4878 Qui
545 4814 764 4882 quidem
792 4819 1095 4901 patriarcha
1128 4838 1237 4879 non
1277 4832 1484 4880 tantum
1522 4839 1605 4885 est
1634 4811 1847 4884 Israeli-

268 4905 391 4956 tica:
419 4903 595 4974 plebis
622 4910 917 4963 secundum
949 4927 1190 4977 carnem,
1224 4916 1316 4971 sed
1344 4918 1506 4972 etiam
1539 4930 1734 4974 nostra:
1764 4936 1847 4977 se—

264 4995 506 5047 cundum
537 4995 715 5051 ﬁdem.
746 4998 1070 5070 Adjungitur
1093 5006 1268 5059 adhuc
1299 5025 1312 5060 :
1350 5007 1421 5062 Et
1455 5009 1593 5079 quod
1632 5011 1726 5065 tibi
1758 5015 1849 5067 ob-

265 5082 386 5134 tulit
411 5100 646 5138 summus
671 5090 914 5167 sacerdos
938 5102 1056 5145 tuus
1084 5092 1479 5159 Melchisedech,
1511 5101 1578 5154 de
1604 5080 1712 5170 qun
1740 5120 1849 5157 ma-

266 5173 467 5227 mfeste
494 5176 753 5246 scriptum
785 5180 913 5233 dicit
949 5196 963 5234 :
1006 5182 1073 5235 Et
1119 5183 1495 5242 Melchisedech
1538 5207 1628 5245 rea:
1670 5191 1843 5247 Solem

263 5261 485 5329 protulit
511 5281 669 5331 panes
706 5276 754 5320 et
789 5269 985 5325 vinum.
1018 5271 1150 5326 Erat
1187 5277 1325 5329 enim
1362 5281 1605 5335 sacerdos
1640 5281 1732 5336 Dei
1762 5258 1844 5337 ιιι-ξ

265 5350 480 5414 tissimi,
522 5364 570 5407 et
615 5355 873 5412 benedixit
915 5362 1179 5419 Abraham
1219 5367 1370 5436 (Gen.
1401 5386 1512 5434 xnv,
1546 5374 1656 5445 l8),
1695 5376 1847 5446 cujus

267 5445 632 5537 sacerdotium
660 5459 715 5505 et
740 5455 1065 5514 sacriﬁcium
1103 5470 1313 5517 tantum
1348 5445 1769 5537 magniﬁcatur,
1789 5481 1847 5527 ut

267 5533 416 5627 dicat
434 5535 502 5591 de
521 5552 587 5593 eo
610 5539 927 5611 Apostolus:
946 5546 1189 5605 Primum
1212 5554 1419 5623 quidem
1442 5533 1844 5627 Melchisedech,

265 5625 358 5723 qui
382 5627 757 5723 interpretatur
776 5651 868 5690 rex
885 5637 1134 5707 justitiw,
1159 5642 1346 5700 deinde
1367 5662 1460 5701 rea:
1482 5628 1682 5715 Solem,
1707 5625 1846 5723 quod

265 5720 345 5768 ea!
371 5729 465 5768 rea:
488 5718 664 5783 pacis,
698 5722 811 5776 sine
837 5736 1002 5794 patre,
1032 5729 1146 5783 sine
1170 5741 1353 5797 matre,
1386 5736 1498 5790 sine
1522 5718 1844 5810 qencalooia,

1951 4653 2070 4708 loco
2107 4652 2375 4707 subtiliter
2409 4648 2664 4712 ostendit,
2699 4663 2973 4720 exponens
3020 4646 3167 4700 illum
3204 4641 3527 4699 versiculum

1951 4740 2182 4815 psalmi:
2217 4739 2527 4795 Constituite
2556 4740 2694 4794 diem
2737 4722 3018 4792 solemnem
3046 4736 3099 4787 in
3136 4732 3526 4815 confrequentag

1952 4812 2180 4887 tionibus
2232 4846 2393 4901 usque
2443 4830 2512 4883 ad
2566 4844 2726 4883 cornu
2778 4825 2965 4879 altaris
3010 4816 3187 4891 (Psal.
3216 4838 3382 4885 exvit,
3411 4812 3526 4893 ‘27).

1955 4923 2096 4986 Dies,
2134 4923 2326 4993 inquit,
2357 4922 2614 4977 solemnis
2646 4928 2730 4977 est
2759 4918 2989 4973 Domino
3013 4916 3321 4985 conjunctio
3346 4916 3528 4970 cordis

1952 5015 2123 5083 nostri
2148 5031 2162 5080 ;
2192 5015 2287 5069 sed
2317 5023 2443 5069 tunc
2483 5014 2538 5068 in
2568 5009 3107 5078 eonfrequeutatione
3132 5008 3246 5062 dies
3274 4994 3528 5062 solemnis

1954 5107 2321 5170 constituitur,
2377 5121 2501 5160 eum
2547 5105 2601 5158 in
2648 5104 2915 5173 lacrymas
2949 5103 3035 5171 pio
3069 5117 3253 5155 amore
3304 5098 3419 5167 ejus
3447 5116 3529 5152 as-

1952 5199 2105 5253 sidue
2138 5212 2291 5253 mens
2321 5205 2584 5257 movetur,
2617 5195 2700 5248 cui
2725 5193 2868 5248 velut
2894 5194 2937 5247 si
2962 5193 3263 5247 diceremus
3302 5210 3315 5245 :
3354 5194 3529 5258 Quan-

1952 5292 2042 5346 diu
2071 5292 2170 5346 ista
2201 5290 2372 5346 acturi
2422 5288 2649 5343 sumus?
2707 5287 2941 5358 quandiu
2995 5285 3336 5340 tribulatione
3361 5282 3527 5337 allici-

1956 5384 2116 5437 mur?
2144 5382 2288 5437 Illico
2320 5380 2606 5434 terminum
2633 5394 2911 5450 quousque
2941 5377 3065 5453 ﬁeri
3096 5368 3287 5432 debeat
3306 5373 3525 5442 subjun-

1957 5474 2057 5537 xit,
2082 5472 2305 5527 dicens:
2338 5485 2498 5540 usque
2544 5470 2613 5544 ad
2644 5486 2805 5525 cornu
2853 5468 3077 5532 altaris;
3115 5484 3280 5523 cornu
3328 5467 3525 5535 quippe

1955 5564 2143 5618 altaris
2184 5570 2268 5617 est
2315 5560 2571 5617 exaltatio
2606 5560 2856 5617 sacriﬁcii
2916 5560 3206 5619 interioris,
3260 5557 3346 5610 ubi
3396 5550 3520 5623 cunt

1952 5656 2282 5723 venerimus,
2316 5653 2430 5723 jam
2457 5652 2600 5707 nulla
2656 5652 3075 5711 necessitasest
3122 5657 3182 5702 ut
3227 5646 3521 5723 solemnem

1956 5744 2094 5798 diem
2156 5744 2377 5798 [Munitio
2436 5738 2511 5800 de
2551 5754 2734 5797 nostra
2790 5741 3168 5795 lamentatione
3237 5736 3517 5792 faciamus.
