4050 6302
509 281 578 335 59
1614 279 1817 337 FLOR!
1857 275 2128 332 DlACONl
2164 271 2651 330 LUGDUNENSIS
3709 281 3776 336 60

419 401 422 404 ’
510 348 715 452 Beatus
733 405 944 462 quoque
969 391 1298 460 Augustinus
1325 391 1391 445 de
1433 391 1620 443 eodem
1679 388 1896 442 sublimi
1926 386 2096 440 altare
2125 389 2172 446 Α
2202 383 2526 438 misereberis
2550 383 2844 438 Jerusalem
2874 393 2922 438 et
2953 385 3157 439 urbium
3186 383 3221 438 J
3228 387 3354 453 uda,
3390 389 3574 466 quibus
3609 362 3775 450 iratus

508 485 668 548 dicit,
708 497 983 554 exponens
1005 481 1328 536 versiculum
1356 480 1547 550 psalmi
1576 497 1588 532 :
1622 478 1834 532 Lavabo
1861 479 1995 532 inter
2021 480 2101 532 in-

509 581 753 631 nocentes
782 561 968 624 manus
1017 587 1176 633 meas,
1229 579 1276 624 et
1324 568 1660 622 circumdabo
1715 567 1884 621 altare
1919 576 2094 632 tuum,

509 661 556 712 I)
569 662 739 716 omine
770 658 942 730 (Psal.
970 675 1100 725 xxv,
1120 657 1198 730 6),
1230 660 1308 714 sic
1328 659 1565 713 breviter
1591 658 1863 727 designat:
1885 656 2097 720 Munda,

519 754 712 822 inquit,
753 752 946 808 faciam
977 753 1118 808 inter
1164 752 1481 805 innocentes
1521 766 1686 820 opera
1738 765 1880 814 mea,
1908 748 2120 818 quibus,

517 841 861 912 amplexabor
880 840 1127 896 sublimia
1155 831 1265 894 tua.
1282 840 1412 893 Item
1441 839 1546 892 alio
1567 839 1682 893 loco
1698 837 1784 908 (1n
1805 836 1937 906 psal.
1965 852 2097 901 XLII,

518 952 574 991 n.
607 934 684 1002 ὃ),
726 947 1000 1004 exponens
1040 931 1187 985 illum
1232 930 1601 986 versiculum:
1650 928 1716 982 Et
1757 929 1982 983 introibo
2031 928 2100 982 ad

517 1022 685 1078 altare
717 1019 832 1087 Dei,
858 1021 926 1074 ad
941 1020 1107 1074 Deum
1121 1020 1209 1090 qui
1231 1019 1790 1094 lcetiﬁcatjuventutem
1813 1034 2001 1082 meam,
2034 1017 2102 1071 de

516 1112 705 1168 eadem
730 1124 788 1164 re
817 1110 896 1164 sic
921 1108 1086 1163 dicit:
1117 1108 1213 1162 Est
1241 1107 1383 1162 enim
1423 1106 1687 1178 quoddam
1715 1105 1886 1160 altare
1915 1106 2101 1160 invisi-

515 1200 646 1266 bile,
669 1201 736 1257 ad
759 1199 903 1270 quod
931 1214 1037 1254 non
1074 1198 1284 1270 accedit
1326 1199 1576 1268 injustus,
1611 1197 1697 1251 ille
1719 1198 1863 1252 solus
1891 1198 2100 1252 accedit

514 1292 608 1363 qui
632 1291 700 1346 ad
752 1290 894 1345 istud
938 1303 1162 1346 securus
1203 1289 1430 1344 accedit.
1491 1287 1604 1342 lllic
1653 1281 2097 1358 inveniet_.vit'am

515 1399 687 1444 suam,
711 1381 807 1452 qui
829 1383 885 1437 in
917 1381 1042 1448 isto.
1075 1378 1336 1438 discernit
1367 1393 1586 1458 causam
1616 1392 1804 1442 suam;
1837 1375 1994 1444 quale
2024 1376 2098 1431 ibi

514 1473 844 1529 sacriﬁcium
873 1483 974 1538 est,
999 1472 1117 1542 ipse
1145 1471 1236 1540 qui
1285 1469 1451 1524 intrat
1495 1461 1800 1524 asSumetur
1848 1467 1903 1521 in
1950 1466 2098 1522 holo-

517 1574 785 1621 caustum.
815 1564 886 1619 Et
935 1563 1130 1635 repetit
1155 1562 1275 1617 aliis
1314 1561 1504 1636 verbis
1522 1552 1652 1630 quid
1681 1560 1784 1615 hoc
1807 1560 1974 1614 altare
2004 1561 2094 1626 sit,

511 1654 581 1710 ad
607 1653 890 1710 Dominum
922 1653 1204 1722 inquiens:
1238 1651 1319 1704 Ad
1350 1649 1516 1704 Deum
1541 1649 1630 1719 qui
1653 1647 1888 1718 lwtiﬁcat
1904 1649 2094 1718 juven-

2203 492 2256 528 es
2281 476 2306 527 ?
2337 473 2444 528 Iste
2465 474 2579 544 jam
2610 477 3014 545 septuagesimus
3038 493 3207 530 annus
3242 486 3318 530 est
3349 476 3533 547 (Zach.
3565 496 3633 544 ιι,
3663 483 3773 551 12).

2202 565 2269 620 Ει
2292 567 2570 637 respondit
2596 567 2850 622 Dominus
2878 568 3066 639 angelo
3090 571 3252 624 verba
3280 570 3437 637 bona,
3461 574 3622 626 verba
3651 589 3772 629 con-

2202 659 2474 713 solatoria.
2531 657 2790 714 Similiter
2825 669 2882 714 et
2916 662 2984 714 ad
3021 660 3240 714 Tobiam
3273 660 3509 730 Raphael
3554 663 3778 735 angelus

2201 748 2370 801 dicit:
2410 747 2633 813 Quando
2662 750 2850 804 arabas
2881 760 2938 804 tu
2967 767 3085 803 cum
3110 749 3374 820 Iacrymis,
3411 760 3461 805 et
3497 752 3778 822 sepeliebas

2201 847 2454 902 mortuos,
2482 854 2574 906 ego
2601 837 2761 891 obtuli
2796 840 3081 892 orationem
3110 848 3254 892 tuam
3283 839 3531 906 Domino,
3559 850 3610 895 et
3637 859 3778 897 nunc

2200 927 2340 978 misit
2365 942 2446 979 me
2495 925 2748 980 Dominus
2773 936 2830 980 ut
2864 945 3100 982 curarem
3128 939 3196 994 te,
3222 937 3326 984 etc.
3357 928 3508 1001 ('l'ob.
3535 946 3636 998 xu,
3661 931 3775 1002 12).

2178 1013 2287 1080 _Fit
2315 1029 2444 1085 ergo
2473 1022 2527 1069 et
2561 1015 2616 1068 in
2652 1015 2752 1069 ista
2788 1018 3031 1072 oratione
3060 1025 3113 1072 et
3141 1019 3414 1074 oblatione
3452 1035 3604 1075 sacra
3641 1036 3777 1077 con-

2199 1103 2515 1159 secratiouis
2561 1105 2759 1175 aliquid
2806 1107 3348 1178 incomprehensibile
3390 1119 3446 1166 et
3484 1110 3778 1180 inen‘abile,

2198 1185 2253 1248 et
2299 1193 2466 1247 multo
2509 1195 2592 1249 his
2634 1197 2884 1252 omnibus
2929 1198 3246 1264 mirabilius,
3294 1209 3349 1254 ut
3393 1217 3491 1271 per
3532 1203 3779 1272 angelica

2198 1285 2496 1340 ministeria
2534 1294 2589 1340 et
2621 1287 3038 1356 supplicationes
3066 1298 3322 1359 tanquam
3352 1291 3418 1345 de
3444 1291 3660 1346 sublimi
3690 1291 3779 1347 al-

2198 1375 2300 1428 tari
2331 1374 2525 1429 divinze
2553 1374 2850 1444 majestatis
2877 1379 3252 1447 conspectibus
3279 1377 3576 1435 oﬁ‘erantur
3600 1381 3654 1436 iu
3685 1381 3778 1438 illa

2198 1463 2577 1520 immolationis
2614 1467 2774 1531 hora,
2820 1483 2944 1523 cum
2995 1469 3297 1526 astantibus
3347 1471 3448 1526 sibi
3502 1466 3778 1532 ministris

2197 1538 2506 1612 caelestibus
2533 1557 2802 1624 Christus,
2829 1569 2889 1614 ut
2915 1562 3186 1632 proposita
3224 1573 3536 1630 consecret,
3577 1567 3778 1623 adesse

2197 1646 2498 1701 credendus
2524 1655 2637 1714 est;
2679 1648 2744 1704 de
2781 1665 2886 1719 qua
2920 1665 2980 1706 re
3014 1652 3361 1707 commodum
3382 1653 3594 1710 videtur
3624 1657 3781 1714 beati

511 1754 676 1798 tutem
702 1733 894 1798 meam.
937 1744 1069 1798 Item
1095 1743 1221 1798 alibi
1253 1743 1394 1797 idem
1423 1742 1618 1796 doctor
1639 1755 1916 1810 exponens
1934 1753 2088 1794 eum-
2119 1723 2167 1783 Β
2193 1736 2463 1792 Ambrosii
2492 1740 2654 1795 verba
2683 1755 2884 1809 ponere
2911 1741 2978 1796 de
3007 1742 3353 1814 Expositione
3378 1745 3656 1820 Evangelii
3687 1766 3780 1807 se-

510 1837 632 1890 dem
674 1833 1022 1898 versiculum,
1069 1849 1232 1902 quem
1278 1842 1333 1886 ct
1381 1833 1572 1887 beatus
1617 1829 1948 1899 Gregorius:
1998 1830 2090 1884 Sic

509 1925 655 1982 enim
681 1932 780 1989 est,
811 1923 1005 1994 inquit,
1035 1923 1089 1978 in
1118 1921 1278 1976 domo
1298 1921 1383 1975 illa
1411 1919 1738 1990 sempiterna
1762 1917 2088 1972 sacriﬁcium

510 2016 706 2081 laudis,
735 2024 790 2072 et
817 2016 1074 2071 sacerdos
1101 2014 1460 2084 sempiternus
1482 2021 1587 2077 est,
1617 2021 1672 2066 et
1700 2010 1870 2065 altare
1895 2009 2090 2079 sempi-

510 2093 745 2173 ternum,
777 2116 965 2177 pacata
1012 2121 1168 2160 mens
1190 2105 1303 2175 ipsa
1325 2104 1616 2175 iustorum.
1650 2101 1767 2158 Non
1794 2117 1924 2173 ergo
1949 2100 2090 2156 sutil-

510 2199 619 2253 ciat
646 2198 701 2252 in
731 2208 876 2252 terra
901 2196 1016 2252 dies
1061 2196 1151 2252 ille
1195 2195 1448 2250 solemnis
1493 2209 1600 2263 quo
1655 2193 1840 2262 Agnus
1881 2192 2091 2247 occisus

508 2298 616 2353 est,
639 2288 732 2344 sed
761 2288 1075 2342 constituite
1099 2287 1250 2341 illum
1277 2287 1332 2341 in
1370 2285 1656 2342 condensis
1682 2286 2087 2355 sempiternum,

507 2381 612 2438 alta
633 2388 686 2436 et
706 2389 914 2436 secreta
939 2382 1216 2443 rimantes,
1233 2394 1339 2448 quo
1356 2393 1528 2457 usque
1552 2377 1900 2448 perveniaris,
1924 2376 2068 2430 exal-

511 2474 638 2529 tatis
659 2489 689 2528 a
715 2473 824 2528 Deo
850 2472 1120 2528 mentibus
1145 2471 1361 2537 vestris,
1390 2485 1559 2540 usque
1589 2469 1654 2523 ad
1677 2469 1802 2539 ejus
1825 2468 2084 2522 divinita-

511 2578 638 2620 tem.
657 2565 721 2620 Et
734 2565 860 2635 quid
878 2564 950 2619 ibi
964 2564 1130 2630 aliud,
1150 2564 1252 2618 nisi
1273 2562 1458 2617 laudes
1478 2559 1994 2629 cantabitnus?quid
2013 2559 2083 2614 ibi

505 2656 652 2726 aliud
677 2657 950 2721 dicemus,
973 2655 1075 2710 nisi
1100 2654 1236 2708 Deus
1264 2669 1470 2723 menses
1486 2649 1928 2719 tu,etconﬁtebor
1949 2649 2043 2702 tibi
2065 2664 2086 2714 ,-

512 2747 647 2801 Deus
675 2762 819 2800 meus
843 2761 896 2800 es
922 2756 1001 2808 tu,
1027 2753 1077 2799 et
1106 2742 1346 2798 exaltabo
1371 2753 1418 2796 te
1441 2743 1466 2796 ?
1495 2740 1616 2813 (Ps.
1639 2757 1806 2805 cxvu,
1833 2739 1946 2809 28.)
1975 2739 2092 2794 Non

506 2835 736 2907 strepitu
762 2834 1048 2889 verborum
1075 2832 1216 2888 istud
1242 2832 1512 2894 dicemus,
1543 2830 1637 2886 sed
1679 2829 1895 2884 dilectio
1928 2829 2094 2882 iuba:-

509 2941 635 2982 rens
672 2925 770 2990 illi,
795 2940 890 2996 per
912 2940 972 2980 se
999 2925 1166 2993 ipsam
1193 2921 1392 2978 clamat
1416 2922 1574 2976 istam
1595 2936 1783 2976 vocem
1819 2937 1832 2974 :
1867 2919 2092 2974 Dilectio

510 3018 624 3088 ipsa
645 3033 753 3074 vox
780 3025 884 3072 est.
911 3013 1036 3070 llaec
1061 3015 1127 3069 de
1152 3014 1366 3068 sublimi
1395 3013 1564 3068 altare
1603 3014 1697 3068 Dei
1721 3013 1775 3067 in
1799 3021 2089 3082 conspectu

509 3109 702 3163 divina:
716 3107 1018 3177 majestatis
1037 3104 1152 3174 ejus
1168 3105 1474 3160 necessario
1489 3105 1540 3158 in
1556 3105 1656 3160 hoc
1667 3105 1785 3160 loco
1799 3121 1864 3160 ex
1879 3112 2091 3160 sancto-

511 3213 630 3254 rum
663 3197 882 3252 Patrum
909 3195 1087 3250 verbis
1115 3196 1287 3266 posita
1336 3203 1494 3258 sunt,
1540 3203 1600 3248 ut
1636 3194 1757 3264 quis
1801 3192 2090 3248 carnaliter

509 3291 774 3362 cogitans,
805 3288 1106 3344 mstimetin
1127 3287 1279 3343 ctelis
1297 3303 1418 3342 esse
1439 3288 1611 3344 altare
1640 3302 1975 3358 corporeum,
2019 3301 2087 3342 ex

509 3381 716 3438 caelesti
756 3379 871 3435 sive
907 3379 1276 3448 supercwlesti
1312 3393 1542 3448 corpore
1574 3377 1805 3449 factum;
1853 3379 1946 3433 sed
1987 3392 2086 3448 po-

514 3471 640 3533 tius,
667 3470 818 3540 juxta
849 3484 1067 3523 sensum
1095 3467 1416 3538 spiritalium
1444 3467 1664 3521 Patrum
1683 3505 1698 3533 ,
1729 3467 2087 3537 intelligamus

508 3558 734 3612 sublime
764 3557 936 3613 altare
974 3556 1100 3621 Dei,
1148 3557 1462 3611 rationabile
1503 3564 1558 3611 et
1599 3556 1927 3626 intelligibile
1965 3572 2086 3613 esse

509 3648 563 3700 in
595 3647 764 3702 electa
798 3657 854 3702 et
880 3646 1125 3714 rationali
1158 3654 1437 3710 creatura,
1469 3644 1713 3716 angelica
1743 3643 1988 3700 videlicet
2031 3653 2086 3700 et

507 3739 758 3801 humana,
789 3755 911 3809 qua:
939 3739 991 3793 in
1019 3739 1219 3793 sanctis
1246 3737 1474 3810 angelis,
1505 3753 1570 3791 ex
1599 3753 1719 3807 quo
1737 3737 1952 3792 condita
1979 3746 2082 3803 est,

508 3829 561 3881 iu
593 3827 674 3881 sui
704 3827 1158 3897 contemplatione
1183 3826 1490 3890 Conditoris
1517 3826 1836 3893 sublimata,
1883 3835 1938 3882 et
1983 3827 2084 3882 sibi

504 3918 727 3972 nimium
767 3935 865 3987 per
893 3919 1138 3987 spiritum
1169 3919 1318 3988 pacis
1343 3919 1492 3972 unita
1513 3958 1528 3982 ,
1558 3933 1744 3974 verum
1773 3930 1829 3974 et
1853 3918 2085 3974 sublime

407 4013 411 4017 ί
503 4010 675 4063 altare
699 4009 793 4063 Dei
821 4009 1025 4072 existit,
1060 4023 1129 4062 ex
1156 4023 1263 4087 quo
1292 4008 1492 4078 accipit
1517 4009 1659 4063 Deus
1691 4009 2084 4080 sempiternum

501 4097 830 4152 sacrificium
858 4097 1030 4151 laudis
1062 4105 1117 4151 et
1151 4097 1380 4152 hostiam
1403 4097 1743 4165 jubilationis
1763 4138 1777 4163 ,
1823 4098 1891 4152 ad
1929 4096 2097 4179 cujus.

501 4188 690 4242 altaris
734 4187 993 4240 unitatem
1028 4185 1336 4256 adiungitur
1366 4203 1508 4242 nunc
1549 4203 1646 4256 per
1689 4189 1882 4254 ﬁdem,
1933 4197 1986 4242 et
2030 4189 2082 4242 in

499 4279 684 4332 futuro
730 4292 828 4347 per
875 4275 1069 4330 divina:
1115 4277 1582 4346 contemplationis
1629 4279 1863 4348 speciem
1908 4279 2084 4333 omnis

499 4370 786 4425 multitudo
814 4369 1090 4423 hominum
1129 4368 1442 4424 electorum.
1493 4370 1601 4426 Sed
1629 4372 1863 4441 quandiu
1895 4373 1946 4426 in
1980 4374 2082 4428 ista

2113 4416 2161 4475 D

2192 1828 2427 1882 cundum
2473 1829 2676 1886 Lucam
2713 1832 2825 1904 (lib.
2853 1849 2889 1895 ι,
2920 1835 3126 1904 η.28);
3178 1834 3296 1891 Νοιι
3344 1838 3488 1895 enim
3535 1841 3778 1908 dubites,

2190 1915 2387 1985 inquit,
2416 1919 2672 1974 assistere
2703 1921 2951 1991 angelum
2972 1963 2986 1988 ,
3013 1925 3228 1993 quando
3253 1925 3500 1982 Christus
3532 1930 3777 2000 assistit,

2189 2003 2436 2062 Christus
2467 2007 2794 2063 immolatur.
2826 2011 3038 2065 Etenim
3068 2014 3270 2081 pascha
3302 2024 3547 2070 nostrum
3580 2016 3780 2074 immo-

2190 2094 2328 2151 latus
2352 2107 2436 2151 est
2459 2096 2733 2166 Christus;
2766 2101 2909 2156 unde
2939 2116 3045 2156 non
3075 2102 3345 2159 immerito
3373 2105 3536 2159 etiam
3565 2105 3779 2162 Zachac

2190 2187 2285 2241 ria:
2311 2188 2619 2258 deprecanti
2646 2191 2892 2261 apparuit
2920 2192 3141 2262 angelus
3167 2208 3198 2247 a
3225 2194 3429 2249 dextris
3458 2195 3645 2251 altaris
3680 2197 3764 2251 in-

2191 2278 2358 2339 censi,
2383 2279 2506 2347 quia
2536 2280 2647 2334 veri
2675 2281 2972 2336 sacerdotis
2996 2281 3108 2351 jam
3132 2282 3484 2337 nuntiabatur
3507 2285 3776 2341 adventus

2191 2375 2248 2423 et
2278 2369 2498 2425 caeleste
2529 2370 2854 2425 sacriﬁcium
2893 2373 3207 2442 parabatur,
3237 2373 3290 2426 in
3320 2387 3428 2444 quo
3461 2373 3636 2442 angeli
3668 2376 3776 2428 nti-

2191 2457 2504 2514 nistrarent.
2551 2459 2644 2514 Sic
2672 2475 2802 2531 ergo
2831 2462 3113 2532 cogitanda
3138 2469 3298 2526 sunt,
3335 2471 3394 2516 ut
3429 2462 3630 2532 aliquid
3661 2479 3774 2534 quo

2191 2548 2324 2602 nihil
2355 2549 2428 2604 sit
2460 2551 2652 2605 melius
2679 2559 2841 2622 atque
2871 2552 3154 2609 sublimius
3179 2552 3266 2608 illa
3316 2553 3641 2625 cogitatione
3674 2569 3772 2610 co-

2191 2654 2385 2694 nemur
2410 2641 2693 2710 attingere.

2263 2731 2350 2785 67.
2391 2731 2653 2788 Similiter
2682 2749 2898 2804 quoque
2935 2743 2992 2790 et
3032 2735 3161 2790 illud
3192 2735 3334 2805 quod
3372 2735 3654 2805 sequitur:
3699 2733 3770 2789 Ut

2191 2805 2386 2885 omnes,
2416 2831 2666 2892 quotquot
2709 2839 2775 2876 ex
2813 2823 2913 2876 hac
2956 2823 3142 2878 altaris
3168 2824 3566 2894 participatione
3591 2839 3770 2878 sacro-

2189 2919 2428 2963 sanctum
2479 2909 2610 2965 Filii
2661 2929 2847 2984 corpus
2898 2922 2945 2968 et
2998 2914 3304 2983 sanguinem
3350 2915 3777 2983 sumpserimus,

2191 3000 2331 3052 omni
2372 2999 2723 3056 benedictione
2763 3001 2954 3056 celesti
3000 3013 3048 3056 et
3088 3003 3258 3072 gratia
3298 3003 3612 3073 repleamur.
3659 3003 3768 3059 Ista

2115 3070 2160 3134 (ἶ
2191 3091 2335 3145 enim
2363 3107 2616 3157 munera,
2657 3094 2758 3149 ista
2789 3102 2913 3149 sunt
2939 3095 3076 3150 dona
3114 3110 3277 3166 super
3300 3111 3514 3151 omnem
3541 3097 3791 3167 gloriam-

2188 3183 2500 3250 constituta,
2525 3175 2722 3255 quibus
2751 3186 2935 3242 ﬁdeles
2959 3201 3089 3243 suos
3112 3189 3454 3258 omnipotens
3477 3191 3621 3246 Deus
3645 3191 3771 3248 reii-

2189 3270 2358 3338 ciens,
2387 3273 2622 3344 glorioso
2647 3275 2768 3330 Filii
2798 3276 2881 3331 sui
2905 3291 3132 3347 corpore
3157 3278 3412 3346 viviticat,
3439 3281 3770 3350 sanctiﬁcat,

2187 3367 2477 3426 aeternitati
2520 3354 2820 3438 prmparat,
2865 3385 2964 3440 per
2991 3369 3105 3425 haec
3149 3371 3310 3426 corda
3349 3372 3589 3428 ﬁdelium
3617 3376 3770 3431 omni

2187 3455 2562 3511 benedictione
2589 3457 2760 3526 replet
2786 3458 2996 3514 caelesti
3036 3469 3089 3541 et
3119 3461 3292 3532 gratia
3311 3502 3326 3528 ,
3366 3462 3609 3519 tribuens
3639 3479 3766 3520 cor-

2185 3548 2407 3618 poribus
2428 3551 2826 3616 castimoniam,
2851 3552 3119 3608 mentibus
3145 3554 3323 3618 tidem,
3354 3556 3777 3624 cogitationibus

2186 3641 2496 3709 puritatem.
2522 3642 2653 3697 *Per
2680 3644 2794 3698 hzec
2824 3654 3001 3700 tuetur
3029 3661 3157 3702 suos
3185 3647 3552 3702 misericordia
3572 3689 3589 3714 ,
3632 3665 3766 3706 con-

2187 3731 2367 3786 ﬁrmat
2393 3748 2506 3802 spe,
2537 3733 2714 3788 munit
2739 3735 3026 3801 cbaritate,
3061 3745 3140 3802 ut,
3174 3744 3326 3791 tanta
3353 3737 3564 3792 Domini
3593 3741 3768 3810 parti-

2186 3824 2481 3893 cipatione,
2509 3825 2652 3879 intra
2680 3840 2740 3880 se
2767 3825 2932 3881 Deum
2963 3827 3339 3897 suscipientes,
3365 3827 3620 3897 templum
3649 3828 3773 3898 ejus

2189 3913 2324 3974 elIici
2359 3927 2691 3973 mereantur.
2743 3918 2985 3986 Quid'sit
3010 3935 3139 3990 ergo
3171 3935 3270 3990 per
3295 3920 3767 3991 participationem

2187 4012 2429 4079 corporis
2477 4021 2532 4066 et
2578 4013 2856 4082 sanguinis
2899 4014 3020 4070 Filii
3067 4014 3162 4070 Dei
3203 4015 3350 4069 omni
3392 4016 3770 4072 benedictione

2187 4102 2391 4160 cmlesti
2439 4111 2494 4158 et
2540 4105 2712 4174 gratia
2759 4106 2986 4176 repleri,
3035 4115 3089 4160 et
3127 4114 3388 4176 quantum
3426 4107 3530 4164 hoc
3560 4107 3774 4164 bonum

2185 4190 2380 4244 debeat
2399 4192 2595 4246 es'uriri
2617 4208 2682 4248 ac
2703 4194 2865 4261 sitiri,
2881 4195 3162 4250 audiamus
3185 4196 3402 4267 beawm
3423 4196 3766 4252 Ambrosium

2187 4280 2417 4336 dulciter
2452 4282 2737 4358 docentem
2779 4293 2835 4338 et
2872 4277 3291 4340 exhortantem:
3325 4302 3343 4335 ι
3373 4283 3619 4340 Christus
3657 4285 3766 4340 Ec-

2188 4371 2364 4427 clesia:
2391 4372 2565 4437 cibus,
2599 4373 2850 4429 Christus
2879 4383 2963 4430 est
2988 4383 3169 4444 potus.
3213 4373 3353 4429 Caro
3380 4374 3474 4428 Dei
3500 4374 3672 4442 cibus,
3707 4385 3771 4432 et

498 4460 831 4516 mortalitate
858 4460 1065 4526 vivunt,
1095 4468 1380 4530 antequam
1411 4462 1586 4532 rcipsa
1614 4462 1986 4532 ingrediantur
2015 4465 2085 4519 ad
2113 4460 2158 4475 ν
2188 4464 2282 4518 Dei
2313 4465 2532 4534 sanguis
2559 4474 2642 4520 est
2666 4473 2846 4535 potus.
2875 4463 3122 4520 Christus
3147 4465 3303 4520 nobis
3330 4465 3570 4534 quotidie
3597 4464 3764 4520 mini-

498 4549 628 4605 illud
675 4550 848 4604 altare
899 4548 1030 4613 Dei,
1079 4557 1368 4620 antequam
1414 4551 1736 4620 perveniant
1791 4568 1961 4623 usque
2017 4555 2086 4610 ad

497 4657 668 4695 cornu
694 4641 901 4704 altaris,
928 4649 988 4695 ut
1008 4641 1339 4696 orationibus
1360 4651 1416 4697 et
1434 4643 1917 4714 supplicationibus
1943 4646 2080 4712 suis,

501 4743 756 4803 tauquam
783 4734 836 4787 in
866 4733 1212 4788 inferioribus
1237 4735 1412 4790 adhuc
1441 4736 1621 4805 positi,
1649 4753 1678 4790 a
1705 4737 1952 4806 superuis
1976 4739 2084 4792 vir-

499 4823 705 4879 tutibus
734 4825 1012 4895 juventur,
1050 4833 1109 4879 ut
1149 4841 1336 4880 earum
1368 4828 1761 4884 interventione
1789 4831 2082 4885 exaudian-

499 4925 611 4981 tur,
660 4927 716 4970 et
761 4917 915 4985 quasi
964 4918 1032 4972 de
1081 4917 1410 4973 sublimitate
1458 4920 1646 4975 altaris
1675 4922 2075 4990 suscipiantur;

497 4997 640 5064 sicut
668 5009 924 5080 legimus,
971 5019 1026 5065 et
1071 5010 1274 5066 Danieli
1314 5015 1487 5067 oranti
1529 5023 1584 5068 et
1619 5015 1928 5086 deprecanti
1976 5017 2082 5072 Ga-

496 5099 719 5154 brielem
750 5099 996 5171 angelum
1025 5102 1356 5171 apparuisse,
1380 5103 1537 5172 eique
1559 5104 1758 5160 dixisse
1785 5124 1797 5159 :
1827 5105 1904 5158 Ab
1927 5107 2077 5159 initio

495 5181 706 5257 precum
735 5199 946 5243 tuarum
973 5207 1207 5261 egressus
1233 5202 1307 5245 est
1332 5209 1522 5257 sermo,
1550 5201 1595 5244 et
1621 5210 1715 5263 ego
1739 5195 1848 5247 veni
1869 5203 2079 5261 propter

497 5295 756 5333 sermones
787 5289 924 5344 tuos,
961 5290 1007 5333 et
1045 5297 1192 5334 nemo
1221 5291 1295 5334 est
1327 5281 1541 5349 adjutor
1568 5296 1712 5335 meus
1749 5281 1802 5334 in
1837 5280 2072 5334 omnibus

497 5377 599 5434 nis,
624 5369 724 5423 nisi
747 5369 972 5424 Michael
996 5370 1342 5442 archangelus
1366 5373 1601 5441 princeps
1628 5382 1790 5426 vester
1809 5371 1968 5442 (Dan.
1992 5387 2070 5437 ιχ,

495 5457 612 5529 23).
657 5459 723 5515 Et
752 5461 805 5514 iu
836 5460 1094 5517 Zacharia
1123 5462 1384 5532 propheta
1427 5461 1656 5532 legimus
1696 5477 1792 5531 pro
1821 5460 2071 5516 consola-

497 5549 646 5605 tioue
672 5561 724 5606 et
753 5551 1071 5607 liberatione
1099 5553 1277 5624 p0puli
1307 5552 1401 5608 Dei
1427 5554 1673 5623 angelum
1697 5555 2071 5622 deprecantem

498 5649 552 5708 et
580 5644 882 5702 dicentem:
922 5646 1136 5701 Domine
1178 5647 1520 5714 exercituum,
1568 5663 1829 5717 usquequo
1871 5657 1925 5702 tu
1971 5666 2073 5703 non

2186 4563 2408 4610 stratur.
2449 4555 2616 4612 Cibus
2647 4558 2750 4613 iste
2789 4573 2894 4612 non
2923 4571 3120 4626 corpus
3151 4557 3476 4628 impinguat,
3507 4557 3600 4612 sed
3631 4572 3766 4613 con-

2188 4644 2367 4700 ﬁrmat
2402 4661 2500 4700 cor
2529 4646 2781 4701 hominis.
2835 4645 2935 4701 Hic
2974 4655 3058 4702 est
3094 4647 3250 4716 panis
3290 4647 3451 4702 vitae:
3498 4647 3589 4717 qui
3631 4662 3767 4718 ergo

2184 4737 2351 4791 vitam
2382 4738 2671 4792 mauducat
2721 4738 2858 4792 mori
2887 4732 2992 4793 non
3023 4747 3218 4807 potest.
3251 4737 3502 4794 Accedite
3523 4739 3588 4793 ad
3611 4754 3761 4804 eum,

2182 4836 2236 4881 et
2266 4829 2571 4894 satiamini,
2609 4830 2734 4898 quia
2766 4830 2918 4899 panis
2955 4837 3056 4885 est.
3108 4830 3364 4886 Accedite
3402 4831 3467 4885 ad
3501 4845 3658 4898 eum,
3706 4840 3766 4888 et

2183 4927 2388 4988 potate,
2415 4919 2542 4988 quia
2567 4918 2687 4974 fons
2714 4927 2815 4974 est.
2857 4919 3112 4974 Accedite
3138 4921 3205 4974 ad
3233 4935 3374 4983 eum,
3405 4929 3460 4976 et
3486 4919 3762 4976 illumina-

2183 5009 2313 5062 tniui
2333 5049 2347 5074 ,
2381 5009 2505 5078 quia
2536 5009 2627 5062 lux
2654 5019 2755 5065 est.
2805 5009 3060 5066 Accedite
3091 5009 3157 5064 ad
3184 5025 3307 5064 eum
3337 5018 3394 5064 et
3419 5010 3757 5076 liberamini,

2181 5099 2307 5168 quia
2339 5099 2427 5153 ubi
2462 5098 2696 5168 Spiritus
2722 5099 2964 5163 Domini,
2997 5099 3071 5154 ibi
3102 5099 3344 5153 libertas.
3395 5099 3650 5154 Accedite
3691 5101 3766 5156 ad

2181 5207 2333 5255 eum,
2367 5200 2423 5247 et
2446 5191 2820 5255 absolvemiui,
2849 5193 2974 5260 quia
3002 5191 3250 5247 remissio
3276 5201 3621 5262 peccatorum
3651 5201 3758 5248 est.

2181 5283 2389 5352 Corpus
2421 5281 2631 5337 Domini
2675 5280 2802 5335 Jesu
2846 5281 3137 5349 postulatio
3173 5290 3257 5336 est
3287 5281 3481 5335 divinae
3511 5281 3760 5335 reconci-

2181 5373 2420 5428 liationis
2463 5380 2517 5427 et
2560 5371 2913 5442 protectiouis
2939 5382 3173 5427 :etcrnze.
3222 5371 3419 5442 Accipe
3449 5370 3544 5424 tibi
3577 5371 3756 5424 muni-

2182 5473 2443 5530 mentum,
2470 5463 2681 5533 suscipe
2704 5463 2990 5518 Dominum
3015 5463 3197 5519 Jesum
3224 5471 3330 5517 tuae
3355 5463 3552 5517 mentis
3576 5461 3760 5532 hospi-

2184 5557 2257 5609 tio
2287 5576 2297 5610 :
2333 5556 2420 5610 ubi
2452 5570 2648 5626 corpus
2685 5555 2825 5626 ejus,
2868 5556 2940 5611 ibi
2979 5553 3134 5610 .lcsus
3160 5564 3261 5616 est,
3294 5554 3427 5610 Cum
3460 5553 3757 5624 hospitium

2183 5655 2333 5700 tuum
2373 5645 2714 5702 adversarius
2743 5645 2936 5700 viderit
2966 5653 3323 5713 mcupatum,
3369 5643 3608 5698 cmlestis
3650 5642 3757 5698 ful-
