4050 6302
275 349 341 407 61

1435 339 1524 394 ne
1561 316 2017 417 exrosmons
2055 328 2307 391 ωιεελε.
2388 286 2391 291 ’
2434 382 2441 393 .
2488 347 2523 386 υ.

3449 326 3520 380 δε

278 475 409 527 gore
436 454 733 528 prudentiae
765 451 1027 523 intelliget
1054 451 1229 517 locum
1260 447 1597 513 testamentis
1630 445 1741 507 suis
1766 445 1845 498 iu-
1876 451 1919 507 Α
1947 457 2067 510 ergo
2110 440 2363 507 vivamus,
2406 442 2514 497 sive
2560 439 2870 505 moriamur,
2901 437 3113 494 Domini
3141 456 3321 499 sumus
3350 440 3522 512 (Rom.

279 545 573 615 terclusum
600 555 719 597 esse
753 554 852 611 per
875 539 1171 594 Christum.
1219 536 1320 604 Qui
1360 537 1438 591 sit
1478 535 1577 599 iste
1609 531 1847 607 quaeris?
1878 569 1884 574 .

279 634 420 689 Audi
450 632 624 702 ipsum
651 631 915 693 dicentem
940 642 956 682 :
989 627 1100 699 Ego
1129 643 1244 681 sum
1268 626 1420 696 ponis
1444 625 1580 689 vitm,
1606 624 1694 693 qui
1720 622 1853 677 venit
1913 659 1937 675 η.

282 726 353 791 qd
386 741 470 779 me
496 739 599 785 non
622 720 846 785 esuriet;
878 728 927 774 et
952 719 1040 789 qui
1069 718 1230 773 credit
1258 719 1314 772 in
1342 733 1422 771 me
1450 732 1553 769 non
1599 713 1734 781 sitiet
1760 728 1856 766 un-
1888 751 1891 754 ι

283 833 444 888 quam
468 813 653 887 (Joan.
674 829 749 877 vr,
772 811 886 882 55).
918 832 940 867 ι
972 810 1229 882 Sequitur
1255 810 1309 865 in
1339 809 1641 894 mysterio.'

359 987 450 1045 68.
487 983 749 1041 Memento
778 985 958 1053 etiam,
997 982 1237 1055 Domine,
1277 978 1594 1051 famulorum
1624 976 1856 1047 famula-
1901 994 1905 997 ‘

289 1093 508 1148 rumque
552 1086 800 1151 tuarum,
849 1075 936 1145 qui
985 1091 1077 1128 nos
1123 1078 1494 1143 praecesserunt
1548 1084 1666 1129 cum
1710 1069 1857 1137 signo

289 1166 438 1235 Iidei,
459 1174 587 1230 ete.,
611 1180 780 1233 usque
805 1162 935 1217 lucis
960 1172 1007 1217 et
1035 1161 1178 1232 pacis
1203 1159 1475 1230 indulgeas
1501 1157 1857 1227 deprecamur.

294 1258 431 1314 Orat
468 1258 555 1326 pia
598 1264 770 1311 mater
795 1252 1034 1308 Ecclesia
1065 1253 1230 1306 etiam
1272 1265 1372 1320 pro
1414 1247 1681 1303 defunctis
1720 1245 1858 1317 suis,

290 1356 351 1410 et
386 1360 483 1401 eos
525 1358 693 1401 sacra:
733 1340 1021 1419 oblationis
1062 1337 1448 1396 intercessione
1486 1335 1863 1407 commendat,

1951 544 2064 591 λιν,
2084 527 2163 595 8).
2956 592 2961 598 ί

2026 617 2116 674 69.
2160 617 2379 690 (0pm.)
2425 618 2563 677 Nam
2604 619 2724 674 luce
2763 618 2963 675 clarius
2991 626 3204 674 constat
3237 618 3363 688 quia
3400 635 3523 690 [er-

1952 709 2218 765 fectorum
2259 707 2534 778 iustorum
2584 709 2815 773 animas,
2870 725 2994 765 mox
3040 720 3100 765 ut
3143 710 3302 782 hujus
3349 712 3529 767 carnis

1954 800 2191 875 claustra
2224 812 2461 869 exeunt,
2504 802 2558 856 in
2587 801 2902 869 cmlestibus
2927 801 3146 868 sedibus
3175 797 3545 871 recipiuntur,

1954 891 2099 960 quod
2145 898 2202 945 et
2250 891 2365 960 ipsa
2396 892 2613 947 Veritas
2658 899 2948 946 attestatur
2989 891 3213 947 dicens:
3245 890 3347 965 Ubi
3371 891 3528 962 fuerit

1957 973 2164 1051 corpus,
2208 978 2317 1034 illic
2359 980 2815 1051 congregabantur
2842 980 3112 1053 et‘aquila:
3138 981 3530 1071 (Hqttltixstv,

1954 1070 2068 1139 28),
2091 1068 2217 1141 quia
2243 1071 2332 1127 ubi
2363 1072 2478 1143 ipse
2496 1071 2825 1142 Redemptor
2847 1080 3031 1127 noster
3046 1081 3130 1127 est
3155 1068 3403 1144 corpore,
3425 1072 3533 1129 illic

1958 1162 2146 1231 procul
2171 1163 2333 1217 dubio
2358 1149 2680 1233 colli'gentur
2698 1171 2755 1217 et
2774 1162 2969 1233 anima:
2988 1161 3278 1231 iustorum.
3310 1165 3378 1220 Et
3400 1165 3536 1223 Pan-

1962 1253 2044 1309 lus
2072 1252 2291 1309 dissolvi
2318 1252 2592 1308 desiderat
2618 1260 2674 1308 et
2701 1268 2823 1309 cum
2852 1252 3070 1309 Christo
3097 1269 3241 1310 esse.
3273 1255 3376 1323 Qui
3403 1271 3543 1326 ergo

1962 1342 2239 1398 Christum
2276 1343 2330 1396 in
2368 1341 2510 1398 coelo
2544 1357 2665 1405 esse
2694 1357 2802 1399 non
2831 1342 3075 1409 dubitat,
3115 1359 3217 1399 nec
3244 1343 3394 1400 Pauli
3423 1344 3543 1410 ani-

293 1436 603 1501 certissime
636 1433 861 1489 credens
890 1433 1017 1502 quia
1040 1430 1264 1500 sanguis
1298 1428 1388 1483 ille
1424 1427 1727 1499 pretiosus,
1774 1423 1866 1493 qui
1965 1447 2108 1486 mam
2140 1432 2194 1486 in
2221 1432 2360 1487 caelo
2390 1446 2521 1487 esse
2542 1439 2727 1503 negat,
2757 1431 2850 1502 qui
2877 1432 3044 1488 etiam
3072 1433 3429 1489 dissolutione
3455 1434 3542 1489 sui

296 1540 402 1597 pro
430 1524 611 1579 multis
638 1523 838 1579 eti'usus
871 1530 956 1577 est
992 1521 1046 1576 in
1083 1519 1452 1575 remissionem
1486 1523 1866 1589 peccatorum,
1965 1520 2211 1597 corporis
2241 1531 2406 1591 atque
2441 1520 2835 1577 inhabitatione
2872 1521 3064 1591 patriae
3097 1522 3337 1578 caelestis
3369 1522 3539 1578 dicit:

295 1634 408 1678 non
436 1616 606 1671 solum
638 1614 705 1670 ad
733 1613 959 1669 salutem
992 1611 1290 1667 viventium
1308 1649 1324 1674 ,
1359 1607 1455 1664 sed
1490 1608 1654 1663 etiam
1681 1605 1749 1659 ad
1774 1605 1872 1659 ab-
1968 1609 2176 1669 Scimus
2203 1609 2451 1681 quoniam
2478 1607 2525 1663 si
2553 1609 2810 1664 terrestris
2838 1609 3024 1663 domus
3051 1619 3232 1666 nostra
3261 1610 3423 1679 huius
3447 1611 3551 1667 ha—.

295 1705 618 1762 solutionem
642 1702 816 1758 valeat
845 1701 1240 1763 defunctorum,
1264 1698 1405 1754 sicut
1427 1699 1615 1752 beatus
1634 1694 1870 1750 Joannes
1968 1701 2230 1756 bitationis
2268 1700 2602 1766 dissolvatur,
2649 1701 2792 1773 quod
2835 1700 3235 1770 aediﬁcationem
3268 1703 3530 1763 habemus

300 1802 535 1848 testatur
572 1792 756 1848 dicens
786 1809 800 1845 :
846 1790 913 1845 Et
955 1790 1171 1856 sanguis
1206 1786 1335 1841 Filii
1378 1786 1492 1856 ejus
1518 1784 1647 1839 Iesu
1676 1781 1868 1839 Christi
1897 1773 1944 1835 Β
1969 1808 2035 1845 επ
2060 1790 2170 1846 Deo
2195 1791 2406 1845 domum
2444 1808 2548 1846 non
2588 1807 2750 1871 manu
2787 1791 2983 1862 [actam
3023 1802 3275 1859 aeternam
3320 1795 3377 1851 in
3405 1795 3556 1869 etatis.

299 1884 548 1942 emundat
579 1899 672 1938 nos
700 1882 765 1937 ab
798 1882 938 1936 omni
964 1889 1176 1950 peccato
1203 1877 1287 1949 (ll
1311 1877 1473 1932 Joan.
1498 1892 1537 1938 ι,
1561 1876 1636 1945 7).
1677 1873 1875 1928 Proce-

299 1964 438 2037 dunt
462 1975 605 2035 enim
632 1974 818 2030 ﬁdeles
843 1973 909 2028 de
932 1986 1159 2042 corpore
1183 1979 1444 2025 exeuntes
1472 1968 1539 2022 ad
1567 1965 1872 2033 Dominum,

301 2066 402 2121 sed
431 2079 537 2120 non
564 2062 937 2132 praeceduntur
978 2061 1047 2115 ab
1090 2058 1327 2114 Ecclesia
1347 2098 1362 2124 ,
1405 2056 1533 2127 quia
1561 2055 1877 2126 przecedunt

303 2170 431 2210 cum
458 2154 612 2224 signo
640 2152 759 2207 ﬁdei
793 2163 847 2206 et
872 2152 1147 2208 dormiunt
1192 2151 1246 2207 in
1290 2164 1478 2205 somno
1521 2146 1706 2218 pacis:
1752 2160 1877 2201 cum

303 2245 463 2315 signo
493 2243 649 2308 ﬁdei,
689 2244 815 2315 quia
848 2258 918 2299 ex
952 2258 1091 2313 aqua
1120 2250 1178 2297 et
1205 2240 1409 2312 Spiritu
1441 2248 1631 2294 sancto
1662 2235 1874 2300 renati,

305 2336 434 2404 quia
474 2334 672 2390 Christi
721 2350 882 2390 cruce
927 2342 981 2389 et
1027 2332 1277 2403 passione
1320 2328 1541 2401 signati.
1596 2325 1879 2383 Dormiunt

310 2434 491 2480 autem
541 2433 795 2494 tanquam
843 2437 970 2479 vere
1017 2422 1071 2477 in
1121 2413 1873 2495 resurrectionesuscitandi.

309 2519 596 2591 Dormiunt
634 2533 763 2589 ergo
800 2517 854 2572 iu
899 2530 1090 2571 somno
1118 2513 1288 2584 pacis,
1333 2510 1458 2581 quia
1487 2510 1555 2567 ab
1582 2509 1787 2562 unitate
1828 2512 1881 2560 et

310 2610 574 2667 societate
599 2608 802 2669 Christi
838 2617 891 2665 et
920 2607 1205 2669 Ecclesiae,
1242 2619 1342 2660 nec
1369 2618 1467 2674 per
1494 2603 1750 2664 luereses,
1782 2613 1881 2653 nec

311 2715 415 2777 per
440 2699 771 2777 schismata,
814 2713 919 2766 pec
957 2712 1053 2766 per
1087 2694 1334 2751 mortalia
1378 2692 1607 2749 crimina
1649 2688 1885 2773 separati

309 2798 473 2851 sunt:
508 2790 562 2845 in
589 2791 783 2865 quibus
816 2788 919 2845 etsi
949 2788 1236 2857 aliquando
1263 2785 1516 2865 fuerunt,
1568 2792 1743 2865 tamen
1784 2796 1884 2851 per

309 2863 701 2952 paenitentiam
724 2879 932 2955 sanati,
964 2888 1020 2932 et
1058 2891 1153 2947 per
1177 2863 1476 2931 orationem
1510 2863 1764 2929 EccleSiaa
1791 2883 1882 2924 re-

312 2966 622 3030 conciliati,
651 2964 831 3037 (Ava.)
870 2973 926 3020 et
954 2963 1288 3020 remissionis
1316 2960 1573 3033 mysterio
1603 2957 1880 3022 societati,

314 3055 503 3129 utique
531 3054 584 3108 in
613 3068 745 3122 pace
768 3053 1041 3116 obierunt,
1066 3050 1359 3106 miserante
1385 3048 1496 3111 illo,
1520 3047 1609 3116 qui
1640 3062 1744 3101 non
1771 3045 1883 3099 vult

1998 1877 2059 1933 ΙΙ
2084 1877 2205 1936 Cor.
2230 1894 2282 1942 v,
2309 1878 2387 1950 5).

1974 1878 2059 1953 (ll
2084 1878 2205 1936 Cor.
2230 1894 2282 1942 v,
2309 1878 2387 1950 5).
3292 1954 3293 1957 η

2043 1964 2133 2020 70.
2173 1963 2481 2038 (Vicimus)
2527 1964 2727 2029 Verum
2752 1964 2857 2022 hoc
2883 1966 2952 2024 de
2976 1968 3254 2040 apostolis,
3286 1972 3545 2044 martyri-

1974 2060 2109 2125 bus,
2138 2058 2566 2125 coulessoribus,
2594 2061 2912 2133 casterisque
2938 2062 3071 2133 viris
3108 2063 3223 2119 ﬁeri
3255 2064 3553 2119 notandum

1978 2159 2085 2206 est.
2140 2149 2276 2205 Nam
2305 2158 2430 2206 sunt
2452 2151 2809 2221 quorumdam
2843 2151 3114 2220 justorum
3152 2153 3346 2209 animat
3368 2193 3385 2217 ,
3432 2168 3555 2221 qua:

1977 2240 2185 2315 cmlesti
2230 2256 2433 2313 regno,
2480 2240 2605 2320 licet
2647 2241 2701 2299 in
2750 2242 2910 2301 beata
2956 2244 3173 2314 requie,
3218 2242 3540 2314 quibusdam

1980 2333 2158 2389 adhuc
2209 2332 2585 2389 mansionibus
2631 2331 2976 2395 diﬁ'eruntur.
3028 2335 3084 2389 iu
3132 2350 3240 2403 quo
3286 2333 3558 2389 dilationis

1984 2422 2182 2481 damno
2215 2423 2519 2479 ostenditur
2547 2423 2690 2494 quod
2726 2424 2792 2478 de
2824 2422 3067 2494 perlecta
3101 2424 3312 2499 justitia
3356 2424 3560 2494 aliquid

1980 2512 2158 2567 minus
2190 2512 2515 2568 habuerunt.
2568 2513 2642 2567 At
2688 2528 2819 2570 vero
2864 2514 3106 2570 nonnulli
3159 2525 3380 2586 propter
3418 2515 3560 2585 bona

1983 2599 2107 2660 ﬁdei
2137 2615 2302 2670 opera
2350 2602 2418 2656 ad
2458 2602 2756 2658 electorum
2795 2612 2997 2659 sortem
3034 2604 3382 2679 prmerdinati
3408 2644 3425 2671 ,
3464 2604 3563 2659 sed

1982 2696 2204 2758 propter
2230 2688 2371 2767 mala
2400 2689 2581 2767 aliqua
2604 2692 2800 2767 quibus
2827 2692 2893 2746 de
2919 2706 3146 2761 corpore
3171 2693 3420 2749 exierunt
3440 2701 3565 2765 post

1985 2786 2213 2832 mortem
2238 2764 2455 2844 Sereno,
2477 2764 2777 2851 castigandi
2808 2780 3142 2850 recipiuntur
3162 2778 3396 2837 ﬂammis
3423 2764 3564 2852 ignis

1982 2868 2302 2939 purgatorii,
2323 2876 2380 2924 et
2401 2868 2480 2932 vel
2509 2884 2677 2938 usque
2702 2869 2770 2925 ad
2793 2869 2936 2942 diem
2951 2869 3142 2938 judicii
3168 2870 3322 2941 longa
3350 2872 3559 2945 exami-

1985 2958 2204 3019 natione
2230 2974 2262 3012 a
2287 2958 2540 3014 vitiorum
2571 2959 2731 3015 sorde
2757 2961 3112 3027 mandantur,
3133 2960 3219 3029 vel
3243 2969 3394 3017 certe
3417 2961 3569 3037 prius

1987 3049 2283 3106 amicorum
2316 3050 2554 3107 ﬁdelium
2579 3052 2863 3124 precibus,
2891 3052 3282 3125 eleemosvnis,
3310 3052 3567 3124 jejuniis,

315 3123 547 3201 mortem
576 3136 895 3215 peccatoris
917 3182 934 3206 ,
980 3141 1073 3196 sed
1120 3149 1179 3194 ut
1229 3130 1573 3195 convertatur
1619 3149 1674 3193 et
1714 3137 1882 3192 vivat.
1988 3137 2203 3195 ﬁetihus
2231 3148 2287 3195 et
2313 3141 2504 3197 hostia:
2532 3142 2788 3199 salutaris
2813 3141 3211 3219 oblationibus,
3257 3123 3434 3216 ptenis
3473 3145 3571 3203 ah—

312 3225 502 3302 Neque
538 3233 682 3286 enim
723 3232 934 3301 piorum
978 3230 1171 3285 anima:
1204 3241 1539 3284 mortuorum
1567 3233 1887 3297 separantur

315 3324 386 3396 ab
434 3322 695 3390 Ecclesia,
747 3322 986 3392 alioquin
1030 3336 1132 3377 nec
1174 3321 1241 3375 ad
1287 3319 1457 3375 altare
1501 3319 1655 3374 ﬁeret
1700 3333 1886 3374 eorum

316 3412 577 3469 memoria
619 3412 673 3466 in
710 3404 1224 3469 commemoratione
1252 3409 1498 3481 corporis
1520 3406 1757 3473 Christi,
1790 3421 1891 3477 nec

315 3492 519 3571 aliquid
554 3501 864 3575 prodesset,
908 3500 978 3557 ad
1024 3499 1141 3569 ejus
1184 3499 1515 3571 baptismum
1551 3499 1604 3553 in
1639 3498 1890 3569 periculis

315 3604 572 3653 currere,
618 3606 685 3646 ne
724 3590 841 3646 sine
881 3590 973 3647 illo
1007 3589 1229 3644 ﬁniatur
1265 3590 1318 3644 in
1356 3590 1458 3644 hac
1488 3588 1633 3653 vita;
1680 3602 1782 3644 nec
1821 3589 1887 3643 ad

315 3680 847 3746 reconciliationem,
901 3680 947 3738 si
991 3679 1131 3735 forte
1168 3695 1265 3751 per
1298 3694 1522 3750 pravam
1564 3679 1649 3733 vel
1694 3679 1889 3733 malam

316 3769 702 3841 conscientiam
737 3770 964 3840 quisque
1008 3768 1074 3824 ab
1118 3769 1306 3824 eodem
1347 3783 1573 3838 corpore
1610 3780 1890 3837 separatus

315 3866 420 3912 est.
454 3858 565 3914 Cur
590 3860 734 3913 enim
764 3860 864 3914 ista
893 3859 1057 3924 ﬁunt,
1098 3859 1199 3914 nisi
1229 3860 1356 3930 quia
1388 3858 1570 3914 ﬁdeles
1599 3857 1764 3911 etiam
1795 3857 1892 3933 de-

319 3945 489 4002 functi
526 3949 767 4003 membra
812 3955 936 4003 sunt
979 3947 1140 4019 ejus?
1190 3946 1449 4014 Quamvis
1486 3961 1614 4017 ergo
1656 3945 1892 4000 nondum

319 4053 445 4091 cum
474 4037 587 4091 suis
606 4038 947 4107 corporibus,
963 4035 1077 4105 jam
1103 4046 1281 4091 tamen
1306 4035 1496 4090 animae
1519 4043 1745 4104 regnant
1768 4050 1891 4089 cum

319 4125 560 4181 Christo.
597 4125 749 4181 Unde
772 4127 900 4181 etin
923 4126 1241 4198 Apocalypsi
1269 4125 1497 4196 legitur:
1527 4124 1677 4178 Beati
1701 4125 1895 4178 mortui

318 4216 411 4270 sui
444 4217 501 4270 in
528 4215 753 4271 Domino
783 4217 1101 4283 moriuntur,
1138 4215 1326 4270 amodo
1357 4214 1475 4286 jam
1505 4214 1631 4268 dicit
1662 4214 1894 4284 Spiritus

321 4317 381 4359 ut
407 4307 727 4375 requiescant
763 4322 796 4359 a
832 4305 1097 4360 laboribus
1130 4307 1261 4370 suis,
1305 4321 1462 4375 opera
1508 4292 1645 4357 enim
1684 4302 1897 4357 illorum

322 4405 609 4466 sequuntur
628 4394 746 4449 illos
767 4394 950 4467 (Apoc.
973 4411 1086 4461 xw,
1111 4395 1232 4467 l5);
1266 4404 1323 4449 et
1347 4396 1462 4465 ipse
1488 4403 1571 4449 est
1590 4409 1750 4449 verus
1775 4395 1896 4449 sab-

1985 3230 2169 3296 soluti,
2195 3239 2250 3307 et
2274 3231 2376 3302 ipsi
2401 3232 2469 3287 ad
2493 3233 2776 3288 beatorum
2801 3234 3125 3303 perveniunt
3157 3234 3424 3304 requiem.
3459 3234 3571 3295 illis

1986 3334 2115 3392 ergo
2137 3336 2326 3377 eorum
2356 3336 2526 3378 sacra:
2558 3322 2792 3379 victima:
2818 3324 3047 3379 mortuis
3079 3333 3339 3395 prosunt,
3364 3325 3457 3396 qui
3483 3325 3574 3383 hic

1988 3411 2218 3483 vivendo
2244 3412 2600 3491 obtinuerunt
2624 3419 2683 3465 ut
2708 3427 2802 3468 eos
2830 3412 2994 3468 etiam
3031 3423 3154 3482 post
3178 3422 3405 3470 mortem
3430 3414 3572 3471 bona

1990 3498 2266 3569 adjuveut,
2298 3514 2419 3569 qua:
2446 3500 2537 3555 hic
2567 3514 2664 3569 pro
2692 3500 2826 3571 ipsis
2856 3500 2925 3556 ab
2955 3501 3075 3557 aliis
3102 3502 3254 3556 ﬁunt.
3286 3501 3432 3557 [uter
3456 3504 3573 3563 haec
3666 3552 3669 3555 .

1989 3598 2168 3642 autem
2198 3588 2534 3658 pensandum
2558 3598 2662 3656 est,
2691 3590 2837 3661 quod
2866 3592 3029 3644 tutior
3057 3592 3139 3646 via
3166 3592 3254 3655 sit,
3288 3600 3348 3645 ut
3372 3592 3569 3665 bonum

1991 3676 2137 3746 quod
2164 3677 2395 3746 quisque
2422 3687 2546 3747 post
2574 3687 2807 3734 mortem
2833 3689 3016 3749 sperat
3040 3680 3135 3753 δή
3154 3695 3251 3751 per
3271 3680 3427 3746 alios,
3450 3690 3577 3757 agat

1992 3764 2118 3818 dum
2159 3764 2292 3818 vivit
2329 3766 2444 3835 ipse
2474 3782 2581 3836 pro
2625 3782 2704 3822 se.
2746 3767 2965 3823 Bestius
2992 3769 3191 3840 quippe
3221 3779 3305 3827 est
3337 3770 3570 3845 liberum

1991 3856 2141 3909 exire
2187 3870 2349 3924 quam
2405 3866 2527 3926 post
2555 3858 2766 3914 vincula
2798 3859 3102 3916 libertatem
3135 3862 3394 3931 quiet-ere.
3439 3862 3575 3922 Pro-

1992 3952 2114 4015 pter
2138 3943 2227 3999 illa
2253 3959 2382 4016 ergo
2407 3946 2567 4001 verba
2596 3936 2793 4017 quibus
2818 3948 3033 4014 dicitur,
3061 3951 3151 4022 qui
3183 3967 3275 4009 nos
3299 3968 3578 4025 praeesse-

1995 4044 2116 4089 runt
2139 4052 2258 4089 cum
2285 4038 2433 4107 signa
2460 4037 2613 4106 ﬁdei,
2660 4049 2708 4092 et
2754 4039 3021 4117 dormiunt
3064 4042 3121 4117 in
3161 4058 3345 4099 somno
3386 4045 3532 4115 pacis
3556 4085 3575 4117 ,

1995 4139 2125 4179 usus
2157 4124 2258 4178 fuit
2283 4125 2658 4196 antiquorum,
2690 4127 2831 4182 sicut
2864 4130 3029 4184 etiam
3056 4130 3301 4188 Romana
3332 4133 3443 4203 agit
3475 4133 3576 4190 Ee-

1995 4214 2180 4285 clesia,
2209 4222 2267 4270 ut
2291 4217 2472 4270 statim
2501 4217 2861 4274 recitarentur
2880 4234 2947 4279 ex
2976 4204 3269 4293 diptychis,
3298 4224 3354 4279 id
3382 4233 3467 4281 est
3492 4208 3580 4282 ta-

1997 4307 2162 4373 bulis,
2188 4308 2406 4363 nomina
2429 4298 2837 4377 defunctorum,
2853 4321 3016 4384 atque
3048 4316 3119 4370 ita
3144 4324 3267 4386 post
3289 4316 3574 4373 lectionem

1998 4399 2277 4453 nominum
2309 4397 2764 4470 subjungerentur
2799 4404 2958 4458 verba
2995 4405 3272 4473 sequentia
3302 4424 3315 4460 :
3347 4405 3489 4477 Ipsis
3526 4416 3579 4460 et

322 4489 588 4544 batismus
617 4488 876 4556 ﬁdelium,
912 4490 966 4565 id
995 4499 1079 4545 est
1109 4490 1344 4561 requies,
1376 4489 1443 4543 de
1470 4504 1575 4559 qua
1604 4488 1736 4544 dicit
1755 4486 1897 4557 Apo-
1920 4469 1974 4529 Ῑ)
2000 4489 2236 4544 omnibus
2262 4491 2317 4545 in
2346 4469 2550 4547 Christo
2578 4494 2956 4573 quiescentibus
2984 4469 3156 4549 locum
3182 4469 3465 4564 refrigerii,
3496 4497 3577 4551 lu~

324 4582 541 4653 stolus:
587 4581 775 4653 Itaque
816 4581 1129 4655 relinquitur
1170 4582 1520 4637 sabbatismus
1566 4578 1757 4652 papula
1800 4580 1899 4635 Dei

324 4664 512 4742 (Hebr.
537 4686 612 4737 tv,
636 4670 709 4742 9).
731 4671 831 4744 Qpi
855 4672 996 4727 enini
1014 4673 1285 4744 ingressus
1306 4679 1391 4727 est
1414 4672 1469 4726 in
1491 4672 1731 4740 requiem
1753 4668 1892 4739 ejus,

324 4760 594 4831 requievit
620 4761 688 4816 ab
716 4760 968 4831 operibus
993 4763 1125 4826 suis,
1164 4763 1612 4832 quemadmodum
1640 4773 1697 4817 et
1722 4777 1753 4816 a
1780 4762 1895 4817 suis

327 4849 488 4906 Deus.
538 4851 748 4922 Regnat
779 4852 965 4924 itaque
992 4869 1115 4910 cum
1144 4853 1362 4910 Christo
1392 4869 1535 4910 nunc
1563 4854 1802 4911 Ecclesia
1844 4855 1898 4909 iu

325 4941 464 4997 vivis
493 4950 548 4997 et
578 4944 824 5000 mortuis.
881 4942 1175 5014 Propterea
1214 4946 1393 5011 enim,
1438 4946 1578 5001 sicut
1603 4944 1734 5001 dicit
1759 4945 1901 5017 Apo-

324 5033 498 5088 stolus
523 5051 537 5086 :
571 5033 813 5103 Mortuus
839 5044 915 5090 est
941 5033 1210 5100 Christus,
1250 5045 1308 5090 ut
1344 5045 1393 5090 et
1423 5036 1651 5090 vivorum
1684 5044 1732 5089 et
1763 5052 1902 5089 mor-

326 5117 538 5191 tuorum
570 5125 868 5203 dominetur
891 5124 1066 5196 (Rom.
1094 5141 1204 5194 le,
1232 5126 1310 5199 9).
1364 5124 1517 5182 Unde
1542 5133 1597 5179 et
1624 5124 1755 5180 alibi
1783 5125 1858 5178 ait
1884 5143 1902 5178 :

331 5202 609 5293 Quoniam.
630 5232 733 5269 non
758 5202 931 5285 posuit
960 5233 1053 5270 nos
1079 5216 1220 5272 Deus
1248 5217 1319 5270 ad
1348 5217 1506 5275 iram.
1533 5215 1623 5270 sed
1647 5216 1702 5270 in
1727 5216 1904 5286 aequi-

325 5305 569 5359 sitionem
606 5305 794 5360 salutis
828 5322 920 5376 per
944 5306 1229 5361 Dominum
1271 5317 1508 5362 nostrum
1541 5306 1722 5362 Jesum
1751 5304 1902 5361 Chri-

327 5401 487 5457 stum,
515 5393 607 5463 qui
642 5380 879 5448 nﬁrtuus
918 5405 992 5448 est
1032 5412 1126 5463 pro
1158 5395 1328 5460 nobis,
1370 5396 1577 5461 ut,sive
1615 5394 1903 5465 vigilemus,

328 5480 437 5558 sive
481 5479 828 5546 dormiamus,
874 5498 991 5535 cum
1033 5481 1126 5536 illo
1171 5484 1404 5537 vivamus
1453 5483 1505 5554 (I
1534 5481 1713 5537 Thess.
1741 5499 1794 5545 v,
1826 5482 1901 5551 9).

331 5568 388 5622 In
437 5570 632 5638 quibus
668 5571 847 5626 verbis
874 5571 1188 5642 vigilantes,
1232 5572 1471 5627 viventes
1491 5613 1525 5637 ,,
1555 5572 1905 5647 dormientes,

336 5673 580 5718 mortuos
622 5663 844 5733 intelligi
888 5664 1091 5731 voluit,
1144 5665 1283 5720 sicut
1323 5666 1520 5720 iterum
1562 5664 1733 5719 dicit:
1787 5662 1908 5719 Sive

1999 4580 2074 4635 cis
2100 4589 2148 4634 et
2183 4580 2326 4651 pacis
2355 4592 2413 4635 ut
2443 4582 2713 4654 indulgeas
2743 4584 3106 4654 deprecantur.
3158 4583 3295 4653 Ipsis
3331 4585 3580 4663 videlicei

2001 4690 2229 4744 quorum
2256 4675 2471 4730 nomina
2497 4686 2887 4743 memorantur,
2921 4685 2975 4732 et
3001 4676 3215 4733 caeteris
3239 4677 3492 4753 omnibus
3519 4678 3574 4753 iu

2000 4764 2216 4820 Christo
2242 4764 2647 4834 quiescentibus
2673 4765 2846 4821 locum
2871 4766 3151 4837 refrigerii,
3192 4756 3283 4843 ubi
3319 4750 3429 4847 pou
3454 4750 3583 4837 seru;

2003 4853 2144 4907 tiunt
2169 4853 2391 4909 ardores
2416 4867 2720 4925 poenarum.
2751 4854 2818 4909 Et
2846 4853 3000 4919 lucis,
3032 4855 3100 4910 de
3123 4869 3227 4924 qua
3248 4846 3572 4916 Psalmista:

2002 4939 2070 4995 Ut
2095 4941 2328 5011 placeam
2354 4959 2531 4997 coram
2544 4943 2653 4998 Deo
2670 4930 2734 4997 in
2759 4942 2969 5021 lumine‘
2982 4942 3257 5000 viventium
3282 4945 3456 5018 (Psal.
3482 4964 3571 5015 LV,

2003 5032 2112 5104 14).
2144 5032 2216 5087 Et
2240 5035 2414 5105 pacis,
2450 5033 2517 5090 de
2540 5051 2646 5104 qua
2668 5031 2842 5102 justus
2869 5032 3085 5090 Simeon
3115 5053 3129 5090 :
3162 5036 3320 5093 Nunc
3353 5038 3575 5111 dimittis

2001 5140 2202 5179 servum
2246 5134 2417 5192 tuum,
2460 5124 2704 5189 Domine,
2751 5125 3036 5180 secundum
3081 5126 3289 5181 verbum
3330 5138 3478 5183 tuum
3522 5131 3582 5186 in

2002 5231 2128 5285 pace
2155 5212 2316 5285 (Luc.
2353 5231 2425 5279 ιι,
2449 5214 2574 5285 29).
2612 5213 2680 5268 Ει
2713 5213 2765 5281 in
2806 5229 2913 5284 qua
2947 5224 3256 5271 sanctorum
3282 5224 3586 5290 martyrum

2011 5302 2204 5355 anima:
2233 5301 2537 5371 quiescunt,
2571 5302 2784 5357 dicente
2820 5302 3136 5373 Scriptura:
3172 5303 3284 5360 Visi
3305 5316 3424 5361 sunt
3449 5324 3577 5363 ocu-

2013 5392 2076 5446 lis
2102 5391 2462 5467 insipientium
2487 5391 2653 5469 mori,
2692 5392 2774 5449 illi
2813 5402 2987 5471 autem
3025 5403 3145 5447 sunt
3176 5394 3231 5448 in
3264 5413 3391 5466 pace
3425 5396 3586 5470 (Sap.

2014 5495 2096 5545 tu,
2124 5480 2183 5545 2,
2214 5482 2289 5552 5),

2086 5574 2173 5627 7t.
2214 5572 2361 5629 Hanc
2390 5582 2568 5630 autem
2594 5574 2735 5646 piam
2756 5577 3136 5647 ct‘religiosam
3161 5578 3585 5642 observantiam,

2016 5680 2176 5732 quam
2206 5680 2269 5719 ex
2303 5665 2595 5734 apostolica
2620 5665 2735 5721 sine
2771 5666 2934 5721 dubio
2966 5666 3253 5721 traditione
3284 5676 3589 5723 susccotam
