4050 6302
485 280 554 336 53
1585 272 1790 329 FLOR!
1831 269 2104 328 ΝΜΖοΜ
2140 268 2625 332 LU’GDUNENSIS
3671 284 3751 340 σι

484 396 734 448 universa
778 393 833 446 in
871 390 1073 446 mundo
1107 389 1448 444 nnil'ormiter
1486 394 1541 441 et
1583 373 1874 441 celebritcr
1913 392 2057 439 tenet
2084 385 2133 442 Λ
2162 378 2262 440 nos
2303 377 2395 443 Dei
2446 391 2619 460 pietas
2668 382 2975 448 introducat
3020 393 3286 462 petimus;
3333 382 3394 449 ut
3437 395 3594 451 nobis
3632 414 3745 452 non

485 484 747 547 Ecclesia,
772 483 936 536 etiam
963 479 1172 535 Veteris
1192 478 1522 533 Testamenti
1550 475 1827 546 Scriptura
1851 486 1903 531 et
1931 492 2076 531 con-A

482 576 709 629 snetndo
736 590 765 627 a
796 573 1049 627 Patrihus
1070 572 1333 627 custodita
1357 568 1766 639 diligentissime
1787 575 2061 623 commen-

483 669 593 720 dat.
636 666 886 733 Legimus
909 679 1139 733 namque
1168 663 1221 717 in
1247 661 1671 716 Machabaeorum
1704 660 1875 725 libris,
1914 662 2059 730 quod

480 760 566 813 vir
612 757 933 813 fortissimus
975 765 1030 810 et
1081 753 1319 824 pontifex
1359 752 1545 819 ludas,
1573 752 1850 807 duodecim
1893 751 2057 805 millia

482 851 769 904 drachmas
793 845 1003 917 argenti
1029 845 1175 900 misit
1198 842 1583 913 Jerosolymam
1609 841 1789 897 oll'erri
1812 857 1909 911 pro
1928 852 2077 912 pec-'

484 942 621 996 catis
647 947 980 1009 marmorum
1005 936 1095 1007 qui
1124 937 1176 990 in
1202 936 1340 991 bello
1360 936 1686 997 ceciderant,
1711 933 2057 987 considerans

481 1030 625 1101 quod
667 1030 720 1085 hi
753 1029 841 1099 qui
879 1042 1000 1082 cum
1043 1027 1244 1097 pietate
1283 1024 1662 1079 dormitionem
1701 1029 2054 1092 acceperant,

481 1121 739 1189 optimam
773 1118 1034 1171 haberent
1061 1116 1353 1186 repositam
1375 1114 1635 1186 gratiam;
1668 1113 1757 1189 ubi
1787 1122 1841 1167 et
1868 1114 1970 1167 hoc
2001 1112 2055 1166 in

480 1188 729 1268 laudibus
748 1209 868 1265 fidei
890 1206 1008 1277 ejus
1031 1208 1359 1277 adiungitur,
1381 1207 1503 1275 quia
1530 1215 1587 1261 et
1616 1188 1801 1261 sancta
1829 1213 1885 1260 et
1914 1204 2057 1258 salu-

478 1301 563 1356 bri
593 1299 916 1370 cogitatione
954 1312 1052 1367 pro
1075 1295 1345 1350 defunctis
1373 1295 1661 1360 exorabat,
1696 1301 1753 1348 ut
1777 1308 1807 1347 a
1833 1300 2056 1364 peccato

478 1392 834 1447 solverentur.
864 1388 1122 1458 Sequitur
1143 1387 1196 1441 in
1228 1376 1484 1458 mysterio
1508 1402 1524 1442 :

550 1485 638 1539 72.
682 1483 848 1538 Nobis
876 1498 1078 1553 quoque
1114 1480 1467 1550 peccatoribus
1507 1477 1723 1546 famulis
1762 1479 1886 1540 tuis,
1917 1485 2050 1542 etc.,

475 1589 649 1645 usque
682 1571 788 1626 Per
813 1571 1077 1627 Christum
1104 1570 1382 1643 Dominum
1413 1566 1667 1622 nostrum.
1699 1564 2055 1621 Commenda-

475 1667 553 1721 tio
565 1680 663 1735 pro
682 1663 963 1734 spiritibus
974 1661 1343 1718 defunctorum
1362 1675 1458 1729 per
1472 1658 1794 1713 oblationem
1811 1657 2047 1727 pietatis,

475 1767 539 1812 ut
568 1758 624 1812 in
666 1755 839 1811 beatis
878 1754 1174 1810 electorum
1203 1742 1418 1807 sedibus
1463 1746 1770 1804 mereantur
1809 1748 2056 1803 obtinere

477 1846 655 1901 locum
677 1844 966 1915 refrigerii,
1002 1843 1138 1898 lucis
1162 1851 1218 1897 et
1241 1842 1406 1910 pacis.
1437 1841 1842 1909 Cousequenter
1868 1846 2057 1893 oratur

480 1936 820 2006 omnipotens
845 1933 988 1989 Deus
1012 1941 1072 1986 ut
1093 1932 1253 1985 etiam
1272 1924 1507 2005 c'ctei'os
1531 1929 1728 1991 fideles,
1758 1927 1848 1998 qui
1871 1943 2057 1997 super-

479 2027 633 2082 stites
669 2032 808 2096 sunt,
833 2033 887 2078 et
917 2020 1137 2088 vivunt,
1161 2023 1213 2092 id
1242 2031 1326 2077 est
1349 2021 1657 2078 sacerdotes
1679 2029 1734 2075 et
1769 2019 2020 2089 pupulum
2039 2059 2053 2083 ,

477 2132 579 2188 per
599 2117 851 2170 virtutem
878 2123 935 2169 et
959 2113 1189 2184 gratiam
1210 2112 1331 2181 ejus
1359 2113 1498 2167 Deus
1518 2110 1839 2166 venerabilis
1869 2124 2052 2165 sacra-

394 2191 396 2193 i
477 2207 646 2262 menti
694 2206 895 2261 auxilio
943 2206 1010 2259 ad
1055 2206 1299 2259 eamdem
1344 2202 1729 2258 beatitudinem
1773 2200 2050 2270 perducat.

480 2295 670 2351 Totius
703 2310 937 2364 namque
968 2293 1223 2348 Ecclesia:
1244 2286 1347 2347 vox
1379 2302 1482 2355 est,
1526 2291 1576 2345 id
1603 2300 1681 2344 cst
1713 2287 2056 2343 sacerdotum

478 2396 534 2441 et
559 2384 793 2455 plebium
817 2400 938 2439 cum
968 2384 1279 2439 humilitate
1301 2392 1366 2437 et‘
1395 2380 1716 2436 contritione
1744 2377 1922 2432 cordis
1965 2376 2052 2429 di-

480 2476 715 2531 centium
758 2475 869 2531 Deo
910 2493 923 2528 :
975 2473 1141 2529 Nobis
1183 2490 1385 2544 quoque
1432 2470 1789 2543 peccatoribus
1838 2468 2052 2538 famulis

477 2567 582 2621 tuis
612 2579 630 2617 :
667 2564 794 2636 quia
815 2605 830 2630 ,
872 2564 998 2619 licet
1024 2563 1169 2618 omni
1202 2572 1440 2631 tempore
1470 2570 1782 2631 peccatores
1809 2575 1905 2613 nos
1933 2542 2054 2613 esse

476 2671 546 2712 ex
575 2657 737 2712 corde
766 2672 1096 2728 cognoscere
1119 2655 1440 2718 debeamus,
1468 2662 1648 2707 tamen
1687 2650 1919 2705 maxime
1949 2649 2054 2703 hoc

476 2750 739 2804 attentius
771 2749 1033 2820 agendum
1080 2755 1137 2802 et
1171 2746 1535 2802 confitendum
1579 2754 1690 2807 est,
1730 2758 1851 2795 cum
1882 2741 1934 2795 in
1964 2740 2053 2794 illo

477 2853 633 2893 sacro
667 2839 919 2909 mysterio
947 2837 1255 2892 celebratur
1276 2835 1610 2890 remissionis
1636 2833 1803 2904 gratia
1825 2872 1840 2896 ,
1872 2831 2048 2885 indul-

478 2925 657 2997 gentia
686 2929 1050 2995 peccatorum,
1090 2934 1144 2979 et
1174 2940 1295 2979 cum
1321 2924 1622 2978 humilitate
1646 2930 1700 2977 et
1730 2921 2051 2977 contritione

477 3017 656 3072 cordis
693 3013 982 3070 dicendum
1028 3014 1181 3068 Deo:
1242 3012 1407 3067 Nobis
1446 3029 1647 3084 quoque
1694 3002 2052 3082 peccatoribus

476 3105 691 3175 famulis
733 3106 858 3168 tuis,
899 3104 1047 3173 quia,
1087 3103 1225 3159 sicut
1260 3082 1517 3174 scriptum
1566 3110 1680 3164 est,
1720 3100 1821 3154 etsi
1868 3114 2051 3169 pecca-
2075 3082 2123 3145 (ἶ

476 3196 732 3273 terimus,
768 3194 843 3248 tui
889 3209 1095 3259 sumus,
1141 3195 1371 3248 scientes
1400 3192 1818 3264 magnitudinem
1872 3184 2055 3253 tuam,

474 3303 584 3341 non
612 3289 678 3342 de
708 3286 830 3342 ullis
863 3280 1062 3342 nostris
1100 3286 1324 3349 meritis,
1369 3286 1463 3342 sed
1502 3285 1565 3339 de
1595 3283 1925 3339 multitudine
1953 3282 2052 3334 mi-

474 3380 795 3433 serationum
854 3388 1065 3431 tuarum
1114 3377 1474 3447 sperantibus,
1523 3376 1684 3430 corde
1736 3376 1788 3429 in
1841 3373 2050 3444 psalmo

478 3476 794 3523 catttamns:
838 3466 909 3520 Et
942 3467 1224 3521 secundum
1250 3466 1634 3520 multitudinem
1660 3464 2050 3518 miserationum

479 3568 692 3611 tuarum
739 3552 850 3612 dele
898 3559 1225 3629 iniquitatem
1274 3573 1440 3611 meam
1488 3553 1668 3627 (Psal.
1710 3572 1772 3621 ι,
1815 3554 1900 3626 5).
1950 3553 2049 3608 Re-

478 3644 1022 3718 cordanda'namﬁte
1063 3655 1189 3703 sunt
1235 3648 1288 3701 in
1332 3648 1436 3703 hoc
1477 3647 1628 3711 loco,
1677 3655 1731 3701 et
1770 3645 2053 3718 diligenter

479 3735 793 3791 inculcanda
816 3737 982 3791 verba
1020 3735 1283 3807 Apostoli,
1315 3736 1577 3791 dicentis:
1616 3734 1799 3790 Omnis
1831 3751 2052 3802 namque

478 3812 720 3880 sarcrdos
740 3843 804 3881 ea:
823 3811 1118 3881 hominibus
1144 3838 1458 3897 assumptus,
1481 3842 1575 3897 pro
1604 3812 1898 3879 hominibus
1928 3839 2050 3876 con-

478 3914 711 3969 stituitur
732 3917 789 3969 in
815 3917 895 3970 his
914 3932 1030 3986 quae
1049 3926 1169 3970 sunt
1199 3917 1269 3970 ad
1303 3916 1493 3979 Deum,
1529 3926 1584 3970 ut
1619 3918 1803 3986 offerat
1826 3918 1964 3971 dona
2002 3926 2049 3970 et

479 4007 740 4075 sacriﬁcia
777 4023 873 4077 pro
913 3992 1137 4087 peccatis
1165 4021 1184 4059 :
1229 4010 1317 4079 qui
1345 4008 1617 4063 condolere
1652 4011 1812 4079 possit
1843 4011 1923 4063 Itis
1961 4011 2051 4080 qui

478 4098 723 4167 ignorant
753 4107 802 4152 et
841 4108 1039 4163 errant,
1071 4100 1317 4169 quoniam
1360 4107 1407 4151 et
1447 4100 1553 4169 ipse
1590 4099 1944 4155 circumdatus
1977 4111 2049 4154 est

480 4186 784 4255 inﬁmitate
804 4227 820 4252 ,
867 4197 915 4241 et
942 4186 1227 4257 propterea
1265 4186 1408 4243 debet
1424 4194 1450 4254 ,'
1492 4189 1928 4259 quemadmodum
1956 4208 2051 4261 pro

478 4279 692 4352 populo,
714 4280 788 4333 ita
812 4270 967 4333 etiam
992 4295 1085 4350 pro
1108 4297 1164 4334 se
1197 4280 1383 4350 offerre
1411 4297 1505 4351 pro
1528 4270 1750 4352 peccatis
1784 4262 1967 4352 (Hebr.
1993 4298 2048 4348 γ,

480 4371 555 4441 i).
601 4364 841 4440 Ad‘quod
864 4372 1052 4426 beatus
1077 4368 1366 4441 Gregorius
1390 4374 1443 4425 in
1466 4372 1695 4441 quodam
1720 4372 1836 4427 loco
1861 4376 2053 4428 exhor-

482 4473 601 4518 tans
631 4462 760 4518 dicit
784 4480 797 4515 :
834 4482 853 4513 ι
902 4460 1009 4516 Sed
1038 4476 1257 4516 necesse
1286 4469 1369 4517 est
1406 4469 1496 4525 ut,
1524 4477 1645 4515 cum
1675 4462 1791 4517 haec
1820 4464 2047 4531 agimus,
2076 4441 2128 4500 Ῑ)

478 4556 836 4624 nosmetipsos
866 4542 978 4608 Deo
1022 4554 1077 4607 in
1124 4553 1304 4608 cordis
1342 4553 1671 4608 contritione
1722 4562 2051 4619 mactemus;

480 4649 603 4717 quia
648 4647 758 4716 qui
780 4647 1048 4716 passionis
1092 4640 1386 4701 Dominicze
1420 4648 1672 4717 mysteria
1696 4647 2051 4712 celebramus,

480 4737 736 4791 debemus
775 4737 977 4791 imitari
1005 4736 1147 4806 quod
1176 4737 1402 4807 agimus.
1435 4736 1584 4792 Tunc
1620 4739 1764 4792 enim
1793 4754 1917 4793 vere
1956 4753 2053 4808 pro

479 4826 636 4881 nobis
663 4826 771 4880 Deo
792 4818 965 4882 hostia
989 4829 1114 4893 erit,
1147 4843 1268 4882 cum
1292 4842 1388 4881 nos
1418 4828 1560 4899 ipsos
1586 4829 1813 4883 hostiam
1841 4829 2047 4886 fecerit.

479 4920 677 4976 Orator
702 4919 881 4988 itaque
906 4920 1245 4989 omnipotens
1271 4917 1427 4979 Deus,
1454 4926 1510 4973 ιιι
1533 4936 1636 4974 non
1670 4919 1840 4973 solum
1862 4922 2047 4976 defun~

480 5011 615 5074 ctis,
659 4996 888 5079 quorum
919 4996 1078 5076 supra
1122 5011 1562 5062 commemoratio
1599 5009 1738 5062 facta
1787 5019 1896 5073 est,
1953 5012 2045 5065 sed

481 5103 641 5155 etiam
672 5099 824 5153 nobis
852 5097 1245 5168 peccatoribus,
1276 5098 1342 5152 de
1371 5082 1711 5153 multitudine
1739 5100 2047 5153 miseratio-

483 5199 608 5248 num
641 5208 856 5248 suarum
885 5190 1246 5262 sperantibus,
1288 5205 1493 5261 partem
1533 5191 1762 5261 aliquam
1794 5200 1849 5246 et
1876 5194 2048 5248 socie-

484 5282 647 5339 tatem
675 5284 874 5338 donare
902 5281 1152 5350 dignetur
1178 5296 1301 5335 cum
1327 5282 1440 5336 suis
1474 5279 1676 5336 sanctis
1707 5282 1962 5351 apostolis
1996 5293 2050 5338 et

485 5377 810 5447 martyribus
836 5383 889 5429 et
916 5375 1167 5428 omnibus
1196 5375 1399 5429 sanctis
1440 5392 1537 5445 pro
1584 5376 1795 5431 lllO‘JlllO
1823 5388 2007 5432 nostro
2032 5397 2045 5443 ;

483 5468 678 5538 quibus
701 5481 845 5520 nunc
870 5465 1142 5519 sociamur
1166 5480 1264 5539 pe;
1287 5467 1714 5520 communionem
1746 5466 1867 5521 fidei
1889 5508 1904 5532 ,
1929 5484 2046 5522 cum

483 5556 615 5625 ipsis
640 5555 801 5609 etiam
826 5555 1135 5610 societatem
1167 5556 1289 5610 vita:
1329 5564 1383 5608 et
1429 5556 1731 5611 beatudiuis
1756 5568 1969 5614 (clerum
2002 5560 2052 5613 in

484 5647 666 5702 futuro
693 5645 1037 5715 accipiamus.
1085 5644 1228 5699 intra
1257 5658 1482 5713 quorum
1514 5661 1609 5697 tms
1637 5649 1964 5702 consortiun
1995 5661 2054 5704 nt

2163 479 2330 532 nostri
2360 481 2535 534 meriti
2564 482 2880 546 aestimator,
2927 483 3024 537 sed
3061 485 3231 538 venia:
3260 484 3334 539 sit
3363 484 3613 552 largitor;
3647 496 3741 550 ut,

2159 567 2285 634 quia
2316 574 2624 624 sanctorum
2647 572 2890 626 societati
2917 587 3021 642 per
3038 573 3288 627 meritum
3310 572 3463 645 jungi
3490 590 3598 630 non
3621 590 3748 645 ροερ

2159 670 2374 723 sumus,
2425 674 2526 729 per
2582 660 2967 733 indulgentiam
3012 664 3424 733 conjungamur.
3483 662 3542 720 Si
3592 668 3742 722 enim

2157 749 2504 816 aestimemur,
2530 761 2585 805 et
2615 752 2798 807 divino
2814 751 3029 820 judicio
3047 752 3433 824 ponderemur,
3460 755 3642 812 nullus
3672 761 3743 813 ad

2158 839 2523 907 apostolorum
2566 848 2622 894 et
2665 850 2967 913 martyrum
2998 843 3315 897 societatem
3358 854 3630 917 assurget.
3682 847 3742 902 In

2158 926 2265 980 line
2294 938 2472 982 autem
2495 927 2653 997 hujus
2672 931 2953 996 orationis,
2978 932 3124 987 sicut
3138 942 3193 986 et
3222 933 3278 986 in
3305 934 3516 989 expleris
3538 924 3745 1005 praece-

2156 1018 2408 1073 dentibus
2431 1019 2768 1091 subiungitur
2782 1020 2888 1076 Per
2898 1022 3161 1078 Christum
3173 1024 3458 1080 Dominum
3479 1037 3741 1092 nostrum,

2155 1114 2211 1160 et
2261 1109 2444 1163 statim
2485 1111 2760 1167 conclusio
2805 1114 2970 1170 totius
3016 1118 3444 1173 consecrationis
3494 1119 3751 1190 sequitur

2156 1198 2386 1254 dicendo
2411 1217 2425 1254 :

2225 1289 2312 1346 73.
2353 1289 2461 1345 Per
2502 1310 2652 1365 quem
2680 1299 2857 1351 omnia
2883 1315 3084 1375 semper
3113 1300 3247 1355 bona
3285 1317 3452 1367 creas,
3485 1311 3606 1359 etc-
3636 1303 3749 1360 Per

2064 1386 2071 1391 ‘
2155 1378 2329 1450 ipsum
2355 1384 2500 1439 enim
2526 1387 2870 1456 omnipotens
2908 1389 3051 1445 Deus
3078 1389 3195 1445 haec
3238 1392 3376 1445 bona
3414 1393 3597 1447 omnia
3618 1409 3750 1464 qua:

2154 1470 2323 1526 sacris
2368 1473 2629 1531 altaribus
2669 1487 3056 1533 consecrantur
3100 1494 3207 1534 non
3263 1480 3545 1535 solum‘in.
3584 1497 3749 1539 exor-

2154 1559 2243 1615 dio
2270 1563 2455 1617 mundi
2502 1565 2742 1632 creavit,
2796 1567 3077 1622 condendo
3107 1568 3251 1638 quod
3290 1585 3398 1624 non
3432 1578 3602 1636 erat;
3642 1587 3748 1643 per

2153 1654 2400 1709 eumdem
2432 1657 2767 1728 unigenitum
2795 1658 3028 1715 Verbum
3068 1676 3222 1716 suum
3267 1660 3423 1728 dixit,
3453 1671 3508 1717 et
3536 1661 3746 1718 factum

2158 1753 2242 1798 cst
2274 1762 2288 1797 :
2330 1742 2594 1801 Carmine!
2632 1758 2772 1802 terra
2810 1749 3021 1804 herbam
3063 1752 3309 1805 virentem
3347 1753 3744 1823 eteo/ferentem

2158 1826 2348 1901 semen,
2373 1836 2672 1908 lignumque
2697 1840 3009 1910 pomiferum
3031 1840 3230 1909 faciens
3255 1841 3484 1911 fructum
3510 1840 3665 1914 (Gen.
3693 1859 3741 1907 ι,

2159 1924 2245 1996 Η)
2274 1944 2287 1980 :
2322 1927 2374 1980 in
2421 1943 2525 1997 qua
2562 1929 2839 1984 creatione
2865 1931 3051 2000 utique
3089 1940 3142 1987 et
3172 1931 3340 1987 herba
3387 1930 3649 1988 frumenti
3681 1944 3743 1989 et

2157 2015 2356 2085 lignum
2385 2016 2494 2071 vini
2522 2026 2770 2073 exortum
2802 2029 2882 2074 est
2910 2035 2925 2083 ;
2969 2021 3065 2076 sed
3100 2022 3265 2076 etiam
3296 2037 3514 2093 semper
3544 2023 3741 2079 eadem

2156 2105 2296 2160 bona
2326 2116 2477 2162 creat
2504 2111 2852 2179 propagando
2878 2120 2933 2166 et
2966 2096 3268 2181 reparando
3288 2154 3304 2178 ,
3340 2122 3399 2168 ut
3438 2129 3538 2183 per
3563 2128 3743 2171 annos

2156 2197 2395 2268 singulos
2422 2206 2477 2253 et
2503 2215 2653 2254 novas
2682 2211 2890 2271 segetes
2912 2210 2967 2257 et
2997 2218 3133 2257 nova
3160 2204 3284 2257 vina
3314 2214 3625 2260 nascantur.
3658 2205 3741 2260 De

2156 2287 2259 2341 hac
2306 2303 2538 2357 namque
2593 2289 2905 2358 operatione
2950 2290 3220 2358 regendaz,
3276 2294 3635 2363 propaganda:
3678 2302 3739 2348 et

2154 2383 2467 2452 reparandae
2492 2392 2770 2450 creaturae,
2802 2383 2917 2453 ipse
2945 2384 3251 2455 unigenitus
3276 2384 3445 2440 Filius
3470 2385 3524 2439 in
3548 2384 3732 2440 Evan-

2153 2473 2294 2544 gelio
2323 2473 2452 2528 dicit
2493 2474 2562 2528 ad
2598 2472 2812 2531 Iudaeos
2851 2476 3188 2547 indignantes
3225 2477 3366 2547 quod
3410 2476 3465 2532 in
3505 2476 3734 2532 sabbato

2154 2572 2367 2621 curaret
2398 2582 2412 2618 :
2464 2561 2628 2618 Pater
2657 2581 2801 2619 meus
2848 2581 3010 2635 usque
3048 2566 3203 2620 modo
3245 2575 3515 2636 aperatur,
3553 2574 3603 2619 et
3637 2581 3734 2635 ego

2153 2671 2357 2725 operor,
2399 2664 2654 2725 tanquam
2695 2654 2938 2711 diceret:
2979 2654 3095 2710 Non
3142 2669 3239 2711 sex
3280 2663 3492 2710 tantum
3536 2654 3733 2709 diebus

2151 2745 2361 2815 primis,
2392 2751 2472 2800 ’ut
2515 2745 2740 2817 putatis,
2790 2745 2949 2800 Pater
2975 2753 3230 2816 operatus
3270 2753 3387 2810 est,
3436 2744 3528 2800 sed
3559 2758 3732 2812 usque

2153 2836 2313 2893 modo
2356 2846 2631 2907 operatur,
2680 2854 2786 2892 non
2832 2853 3027 2894 novum
3073 2846 3334 2893 creaturae
3373 2850 3546 2907 genus
3574 2834 3732 2889 insti—
3810 2901 3815 2904 ο

2154 2928 2372 2992 tuendo,
2401 2926 2496 2983 sed
2527 2942 2647 2997 quae
2676 2927 2728 2980 in
2755 2927 3017 2996 principio
3037 2934 3337 2985 creaverat.
3362 2939 3429 2979 ne
3451 2923 3739 2987 deficiant,

2151 3020 2518 3089 propagando.
2562 3016 2783 3089 (VIGIL.)
2817 3016 2881 3071 Et
2911 3017 3241 3089 ego,inquit,
3273 3031 3474 3086 operor,
3532 3015 3735 3070 subau—

2152 3109 2298 3164 ditur
2323 3123 2494 3179 usque
2519 3107 2711 3172 modo,
2727 3123 2945 3163 cumeo
2961 3114 3152 3162 cuncta
3176 3107 3487 3176 disponens,
3514 3119 3741 3175 regens,

2155 3199 2518 3255 accumulans.
2551 3199 2610 3253 In
2638 3200 2833 3268 quibus
2857 3197 3036 3253 verbis
3072 3195 3330 3267 aequalem
3355 3210 3414 3250 se
3441 3195 3550 3249 Deo
3576 3192 3729 3249 Patri

2151 3287 2585 3364 manifestissime
2610 3288 2960 3361 praedicavit:
2988 3286 3113 3356 quia
3134 3301 3359 3355 quorum
3387 3299 3491 3338 una
3514 3283 3731 3338 eadem-

2153 3397 2257 3451 que
2282 3382 2548 3452 Operatio,
2592 3381 2779 3451 procul
2811 3380 2971 3435 dubio
3000 3378 3223 3449 mqualis
3250 3386 3333 3433 est
3368 3385 3423 3431 et
3452 3376 3735 3446 majestas.

2152 3471 2258 3528 Per
2281 3474 2457 3543 ipsum
2483 3473 2649 3537 enim,
2679 3480 2738 3525 ut
2762 3471 2963 3526 dictum
2985 3481 3086 3534 est,
3123 3469 3264 3524 Deus
3293 3467 3455 3547 Pater
3479 3467 3596 3521 haec
3619 3481 3733 3520 om-

2152 3561 2241 3615 nia
2260 3559 2400 3615 bona
2429 3574 2642 3630 semper
2660 3566 2827 3622 creat,
2852 3567 2905 3612 et
2926 3566 3105 3611 creata
3130 3571 3195 3611 ac
3221 3557 3329 3611 suis
3355 3553 3735 3624 conspectibus

2152 3652 2332 3708 oblata
2361 3650 2691 3715 sanctificat,
2737 3657 2796 3703 ut
2839 3663 2958 3717 qute
2985 3655 3139 3704 erant
3180 3645 3405 3716 simplex
3432 3653 3680 3700 creatura
3703 3685 3719 3708 ,

2154 3745 2288 3798 liant
2330 3749 2699 3806 sacramenta;
2742 3728 2927 3808 sictpie
2960 3725 3346 3794 Sanctillcando
3371 3736 3641 3802 viviﬁcet,
3668 3744 3731 3790 ut

2155 3837 2263 3892 sint
2292 3834 2550 3907 mysteria
2579 3834 2703 3887 vita:
2722 3873 2737 3898 ,
2782 3815 3113 3901 insumatur
3138 3831 3192 3885 in
3222 3831 3301 3886 eis
3326 3830 3435 3884 vita
3454 3869 3469 3895 ,
3499 3828 3726 3883 ut.vita-

2152 3926 2259 3981 lem
2280 3924 2634 3981 substantiam
2656 3921 3039 3993 accipientibus
3063 3920 3489 3975 subministrent.
3515 3917 3735 3974 Sancti-

2156 4006 2365 4093 ﬁcando
2394 4024 2569 4071 autem
2611 4026 2665 4070 et
2705 4012 3021 4069 vivilicaudo
3066 4012 3406 4087 inell‘abiliter
3434 4011 3726 4073 benedicit,

2153 4108 2275 4176 quia
2297 4122 2358 4161 ea
2385 4106 2531 4160 omni
2561 4103 2928 4160 benedictione
2951 4103 3155 4158 cmlesti
3187 4111 3242 4157 et
3268 4101 3441 4173 gratia
3467 4116 3727 4156 accumu-

2152 4198 2247 4251 lat.
2293 4195 2368 4251 lta
2403 4209 2533 4250 vero
2564 4194 2921 4260 sanctiﬁcata,
2952 4204 3007 4248 et
3049 4192 3340 4258 vivilicata,
3369 4202 3423 4245 et
3445 4191 3739 4246 benedicta.

2152 4298 2370 4361 praestat
2405 4288 2563 4343 nobis
2608 4303 2706 4357 per
2744 4272 2989 4342 eumdem
3035 4301 3217 4341 secum
3256 4284 3460 4355 pariter
3488 4281 3728 4338 sanctifi-

2153 4391 2383 4444 cantem,
2416 4379 2771 4433 viviﬁcantem
2797 4387 2853 4432 et
2884 4377 3291 4433 benedicentem
3313 4416 3328 4441 ,
3353 4376 3445 4444 qui
3476 4375 3633 4429 nobis
3661 4375 3729 4428 de

2153 4486 2380 4541 corpore
2424 4480 2478 4525 et
2524 4469 2783 4540 sanguine
2829 4483 2928 4523 suo
2958 4467 3105 4522 dedit
3139 4475 3247 4521 tam
3288 4465 3555 4521 salubrem
3586 4464 3727 4524 relc-

2154 4562 2411 4617 ctionem.
2442 4559 2623 4632 (Auc.)
2660 4558 2984 4613 Mandueent
3020 4572 3149 4629 ergo
3176 4558 3265 4627 qui
3292 4556 3640 4618 manducant,
3673 4564 3735 4611 et.

2156 4653 2343 4706 bibant
2370 4652 2459 4720 ιιιιὶ
2489 4650 2697 4715 bibunt,
2722 4649 2963 4705 esuriant
2985 4658 3040 4703 et
3064 4646 3469 4712 sitiantﬂvitam
3497 4640 3728 4700 mandu-

2156 4749 2296 4807 cent,
2335 4743 2496 4795 vitam
2524 4740 2728 4795 bibant.
2759 4739 2889 4793 lllud
2918 4738 3265 4804 manducare,
3301 4735 3451 4792 reﬁci
3475 4745 3576 4791 est.
3621 4734 3729 4790 Sed

2156 4834 2236 4888 sic
2278 4831 2538 4895 reliceris,
2580 4837 2640 4884 ut
2676 4844 2781 4882 non
2829 4826 3043 4882 deﬁciat
3083 4827 3224 4882 unde
3280 4825 3540 4883 reficeris.
3594 4825 3726 4880 lllud

2154 4923 2337 4978 bibere
2364 4920 2489 4989 quid
2518 4930 2620 4983 est,
2668 4919 2770 4973 nisi
2795 4919 3018 4973 vivere?
3068 4917 3328 4973 Manduca
3356 4917 3555 4980 vitam,
3603 4916 3730 4971 bibo

2154 5014 2318 5067 vitam
2337 5055 2351 5077 ,
2382 5011 2606 5067 habebis
2634 5011 2797 5066 vitam
2817 5051 2832 5076 ,
2864 5020 2919 5066 et
2955 5010 3161 5081 integra
3190 5020 3274 5065 est
3294 5010 3419 5063 vita.
3456 5006 3604 5075 Tunc
3627 5023 3729 5059 att-

2158 5110 2262 5157 tem
2297 5103 2399 5157 hoc
2428 5101 2564 5165 erit,
2615 5101 2667 5155 id
2705 5109 2790 5155 est
2819 5100 2929 5154 vita
2968 5099 3252 5170 unicuique
3294 5098 3399 5153 erit
3441 5111 3637 5165 corpus
3673 5104 3737 5150 et

2157 5195 2375 5265 sanguis
2419 5193 2638 5253 Christi,
2686 5192 2728 5245 si
2776 5192 2917 5260 quod
2961 5191 3013 5244 in
3058 5202 3399 5245 sacramento
3442 5186 3732 5242 visibiliter

2156 5285 2405 5345 sumitur,
2455 5283 2509 5336 in
2557 5282 2670 5351 ipsa
2721 5282 2947 5334 veritate
2996 5281 3308 5350 Spiritaliter
3332 5278 3728 5361 ‘tanducetur,

2157 5372 2476 5443 spiritaliter
2503 5370 2739 5425 bibatur.

2228 5461 2314 5515 74.
2357 5459 2460 5514 Per
2491 5460 2664 5529 ipsum
2710 5475 2862 5530 ergo,
2902 5468 2962 5513 ut
3008 5459 3210 5514 dictum
3252 5465 3357 5520 cst,
3401 5454 3543 5509 Deus
3571 5454 3732 5509 Pater

2158 5556 2273 5609 hsce
2312 5552 2487 5609 omnia
2530 5554 2666 5607 bona
2695 5552 3080 5608 sanetilicando
3109 5558 3164 5606 et
3187 5549 3507 5604 vivitirando
3546 5545 3735 5601 inclia-

2159 5645 2340 5701 biliter
2379 5642 2642 5698 benedicil
2664 5682 2677 5708 ,
2724 5642 2846 5712 quia
2867 5657 2929 5696 ea
2958 5639 3100 5695 omni
3127 5637 3499 5695 benedictione
3525 5633 3739 5690 t‘mlrsti
