4050 6302
308 390 380 446 cs
907 346 912 350 ’
967 346 969 348 ’
1043 347 1060 354 ’
1495 381 1583 436 DE
1620 356 1904 434 stipes”

2003 376 2071 432 iE
2107 378 2350 434 MlSSxE.
3487 380 3559 436 66

306 515 366 560 et
390 503 564 575 gratia
589 501 892 556 accumulat
916 507 969 553 et
999 505 1269 569 praeparat
1288 495 1462 551 nobis.
1506 494 1607 548 Per
1635 495 1802 562 ipsum
1834 501 1877 544 et
1909 501 1956 555 Α
1985 493 2196 562 injustis
2234 493 2523 562 judicibus,
2569 493 2781 546 tacebat
2827 501 2881 546 et
2918 494 3108 547 orabat
3136 511 3149 546 :
3185 509 3246 547 os
3291 493 3406 558 ejus
3450 512 3556 549 non

307 609 427 648 cum
454 595 567 661 ipso
594 601 641 645 et
669 592 722 644 in
751 593 862 658 ipso
893 599 967 643 est
996 589 1104 642 Deo
1127 588 1280 641 Patri
1306 587 1663 651 omnipotenti,
1696 586 1746 636 in
1771 584 1888 646 uni,-

309 692 416 735 tate
446 681 676 751 Spiritus
705 678 872 733 sancti
896 694 1062 732 omnis
1089 677 1255 730 honor
1283 688 1330 729 et
1353 675 1541 744 gloria.
1577 671 1682 726 Per
1717 674 1885 742 ipsum

309 771 539 833 scilicet,
577 779 834 839 tanquam
865 784 961 836 per
986 782 1172 821 verum
1203 767 1553 819 mediatorem
1585 763 1677 816 Dei
1705 771 1759 816 et
1787 763 1885 814 ho-

310 860 552 925 minum;
591 876 710 913 cum
739 860 874 928 ipso,
906 867 1160 926 tanquam
1192 855 1482 924 cozequali;
1529 855 1582 907 in
1608 854 1740 921 ipso,
1772 861 1889 905 tan-

311 968 474 1022 quam
498 967 626 1006 vere
647 948 1110 1005 consubstantiali.
1147 946 1326 1001 Omnis
1355 960 1486 1000 vero
1507 944 1673 997 honor
1702 953 1746 996 et
1775 941 1887 1008 glo-

313 1043 396 1094 ria
421 1049 506 1096 est
532 1041 640 1094 Deo
669 1040 815 1094 Patri
837 1054 930 1108 per
951 1038 1166 1102 Filium,
1196 1045 1392 1092 etcum
1412 1035 1568 1098 Filio,
1597 1043 1652 1088 et
1673 1034 1729 1086 in
1754 1032 1890 1086 Filio

311 1131 369 1184 in
416 1131 622 1184 unitate
663 1127 896 1199 Spiritus
925 1128 1120 1189 sancti,
1161 1126 1287 1196 qui,
1334 1141 1401 1179 ex
1446 1124 1607 1178 Patre
1647 1122 1891 1190 Filioque

311 1221 630 1292 procedens,
661 1220 921 1274 unitatem
964 1218 1181 1272 deitatis
1206 1216 1453 1286 .possidet
1492 1229 1614 1269 cum
1653 1213 1812 1266 Patre
1838 1218 1894 1264 et

313 1309 476 1372 Filio,
527 1317 688 1377 atque
732 1308 851 1362 ideo
879 1306 1039 1370 simul
1068 1307 1325 1359 adoratur
1354 1312 1408 1357 et
1433 1301 1890 1372 congloriﬁcatur.

313 1399 624 1452 lnsinuatur
645 1398 698 1451 in
727 1397 887 1451 Patre
915 1397 1230 1458 auctoritas,
1275 1395 1330 1448 in
1366 1393 1500 1448 Filio
1535 1391 1808 1454 nativitas,
1838 1390 1892 1442 in

317 1489 522 1557 Spiritu
554 1499 741 1543 sancto
768 1488 946 1542 Patris
972 1487 1201 1556 Filiique
1223 1485 1604 1552 communitas,
1636 1483 1688 1537 in
1723 1481 1894 1535 tribus

314 1579 598 1648 aequalitas
618 1594 714 1649 per
737 1578 916 1632 omnia
943 1577 1135 1632 smcula
1148 1576 1486 1644 smculorum.
1508 1574 1634 1628 Hzec
1651 1581 1734 1626 est
1753 1571 1892 1640 quod

315 1669 508 1722 beatus
547 1667 712 1723 ludas
757 1668 1028 1738 apostolus
1075 1668 1126 1721 in
1168 1669 1271 1720 line
1302 1663 1550 1735 Epistolas
1595 1678 1706 1717 sua:
1751 1659 1897 1714 velut

316 1761 574 1815 distincte
604 1761 948 1832 designanter
976 1759 1215 1828 exponit,
1246 1757 1432 1811 dicens
1456 1771 1470 1809 :
1503 1751 1614 1807 Soli
1642 1751 1752 1804 Deo
1779 1749 1898 1805 Sal-

1989 588 2307 640 audiehatur
2328 585 2397 638 ab
2416 584 2740 649 hominibus,
2757 600 2853 639 cor
2870 585 2985 654 ejus
2997 582 3341 639 Clamabatad
3365 586 3554 639 Deum.

1989 678 2239 747 Nunquid
2281 678 2407 745 quia
2435 692 2534 729 vox
2581 676 2698 746 ejus
2727 692 2822 730 ore
2849 677 3090 745 corporis
3135 692 3240 730 non
3272 678 3558 744 processit,

1987 778 2270 837 propterea
2300 765 2542 820 exaudiri
2575 780 2679 818 non
2721 764 2958 818 meruit?
3004 763 3270 818 Exaudita
3318 773 3400 817 est
3444 763 3557 827 illa,

1989 859 2082 912 sed
2105 857 2321 924 quando
2346 855 2542 918 oravit,
2580 870 2738 908 nemo
2761 855 3035 909 hominum
3065 854 3240 908 scivit.
3272 853 3410 920 Orat
3432 868 3562 921 ergo

1991 947 2242 1001 sacerdos
2289 944 2448 998 simul
2493 959 2615 998 cum
2644 943 2912 1008 Ecclesia,
2958 958 3250 997 conversus
3277 943 3343 996 ad
3377 943 3561 996 Domi-

1991 1052 2140 1100 num,
2166 1044 2220 1088 et
2243 1034 2373 1087 dicit
2399 1047 2413 1086 :
2449 1029 2728 1101 Pra’ceptis
2749 1033 3068 1086 salutaribus
3089 1034 3291 1096 moniti,
3315 1041 3418 1087 etc.
3454 1031 3564 1088 Hoc

1990 1127 2174 1196 itaque
2218 1125 2374 1178 nobis
2420 1138 2581 1193 super
2607 1124 2786 1177 omnia
2836 1124 3072 1178 salutare
3093 1133 3205 1186 est,
3240 1125 3380 1193 quod
3411 1123 3565 1178 nobis

1990 1227 2200 1274 tantam
2226 1217 2451 1288 gratiam
2477 1231 2574 1284 per
2603 1214 2946 1284 Unigenitum
2979 1231 3132 1269 suum
3167 1215 3393 1268 contulit
3423 1216 3564 1270 Deus

1994 1308 2172 1373 Pater,
2203 1316 2259 1360 ut
2304 1315 2508 1361 tantam
2540 1306 2835 1359 bonitatem
2871 1307 3169 1374 cogitantes
3203 1313 3258 1358 et
3298 1315 3564 1370 amantes,

1995 1403 2075 1457 sic
2098 1417 2352 1472 agamus,
2384 1409 2443 1454 ut
2485 1414 2590 1453 non
2613 1399 2726 1469 jam
2759 1398 2852 1452 ﬁlii
2880 1398 3088 1462 saeculi,
3129 1401 3221 1452 sed
3253 1399 3342 1452 Dei
3372 1397 3563 1454 simus.

1995 1492 2288 1560 Prmceplis
2334 1505 2464 1559 ergo
2490 1488 2814 1542 salutaribus
2843 1485 3004 1555 jussi,
3047 1495 3102 1540 et
3142 1486 3319 1540 divina
3355 1487 3568 1540 institu-

1997 1582 2143 1636 tione
2189 1580 2427 1643 formati,
2474 1594 2578 1632 non
2621 1577 3054 1647 pnesumptionis
3100 1577 3424 1642 temeritate,
3474 1577 3568 1631 sed

1997 1670 2315 1725 obedientim
2340 1669 2537 1736 pietate
2560 1667 2936 1735 prtesumimus
2961 1667 3142 1719 dicere
3172 1666 3320 1718 Deo:

2071 1764 2158 1817 76.
2201 1760 2362 1814 Pater
2391 1772 2584 1824 noster,
2622 1760 2712 1829 qui
2733 1776 2785 1812 es
2812 1761 2865 1812 in
2892 1758 3050 1820 calls,
3075 1767 3179 1812 etc.
3212 1758 3518 1814 Orationem
3540 1763 3568 1799 δ

317 1853 486 1905 ναιοινί
513 1861 688 1905 nostra
715 1867 808 1920 per
841 1850 1122 1904 Dominum
1157 1857 1391 1901 nostrum
1423 1845 1602 1898 Jesum
1630 1841 1893 1896 Christum

2003 1855 2228 1910 dicimus
2260 1853 2589 1908 Dominicam
2631 1853 2699 1904 ad
2745 1861 2982 1904 nostram
3015 1851 3382 1918 proﬁcientem
3423 1851 3568 1904 salu-

316 1937 508 2008 gloria,
549 1939 954 2009 magniﬁcentia,
990 1937 1264 2007 imperium
1289 1947 1335 1989 et
1358 1944 1584 2004 potestas
1606 1941 1726 1985 ante
1746 1945 1897 1983 omne

317 2028 569 2082 arculum
595 2070 610 2094 ,
655 2040 702 2083 et
729 2047 886 2093 nunc,
936 2039 982 2082 et
1025 2029 1082 2082 in
1121 2027 1295 2080 omnia
1345 2023 1543 2080 stecula
1585 2022 1897 2078 sucularum

318 2120 470 2188 (Iud.
503 2121 654 2189 xxv).
691 2119 868 2190 Coepit
894 2121 1035 2174 enim
1079 2118 1331 2173 smculum
1353 2158 1371 2181 ,
1404 2117 1455 2170 id
1484 2125 1566 2170 cst
1593 2111 1899 2182 temporalis

319 2212 653 2266 nuitabilitas
695 2228 727 2265 a
761 2212 1068 2266 conditione
1102 2219 1404 2265 creatura):
1436 2215 1664 2262 currunt
1705 2204 1899 2260 saecula

318 2295 630 2372 praesentia,
660 2301 994 2355 mutabilium
1023 2315 1202 2353 rerum
1225 2312 1387 2352 cursu
1418 2295 1680 2357 labentia;
1707 2307 1898 2346 succe-

320 2393 454 2445 dent
482 2407 609 2445 vero
639 2391 834 2446 smcula
863 2391 1062 2454 futura,
1095 2386 1517 2444 incommutabili
1547 2399 1725 2440 rerum
1757 2391 1900 2437 statu

317 2484 649 2538 :etcrnaliter
679 2482 1070 2553 permanentia.
1103 2479 1303 2534 Verum
1327 2479 1451 2548 quia
1480 2479 1596 2532 lucc
1629 2475 1810 2531 omnia
1844 2475 1900 2528 in

318 2589 523 2631 :eterna
571 2579 664 2632 Dei
709 2578 993 2648 sapientia,
1035 2577 1152 2631 sine
1197 2575 1305 2629 ullo
1351 2574 1571 2628 omnino
1617 2571 1770 2625 initio
1818 2569 1903 2625 vel

321 2668 678 2722 tnutabilitate
695 2668 798 2720 ﬁxa
825 2676 948 2723 sunt
975 2686 986 2719 :
1012 2667 1158 2736 quia,
1182 2676 1243 2720 ut
1267 2663 1632 2733 inEvangelio
1652 2662 1899 2730 legimus,

319 2761 461 2829 quod
504 2759 699 2826 factum
725 2769 804 2812 est
849 2760 902 2810 in
945 2759 1056 2828 ipso
1093 2759 1197 2810 vita
1233 2766 1342 2810 erat
1380 2754 1564 2819 (Jonn.
1589 2769 1632 2816 t,
1660 2752 1739 2821 ὅ),
1767 2753 1902 2804 bene

321 2849 698 2918 intelliguntur
736 2851 806 2903 ita
848 2848 954 2902 dici
1003 2848 1196 2903 szecula
1242 2846 1593 2907 szcculorum,
1649 2854 1901 2911 tanquam

319 2939 518 2993 Saecula
565 2941 618 2993 in
658 2939 921 3008 sapientia
968 2939 1064 2992 Dei
1104 2938 1419 2991 inconcussa
1454 2933 1749 2989 stabilitate
1789 2947 1903 2985 ma-

324 3030 531 3092 nentia,
570 3029 794 3083 istorum
821 3043 939 3096 qua:
963 3042 1087 3082 cum
1111 3035 1347 3096 tempore
1371 3032 1648 3078 transeunt
1668 3021 1902 3076 elﬁcieu-

331 3122 405 3174 tia
436 3121 775 3176 saeculorum.
803 3121 909 3174 Aut
937 3128 1082 3174 certe
1109 3118 1424 3188 simpliciter
1449 3113 1758 3184 accipienda
1777 3122 1903 3167 sunt

324 3213 520 3267 saecula
560 3213 913 3275 sxeculorum,
961 3210 1045 3265 vel
1073 3219 1132 3264 ut
1171 3209 1551 3277 consequentia
1593 3205 1900 3276 praeceden—

328 3306 487 3369 tium,
510 3305 594 3358 vel
624 3314 684 3359 ut
703 3305 1011 3359 continuata
1043 3303 1145 3358 sibi
1167 3301 1539 3356 commistione
1565 3297 1903 3366 copulentur,

327 3410 450 3463 quae
469 3394 804 3464 appellantur
824 3392 1016 3448 s:ecula
1043 3391 1384 3454 seculorum,
1409 3389 1582 3444 donec
1613 3397 1780 3442 totum
1805 3403 1903 3456 po-

328 3498 453 3543 tens
471 3487 747 3552 seculum,
761 3487 903 3556 quod
925 3500 992 3540 ex
1013 3485 1348 3538 diversorum
1371 3492 1671 3550 temporum
1697 3479 1908 3532 saeculis

326 3587 703 3640 contexerunt,
731 3578 1006 3647 perveniat
1027 3578 1091 3630 ad
1115 3577 1297 3638 ﬁnem,
1315 3584 1370 3628 et
1395 3573 1648 3628 succedat
1667 3571 1907 3625 futurum

329 3667 615 3730 smculum,
660 3667 802 3734 quod
834 3681 937 3718 non
969 3665 1129 3719 habet
1149 3663 1333 3725 ﬁnem,
1364 3663 1453 3716 ubi
1477 3661 1618 3716 Deus
1644 3660 1911 3714 videbitur

326 3767 388 3811 et
412 3758 717 3812 laudabitur
741 3758 858 3812 sine
900 3757 1024 3810 ﬁne.
1074 3755 1238 3808 Amen
1277 3763 1459 3808 autem
1490 3754 1632 3822 quod
1669 3753 1737 3806 ab
1761 3751 1909 3806 omni

331 3849 576 3903 Ecclesia
604 3849 972 3917 respondetur,
998 3847 1380 3915 interpretatur
1405 3858 1624 3907 verum,
1654 3857 1760 3896 non
1793 3841 1912 3894 ubi-

330 3954 548 4008 cunque
583 3948 638 3992 et
666 3937 1170 4007 quomodocunque,
1213 3934 1306 3989 sed
1352 3932 1580 4003 mystica
1628 3929 1907 4001 religione.

335 4028 527 4098 (Auo.)
563 4027 676 4081 Hoc
706 4040 834 4096 ergo
861 4025 925 4078 ad
951 4023 1085 4077 tanti
1132 4022 1374 4094 mysterii
1414 4019 1908 4082 consecrationem,

334 4119 478 4172 sicut
504 4126 559 4171 et
598 4117 650 4170 in
683 4115 828 4170 omni
871 4113 1108 4182 legitima
1137 4112 1384 4167 oratione
1413 4109 1737 4179 respondent
1775 4107 1910 4162 ﬁde-

333 4210 448 4272 les,
491 4221 548 4262 et
592 4206 962 4277 respondendo
1005 4205 1369 4260 subscribunt.
1437 4202 1693 4274 Adjungit
1730 4209 1912 4255 autem

333 4303 514 4356 adhuc
541 4300 796 4356 sacerdos
819 4311 875 4354 et
899 4299 1068 4354 dicit:
1097 4296 1342 4352 Oremus.

407 4391 496 4446 75.
536 4389 820 4460 Praceptis
841 4389 1163 4444 salutaribus
1185 4389 1384 4451 moniti,
1408 4397 1514 4443 etc.
1542 4387 1768 4457 Dignum
1790 4401 1915 4455 pro-

337 4483 484 4537 fecto
513 4482 611 4536 fuit
639 4492 697 4535 ut
736 4491 844 4536 tota
873 4482 988 4535 haec
1016 4491 1126 4534 tam
1166 4490 1512 4536 sacrosancta
1548 4489 1693 4534 actio
1729 4478 1913 4532 Domi-

337 4575 460 4627 nica
487 4572 777 4628 Orationes
800 4571 1229 4633 concluderetur,
1262 4579 1317 4623 et
1344 4569 1628 4640 petitiones
1652 4566 1909 4630 ﬁdelium,

336 4679 475 4734 quas
514 4663 600 4718 vel
648 4672 864 4732 propter
903 4661 1173 4726 futuram,
1216 4661 1300 4715 vel
1340 4671 1560 4731 propter
1590 4668 1910 4729 praesentem

338 4755 504 4808 vitam
547 4768 645 4808 nos
684 4753 937 4807 Dominus
975 4751 1185 4814 docuit,
1231 4765 1327 4821 per
1363 4751 1610 4806 eamdem
1643 4735 1911 4819 passionis

338 4846 457 4916 ejus
490 4845 1057 4900 commemorationem
1085 4842 1354 4898 eJIlcacius
1382 4843 1906 4897 commendarentur.

338 4937 677 4990 Admonetur
700 4949 828 5003 ergo
853 4943 960 4987 tota
990 4932 1248 4995 Ecclesia,
1275 4942 1331 4987 et
1354 4933 1551 4986 dicitur
1578 4947 1607 4984 a
1631 4930 1912 4992 sacerdote

341 5025 586 5087 Oremus,
617 5035 671 5080 et
698 5035 820 5080 orat
843 5024 1081 5079 Ecclesia
1106 5038 1232 5077 cum
1269 5023 1570 5085 sacerdote,
1614 5036 1721 5074 non
1757 5035 1908 5082 voce,

341 5121 436 5174 sed
464 5119 626 5174 corde
653 5136 666 5171 :
699 5117 836 5172 labia
863 5115 1042 5170 clausa
1071 5122 1215 5176 sunt,
1257 5113 1349 5167 sed
1373 5119 1518 5180 patet
1539 5110 1868 5164 conscientia
1895 5127 1908 5162 :

342 5208 614 5264 silentium
657 5217 758 5271 est,
801 5205 997 5259 clamat
1035 5213 1244 5273 pectus,
1283 5202 1375 5256 sed
1403 5200 1623 5254 auribus
1653 5199 1741 5253 ille
1765 5199 1914 5253 audit

333 5299 434 5369 ,qui
466 5299 774 5354 miseretur.
806 5297 944 5351 Nam
970 5304 1025 5351 et
1049 5294 1298 5349 Susanna
1323 5294 1448 5348 dum
1475 5293 1823 5346 damnaretur
1848 5290 1915 5344 ab

685 5401 714 5440 ὅ

419 5485 445 5513 ι
485 5489 576 5528 etc
599 5487 655 5526 δ.
685 5479 1033 5541 nugustmus,
1055 5483 1219 5523 serm.
1240 5467 1369 5541 A227,
1395 5468 1461 5520 ad
1477 5465 1722 5541 infantes
1747 5481 1761 5518 :
1786 5462 1920 5541 Ecce
1995 5505 1998 5508 .

335 5543 434 5595 “ubi
457 5553 530 5596 est
560 5533 1168 5610 peractavsanctiﬁcatio,
1215 5539 1436 5610 (licinius
1466 5535 1768 5610 Orationem
1806 5533 1914 5585 Do-

348 5605 614 5672 minicam,
643 5627 797 5680 quam
825 5605 1104 5680 accepistis
1123 5617 1170 5659 et
1215 5606 1547 5680 reddidistis:
1583 5605 1708 5680 Post
1751 5605 1918 5680 ipsam

348 5683 542 5734 dicitur
564 5672 672 5735 Pati
695 5681 868 5743 vobis,
890 5672 1264 5732 et'osculnnmr
1282 5691 1335 5728 se
1355 5676 1638 5728 Christiani
1669 5676 1720 5726 in
1744 5672 1918 5725 osculo

348 5763 526 5804 sancta

1937 4530 1990 4590 D

1989 1959 2106 2003 tem
2135 1987 2150 2011 ,
2193 1961 2297 2015 qua
2328 1960 2426 1998 nos
2457 1943 2765 2012 unigenitus
2795 1941 2964 1995 Filius
2983 1955 3084 2009 per
3113 1942 3387 1994 lavacrum
3415 1956 3571 2010 rege~

1999 2037 2295 2094 nerationis
2342 2043 2396 2088 et
2441 2033 2687 2102 spiritum
2735 2031 3066 2098 adoptionis,
3115 2029 3210 2084 Dei
3263 2029 3401 2084 ﬁlios
3447 2044 3569 2084 esse

2000 2132 2180 2186 dicere
2208 2127 2445 2190 monuit,
2493 2121 2892 2192 dicerejussit;
2930 2130 2985 2177 et
3030 2138 3135 2175 non
3170 2121 3428 2184 humana,
3475 2121 3570 2175 sed

1999 2223 2181 2279 divina
2209 2219 2544 2275 institutione
2569 2216 2682 2284 ipse
2713 2215 2867 2268 nobis
2891 2213 3080 2272 orandi
3107 2211 3331 2266 formam
3365 2211 3571 2274 tribuit,

1996 2322 2062 2367 ut
2105 2312 2214 2364 Deo
2257 2311 2550 2362 audeamus
2577 2305 2797 2358 dicere:
2851 2302 3014 2357 Pater
3057 2311 3248 2363 noster,
3290 2301 3380 2370 qui
3418 2317 3471 2354 es
3519 2300 3575 2352 in

2001 2401 2160 2454 caelis.
2190 2396 2370 2468 (Auc.)
2402 2395 2684 2449 Credimus
2711 2407 2840 2447 vero
2867 2391 3064 2459 ubique
3085 2403 3203 2445 esse
3221 2389 3384 2443 Deum
3409 2398 3462 2442 et
3487 2388 3574 2442 di—

2002 2491 2246 2547 vinitatis
2271 2487 2632 2560 praesentiam,
2649 2485 2743 2539 sed
2766 2499 2870 2538 non
2894 2483 3090 2552 ubique
3108 2497 3205 2552 per
3226 2481 3576 2536 habitationis

2001 2587 2251 2658 gratiam.
2287 2581 2511 2650 Propter
2536 2578 2675 2633 hanc
2695 2591 2830 2647 ergo
2866 2575 3311 2629 inhabitationem
3340 2574 3428 2628 ubi
3459 2589 3578 2643 gra-

2003 2679 2075 2731 tia
2119 2677 2235 2745 ejus
2264 2670 2566 2727 dilectionis
2595 2667 2927 2738 agnoscitur,
2959 2681 3068 2719 non
3115 2664 3342 2719 dicimus
3368 2679 3382 2716 :
3414 2662 3575 2718 Pater

2002 2771 2207 2825 noster,
2254 2761 2345 2828 qui
2392 2775 2451 2812 es
2493 2757 2711 2824 ubique,
2739 2769 2862 2808 cum
2888 2762 2944 2808 et
2982 2754 3084 2806 hoc
3105 2767 3297 2806 verum
3324 2750 3430 2813 sit;
3480 2750 3574 2804 sed

2004 2854 2168 2908 Pater
2192 2862 2386 2915 noster,
2417 2851 2505 2921 qui
2531 2865 2584 2902 es
2622 2849 2678 2902 in
2701 2847 2861 2909 catis,
2887 2856 2947 2901 ut
2979 2845 3232 2914 templum
3256 2843 3371 2912 ejus
3397 2843 3576 2912 potius

2005 2947 2059 3001 in
2089 2945 2346 3003 Oratione
2367 2954 2874 3004 commemorcmus,
2914 2938 3057 3008 quod
3085 2947 3140 2994 et
3170 2952 3268 2990 nos
3295 2951 3462 2990 nosse.
3484 2936 3577 2991 de-

2004 3041 2212 3096 bemus.
2247 3032 2650 3109 (Savannas)
2682 3032 2746 3086 Et
2773 3032 2824 3085 in
2854 3038 3112 3100 quantum
3143 3042 3348 3091 sumus,
3374 3027 3427 3081 in
3459 3037 3574 3080 tan-

2012 3140 2121 3185 tum
2146 3130 2213 3182 ad
2239 3127 2355 3195 ejus
2377 3125 2689 3180 societatem
2723 3131 2778 3177 et
2800 3120 3106 3191 adoptionis
3128 3119 3383 3172 familiam
3414 3117 3580 3188 perti-

2010 3236 2216 3276 nemus.
2267 3218 2375 3272 Nec
2418 3233 2476 3271 se
2505 3215 2670 3269 Filius
2710 3213 2764 3266 in
2803 3213 2905 3266 hac
2929 3211 3188 3266 Oratione
3212 3207 3583 3278 prmtermisit,‘

2006 3315 2101 3368 sed
2150 3313 2203 3365 in
2247 3309 2422 3364 Patris
2465 3307 2672 3360 unitate
2713 3303 3008 3373 conjunxit,
3041 3303 3133 3370 qui
3162 3309 3218 3355 et
3248 3301 3301 3353 in
3332 3298 3491 3353 Patre
3518 3313 3578 3353 se

2007 3398 2352 3467 orarijussit.
2403 3396 2537 3452 Cum
2573 3395 2718 3450 enim
2764 3393 2980 3447 Patrem
3009 3405 3189 3461 rogas,
3233 3388 3354 3442 Filii
3382 3402 3579 3442 nomen

2010 3492 2285 3562 imploras.

2078 3583 2165 3637 77.
2205 3579 2576 3648 Sanctiﬁcatur
2598 3593 2782 3630 nomen
2807 3584 2976 3628 tuum.
3006 3572 3123 3629 Non
3148 3571 3292 3642 quod
3333 3578 3581 3640 optemus

2009 3675 2120 3729 Deo
2158 3682 2219 3726 ut
2262 3669 2628 3725 sanctiﬁcetur
2666 3665 3000 3720 orationibus
3039 3661 3258 3726 nostris,
3303 3661 3396 3715 sed
3437 3657 3583 3727 quod

1991 3774 2256 3833 petamus
2282 3778 2310 3814 a
2343 3760 2453 3814 Deo
2479 3768 2539 3811 ut
2567 3771 2761 3810 nomen
2789 3753 2906 3822 ejus
2931 3753 3298 3808 sanctiﬁeetur
3323 3751 3377 3804 in
3405 3749 3580 3803 nobis.

2009 3856 2276 3909 Caeterum
2313 3866 2343 3904 a
2371 3864 2477 3918 quo
2515 3847 2655 3900 Deus
2685 3843 3058 3900 sanetiﬁcatur
3083 3841 3176 3910 qui
3206 3842 3319 3909 ipse
3344 3838 3584 3893 sanctiﬁ-

2010 3947 2136 4001 cat?
2177 3944 2272 3999 sed
2318 3943 2429 4012 ipse
2456 3940 2586 3994 dicit
2615 3955 2630 3992 :
2676 3937 2860 3992 Sancti
2885 3944 3066 3998 estote,
3107 3933 3231 4002 quia
3255 3949 3346 4001 ego
3371 3941 3584 3985 sanctus

2003 4025 2128 4092 sum
2154 4034 2337 4106 (Leuit.
2371 4047 2452 4095 XI,
2475 4029 2588 4099 44).
2630 4028 2741 4083 Iloc
2762 4027 2996 4098 petimus
3023 4033 3078 4080 et
3108 4038 3360 4094 rogamus
3387 4030 3466 4086 ut,
3487 4021 3583 4090 qui

2013 4129 2066 4184 in
2097 4125 2364 4196 baptismo
2399 4119 2713 4177 sanctiﬁcati
2744 4131 2951 4182 sumus,
2981 4115 3035 4169 in
3066 4129 3130 4170 eo
3154 4113 3298 4183 quod
3328 4125 3450 4166 esse
3478 4125 3588 4165 caa-

2010 4219 2190 4291 pimus
2216 4225 2641 4286 perseveremus.
2689 4209 3060 4263 Admonemur
3088 4205 3249 4260 etiam
3266 4203 3583 4258 desiderare

2014 4318 2074 4364 ut
2092 4321 2286 4363 nomen
2307 4303 2448 4373 ejus,
2469 4301 2612 4372 quod
2634 4297 2846 4368 semper
2873 4307 3116 4351 sanctum
3135 4303 3240 4357 est,
3262 4293 3425 4348 etiam
3446 4291 3585 4360 apud

2013 4397 2260 4453 homines
2289 4402 2533 4448 sanctum
2575 4390 2854 4449 habeatur,
2900 4386 3004 4440 hoc
3031 4394 3113 4439 est
3141 4399 3245 4437 non
3275 4391 3586 4438 contemna-

2016 4499 2136 4550 tur;
2163 4483 2304 4554 quod
2328 4498 2434 4537 non
2464 4481 2574 4534 Deo
2596 4479 2689 4534 sed
2713 4475 3022 4532 hominibus
3044 4473 3283 4544 prodest.

2086 4577 2173 4630 78.
2199 4571 2449 4627 Adveniet
2490 4583 2705 4638 regnum
2741 4575 2908 4619 tuum.
2942 4563 3053 4616 Hac
3080 4560 3337 4630 petitione
3379 4557 3586 4610 deside-

2016 4666 2156 4721 rium
2193 4671 2435 4717 nostrum
2483 4658 2549 4711 ad
2602 4657 2840 4710 futurum
2891 4665 3110 4721 regnum
3157 4647 3482 4707 excitamus,
3529 4656 3588 4700 ut

2015 4754 2172 4810 nobis
2205 4751 2406 4812 veniat,
2441 4756 2602 4816 atque
2629 4746 2682 4798 in
2707 4759 2772 4798 eo
2799 4755 3024 4812 regnare
3064 4751 3396 4800 mereamur;
3425 4734 3478 4789 id
3505 4746 3589 4790 est

2017 4853 2077 4898 ut
2098 4844 2278 4897 veniat
2310 4850 2365 4894 et
2409 4838 2590 4897 nobis,
2621 4835 2763 4905 quod
2789 4844 2909 4885 esse
2931 4837 3213 4884 venturum
3243 4841 3348 4880 non
3379 4825 3589 4880 dubita-

2017 4951 2136 4990 mus
2168 4933 2417 4988 omnibus
2449 4928 2683 4991 sanctis,
2713 4924 2765 4978 id
2791 4931 2873 4978 est
2908 4934 2967 4975 ut
2991 4934 3213 4990 regnum
3240 4917 3588 4986 ejus‘merea-

2019 5041 2142 5081 mur
2165 5036 2477 5095 agnoscere.
3185 5049 3187 5052 ‹
3561 5024 3564 5030 ’

2088 5115 2156 5169 79
2181 5113 2305 5166 Fiat
2337 5111 2571 5166 voluntas
2600 5117 2690 5160 tua
2718 5106 2852 5159 sicut
2879 5103 2934 5156 in
2965 5100 3090 5155 coelo
3119 5111 3165 5154 et
3195 5101 3250 5153 in
3287 5108 3447 5151 terra.
3482 5095 3600 5150 Non

2020 5215 2079 5259 ut
2105 5206 2245 5259 Deus
2272 5201 2436 5256 faciat
2463 5197 2605 5268 quod
2637 5210 2740 5250 non
2769 5194 2912 5258 vult;
2959 5193 3052 5248 sed
3095 5201 3156 5245 ut
3197 5190 3378 5246 facere
3419 5189 3602 5258 possi-

2023 5311 2143 5350 mus
2177 5292 2488 5402 quod.Deus
2543 5287 2682 5352 vult,
2712 5293 2798 5351 ut,
2830 5285 2970 5340 sicut
2989 5283 3164 5354 angeli
3189 5281 3394 5344 sancti,
3424 5280 3498 5334 ita
3547 5288 3602 5332 ct

2096 5472 2124 5511 ιι
2161 5470 2404 5536 Quatuor
2452 5465 2509 5520 S.
2536 5464 2842 5536 Augustini
2893 5458 3478 5536 sermones‘babemtis
3503 5457 3592 5536 _a_d

2023 5527 2390 5609 compEtcntes
2412 5537 2476 5590 de
2520 5527 2772 5609 Oratione
2804 5534 3100 5609 Dominica,
3117 5530 3340 5609 scilicet"
3371 5528 3460 5609 iiii,

2024 5595 2092 5666 58
2121 5595 2283 5668 e159,
2306 5607 2546 5674 duosque
2567 5606 2705 5659 inter
2726 5600 3179 5674 suipposititiosﬁi
3201 5610 3256 5654 et
3277 5598 3365 5663 65,
3389 5597 3441 5651 in
3468 5595 3590 5666 qui-

2025 5683 2126 5735 bus
2152 5679 2392 5732 doctrina
2421 5670 2507 5731 bic
2534 5675 2772 5744 exposita
2792 5670 2975 5725 iusius
3002 5670 3248 5724 traditur.

3238 5834 3268 5856 Ι
