4050 6302
507 360 574 451 ετ
1623 378 1822 435 FLORI
1869 378 2142 434 DIACONI
2182 378 2666 438 LUGDUNENSIS
3006 342 3027 348 Vh
3715 382 3785 451 os

511 497 620 544 nos
649 490 907 545 faciamus
939 478 1063 559 ejus
1083 492 1427 545 voluntatem.
1473 490 1760 542 l‘nssntnns
1792 491 1955 542 etiam
1996 504 2090 556 per
2120 495 2163 552 Λ
2194 490 2337 551 ritis,
2381 507 2470 544 nec
2503 492 2641 544 Deus
2681 493 2900 547 dimittet
2942 496 3084 549 vobis
3127 495 3317 551 delicta
3359 509 3526 554 vestra
3565 503 3778 571 (Matth.

519 577 714 631 caelum
760 588 815 633 et
858 588 1052 634 terram
1099 579 1397 649 intelligere
1442 579 1688 647 spiritum
1733 587 1788 631 et
1833 584 2092 632 carnetn':

519 669 771 737 quoniam
799 671 1020 740 spiritus
1044 685 1074 724 e
1103 672 1238 725 caelo
1256 711 1269 734 ,
1297 686 1422 724 caro
1449 686 1479 723 e
1507 681 1647 723 terra
1674 685 1794 724 esse
1821 669 2096 742 cognosci-

523 771 633 815 tur.
665 759 769 817 Sed
795 765 1013 833 spiritus
1040 763 1279 818 cmlestia
1315 763 1537 831 qumrit,
1569 777 1696 815 caro
1725 771 1936 816 terrena
1967 776 2096 815 con-

519 849 771 920 ‘cnpiscit,
797 861 850 906 et
873 853 991 906 ideo
1016 854 1244 922 petimus
1268 862 1327 906 ut
1357 852 1682 906 voluntatem
1720 852 1814 906 Dei
1859 852 1942 906 liis
1967 853 2097 906 duo-

518 937 620 992 bus
651 941 1102 996 concordantibus
1128 942 1407 996 faciamus.
1449 943 1633 996 Potest
1660 951 1714 996 et
1741 943 1819 996 sic
1849 943 2093 1012 intelligi,

517 1031 581 1084 ut
605 1045 702 1100 pro
733 1033 1054 1098 inﬁdelibus,
1089 1033 1179 1103 qui
1209 1043 1336 1088 sunt
1367 1033 1542 1088 adhuc
1568 1034 1620 1088 in
1647 1043 1812 1097 terra,
1837 1035 2097 1088 orare’in-

515 1119 826 1190 telligantur
866 1121 1050 1176 ﬁdeles
1079 1123 1170 1191 qui
1205 1122 1325 1176 fidei
1358 1123 1498 1176 dono
1535 1122 1658 1176 εαξη
1685 1130 2091 1191 nuncupantur;

515 1215 580 1261 ut
607 1209 749 1262 circa
771 1209 890 1264 illos
912 1209 1155 1266 voluntas
1177 1212 1266 1265 Dei
1289 1212 1399 1273 ﬁat,
1417 1214 1483 1266 ad
1509 1212 1679 1281 ipsum
1701 1213 2091 1275 convertendo;

516 1304 578 1349 ut
607 1304 746 1350 terra
773 1297 1012 1352 imitetur
1035 1301 1253 1364 coelum,
1283 1309 1337 1354 et
1366 1301 1526 1355 homo
1553 1301 1801 1371 angelum
1822 1340 1837 1365 ,
1866 1300 2095 1356 infidelis

516 1384 749 1440 ﬁdelem.
778 1387 854 1442 Ac
879 1403 976 1458 per
1007 1391 1108 1444 hoc
1135 1405 1353 1444 oramus
1379 1399 1433 1445 et
1461 1392 1724 1460 petimus,
1775 1399 1833 1444 ut
1877 1404 2093 1461 precem

509 1489 614 1544 pro
637 1477 877 1532 omnium
913 1478 1085 1535 salute
1113 1479 1392 1535 faciamus.
1705 1496 1709 1500 ‘

583 1564 675 1621 80.
705 1565 905 1621 Panem
946 1579 1179 1622 nostrum
1215 1571 1579 1640 quotidianum
1617 1586 1686 1622 aa
1729 1570 1876 1624 nobis
1915 1571 2091 1625 hodie.

515 1653 636 1720 Qua
663 1653 922 1724 petitione
959 1666 1142 1712 nostra
1173 1657 1544 1713 sufficientiam
1585 1660 1880 1730 quotidiani
1921 1661 2093 1716 victus

515 1743 779 1812 petimus;
800 1746 1013 1801 nomine
1031 1748 1193 1816 panis
1221 1757 1391 1803 totum
1422 1749 1805 1819 signiﬁcantes,
1835 1750 2090 1819 quoniam

2201 595 2275 641 vt,
2301 580 2409 650 M).

2267 663 2356 725 82'.
2389 671 2454 724 Et
2486 690 2547 726 ne
2577 691 2668 727 nos
2703 676 2924 732 inducas
2952 679 3005 731 in
3049 682 3402 736 tentationem.
3435 682 3675 741 Petimus
3713 703 3782 745 ne

2197 761 2396 815 deserti
2437 760 2552 830 ejus
2605 764 2900 834 adjutorio,
2953 768 3110 824 alieni
3159 785 3337 839 prava:
3381 775 3665 830 tentationi
3696 777 3781 831 vel

2198 851 2596 906 consentiamus
2636 853 2875 922 decepti,
2919 856 3002 910 vel
3048 857 3302 913 cedamus
3348 859 3549 916 amicti.
3575 863 3689 930 Qua
3724 865 3779 920 in

2196 952 2262 1007 pa
2275 949 2352 993 rte
2376 942 2676 996 ostenditur
2704 944 2836 998 nihil
2861 955 3050 1000 contra
3077 963 3175 1002 nos
3199 949 3566 1006 adversarium
3590 969 3777 1023 posse,

2198 1029 2299 1083 nisi
2331 1030 2474 1084 Deus
2503 1041 2628 1086 ante
2652 1034 2980 1102 permiserit,
3007 1044 3060 1091 et
3083 1037 3284 1094 ideirco
3315 1041 3650 1110 postulamus
3693 1055 3777 1107 ut.

2195 1119 2312 1189 ejus
2334 1120 2602 1190 adjutorio
2626 1121 2768 1188 fulti,
2794 1124 2868 1178 ita
2899 1140 3213 1183 maneamus
3241 1129 3427 1197 vincti,
3455 1139 3515 1186 ut
3536 1133 3602 1187 ab
3624 1134 3780 1188 hoste

2210 1209 2445 1280 maligno
2475 1226 2581 1265 non
2612 1211 2963 1280 subjiciamur
2985 1217 3183 1270 tentati
3217 1233 3231 1269 :

2266 1297 2354 1353 85.
2387 1299 2490 1353 Sed
2518 1300 2680 1354 libera
2705 1317 2797 1356 nos
2825 1319 2859 1356 a
2890 1302 3051 1357 malo.
3071 1303 3187 1359 'Hic
3229 1305 3583 1362 admonemur
3623 1309 3776 1380 cogi-

2199 1395 2320 1445 tare
2364 1392 2599 1446 nondum
2630 1408 2728 1448 nos
2771 1409 2892 1450 esse
2936 1395 2990 1450 in
3034 1411 3100 1452 eo
3128 1398 3268 1452 bono
3316 1399 3371 1453 in
3420 1416 3528 1471 quo
3567 1403 3778 1456 nullum

2193 1480 2464 1550 patiamur
2486 1481 2706 1538 malum.
2734 1483 2863 1550 Quae
2887 1486 3076 1554 petitio
3099 1487 3172 1541 ita
3193 1487 3306 1543 late
3333 1498 3509 1558 patet,
3533 1499 3591 1544 ut
3612 1493 3779 1546 homo

2195 1559 2554 1638 Christianus,
2601 1572 2655 1628 in
2702 1575 2939 1644 qualibet
2985 1578 3282 1632 tentatione
3327 1588 3382 1634 et
3426 1581 3781 1637 tribulatione

2194 1662 2551 1727 constitutus,
2593 1663 2646 1718 in
2682 1665 2786 1720 hoc
2827 1667 3057 1736 gemitus
3099 1669 3254 1732 edat,
3289 1669 3342 1724 in
3371 1670 3475 1726 hoc
3507 1670 3780 1743 lacrymas

2193 1749 2399 1806 fundat.
2424 1751 2490 1806 Et
2512 1755 2728 1822 quando
2753 1755 2981 1812 dicimus
3008 1775 3022 1811 :
3051 1756 3236 1812 Libera
3262 1776 3355 1813 nos
3376 1777 3406 1813 a
3429 1760 3601 1825 malo,
3642 1764 3778 1818 nihil

507 1832 668 1900 panis
695 1831 916 1898 Graece,
947 1834 1145 1890 Latine
1178 1837 1374 1892 dicitur
1408 1847 1576 1892 totum
1608 1839 1661 1893 id
1699 1850 2096 1894 sacramentum
2126 1831 2172 1892 B
2201 1849 2444 1896 remanet
2491 1844 2632 1910 quod
2684 1844 2823 1899 ultra
2881 1848 3055 1903 adhuc
3115 1849 3405 1906 debeamus
3465 1853 3738 1921 postulare
3758 1894 3774 1916 ,

513 1920 782 1986 ﬁdelium,
818 1923 960 1991 quod
994 1924 1047 1978 in
1080 1925 1183 1980 hoc
1218 1941 1431 1996 quoque
1461 1936 1701 1996 tempore
1730 1930 2093 1983 necessarium

506 2019 598 2066 est
624 2026 730 2067 non
757 2021 937 2068 tamen
969 2015 1038 2069 ad
1066 2014 1225 2083 hujus
1247 2017 1526 2087 temporis,
1552 2018 1648 2071 sed
1679 2018 1745 2072 ad
1771 2018 1916 2074 illam
1941 2028 2094 2073 aeter-

511 2121 638 2161 nam
669 2106 977 2163 felicitatem
1007 2111 1418 2178 assequendam.
1441 2108 1574 2164 Nam
1600 2112 1755 2180 panis
1781 2111 1905 2165 vitae
1937 2109 2092 2166 Chri-

506 2207 625 2253 stus
648 2207 763 2261 est,
794 2192 954 2269 quem
984 2201 1098 2256 dari
1130 2203 1281 2257 nobis
1318 2204 1557 2272 quotidie
1591 2205 1955 2274 postulamus,
1987 2219 2088 2270 ne,

507 2288 601 2356 qui
632 2287 687 2342 in
711 2286 930 2344 Christo
951 2293 1136 2346 sumus
1162 2301 1217 2346 et
1239 2292 1620 2347 eucharistiam
1653 2293 1892 2362 quotidie
1917 2293 2081 2348 sumi-

505 2384 661 2440 mus,
705 2375 1065 2432 intercedente
1102 2378 1283 2448 aliquo
1310 2380 1543 2449 graviori
1583 2380 1798 2445 delicto,
1833 2395 1864 2433 a
1889 2380 2088 2441 Christi

501 2461 735 2536 corpore
758 2481 1090 2537 separemur,
1119 2471 1235 2539 ipso
1263 2470 1475 2526 dicente
1499 2487 1512 2524 :
1540 2467 1656 2540 Ego
1679 2487 1795 2525 sum
1824 2473 1977 2542 panis
2006 2473 2087 2525 vi-

499 2573 600 2612 vus
623 2558 714 2628 'qui
733 2558 800 2612 de
827 2559 955 2614 ctelo
981 2560 1263 2627 descendi;
1290 2562 1336 2616 si
1357 2563 1473 2633 quis
1507 2578 1571 2617 ex
1601 2566 1697 2615 hoc
1729 2579 1864 2632 pane
1891 2563 2087 2628 ederit,

498 2646 633 2700 viret
676 2647 734 2700 in
775 2657 1027 2702 ceternum
1053 2648 1236 2720 (Joan.
1261 2665 1314 2705 vr
1335 2689 1350 2714 ,
1377 2651 1491 2721 41).
1522 2650 1677 2707 Sicut
1703 2667 1832 2722 ergo
1861 2653 2088 2707 manife-

504 2741 648 2788 stum
690 2741 776 2790 est
813 2749 909 2791 eos
942 2737 1126 2793 vivere
1154 2739 1246 2808 qui
1291 2755 1487 2810 corpus
1530 2741 1646 2812 ejus
1671 2757 1798 2797 vere
1834 2751 1890 2797 et
1930 2743 2088 2814 digne

503 2825 799 2896 accipiunt,
821 2827 896 2884 ita
917 2837 1106 2884 contra
1132 2829 1426 2886 timendum
1454 2841 1537 2886 est
1562 2847 1629 2887 ne
1649 2833 1740 2902 qui
1767 2845 2088 2903 separantur

502 2928 537 2968 a
563 2912 784 2971 Christo
809 2931 1037 2986 corpore
1082 2929 1340 2989 perpetua
1384 2933 1610 2991 pereant
1646 2932 1854 2988 morte,
1905 2925 2088 2978 erimi-

501 3011 669 3059 nante
685 3003 931 3060 Christo:
955 3005 1075 3061 Nisi
1099 3009 1424 3064 comederitis
1475 3027 1681 3065 carnem
1710 3012 1806 3080 ﬁlii
1837 3013 2082 3078 hominis,

502 3100 557 3146 et
579 3091 809 3148 biberitis
831 3093 945 3164 ejus
967 3099 1294 3167 sanguinem,
1317 3115 1421 3153 non
1450 3101 1701 3156 habebitis
1731 3104 1889 3156 vitam
1912 3103 1967 3157 in
1997 3121 2086 3158 vo-

2192 1931 2409 2000 quando
2437 1933 2603 1988 semel
2635 1936 3025 2004 protectionem
3071 1937 3162 1994 Dei
3199 1941 3457 1996 adversus
3493 1943 3633 1997 mala
3681 1958 3776 2012 pe-
3862 1933 3880 1951 ⁸

2189 2022 2375 2078 timus.
2404 2024 2566 2079 Amen
2592 2025 2928 2097 signaculum
2971 2029 3262 2086 Dominicae
3287 2031 3591 2099 Orationis,
3623 2037 3775 2104 quod

2191 2111 2580 2183 interpretatur
2607 2131 2740 2180 vere,
2767 2117 2881 2172 sive
2905 2117 3148 2185 ﬁdeliter,
3184 2123 3459 2177 attestatio
3498 2133 3582 2178 est
3627 2125 3772 2178 veri-

2191 2200 2349 2266 tatis,
2378 2203 2520 2270 quod
2549 2218 2614 2258 ex
2641 2204 2880 2274 Apostoli
2909 2207 3198 2263 traditione
3231 2211 3394 2265 etiam
3436 2213 3502 2266 ad
3541 2223 3774 2283 caeteras

2188 2291 2464 2347 orationes
2490 2304 2747 2350 consuete
2775 2298 3060 2365 respondet
3082 2298 3344 2367 Ecclesia,
3373 2303 3511 2358 sicut
3536 2304 3771 2374 Aposto—

2189 2378 2272 2435 lus
2298 2381 2365 2435 ad
2389 2381 2701 2438 Corinthios
2731 2385 2944 2448 scribit,
2967 2387 3153 2442 dicens
3179 2406 3191 2442 :
3220 2387 3280 2444 Si
3308 2391 3634 2447 benedixeris
3656 2397 3772 2464 spi-

2187 2471 2314 2534 ritu,
2344 2472 2434 2542 qui
2460 2473 2661 2544 supplet
2688 2474 2860 2529 locum
2886 2477 3096 2544 idiom,
3128 2483 3386 2550 quomodo
3424 2483 3561 2538 dicet
3601 2487 3771 2540 Amen

2186 2577 2343 2631 super
2381 2571 2527 2617 tuam
2574 2565 2979 2622 benedictionem
3006 2609 3021 2633 ,
3060 2573 3306 2640 quoniam
3353 2575 3559 2645 quidem
3605 2579 3768 2631 nescit

2185 2649 2313 2718 quid
2336 2650 2528 2706 dicas?
2553 2652 2603 2723 (I
2627 2653 2749 2708 Cor.
2782 2669 2894 2721 xrv,
2924 2657 3038 2728 i6.)
3067 2659 3145 2713 Ex
3185 2676 3292 2732 quo
3332 2665 3633 2720 ostenditur
3658 2683 3766 2722 non

2185 2755 2343 2809 posse
2370 2740 2492 2796 ideo
2518 2750 2629 2797 tam
2657 2747 2983 2814 respondere
3008 2763 3192 2805 verum
3232 2765 3351 2810 esse
3375 2756 3518 2826 quod
3546 2757 3648 2812 dici
3658 2768 3765 2822 tur,

2185 2828 2288 2883 nisi
2324 2838 2452 2885 ante
2493 2831 2837 2888 intellexerit.
2880 2835 3008 2892 Post
3052 2839 3362 2898 Orationem
3404 2843 3761 2913 Dominieam,

2185 2933 2349 2988 quam
2393 2922 2463 2976 ad
2502 2925 2918 2994 completionem
2971 2928 3196 2999 perfecti
3244 2936 3484 3004 mysterii
3531 2943 3644 2990 tota
3692 2939 3762 2990 ad

2185 3009 2354 3063 Deum
2383 3009 2561 3066 fundit
2589 3013 2852 3082 Ecclesia,
2877 3019 3124 3086 sequitur
3164 3021 3216 3075 in
3245 3023 3587 3080 conclusione
3613 3024 3760 3093 ejus-

2185 3094 2305 3150 dem
2336 3095 2608 3154 Orationis
2639 3103 2894 3158 sacerdos
2917 3114 2972 3160 et
2993 3106 3124 3162 dicit
3150 3124 3166 3162 :

501 3183 582 3237 bis
599 3181 904 3255 (Ibid.,54).
922 3185 991 3240 Et
1010 3186 1130 3242 ideo
1148 3202 1342 3260 panem
1357 3198 1623 3256 nostrum,
1637 3193 1692 3247 id
1709 3201 1792 3248 est
1809 3192 2081 3248 Christum
2109 3175 2154 3238 C
2253 3185 2344 3240 διο
2369 3186 2556 3243 Libera
2577 3207 2692 3258 n08.
2716 3209 3036 3263 quintumut,
3058 3197 3298 3266 Domine,
3321 3201 3386 3256 ab
3400 3204 3637 3257 omnibus
3651 3219 3762 3258 ma-

501 3275 742 3344 quotidie
768 3276 926 3331 nobis
951 3277 1067 3333 dari
1107 3279 1340 3348 petimus
1361 3322 1376 3346 ,
1403 3290 1464 3336 ut
1493 3284 1585 3353 qui
1627 3284 1682 3338 in
1709 3299 1775 3340 eo
1806 3299 2085 3340 manemus

499 3372 560 3420 et
579 3365 828 3431 vivimus,
853 3381 887 3421 a
911 3369 1334 3426 sanctiﬁcatione
1353 3372 1470 3441 ejus
1490 3383 1546 3428 et
1565 3389 1791 3444 corpore
1810 3390 1915 3430 non
1939 3391 2085 3431 rece-

505 3454 716 3521 damus,
749 3457 865 3512 sine
894 3473 1001 3528 quo
1024 3459 1208 3516 vivere
1232 3461 1286 3516 in
1311 3472 1572 3518 aeternum
1594 3479 1700 3519 non
1725 3465 1986 3520 valemus.

569 3543 660 3599 8|.
683 3543 752 3599 Et
773 3545 975 3602 dimitte
997 3548 1144 3604 nobis
1175 3549 1349 3605 debita
1376 3561 1576 3618 nostra,
1599 3553 1733 3607 sicut
1770 3563 1821 3609 et
1861 3571 1954 3610 nos
1993 3555 2079 3608 di-

500 3632 758 3687 mittimus
796 3633 1112 3690 debitoribus
1160 3639 1372 3693 nostris.
1421 3637 1520 3695 Hic
1561 3641 1914 3696 admonemur
1951 3642 2083 3712 quid

493 3731 748 3796 petamus
785 3735 842 3782 et
867 3728 997 3798 quid
1022 3728 1317 3796 iaciamus,
1361 3739 1423 3786 ut
1461 3732 1712 3803 accipere
1753 3749 2080 3790 mereamur.

488 3814 630 3873 Post
654 3817 950 3874 subsidium
977 3819 1110 3885 cibi,
1137 3821 1341 3890 petitur
1359 3830 1415 3877 et
1441 3823 1598 3878 venia
1627 3823 1826 3890 delicti,
1857 3825 2028 3895 utqui
2049 3839 2080 3880 a

497 3906 612 3963 Deo
633 3908 893 3978 pascitur,
932 3909 988 3965 in
1025 3909 1138 3966 Deo
1165 3912 1331 3968 vivat.
1363 3913 1728 3972 Admonemnr
1757 3917 1901 3972 enim
1936 3917 2083 3986 quod

499 4006 814 4066 peccatores
844 4013 1065 4065 sumus,
1092 4001 1218 4069 quia
1254 4017 1355 4072 pro
1396 4006 1631 4074 peccatis
1659 4008 1861 4062 nostris
1889 4021 2082 4077 rogare

496 4083 898 4154 compellimur,
927 4102 996 4142 ne
1037 4089 1164 4157 quis
1207 4091 1311 4146 sibi
1357 4093 1512 4161 quasi
1543 4093 1804 4150 innocens
1841 4093 2074 4164 placeat.

497 4169 804 4226 lnstituitur
829 4181 887 4228 et
913 4173 1138 4230 docetur
1157 4191 1385 4247 peccare
1411 4195 1471 4236 se
1494 4182 1755 4250 quotidie,
1786 4184 1913 4238 dum
1940 4199 2078 4254 quo-

494 4259 628 4314 tidie
654 4274 752 4329 pro
778 4263 1014 4331 peccatis
1034 4265 1256 4336 iubetur
1291 4273 1468 4325 orare.
1495 4271 1719 4327 Addidit
1746 4273 1887 4329 Deus
1919 4275 2079 4345 plane

484 4346 688 4419 legem,
727 4359 881 4406 certa
909 4367 1008 4409 nos
1045 4357 1351 4413 conditione
1389 4367 1446 4415 et
1479 4362 1770 4431 sponsione
1811 4366 2079 4421 constrin-

497 4451 650 4506 gens,
681 4446 740 4493 ut
766 4439 847 4495 sic
871 4442 1027 4500 nobis
1059 4445 1256 4501 dimitti
1284 4447 1462 4503 debita
1491 4451 1854 4520 postulemus,
1886 4470 2078 4510 secun-

495 4525 622 4580 dum
669 4527 814 4595 quod
870 4529 971 4601 ipsi
1021 4532 1358 4592 debitoribus
1411 4539 1733 4597 dimittimus
1779 4560 1792 4596 :

496 4615 786 4685 impetrare
811 4634 920 4675 non
947 4637 1108 4692 posse
1140 4626 1375 4693 veniam,
1406 4641 1566 4696 quam
1595 4645 1695 4699 pro
1717 4635 1954 4701 peccatis
1978 4651 2075 4690 no-

495 4703 626 4759 stris
661 4706 926 4775 petimus,
971 4712 1077 4766 nisi
1113 4723 1170 4768 et
1214 4715 1317 4786 ipsi
1362 4717 1507 4773 circa
1554 4720 1822 4778 debitores
1859 4735 2072 4781 nostros

493 4793 644 4863 paria
667 4794 976 4866 fecerimus,
1007 4802 1221 4860 dicente
1248 4805 1540 4875 Evangelia
1565 4827 1578 4863 :
1607 4809 1674 4864 In
1694 4828 1799 4882 qua
1826 4829 2070 4869 mensura

492 4888 657 4942 mensi
677 4888 906 4958 fueritis,
931 4894 1112 4948 eadem
1126 4897 1422 4950 remetietur
1443 4900 1582 4954 vobis
1597 4901 1748 4971 (Luc.
1775 4920 1847 4969 Vl,
1863 4904 1975 4974 58).
2002 4906 2069 4959 Ει

491 4977 601 5034 alio
622 4977 779 5035 loco:
809 4979 941 5034 Cum
970 4984 1121 5037 statis
1143 4985 1212 5037 ad
1249 4988 1554 5055 orationem,
1586 4993 1828 5046 remittite
1862 4996 1908 5048 si
1939 4996 2067 5064 quid

489 5067 691 5124 habetis
728 5070 977 5125 adversus
1011 5071 1268 5142 aliquem,
1293 5086 1349 5142 ut
1389 5089 1437 5132 et
1481 5077 1647 5136 Pater
1671 5095 1865 5151 uester,
1894 5089 1983 5157 qui
2015 5089 2068 5142 in

490 5161 633 5216 aclis
665 5171 764 5228 est,
787 5167 1017 5220 remittat
1041 5169 1182 5223 vobis
1200 5184 1410 5240 peccata
1437 5184 1602 5229 vestra
1629 5177 1823 5247 (Marc.
1846 5195 1900 5232 XI
1916 5221 1929 5242 ,
1955 5181 2066 5252 55).

490 5251 780 5310 Exatsatio
811 5257 1040 5327 denique
1065 5259 1160 5314 tibi
1195 5261 1249 5315 in
1276 5262 1360 5318 die
1386 5265 1575 5334 judieii
1618 5267 1760 5322 nulla
1793 5251 2067 5339 superest,

489 5355 614 5398 cum
635 5344 926 5400 secundum
957 5356 1101 5402 tuam
1125 5354 1447 5408 sententiam
1465 5339 1758 5425 judicaris’,
1799 5367 1855 5413 et
1872 5400 1887 5424 ,
1928 5362 2071 5428 quod

490 5430 689 5488 feceris
714 5431 858 5500 aliis,
887 5435 990 5490 hoc
1017 5447 1074 5492 et
1105 5437 1218 5508 ipse
1245 5441 1486 5508 patieris.
1515 5441 1777 5500 Similiter
1810 5447 1952 5514 quod
1990 5449 2071 5504 fe-

488 5521 664 5576 cimus
690 5523 918 5590 caatcris,
947 5524 1108 5582 faciet
1135 5527 1318 5593 nobis,
1351 5531 1536 5586 dicens
1572 5533 1625 5587 in
1653 5535 1981 5608 Evangelio:
2009 5539 2070 5595 Si

487 5615 790 5672 dimiseritis
819 5619 1112 5676 hominibus
1151 5635 1362 5693 peccata
1405 5643 1607 5694 eorum,
1636 5641 1684 5684 et
1722 5631 1882 5688 Pater
1909 5645 2073 5690 vester

489 5705 708 5763 calatis
749 5709 966 5765 dimittet
995 5712 1138 5765 vobis
1168 5725 1377 5781 peccata
1417 5727 1582 5771 vestra
1607 5736 1625 5773 :
1650 5722 1696 5774 si
1726 5738 1827 5776 non
1863 5727 2070 5780 remise-

1846 4515 2077 4602 scientes
2103 4515 2156 4580 D

2185 3273 2286 3340 lis,
2317 3284 2423 3331 etc.
2447 3277 2505 3332 in
2530 3281 2728 3348 quibus
2753 3285 2931 3340 verbis
2972 3287 3113 3342 mala
3155 3294 3458 3360 praeterita,
3499 3308 3530 3348 a
3567 3295 3764 3364 quibus

2172 3367 2421 3437 petimus
2467 3369 2707 3437 liberari,
2749 3385 2969 3445 peccata
3016 3389 3200 3434 nostra
3249 3391 3522 3438 transacta
3565 3386 3765 3441 intelli-

2184 3457 2357 3527 genda
2383 3468 2542 3527 sunt;
2569 3475 2800 3531 quorum
2825 3466 2927 3522 etsi
2948 3469 3092 3523 actio
3115 3470 3228 3541 jam
3251 3475 3483 3529 cessavit
3503 3475 3559 3530 in
3582 3477 3760 3540 nobis,

2185 3561 2362 3638 tamen
2387 3563 2570 3610 reatus
2603 3565 2822 3623 manet,
2852 3560 2956 3616 nisi
2984 3562 3164 3619 divina
3203 3566 3533 3638 indulgentia
3583 3573 3764 3626 delea-

2184 3647 2292 3692 tur.
2318 3637 2472 3697 Unde
2494 3643 2748 3700 admonet
2789 3645 3066 3720 Scriptura
3096 3653 3277 3709 divina
3298 3695 3314 3721 ,
3353 3637 3537 3712 dicens
3561 3672 3577 3711 :
3611 3658 3722 3713 Fili
3739 3693 3761 3724 e,

2182 3733 2424 3798 peccasti,
2451 3748 2516 3788 ne
2539 3735 2764 3804 adjicias
2789 3738 3014 3806 iterum;
3043 3743 3136 3797 sed
3171 3755 3220 3798 et
3258 3745 3323 3799 de
3349 3745 3630 3816 prtrteritis
3671 3752 3768 3803 de-

2181 3835 2413 3889 precare,
2447 3833 2503 3876 ut
2532 3825 2626 3879 tibi
2644 3826 2984 3883 dimittantur
3022 3831 3209 3903 (Eccli.
3238 3851 3332 3902 xx,
3363 3837 3437 3909 l).
3465 3837 3599 3892 Mala
3630 3855 3768 3895 vero

2181 3911 2501 3978 praesentia,
2543 3916 2669 3984 quia
2717 3917 2955 3986 quotidie
2986 3935 3293 3990 peccamus,
3332 3942 3556 3984 necesse
3598 3931 3766 3984 habe-

2165 4013 2304 4054 .mus
2325 4001 2545 4058 dicere:
2575 4005 2790 4062 Dimitte
2832 4008 2976 4064 nobis
3021 4012 3195 4066 debita
3225 4027 3423 4071 nostra.
3446 4018 3678 4075 Possunt
3705 4032 3767 4077 et

2181 4091 2499 4160 quotidiana
2532 4105 2752 4166 peccata
2797 4108 2982 4154 nostra
3023 4101 3078 4156 in
3113 4104 3316 4171 animo,
3356 4116 3412 4162 et
3450 4110 3764 4168 accidentes

2179 4195 2321 4252 saepe
2367 4183 2596 4242 diversis
2644 4186 2934 4259 languores
2981 4199 3036 4247 et
3079 4193 3393 4253 aﬂlictiones
3426 4199 3481 4254 in
3529 4215 3763 4271 corpore

2178 4274 2545 4332 exstrinsecus
2576 4277 2863 4347 irruentes,
2892 4283 3188 4343 innumerae
3209 4289 3559 4355 calamitates,
3585 4303 3646 4348 ut
3677 4295 3761 4350 fa-

2180 4378 2315 4428 mes,
2347 4365 2671 4434 pestilentia,
2705 4370 2933 4441 gladius,
2955 4383 3013 4430 et
3043 4385 3239 4432 caetera
3277 4378 3576 4448 hujusmodi
3597 4423 3612 4447 ,
3637 4399 3759 4452 quae

2183 4455 2361 4508 omnia
2385 4459 2808 4530 quotiescunque
2846 4465 3105 4534 patimur,
3128 4467 3244 4538 ejus
3271 4471 3526 4527 debemus
3564 4474 3757 4544 implo-

2185 4561 2306 4601 rare
2333 4549 2612 4616 auxilium,
2642 4554 2733 4623 qui
2767 4557 2912 4611 solus
2939 4573 3036 4612 sua
3061 4561 3261 4630 pietate
3286 4572 3342 4618 et
3365 4565 3574 4619 animas
3598 4576 3757 4621 curat

2181 4644 2235 4690 et
2264 4651 2510 4706 carpam.
2532 4639 2606 4694 Et
2634 4643 2786 4697 novit
2807 4646 3020 4714 quando
3045 4647 3170 4704 ﬁliis
3192 4652 3322 4712 suis,
3353 4667 3488 4721 quos
3509 4655 3575 4709 ad
3591 4663 3755 4710 aeter-

2179 4738 2305 4777 nam
2332 4724 2697 4784 lnereditatem
2727 4744 3013 4803 praeparat,
3037 4746 3092 4791 et
3111 4737 3374 4808 ﬂagellum
3396 4745 3754 4814 correptionis

2177 4827 2232 4872 et
2275 4818 2613 4877 dulcedinem
2654 4826 3037 4882 consolationis
3068 4831 3339 4888 adhibeat.
3366 4835 3568 4892 Futura
3606 4839 3752 4893 enim

2177 4910 2316 4964 mala
2345 4913 2473 4982 quid
2503 4915 2648 4971 aliud
2692 4918 3030 4989 intelligenda
3051 4963 3064 4987 ,
3101 4925 3203 4979 nisi
3235 4941 3566 4999 quaecunque
3595 4932 3754 4987 nobis

2176 5003 2421 5058 accidere
2451 5018 2674 5075 possunt
2711 5010 2865 5066 saluti
2915 5022 2970 5067 et
3014 5016 3132 5084 paci
3163 5021 3455 5085 contraria,
3503 5021 3616 5077 sive
3654 5037 3752 5092 per

2179 5094 2504 5150 tentationes
2540 5097 2760 5164 diaboli,
2789 5101 2902 5155 sive
2929 5117 3026 5171 per
3045 5104 3399 5164 adversilates
3424 5118 3478 5164 et
3500 5111 3751 5168 miserias

2177 5183 2402 5238 saeculi?
2429 5186 2498 5239 Et
2543 5189 2776 5243 maxime
2814 5191 2903 5244 illa
2947 5203 3070 5248 sunt
3091 5210 3190 5263 pro
3211 5198 3406 5266 quibus
3435 5199 3752 5271 et'fugiendis

2177 5277 2445 5345 praecipue
2485 5293 2644 5334 orare
2690 5280 2971 5348 debemus,
3001 5293 3061 5337 ut
3109 5285 3402 5344 liberemur
3445 5309 3474 5345 a
3521 5303 3747 5346 ventura

2176 5365 2521 5422 damnatione
2548 5379 2778 5436 aaterna,
2812 5387 2932 5442 quae
2963 5376 3078 5430 sine
3111 5379 3273 5433 dubio
3320 5383 3478 5437 malis
3534 5392 3752 5438 constat

2176 5471 2298 5512 esse
2321 5457 2520 5512 futura.
2554 5460 2688 5516 Orat
2721 5478 2850 5535 ergo
2877 5469 3150 5533 sacerdos,
3187 5471 3295 5526 imo
3347 5482 3458 5526 tota
3506 5473 3746 5529 Ecclesia

2178 5565 2300 5605 cum
2326 5552 2627 5617 sacerdote,
2657 5563 2716 5608 ut
2741 5559 2883 5626 quod
2919 5559 2972 5612 in
3021 5559 3128 5615 fine
3157 5561 3429 5619 Orationis
3458 5565 3749 5620 Dominica:

2179 5639 2378 5694 dictum
2406 5652 2489 5696 est
2513 5659 2526 5696 :
2560 5642 2663 5698 Sed
2687 5645 2848 5701 libera
2877 5664 2969 5702 nos
2996 5667 3028 5702 a
3055 5651 3216 5717 malo,
3248 5653 3322 5708 ita
3349 5656 3505 5712 nobis
3529 5671 3628 5724 per
3653 5657 3749 5711 Dei

2179 5728 2605 5788 misericordiam
2654 5745 2962 5804 prazstetur,
3001 5747 3056 5792 ut
3086 5739 3374 5798 liberemur
3403 5744 3470 5798 ab
3500 5748 3751 5801 otnnihus
