4050 6302
329 321 400 377 69
1535 317 1623 373 DE
1663 314 2126 372 EXPOSITIONE
2165 314 2414 370 MISS/ﬁ.
3535 318 3602 370 70

324 436 506 500 malis,
537 434 592 490 id
623 442 709 489 est
733 448 852 504 quae
879 432 1034 487 nobis
1060 430 1143 484 vel
1171 429 1225 484 in
1254 430 1530 500 prteterito
1576 429 1911 496 acciderunt,
1942 434 1992 490 Α
2021 442 2172 492 vero,
2198 437 2256 480 ut
2278 428 2332 480 in
2364 427 2480 494 ipsa
2503 440 2637 496 pace
2669 424 2762 480 Dei
2807 425 3002 492 cultus,
3049 429 3328 500 religionis
3370 433 3600 498 veritas,

323 525 411 579 vel
435 524 487 578 in
512 522 765 593 praesenti
785 518 1158 582 accidunt,vel
1187 519 1242 572 in
1276 516 1457 576 futuro
1485 517 1731 572 accidere
1755 530 1915 584 posse
2018 524 2350 570 servaretur.
2381 515 2535 570 Unde
2557 524 2612 570 et
2638 515 2927 584 Apostolus
2954 517 3045 572 ubi
3077 519 3192 573 haec
3216 520 3360 574 orari
3399 535 3601 590 praece-

283 678 288 682 ,
325 612 710 668 formidantur.
763 610 919 666 Unde
948 617 1003 664 et
1030 607 1320 672 Dominus,
1355 605 1530 661 sciens
1567 604 1910 676 fragilitatem
2014 609 2114 677 pit,
2150 616 2437 675 utrumque
2460 605 2617 660 simul
2644 607 2822 674 posuit
2853 624 2866 660 :
2907 605 2976 660 Ut
3020 608 3271 677 quietam,
3306 609 3498 678 inquit.
3546 621 3598 665 et

284 686 570 757 inostram
603 701 656 755 in
686 700 851 755 tantis
893 698 1152 770 periculis
1198 697 1575 760 constitutam,
1606 696 1913 750 misericor—
2013 694 2353 764 tranquillam
2376 696 2530 764 vitam
2559 711 2776 763 agamus
2815 696 2871 749 in
2917 699 3058 750 omni
3101 699 3307 766 pietate.
3355 698 3490 752 Nam
3545 710 3599 753 et

325 791 470 846 diter
496 791 773 855 admonet,
803 790 988 844 dicens
1021 807 1034 840 :
1079 785 1300 857 Vigilate
1341 797 1387 840 et
1434 796 1599 851 orate,
1624 803 1686 839 ne
1711 787 1911 850 intretis
2015 785 2168 854 quies
2193 783 2661 863 ct'tranquillitas‘
2686 785 2926 852 pertinet
2971 786 3037 840 ad
3076 773 3501 857 pacem,’pietas'
3529 791 3597 855 ad

324 881 381 935 in
409 881 748 935 tentationem
774 879 986 951 (Matth.
1013 893 1163 941 xxvr,
1189 877 1300 948 41).
1327 876 1394 931 Ει
1420 877 1611 931 iterum
1637 889 1652 929 :
1695 873 1912 945 Vigilate
2014 875 2179 928 divini
2207 875 2383 930 cultus
2413 875 2748 947 religionem.
2779 878 2855 931 lla
2881 893 3012 948 ergo
3041 889 3096 934 et
3123 882 3361 937 Ecclesia
3401 870 3591 953 depre-

320 968 502 1040 itaque
537 969 679 1024 omni
732 980 957 1034 tempore
987 977 1218 1032 orantes,
1246 975 1300 1019 ut
1327 966 1472 1036 digni
1497 965 1792 1020 habeamini
1821 965 1908 1034 fu-
2011 975 2166 1036 catur
2191 981 2378 1035 pacem
2407 966 2524 1024 ﬁeri
2550 967 2825 1023 insdiebus
2863 971 3084 1034 nostris,
3108 973 3248 1040 quod
3262 980 3326 1027 et
3349 984 3469 1043 post
3491 989 3591 1030 nos

322 1078 444 1132 gere
475 1064 575 1117 ista
605 1062 783 1116 omnia
810 1077 925 1130 qua:
948 1060 1130 1129 futura
1164 1069 1306 1123 sunt,
1338 1068 1384 1112 et
1411 1069 1551 1112 stare
1585 1068 1704 1111 ante
1740 1057 1909 1124 ﬁlium

322 1149 552 1205 hominis
598 1136 756 1213 (Luc.
782 1164 895 1213 xxi,
928 1148 1040 1217 55).
1076 1147 1332 1216 Sequitur
1358 1146 1616 1201 sacerdos
1643 1153 1699 1200 et
1729 1145 1860 1199 dicit
1888 1162 1903 1198 :

393 1238 486 1298 85.
516 1235 587 1293 Et
614 1239 958 1295 intercedente
982 1253 1076 1308 pro
1106 1237 1253 1291 nobis
1275 1237 1424 1291 beata
1447 1245 1496 1289 et
1527 1234 1902 1305 gloriosa,etc,

322 1330 584 1386 Dominus
613 1331 813 1401 populo
841 1329 1156 1394 Israelitico,
1181 1343 1304 1383 cum
1338 1327 1676 1383 detineretur
1705 1327 1760 1381 in
1804 1326 1906 1380 Ba-

2010 1053 2124 1123 alii,
2156 1068 2210 1113 et
2240 1067 2360 1128 post
2402 1061 2551 1129 ipsos
2594 1059 2684 1114 alii
2739 1067 2911 1128 usque
2953 1063 3021 1116 ad
3069 1065 3585 1122 consummationem

2008 1149 2188 1204 saeculi
2220 1152 2404 1218 utique
2429 1133 2950 1204 similiter'orabunt.

2078 1238 2162 1293 87.
2199 1237 2331 1293 Cum
2380 1247 2560 1292 autem
2609 1237 2778 1308 ipsam
2818 1253 3005 1307 pacem
3034 1242 3288 1317 postulet,
3313 1243 3586 1315 subjungit

2007 1325 2255 1383 videlicet
2284 1339 2338 1382 ut
2367 1345 2480 1398 ope,
2511 1329 2565 1384 id
2596 1323 2680 1384 est
2700 1329 2901 1385 auxilio
2926 1340 2980 1384 et
3004 1334 3342 1400 pr0tectione
3382 1337 3583 1391 miseri-

320 1421 571 1494 bylonica
603 1423 861 1477 servitute
889 1421 1158 1490 captivus,
1181 1419 1368 1474 dicens
1395 1418 1539 1474 inter
1561 1417 1667 1472 alia
1695 1430 1792 1487 per
1816 1415 1906 1471 Je-
2004 1419 2198 1473 cordia:
2220 1419 2320 1474 Dei
2342 1419 2540 1489 adjuti,
2569 1428 2830 1490 quantum
2860 1422 2927 1476 ad
2956 1422 3266 1478 interiorem
3307 1425 3583 1496 religionis

319 1513 554 1569 remiam
582 1513 900 1583 prophetam
929 1530 942 1565 :
976 1510 1045 1565 Et
1076 1520 1221 1564 orate
1241 1508 1342 1579 pro
1383 1525 1512 1581 pace
1563 1509 1784 1563 civitatis
1831 1509 1902 1562 ad
2003 1507 2342 1565 devotionem
2373 1510 2630 1579 pertinet,
2657 1511 2819 1564 simus
2844 1527 3053 1582 semper
3080 1529 3112 1566 a
3141 1515 3364 1582 peccatis
3398 1516 3581 1579 liberi:

315 1621 478 1676 quam
525 1605 904 1675 transmigrare
949 1619 1039 1657 vos
1069 1602 1192 1673 feci,
1215 1601 1339 1671 quia
1365 1601 1420 1654 in
1444 1617 1573 1670 pace
1599 1599 1761 1669 ipsius
1793 1599 1900 1654 'erit
2003 1607 2262 1668 quantum
2292 1615 2422 1655 vero
2448 1598 2517 1654 ad
2543 1601 2854 1656 interiorem
2884 1617 3096 1670 pacem,
3124 1605 3295 1660 simus
3323 1606 3485 1661 etiam
3515 1609 3579 1662 ab

313 1712 424 1765 pas:
453 1695 590 1750 vobis
617 1693 750 1767 (Jer.
779 1693 1031 1763 xxtx,7),
1065 1692 1320 1748 similiter
1346 1701 1400 1746 et
1423 1689 1708 1760 Apostolus
1726 1701 1900 1761 popu-
2001 1691 2140 1743 omni
2189 1690 2578 1759 perturbatione
2623 1691 2814 1745 securi.
2856 1692 2990 1746 Nam
3020 1709 3122 1763 pax
3153 1695 3204 1748 in
3233 1710 3337 1763 qua
3366 1711 3470 1750 non
3502 1697 3581 1751 di-

311 1783 429 1838 lum
456 1783 709 1839 Ecclesia:
732 1783 1052 1838 exhortatur
1071 1782 1258 1836 dicens
1289 1798 1304 1834 :
1341 1778 1473 1834 Volo
1495 1780 1657 1850 igitur
1670 1781 1899 1849 primum
1928 1785 1976 1844 Β
2001 1778 2141 1834 vina:
2163 1781 2432 1852 religioni,
2458 1782 2552 1836 sed
2583 1784 2870 1838 mundanae
2897 1786 3178 1853 cupiditati
3205 1787 3456 1852 servitur,
3472 1804 3578 1842 non

215 1873 222 1880 ’
310 1873 549 1927 omnium
575 1873 690 1942 fieri
730 1872 1140 1936 obsecrationes,
1167 1871 1449 1936 orationes,
1492 1869 1895 1940 postulationes,
1998 1876 2084 1920 est
2107 1865 2399 1936 justorum,
2426 1868 2519 1922 sed
2561 1869 2889 1936 iniquorum,
2923 1871 2990 1926 de
3026 1872 3274 1940 qualibus
3296 1873 3578 1930 Psalmista

308 1964 609 2032 gratiarum
630 1963 858 2018 actiones
886 1979 979 2032 pro
1008 1962 1247 2016 omnibus
1288 1961 1606 2028 hominibus,
1631 1978 1726 2032 pro
1762 1962 1897 2032 regi-
1997 1955 2074 2011 ait
2099 1973 2112 2012 :
2141 1957 2280 2023 Quia
2310 1957 2475 2012 ulavi
2511 1958 2567 2012 in
2614 1960 2995 2027 peccatoribus,
3023 1978 3206 2031 pacem
3247 1975 3578 2032 peccatorum

310 2049 429 2113 bus,
459 2061 508 2104 et
532 2051 612 2104 his
641 2050 732 2121 qui
762 2051 815 2105 in
843 2049 1162 2104 sublimitate
1183 2059 1323 2115 sunt,
1346 2060 1402 2103 ut
1425 2050 1655 2120 quietam
1677 2059 1723 2104 et
1745 2058 1894 2104 tran-

307 2139 533 2211 quillam
571 2141 728 2196 vitam
756 2157 974 2212 agamus
997 2141 1052 2194 in
1079 2141 1220 2194 omni
1241 2140 1430 2210 pietate
1457 2139 1511 2213 (Ι
1537 2139 1672 2194 Tim.
1718 2155 1782 2205 tl,
1814 2139 1889 2212 1).

307 2228 477 2285 Juxta
507 2230 648 2285 lianc
675 2246 805 2302 ergo
841 2231 1070 2286 formam
1105 2245 1204 2300 per
1227 2232 1547 2301 prophetam
1577 2240 1633 2285 et
1661 2233 1892 2302 Aposto-

308 2317 423 2374 lum
451 2319 706 2375 divinitus
726 2320 1098 2384 constitutam,
1125 2319 1355 2390 populus
1377 2320 1614 2374 ﬁdelium
1647 2320 1702 2375 in
1730 2319 1890 2390 hujus

306 2411 495 2467 saeculi
532 2411 984 2483 peregrinatione,
1017 2419 1276 2480 tanquam
1315 2410 1370 2465 in
1410 2410 1682 2482 Babylone
1712 2411 1889 2481 capti-

293 2515 435 2566 vus,
477 2509 535 2556 et
585 2515 832 2571 supernae
878 2500 1068 2572 patria:
1108 2501 1402 2572 suspirans,
1430 2509 1552 2557 orat
1592 2503 1755 2558 etiam
1789 2518 1889 2574 pro

305 2606 446 2664 pace
479 2591 794 2663 temporali,
826 2605 895 2646 ne
924 2591 1246 2662 impediatur
1294 2606 1326 2646 a
1369 2606 1503 2661 pace
1553 2592 1782 2663 spiritali
1832 2599 1888 2650 et

307 2690 535 2747 aeterna,
565 2691 644 2747 ut,
683 2681 905 2737 remotis
947 2695 1046 2750 per
1082 2681 1178 2736 Dei
1208 2680 1469 2751 pietatem
1497 2684 1888 2752 persecutioni-

305 2773 433 2839 bus,
460 2773 851 2838 seditionibus,
883 2771 1292 2837 hostilitatibus,
1329 2772 1570 2842 quietam
1616 2781 1672 2828 et
1731 2781 1884 2828 tran-

305 2864 534 2935 quillam
566 2865 730 2920 vitam
755 2871 880 2935 agat
905 2863 1151 2918 Ecclesia
1195 2862 1249 2917 in
1296 2863 1443 2918 omni
1485 2877 1639 2932 pace.
1679 2862 1747 2918 Et
1781 2863 1886 2918 hoc

303 2962 429 3009 orat
453 2953 688 3025 generali
715 2953 1060 3009 observantia
1082 2951 1200 3008 sine
1222 2951 1623 3008 intermissione
1651 2953 1706 3007 in
1735 2951 1881 3009 omni

319 3044 600 3100 Dominica
630 3043 903 3100 oblatione
957 3043 1010 3097 in
1049 3057 1175 3112 qua,
1198 3041 1350 3110 juxta
1381 3051 1708 3112 praeceptum
1749 3036 1880 3113 apo:

1995 2047 2172 2102 videns
2204 2046 2377 2118 (Psal.
2407 2064 2578 2114 Lxxu,
2606 2048 2685 2119 3).
2714 2047 2973 2119 Sequitur
3020 2053 3162 2121 quod
3209 2061 3266 2108 et
3303 2053 3357 2107 in
3393 2054 3493 2109 ista
3521 2064 3574 2110 et

1992 2135 2050 2191 in
2079 2137 2328 2193 omnibus
2356 2135 2468 2194 fere
2502 2138 2837 2196 orationibus
2865 2141 3250 2198 ecclesiasticis
3277 2143 3330 2198 in
3362 2143 3578 2200 conclu-

1994 2226 2146 2282 Sione
2172 2227 2422 2299 subjungi
2457 2229 2595 2284 solet
2627 2247 2640 2284 :

2061 2315 2151 2372 88.
2173 2316 2282 2372 Per
2303 2317 2584 2373 Dominum
2609 2328 2844 2374 nostrum
2855 2318 3038 2374 Iesum
3064 2321 3327 2377 Christum
3355 2321 3573 2387 Filium,

1989 2415 2102 2462 etc.
2134 2407 2346 2478 (FULG.,
2373 2410 2526 2478 epist.
2549 2408 2636 2475 14,
2681 2410 2752 2464 ad
2780 2407 3136 2477 Ferrandum,
3183 2427 3238 2466 n.
3269 2411 3382 2482 36).
3427 2412 3581 2480 Quod

1989 2497 2178 2568 utique
2215 2508 2365 2556 certa
2393 2498 2622 2565 ratione,
2652 2508 2710 2554 ut
2753 2514 2895 2570 saepe
2921 2501 3121 2557 dictum
3159 2510 3262 2569 est,
3310 2503 3572 2559 catholica

1989 2589 2332 2646 concelebrat
2357 2589 2616 2655 Ecclesia,
2657 2597 2878 2660 propter
2897 2590 3028 2646 illud
3052 2591 3237 2660 utique
3266 2606 3574 2648 sacramen-

1989 2686 2124 2745 tum,
2179 2681 2322 2750 quod
2374 2681 2640 2735 mediator
2691 2679 2786 2735 Dei
2830 2688 2887 2736 et
2937 2681 3214 2736 hominum
3264 2681 3438 2736 factus
3492 2688 3577 2736 est

1987 2781 2043 2827 et
2066 2772 2227 2828 homo
2252 2772 2500 2828 Christus
2525 2771 2700 2836 Jesus,
2731 2772 2985 2827 sacerdos
3013 2771 3066 2826 in
3091 2781 3352 2827 aeternum
3379 2787 3570 2827 secun-

1987 2865 2114 2920 dum
2140 2865 2383 2920 ordinem
2412 2863 2799 2920 Melchisedech
2818 2903 2834 2929 ,
2877 2863 2970 2934 qui
2999 2878 3096 2934 per
3121 2863 3399 2933 proprium
3442 2877 3570 2918 san-

1986 2955 2206 3024 guinem
2231 2955 2398 3010 semel
2425 2953 2670 3011 introivit
2694 2954 2749 3008 in
2773 2967 2958 3009 sancta
2975 2993 2992 3019 ,
3038 2969 3147 3008 non
3172 2954 3358 3023 utique
3384 2967 3573 3006 manu-

1946 3105 1950 3110 _
1985 3043 2148 3110 facta,
2180 3045 2273 3101 sed
2302 3045 2356 3099 in
2387 3045 2558 3114 ipsum
2589 3043 2784 3099 coelum
2807 3081 2822 3108 ,
2867 3043 2958 3098 ubi
2985 3052 3070 3098 est
3097 3043 3150 3098 in
3197 3042 3418 3097 dextera
3453 3041 3570 3106 Dei,

303 3135 580 3203 stolicum,
609 3135 1015 3191 obsecrationes
1041 3149 1192 3200 suas,
1221 3143 1277 3190 et
1302 3135 1597 3200 orationes,
1623 3144 1679 3190 et
1701 3144 1884 3206 postu-
1910 3123 1955 3186 C
1986 3144 2040 3192 et
2062 3135 2366 3206 interpellat
2386 3151 2484 3206 pro
2509 3135 2680 3192 nobis.
2709 3134 2815 3190 Per
2837 3135 3008 3206 ipsum
3035 3143 3164 3205 ergo
3195 3138 3424 3191 hostiam
3455 3135 3572 3189 lau-

305 3226 560 3292 lationes,
589 3233 644 3280 et
667 3225 963 3297 gratiarum
997 3224 1238 3280 actiones
1258 3222 1416 3279 oﬁ‘ert
1444 3224 1576 3280 Deo.
1627 3224 1740 3282 Hoc
1785 3241 1883 3280 au-

302 3324 443 3379 tem,
475 3315 815 3384 paucissimis
837 3315 931 3369 sed
977 3313 1424 3369 eminentissimis
1463 3315 1663 3371 sanctis
1708 3317 1884 3372 nomi-

304 3405 472 3469 natis,
500 3420 530 3459 a
553 3405 662 3460 Deo
691 3414 902 3471 exorat,
928 3405 1181 3460 videlicet
1211 3414 1273 3460 ut
1295 3405 1663 3462 intercedente
1695 3407 1747 3462 in
1772 3409 1883 3478 pri-

308 3496 418 3550 mis
446 3495 538 3550 Dei
565 3494 860 3560 Cenitrice,
897 3509 997 3567 per
1039 3510 1200 3565 quam
1232 3497 1468 3552 humano
1505 3499 1690 3566 generi
1737 3498 1883 3554 salus

300 3593 497 3639 exorta
528 3594 631 3652 est,
665 3596 722 3641 et
745 3586 923 3642 beatis
947 3585 1207 3655 apostolis
1232 3585 1396 3642 Petro
1422 3599 1481 3643 et
1518 3587 1684 3644 Paulo
1721 3598 1884 3659 atque

301 3675 546 3740 Andrea,
574 3676 868 3746 impetrare
915 3685 1208 3732 mereatur.
1260 3677 1320 3732 ln
1363 3692 1472 3748 qua
1523 3680 1883 3750 postulatione

302 3777 417 3817 non
450 3773 768 3819 ceterorum
792 3773 1101 3820 sanctorum
1151 3765 1469 3822 intercessio
1512 3768 1880 3836 praetermitti-

303 3861 419 3918 tur,
449 3855 544 3908 sed
567 3854 619 3908 in
646 3856 873 3910 istorum
887 3854 1403 3911 commemoratione
1426 3857 1667 3912 omnium
1693 3857 1884 3913 suifra-

301 3943 394 4016 gia
415 3954 761 4014 expetuntur,
784 3947 930 4016 quia,
952 3955 1012 4001 ut
1043 3961 1234 4002 omnes
1259 3946 1364 4002 sibi
1386 3947 1440 4003 in
1473 3948 1583 4002 Deo
1616 3948 1808 4005 sociati
1828 3958 1885 4006 et

303 4034 448 4090 uniti
470 4037 729 4102 existunt,
753 4037 828 4090 ita
864 4051 1053 4092 omnes
1073 4038 1583 4097 unumidesiderant
1605 4050 1662 4097 et
1691 4053 1884 4114 rogant

303 4140 407 4196 pro
433 4126 607 4182 salute
625 4127 928 4194 hominum,
953 4137 1010 4184 et
1041 4136 1102 4184 ut
1122 4128 1178 4184 in
1200 4145 1310 4186 uno
1337 4146 1529 4188 omnes
1555 4133 1760 4203 pariter
1781 4135 1880 4190 ha-

304 4213 554 4280 beantur,
589 4223 645 4271 et
671 4216 727 4271 in
751 4231 863 4272 uno
888 4231 1079 4273 omnes
1114 4219 1322 4290 pariter
1361 4219 1726 4294 negligantur.
1761 4223 1881 4280 Non

303 4304 451 4360 enim
476 4315 662 4362 amant
681 4307 852 4362 sancti
875 4322 1003 4363 suos
1024 4307 1310 4376 electores,
1357 4310 1404 4366 si
1443 4311 1665 4368 suorum
1711 4313 1882 4368 socio-

305 4411 426 4452 rum
452 4411 546 4452 eos
571 4397 877 4454 invenerint
898 4399 1202 4456 desertores
1223 4440 1239 4468 ,
1270 4403 1550 4473 magisque
1577 4402 1882 4462 offensurus

303 4496 392 4543 est
418 4488 667 4558 quisquis
687 4489 761 4544 ita
783 4490 1050 4560 agendum
1076 4499 1250 4561 putat,
1280 4507 1376 4549 eos
1404 4493 1472 4548 ad
1510 4509 1646 4564 quos
1670 4510 1729 4550 se
1751 4511 1878 4553 con-

305 4577 515 4645 tulerit,
545 4595 708 4649 quam
746 4595 841 4636 eos
869 4595 900 4635 a
933 4581 1130 4650 quibus
1160 4582 1466 4639 abstulerit.
1492 4583 1712 4641 Unitate
1735 4586 1882 4641 enim

304 4667 542 4738 gaudent
561 4677 610 4723 et
640 4669 695 4724 in
724 4669 943 4725 Christo
967 4685 1134 4724 unum
1165 4681 1311 4726 sunt.

375 4757 465 4812 86.
497 4757 649 4826 Quod
678 4774 808 4829 ergo
828 4761 959 4816 dicit
987 4760 1228 4816 Ecclesia
1259 4776 1274 4815 :
1311 4761 1397 4816 Da
1417 4764 1674 4833 prapitius
1700 4781 1878 4834 pacem

301 4849 357 4901 in
386 4849 567 4903 diebus
594 4851 802 4915 nostris,
833 4849 1120 4906 manifeste
1141 4849 1296 4919 juxta
1323 4855 1626 4925 exemplum
1652 4857 1793 4925 quod
1821 4855 1877 4913 in

304 4939 441 4993 Isaia
474 4939 693 5010 legitur,
716 4942 818 4996 hoc
845 4929 995 4997 facit.
1025 4941 1159 4997 Cum
1186 4943 1328 4998 enim
1358 4946 1697 5014 prasdixisset
1737 4947 1879 5003 idem

303 5030 572 5099 propheta
597 5031 840 5086 Ezechiae
883 5031 996 5101 regi
1040 5042 1226 5086 nostro
1274 5045 1511 5088 venturae
1553 5037 1881 5104 captivitatis

303 5121 479 5186 mala,
505 5131 862 5192 compunctus
911 5123 1228 5192 respondit:
1261 5123 1466 5178 Bonum
1517 5127 1728 5180 verbum
1771 5127 1879 5183 Do-

304 5211 436 5264 mini
464 5212 602 5280 quod
625 5211 830 5266 locutus
860 5221 971 5276 est;
1015 5213 1112 5281 ﬁat
1152 5223 1352 5267 tantum
1391 5230 1497 5284 pax
1531 5225 1578 5269 et
1607 5218 1796 5271 veritas
1824 5219 1879 5271 in

304 5300 489 5354 diebus
519 5302 646 5354 meis
674 5301 808 5369 (Isa.
836 5317 1028 5367 xxxrx,
1056 5301 1132 5373 8),
1161 5303 1415 5359 videlicet
1453 5303 1633 5360 futura
1663 5305 1879 5360 humili-

303 5398 406 5455 ter,
435 5391 532 5447 Dei
554 5390 760 5459 judicio
789 5407 1094 5458 reservans,
1121 5393 1186 5447 de
1215 5395 1465 5463 praesenti
1494 5411 1622 5451 vero
1647 5397 1789 5466 quod
1811 5398 1878 5452 ad

301 5496 457 5536 suam
496 5491 552 5537 et
586 5484 768 5553 populi
798 5485 880 5538 sui
914 5482 1141 5538 salutem
1171 5485 1495 5553 pertinebat,
1533 5488 1872 5557 deprecans:

307 5571 450 5634 Fiat,
479 5573 684 5642 inquit,
713 5591 819 5644 pax
845 5585 892 5629 et
921 5575 1109 5629 veritas
1137 5576 1192 5629 in
1222 5577 1402 5631 diebus
1441 5579 1569 5632 meis
1597 5595 1616 5634 :
1641 5594 1776 5648 pax,
1808 5595 1875 5634 ne

307 5663 457 5731 regni
489 5665 846 5734 tranquillitas
877 5666 943 5720 ab
997 5667 1242 5725 hostibus
1289 5671 1630 5738 turbaretur;
1673 5672 1873 5727 veritas

683 5854 715 5876 Α

1984 3225 2068 3281 dis
2099 3234 2259 3295 atque
2281 3225 2540 3281 orationis
2576 3224 2876 3290 otl‘erimus,
2925 3225 3017 3293 qui
3049 3239 3146 3294 per
3183 3223 3303 3294 ejus
3342 3233 3569 3279 mortem

1983 3317 2315 3373 reconciliati
2356 3331 2561 3381 sumus,
2614 3329 2737 3370 cum
2765 3316 2970 3370 inimici
3011 3330 3270 3371 essemus.
3323 3316 3572 3371 Christus

1983 3420 2215 3475 namque
2252 3406 2306 3460 in
2336 3405 2508 3461 forma
2557 3405 2650 3461 Dei
2679 3419 3003 3474 permanens
3049 3405 3360 3477 unigenitus
3403 3405 3568 3472 Deus,

1981 3494 2069 3548 cui
2099 3509 2221 3548 cum
2243 3494 2403 3550 Patre
2425 3495 2630 3550 hostias
2656 3493 2963 3560 offerimus,
2997 3494 3226 3552 formam
3255 3496 3395 3551 servi
3427 3497 3571 3551 acci-

1982 3585 2156 3655 piens,
2182 3584 2435 3640 sacerdos
2459 3586 2634 3640 t‘actus
2655 3596 2758 3650 est,
2792 3599 2892 3654 per
2917 3601 3079 3656 quem
3107 3585 3338 3640 hostiam
3366 3585 3568 3650 vivam,

1983 3683 2246 3740 sanctam,
2283 3676 2393 3732 Deo
2441 3676 2743 3746 placentem
2771 3674 2962 3732 oll'erre
2999 3677 3292 3746 possimus.
3348 3674 3462 3730 Nec
3491 3683 3572 3729 ta-

1984 3782 2109 3823 men
2135 3766 2310 3822 hostia
2344 3781 2374 3819 a
2403 3766 2558 3821 nobis
2582 3765 2763 3820 oderri
2792 3765 3073 3834 potuisset,
3103 3765 3148 3820 si
3179 3763 3428 3820 Christus
3468 3780 3568 3833 pro

1982 3858 2140 3914 nobis
2164 3857 2339 3912 factus
2383 3856 2562 3912 hostia
2589 3868 2696 3911 non
2740 3854 2948 3910 fuisset.
2998 3853 3132 3909 Cum
3182 3867 3312 3908 vero
3339 3852 3570 3907 dicimus

1983 3947 2186 4003 Filium
2215 3955 2384 4012 tuum,
2417 3953 2472 4000 et
2497 3942 2818 4013 adjicimus:
2847 3943 2950 4009 Qui
2974 3951 3143 3997 tecum
3170 3943 3291 3997 vivit
3312 3951 3360 3996 et
3385 3951 3568 4011 regnat

1982 4042 2126 4097 Deus
2152 4041 2210 4096 in
2237 4040 2434 4094 unitate
2473 4036 2700 4109 Spiritus
2746 4037 2937 4102 sancti,
2977 4035 3124 4090 illam
3153 4035 3341 4106 utique
3387 4034 3568 4088 unita-

1986 4145 2093 4189 tem
2121 4146 2631 4196 commemoramus,
2681 4144 2843 4200 quam
2873 4127 3194 4183 naturaliter
3219 4127 3380 4181 habet
3406 4125 3570 4180 Pater

1983 4234 2040 4281 et
2077 4224 2244 4280 Filius
2290 4233 2346 4277 et
2371 4222 2604 4293 Spiritus
2642 4231 2882 4276 sanctus.
2927 4219 3028 4276 Ubi
3080 4220 3382 4276 ostenditur
3423 4217 3566 4288 quod

1984 4314 2126 4369 idem
2156 4313 2269 4383 ipse
2296 4311 2544 4366 Christus
2571 4325 2671 4380 pro
2697 4309 2853 4365 nobis
2879 4307 3199 4364 sacerdotali
3221 4316 3305 4362 est
3349 4305 3566 4360 functus

1985 4404 2179 4469 cilicio,
2209 4403 2294 4458 cui
2318 4400 2576 4456 naturalis
2604 4409 2689 4456 est
2739 4401 2917 4454 unitas
2943 4415 3067 4455 cum
3093 4397 3252 4452 Patre
3279 4407 3332 4452 et
3359 4395 3562 4465 Spiritu

2001 4501 2210 4548 sancto.
2239 4491 2373 4546 Cum
2410 4506 2538 4546 vero
2567 4490 2622 4543 in
2650 4490 2848 4544 unitate
2873 4487 3099 4558 Spiritus
3124 4486 3289 4540 sancti
3335 4485 3564 4538 dicimus

1989 4601 2150 4639 unam
2180 4593 2427 4639 naturam
2463 4582 2696 4651 Spiritus
2730 4581 2904 4636 sancti
2950 4595 3072 4635 cum
3117 4577 3279 4633 Patre
3323 4576 3565 4646 Filioque

1988 4684 2372 4731 monstramus.
2402 4673 2592 4729 Unitas
2618 4681 2799 4726 autem
2819 4682 3046 4735 naturae,
3072 4669 3202 4740 quid
3229 4667 3373 4722 aliud
3399 4683 3563 4738 quam

1989 4767 2304 4822 Trinitatem
2343 4781 2463 4822 esse
2491 4780 2656 4820 unum
2694 4765 2858 4819 Deum
2879 4803 2894 4829 ,
2941 4771 2998 4816 et
3023 4763 3124 4816 hoc
3150 4777 3313 4816 unum
3345 4760 3556 4817 ostendi

1981 4861 2042 4913 et'
2065 4858 2332 4927 regnum?
2363 4856 2467 4912 Ubi
2515 4864 2694 4910 autem
2727 4855 2875 4925 regni
2919 4853 3179 4908 naturalis
3225 4862 3308 4908 est
3357 4847 3558 4917 unitas,

1981 4963 2086 5002 una
2116 4948 2370 5019 regnandi
2411 4953 2695 5016 permanet
2739 4953 2793 4998 et
2830 4953 3089 5014 potestas.
3141 4944 3281 4998 Vivit
3327 4959 3457 5014 ergo
3503 4952 3559 4998 et

1981 5045 2170 5109 regnat
2219 5038 2465 5093 Christus
2494 5036 2751 5090 Dominus
2779 5043 2962 5089 noster
2987 5047 3110 5089 cum
3153 5032 3316 5087 Patre
3349 5032 3402 5086 in
3433 5033 3556 5088 uni-

1982 5141 2093 5187 tate
2128 5132 2360 5202 Spiritus
2400 5128 2570 5184 sancti
2606 5142 2702 5197 per
2742 5127 2920 5182 omnia
2969 5126 3163 5182 saecula
3212 5123 3554 5189 saeculorum,

1978 5226 2121 5280 sicut
2150 5225 2263 5293 ipse
2306 5224 2358 5278 in
2389 5219 2709 5291 Apocalypsi
2737 5219 3006 5288 loquitur,
3037 5219 3261 5273 dicens:
3293 5215 3406 5287 Ego
3439 5231 3557 5272 sum

1978 5316 2178 5385 primus
2225 5323 2271 5367 et
2307 5313 2654 5376 novissimus;
2706 5321 2752 5364 et
2787 5312 2926 5365 vivus
2960 5309 3060 5380 fui,
3108 5319 3156 5363 et
3183 5317 3460 5372 mortuus;
3504 5315 3555 5359 et
3588 5359 3593 5363 .

1980 5421 2093 5457 ecce
2119 5421 2232 5458 sum
2265 5403 2434 5457 vivens
2483 5401 2538 5455 in
2566 5400 2760 5455 strcula
2814 5399 3126 5454 sa'culorum
3165 5397 3348 5468 (Apoc.
3377 5396 3552 5466 1,-17).

1975 5492 2077 5563 Ipsi
2109 5507 2340 5561 namque
2368 5492 2562 5546 dicitur
2588 5493 2640 5546 in
2665 5491 2876 5547 Psalmo
2901 5509 2915 5545 :
2951 5489 3188 5544 Thronus
3217 5499 3358 5553 tuus,-
3393 5487 3551 5550 Dens,

1974 5584 2029 5637 in
2071 5583 2319 5638 strculum
2359 5583 2557 5638 srrcnli.
2614 5583 2678 5637 Et
2724 5583 2957 5637 iterum:
2990 5581 3223 5651 Regnum
3265 5591 3435 5642 tuum,
3472 5594 3551 5631 re-

1976 5691 2131 5744 gnum
2165 5675 2392 5728 omnium
2432 5675 2739 5728 strculornm
2776 5672 2944 5745 (Psal.
2972 5687 3150 5738 cxuv,
3189 5670 3292 5739 l3).
3343 5669 3415 5722 De
3441 5681 3548 5736 quo
