4050 6302
497 306 558 360 τι
1589 296 1790 367 FLORI
1832 293 2109 351 DlACONl
2150 291 2637 348 LUGDUNENSIS

3696 290 3787 345 72

495 412 548 475 et
587 422 638 473 in
668 420 957 493 Evangelia
978 418 1043 472 ad
1072 418 1283 473 beatam
1308 414 1527 469 Mariam
1559 411 1779 482 angelus
1806 409 1973 465 dicit:
2005 406 2073 461 Et
2102 412 2149 470 Λ
2178 406 2278 459 nisi
2329 405 2417 459 ille
2438 406 2504 459 de
2529 420 2637 474 quo
2677 403 2877 458 dictum
2907 411 3026 457 est:
3081 402 3214 457 Ecce
3262 403 3440 474 Agnus
3485 404 3599 469 Dei,
3647 423 3785 461 ecce

499 511 640 580 regni
669 510 783 577 ejus
817 525 921 562 non
945 508 1041 561 erit
1070 507 1191 575 ﬁnis
1222 504 1372 566 (Luc.
1408 518 1446 564 ι,
1474 501 1586 571 5⁸5).

568 600 654 656 89.
699 598 813 652 llac
848 597 1095 652 oratione
1135 593 1367 671 expleta,
1418 590 1775 644 commiscens
1819 586 2075 642 sacerdos

495 690 829 745 Dominicam
864 688 1207 749 oblationem,
1256 692 1315 737 ut
1353 681 1491 736 calix
1520 680 1730 735 Domini
1760 688 1927 734 totam
1957 678 2073 746 ple-

496 781 794 836 nitudinem
818 779 1098 843 contineat
1138 772 1485 849 sacramenti,
1518 781 1773 840 tanquam
1800 785 1895 839 per
1933 769 2077 837 ejus-

497 873 617 926 dem
649 869 890 941 mysterii
924 865 1318 936 copulationem
1347 863 1671 932 imprecatur
1691 859 1944 914 Ecclesiae
1983 872 2079 927 pa-

494 976 637 1021 cem,
667 961 888 1015 dicens:
937 954 1055 1009 Pax
1101 953 1314 1007 Domini
1339 952 1407 1007 sit
1453 966 1653 1020 semper
1675 949 1959 1013 vobiscum,
1990 946 2076 1001 cui

497 1057 705 1103 tantum
744 1054 940 1102 bonum
965 1042 1199 1112 Ecclesia
1224 1042 1572 1111 imprecatur,
1602 1038 1931 1109 respondens
1961 1053 1975 1090 :
2008 1035 2077 1090 Et

497 1154 616 1192 cum
653 1136 836 1205 spiritu
866 1145 980 1187 tuo.
1007 1131 1191 1203 (Auc.,
1222 1147 1379 1185 serm.
1424 1128 1576 1199 227.)
1624 1126 1761 1195 Quid
1791 1133 1875 1181 est
1898 1133 2075 1179 autem
2125 1171 2149 1195 _.

2143 1215 2313 1270 "catis
2348 1218 2537 1275 nostris
2582 1218 2638 1271 in
2694 1219 2949 1289 sanguine
3001 1236 3097 1274 suo
3142 1218 3325 1290 (Apoc.
3352 1236 3392 1285 ι,
3425 1220 3502 1292 v),
3552 1224 3784 1290 quando

496 1242 599 1297 pax
641 1224 885 1283 Domini,
931 1223 1037 1277 nisi
1086 1238 1190 1292 pax
1232 1220 1478 1275 Christi?
1528 1218 1640 1273 Pax
1668 1226 1850 1273 autem
1879 1216 2080 1272 Christi

497 1315 659 1370 ﬁnem
689 1314 947 1382 temporis
991 1328 1097 1367 non
1154 1311 1345 1373 habet,
1397 1318 1453 1363 et
1481 1309 1596 1378 ipsa
1641 1315 1726 1363 est
1776 1306 1952 1362 omnis
1980 1307 2081 1377 piae

494 1404 726 1459 actionis
752 1403 1173 1471 intentionisque
1215 1399 1497 1469 perfectio.
1530 1399 1761 1468 Propter
1800 1398 1941 1452 hanc
1988 1412 2083 1466 pa-

495 1512 613 1552 cem
642 1496 697 1550 in
724 1510 850 1550 eum
882 1494 1154 1549 credimus
1182 1503 1237 1546 et
1260 1481 1573 1562 speramus,
1602 1499 1660 1545 et
1681 1503 1867 1543 amore
1889 1489 2080 1558 ipsius,

495 1596 753 1658 quantum
782 1587 969 1650 donat,
1011 1585 1360 1641 accendimur
1384 1601 1397 1636 :
1426 1592 1649 1653 propter
1668 1582 1809 1637 hanc
1852 1580 2083 1651 denique

495 1693 709 1732 omnem
756 1676 1153 1730 tribulationem
1192 1672 1403 1744 fortiter
1459 1674 1775 1734 toleramus,
1827 1679 1887 1724 ut
1927 1670 1979 1724 in
2017 1683 2080 1740 ea

2174 495 2264 564 qui
2303 493 2436 547 tollit
2468 502 2679 563 peccata
2714 493 2917 555 mundi,
2943 493 3029 547 cui
3059 492 3263 548 nullum
3298 494 3497 549 bonum
3529 495 3783 550 hominis

2178 585 2525 655 impossibile,
2558 580 2764 640 nullum
2795 585 2994 639 malum
3039 593 3124 640 est
3163 585 3484 640 insanabile.
3538 587 3780 657 (νηπίη)

2177 674 2457 740 Quomodo
2488 683 2668 728 autem
2698 673 2970 745 apostolus
2997 674 3189 730 Petrus
3217 676 3474 740 ostendit,
3504 677 3598 745 qui
3645 677 3727 731 ait
3759 695 3777 730 :

2180 762 2306 817 Non
2333 763 2752 833 corruptibilibus
2778 774 2992 834 argento
3026 774 3075 819 et
3110 782 3242 820 auro
3281 767 3527 838 redempti
3553 771 3676 824 estis
3700 770 3785 823 de

2177 869 2312 906 vana
2341 863 2508 907 vestra
2529 854 2917 908 conversatione
2941 863 3171 925 paternae
3194 856 3513 922 traditionis,
3540 858 3632 912 sed
3650 876 3786 929 pre-

2179 943 2312 996 tioso
2343 945 2598 1013 sanguine
2636 945 2787 1013 quasi
2816 943 2953 1013 Agni
2977 947 3374 1000 incontaminati
3423 956 3470 1000 et
3512 947 3781 1001 immacu-

2178 1031 2275 1085 lati
2298 1029 2494 1087 Christi
2523 1032 2576 1103 (Ι
2601 1031 2748 1088 Petr.
2774 1051 2813 1099 ι,
2847 1034 2957 1101 18).
2991 1034 3061 1089 Et
3087 1035 3141 1089 in
3173 1035 3495 1107 Apocalypsi
3529 1036 3785 1094 Joannes

2180 1125 2488 1195 apostolus:
2540 1124 2644 1191 Qui
2669 1126 2851 1181 dilexit
2871 1143 2984 1192 nos,
3011 1127 3206 1198 inquit,
3235 1137 3284 1183 et
3312 1126 3437 1183 lavit
3471 1146 3564 1183 nos
3592 1147 3625 1182 a
3643 1146 3783 1199 pec-

2183 1308 2499 1377 sanguinem
2563 1325 2719 1365 suum
2775 1310 2921 1364 dedit
2975 1325 3076 1381 pro
3118 1311 3276 1367 nobis
3324 1313 3381 1366 in
3438 1327 3621 1371 cruce.
3683 1312 3783 1366 vel

2181 1402 2397 1470 quando
2434 1402 2662 1473 quisque
2718 1411 2963 1458 nostrum
3021 1403 3074 1458 in
3104 1406 3365 1475 mysterio
3406 1414 3781 1461 sacrosanctae

2183 1493 2453 1562 passionis
2488 1494 2632 1549 illius
2672 1495 2928 1564 baptismi
2977 1494 3132 1564 aquis
3161 1494 3378 1550 ablutus
3427 1504 3532 1560 est,
3577 1511 3781 1550 verum

2182 1585 2346 1639 etiam
2373 1585 2512 1641 tollit
2551 1594 2771 1655 peccata
2820 1587 3028 1650 mundi,
3061 1586 3311 1656 lavatque
3342 1602 3441 1641 nos
3478 1604 3509 1642 a
3532 1587 3783 1657 peccatis

2185 1673 2762 1743 nostris‘quotidianis
2809 1675 2861 1729 in
2897 1676 3157 1753 sanguine
3184 1691 3302 1739 suo,
3352 1692 3475 1731 cum
3526 1677 3781 1746 ejusdem

495 1767 727 1823 feliciter
754 1768 872 1823 sine
900 1766 1247 1821 tribulatione
1276 1777 1582 1833 regnemus.
1622 1760 1764 1816 Vera
1795 1760 1937 1815 enim
1972 1774 2078 1830 pax
2110 1753 2154 1811 Β
2181 1763 2354 1817 beata:
2377 1763 2646 1833 passionis
2668 1764 2736 1835 ad
2765 1764 2940 1818 altare
2966 1766 3229 1821 memoria
3258 1766 3565 1835 replicatur.

498 1857 759 1914 unitatem
791 1854 943 1919 facit,
988 1852 1245 1923 quoniam
1282 1851 1373 1919 qui
1404 1851 1641 1904 adhaeret
1688 1848 1915 1903 Domino
1942 1862 2079 1902 unus

496 1946 722 2016 spiritus
747 1955 847 2001 est.
890 1943 1189 2013 lmprecata
1220 1941 1382 2011 igitur
1410 1954 1561 2010 pace,
1619 1938 1884 2009 incipiens
1928 1953 1969 2009 a_
1996 1952 2082 1992 sa-

497 2037 750 2100 cerdote,
813 2035 906 2090 dat
947 2034 1051 2089 sibi
1093 2041 1279 2087 mutuo
1325 2033 1504 2086 omnis
1553 2030 1791 2087 Ecclesia
1839 2028 2081 2101 osculum

498 2135 666 2198 pacis,
694 2136 774 2191 ut,
815 2127 1064 2181 omnibus
1087 2141 1214 2180 vera
1238 2138 1373 2194 pace
1403 2124 1589 2187 unitis,
1621 2122 1715 2177 fiat
1744 2123 1800 2176 in
1827 2123 1907 2178 eis
1933 2121 2082 2177 locus

499 2218 618 2283 Dei,
665 2217 807 2272 sicut
834 2217 1032 2271 dicitur
1085 2216 1136 2270 in
1181 2215 1388 2285 psalmo
1410 2233 1441 2282 ες
1467 2214 1536 2268 Et
1563 2215 1733 2284 factus
1759 2225 1833 2268 est
1868 2216 1921 2268 in
1957 2231 2083 2283 pace

497 2308 643 2362 locus
670 2307 784 2377 ejus
814 2306 986 2378 (Psal.
1013 2322 1171 2360 Lxxv.
1206 2305 1314 2375 ¹15).
1342 2305 1407 2359 Ει
1447 2304 1810 2374 impleaturin
1846 2303 2083 2359 Ecclesia

497 2382 1097 2470 quod-alibiPsalmista
1127 2398 1350 2453 dicens:
1384 2397 1525 2451 Deus
1556 2399 1609 2452 in
1634 2398 1746 2452 loco
1765 2407 1943 2460 sancto
1965 2412 2081 2462 suo,

495 2488 639 2544 Deus
663 2488 956 2543 inhabitare
977 2489 1104 2559 facit
1126 2488 1400 2541 unanimes
1438 2488 1492 2561 in
1521 2486 1675 2541 domo
1706 2485 1880 2558 (Psal.
1911 2500 2083 2550 um.

498 2580 609 2650 17).
644 2580 870 2651 (Vtrum)
898 2580 965 2635 Et
1009 2580 1113 2635 hoc
1157 2579 1341 2649 utique
1368 2595 1433 2634 ex
1464 2579 1753 2633 traditione
1791 2576 2084 2648 apostolica

497 2681 680 2728 servat
708 2671 975 2736 Ecclesia,
1026 2671 1112 2726 cui
1145 2668 1455 2740 frequenter
1479 2670 1548 2724 ab
1568 2668 1803 2739 ejusdem
1828 2668 2085 2740 apostolis

497 2763 725 2819 dicitur:
758 2759 1002 2816 Salutate
1030 2761 1247 2815 invicem
1270 2761 1325 2814 in
1354 2759 1533 2814 osculo
1563 2770 1743 2814 sancto
1766 2758 1944 2831 (Rom.
1972 2774 2080 2821 xvi,

499 2854 613 2924 16),
642 2844 697 2908 id
719 2859 804 2908 est
835 2852 1021 2907 osculo
1050 2866 1183 2917 vero
1205 2892 1221 2917 ,
1276 2851 1462 2907 osculo
1492 2851 1739 2922 paciﬁco,
1772 2851 1960 2907 osculo
1987 2866 2084 2906 co-

498 2942 757 3007 lumbino,
806 2957 912 2997 non
943 2942 1067 2996 ficto
1092 2953 1149 2996 et
1176 2942 1420 3006 subdolo,
1464 2943 1609 3012 quali
1659 2958 1789 2996 usus
1824 2953 1909 2998 est
1948 2940 2083 2997 Joab

502 3034 569 3088 ad
592 3031 944 3086 occidendum
967 3030 1268 3095 Atnasiam,
1311 3030 1457 3101 quali
1483 3029 1649 3085 ludas
1673 3030 1741 3100 ad
1768 3030 2085 3084 tradendum

2252 1853 2340 1909 9i.
2377 1853 2507 1910 Post
2550 1855 2666 1911 hazc
2709 1870 2839 1925 ergo
2888 1865 3100 1927 sumpta
3149 1857 3476 1913 eucharistia
3503 1896 3522 1921 ,
3575 1856 3629 1911 id
3685 1866 3782 1913 est

2180 1944 2322 2000 bona
2360 1946 2558 2015 gratia,
2607 1946 2780 2015 gratia
2808 1945 2956 2000 enim
2992 1946 3088 2001 Dei
3130 1962 3229 2015 pro
3255 1947 3504 2001 omnibus
3529 1947 3781 2019 gustavit

2182 2044 2435 2100 mortem,
2462 2044 2520 2090 et
2538 2035 2807 2091 celebrata
2831 2034 3125 2105 gratiarum
3151 2038 3383 2102 actione,
3416 2037 3784 2106 respondetur

2182 2125 2253 2180 ab
2280 2125 2531 2180 omnibus
2557 2124 2741 2179 Amen.
2775 2125 2960 2195 (Ave,
2993 2125 3157 2179 serm.‘
3186 2125 3335 2196 272.)
3367 2125 3491 2181 Haec
3512 2138 3595 2182 est
3622 2128 3780 2181 enim

2183 2212 2327 2267 clara
2355 2228 2457 2266 vox
2490 2213 2769 2284 sanguinis
2796 2212 3015 2277 Christi,
3060 2230 3221 2284 quam
3267 2215 3489 2285 sanguis
3527 2216 3646 2286 ipse
3668 2232 3779 2269 ex-

2183 2303 2369 2375 primit
2424 2321 2492 2360 ex
2543 2318 2638 2359 ore
2694 2304 2933 2359 fidelium
2991 2306 3178 2360 eodem
3234 2306 3495 2376 sanguine
3552 2307 3781 2362 redem-

2182 2401 2417 2463 ptorum.
3505 2444 3508 2447 .

2253 2482 2570 2538 92.~Finitts
2620 2497 2747 2538 vero
2780 2482 3051 2546 omnibus,
3106 2484 3308 2540 astanti
3356 2494 3414 2540 et
3457 2484 3785 2541 observanti

2182 2574 2378 2645 p0pnlo
2429 2574 2692 2631 absomtio
2744 2578 2925 2645 datur,
2970 2577 3293 2633 inclamante
3340 2579 3612 2634 diacono:
3656 2588 3772 2646 Ite,

2182 2670 2343 2725 missa
2385 2680 2483 2724 est.
2532 2669 2693 2726 Missa
2720 2686 2850 2741 ergo
2887 2671 3019 2726 nihil
3061 2672 3206 2727 aliud
3242 2672 3577 2742 intelligitur,
3605 2689 3775 2741 quam

2184 2759 2444 2820 dimissio.
2484 2759 2536 2814 id
2567 2769 2651 2815 est
2679 2762 2964 2827 absolutio,
3012 2777 3175 2831 quam
3202 2762 3487 2818 celebratis
3515 2764 3778 2819 omnibus

2185 2860 2313 2907 tunc
2347 2852 2608 2907 diaconus
2641 2867 2763 2908 esse
2793 2854 3142 2923 pronuntiat,
3189 2870 3314 2910 cum
3361 2854 3591 2925 papulas
3622 2872 3650 2907 a
3683 2872 3776 2909 so-

2183 2941 2347 2997 lemni
2372 2943 2753 3010 observatione
2783 2943 3095 3001 dimittitur.
3138 2944 3286 3000 Unde
3314 2954 3372 2999 et
3415 2945 3634 3000 missam
3673 2961 3774 3000 ca-

2187 3032 2631 3087 techumenorum
2675 3048 2913 3088 canones
2957 3034 3163 3099 dicunt,
3205 3034 3424 3105 quando
3450 3045 3570 3104 post
3598 3035 3773 3089 Evan-

501 3123 860 3185 Salvatorctn,
908 3121 1054 3192 quali
1085 3094 1395 3175 utuntur'hi
1440 3121 1533 3190 qui
1576 3097 1869 3192 loquuntur
1894 3135 2083 3189 pacem
2110 3094 2156 3157 (ί
2188 3123 2315 3194 gelii
2359 3123 2645 3180 lectionem
2694 3125 2958 3194 incipiunt
2988 3094 3249 3181 celebrari
3284 3094 3465 3181 sacra.
3496 3128 3771 3198 mysteria,

502 3235 626 3274 cum
667 3220 916 3289 proximo
943 3234 1062 3283 suo,
1093 3218 1238 3273 mala
1268 3227 1449 3273 autem
1484 3218 1538 3272 in
1584 3218 1837 3273 cordibus
1875 3231 2083 3272 eorum.

499 3307 581 3365 Illi
609 3323 739 3380 ergo
758 3309 943 3364 osculo
978 3316 1170 3363 sancto
1193 3307 1429 3363 salutant
1458 3307 1689 3363 invicem
1716 3308 1807 3378 qui
1833 3323 1942 3363 non
1968 3306 2088 3361 dili-

502 3406 637 3470 gunt
665 3399 845 3455 verbis
870 3415 971 3455 nec
996 3398 1198 3469 lingua,
1235 3399 1332 3454 sed
1361 3414 1525 3470 opere
1555 3408 1610 3454 et
1637 3400 1881 3455 veritate.

574 3489 663 3546 90.
710 3490 855 3546 Inter
902 3491 1019 3547 haec
1070 3490 1249 3546 omnia
1297 3500 1550 3547 cantatur
1597 3492 1665 3546 ab
1715 3493 1984 3557 omnibus,
2032 3500 2089 3547 et

504 3581 773 3637 cantando
815 3591 1006 3637 oratur
1051 3582 1398 3638 dicentibus:
1437 3583 1616 3653 Agnus
1662 3583 1781 3648 Dei,
1832 3585 1922 3654 qui
1949 3583 2088 3653 tollis

502 3682 716 3741 peccata
741 3674 947 3740 mundi,
967 3682 1072 3730 etc.
1106 3673 1288 3746 (Auc.)
1316 3674 1503 3730 Nullus
1524 3675 1669 3730 enim
1693 3674 1828 3731 tollit
1846 3684 2100 3746 peccata,

2191 3214 2386 3283 quibus
2398 3214 2619 3279 nullum,
2639 3215 2740 3269 nisi
2754 3214 3164 3285 haptismifonte
3185 3225 3580 3287 regeneratum,
3602 3217 3773 3270 inter-

2194 3324 2316 3365 esse
2362 3309 2507 3365 licet.
2563 3310 2716 3366 Tunc
2760 3310 2927 3372 enim,
2974 3311 3245 3367 clamante
3300 3311 3549 3367 diacono.
3610 3309 3773 3362 iidem

2193 3402 2567 3456 catechumeui
2619 3401 2972 3456 mittebantur
2994 3440 3011 3465 ,
3051 3400 3105 3455 id
3149 3408 3234 3455 est
3261 3400 3669 3455 dimittebantur
3698 3396 3771 3450 fo-

2195 3510 2305 3550 ras.
2354 3493 2518 3550 Missa
2554 3485 2684 3567 ergo
2709 3496 3223 3555 catechumenorum
3249 3494 3412 3550 flebat
3451 3505 3576 3548 ante
3600 3494 3773 3548 actio-

2197 3602 2321 3641 nem
2368 3596 2868 3642 sacramentorum:
2918 3585 3082 3640 missa
3121 3584 3359 3640 ﬁdelium
3408 3584 3468 3638 fit
3494 3592 3618 3654 post
3644 3598 3768 3637 con-

2198 3675 2488 3733 iectionem
2513 3684 2568 3733 et
2589 3676 3076 3748 participationem.

1432 3994 1984 4109 FLOR!
2056 3999 2821 4113 DIAGONI

713 4226 1537 4359 OPUSCULA
1625 4229 2463 4365 ADVERSUS
2536 4141 3564 4372 'AMALARIUM.

1868 4474 1886 4537 (
1893 4474 1928 4523 Α
1936 4475 2028 4536 pud
2055 4473 2287 4532 Martem,
2313 4475 2454 4536 ibid.)

2067 4621 2257 4640 ἠ

507 4839 746 4912 Incipit
776 4841 1041 4925 epistola
1086 4845 1275 4907 FLont
1314 4847 1511 4925 totius
1544 4848 1831 4909 veritatis
1863 4844 2083 4925 plena,

592 4926 815 5001 contra
841 4919 1210 5001 falsiloqnas
1246 4924 1708 4986 adinventiones
1739 4919 2084 4997 Amissa",

590 4996 900 5136 glandem
961 4996 1395 5079 Lugdunensis
1452 5003 1962 5084 chorespiscopi,
2017 5002 2090 5063 de

646 5094 874 5136 ornare
912 5078 1160 5136 Domini
1196 5082 1547 5136 lrinartito.

646 5094 874 5154 orpore
912 5078 1160 5140 Domini
1196 5082 1547 5160 tripartito.

584 5194 637 5248 1.
669 5192 911 5251 Dominis
937 5195 1285 5264 beatissimis,
1318 5199 1789 5266 reverentissimis,
1828 5209 1891 5271 act
1914 5199 2093 5269 piissi-

510 5284 617 5341 mis
644 5286 948 5356 pastoribus
995 5289 1174 5360 gregis
1206 5289 1433 5356 Christi,
1480 5291 1783 5347 rectoribus
1835 5290 2091 5346 Ecclesiae

514 5377 635 5442 Dei,
675 5379 1120 5448 pradicatoribus
1169 5398 1234 5437 ac
1277 5383 1768 5454 pmpugnatoribus
1812 5382 2090 5438 catholicm

2111 4731 2164 4789 Ῑ)
2190 4747 2438 4811 nerabili,
2477 4756 2620 4802 ctex
2669 4745 2942 4816 provincia
2985 4745 3328 4817 Lngdunensi
3376 4747 3549 4819 prima
3593 4749 3775 4802 Auu-

2192 4852 2314 4890 ntco
2340 4836 2640 4906 Lingonum
2695 4836 3149 4891 reverentissimis
3178 4838 3476 4906 episcopis,
3519 4837 3774 4893 Ecclesia:

2190 4926 2466 4980 catholicae
2498 4925 2747 4998 indignus
2791 4925 2950 4989 filius,
2996 4934 3052 4979 et
3099 4926 3314 4994 pietatis
3340 4942 3404 4980 ac
3431 4927 3776 4997 paternitatis

2191 5029 2385 5072 vestrm
2408 5019 2637 5088 exiguus
2663 5018 2909 5072 servulus
2932 5015 3163 5072 Faenus.

2263 5105 2538 5172 Obsecro,
2605 5106 3024 5161 mansuetissimi
3092 5117 3148 5160 et
3199 5105 3568 5174 benignissum
3628 5108 3773 5161 servi

2193 5196 2415 5261 Christi,
2453 5206 2513 5251 ut
2559 5197 2955 5251 extremitatem
2998 5210 3172 5249 meam
3220 5195 3472 5264 periculis
3519 5194 3775 5250 Ecclesia:

2195 5286 2289 5342 Dei
2317 5286 2690 5343 condolentem
2715 5294 2771 5341 et
2797 5287 3227 5356 compaticntem,
3258 5301 3322 5340 ac
3345 5301 3441 5354 pro
3468 5285 3570 5341 hoc
3592 5300 3776 5341 neces-

2195 5378 2385 5433 sitates
2416 5376 2532 5446 ejus
2577 5375 2851 5431 humiliter
2880 5385 2935 5430 et
2963 5375 3188 5430 fidenter
3214 5376 3281 5430 ad
3305 5391 3398 5431 vos
3427 5375 3771 5437 referentem.

513 5471 662 5536 ﬁdei,
692 5471 929 5529 Dnocom
957 5476 1100 5531 sacri
1129 5476 1338 5532 consilii
1361 5477 1617 5546 magistro
1638 5484 1694 5530 et
1716 5474 1952 5545 pontifici
1981 5474 2091 5529 cla-
2192 5470 2252 5525 in
2278 5469 2446 5539 ipsius
2479 5467 2703 5533 Christi,
2725 5476 2781 5523 et
2807 5468 2901 5523 Dei
2940 5467 3195 5523 Ecclesiae
3222 5468 3325 5537 pia:
3355 5469 3542 5553 matris
3564 5480 3773 5527 amore.

514 5561 762 5631 rissimo;
780 5564 915 5621 Ηετι
941 5566 1286 5623 Trevirorum
1305 5567 1556 5637 antistiti,
1581 5567 1817 5622 ALDRICO
1838 5581 2095 5621 reveren-
2196 5563 2287 5635 pio
2313 5576 2377 5616 ac
2399 5562 2628 5632 benigno
2656 5560 2962 5631 suscipiatis
2986 5560 3200 5615 aﬂ‘ectu.
3232 5559 3432 5630 Exigua
3462 5558 3678 5628 quidem
3719 5567 3776 5611 et

516 5653 728 5738 ιξεξξεηο
762 5655 1229 5714 Cenomannorum
1251 5659 1519 5728 episcopo,
1554 5658 1767 5716 “suam
1795 5659 1976 5714 abbati
2002 5674 2092 5712 ve-
2199 5654 2414 5724 indigna
2457 5664 2542 5710 est
2566 5669 2799 5735 persona
2831 5668 2951 5723 qua:
2991 5651 3267 5726 loquitur;
3311 5650 3407 5723 sed
3456 5648 3667 5704 Domini
3691 5654 3776 5700 cst
