  <div class='ocr_page' id='page_1' title='image "/cluster/home/n/w/nwhite01/storage/ocr_20150623/119/hvd.32044015466915/042.png"; bbox 0 0 4050 6302; ppageno 0'>
   <div class='ocr_carea' id='block_1_1' title="bbox 242 332 3525 416">
    <p class='ocr_par' dir='ltr' id='par_1_1' title="bbox 242 332 3525 416">
     <span class='ocr_line' id='line_1_1' title="bbox 242 332 3525 416; baseline -0.003 -6"><span class='ocrx_word' id='word_1_1' title='bbox 242 353 318 410; x_wconf 77' lang='lat'><strong>73</strong></span> <span class='ocrx_word' id='word_1_2' title='bbox 912 332 917 339; x_wconf 75' lang='grc'>’</span> <span class='ocrx_word' id='word_1_3' title='bbox 1252 351 1621 411; x_wconf 69' lang='lat' dir='ltr'><strong>oruscuu</strong></span> <span class='ocrx_word' id='word_1_4' title='bbox 1669 346 2038 406; x_wconf 67' lang='lat' dir='ltr'><strong>snvnnsus</strong></span> <span class='ocrx_word' id='word_1_5' title='bbox 2085 347 2515 405; x_wconf 74' lang='lat' dir='ltr'><strong>AMALARIUM.</strong></span> <span class='ocrx_word' id='word_1_6' title='bbox 3455 359 3525 416; x_wconf 71' lang='grc' dir='ltr'>ῃ</span> 
     </span>
    </p>
   </div>
   <div class='ocr_carea' id='block_1_2' title="bbox 239 446 3521 541">
    <p class='ocr_par' dir='ltr' id='par_1_2' title="bbox 239 446 3521 541">
     <span class='ocr_line' id='line_1_2' title="bbox 239 446 3521 541; baseline 0.002 -17"><span class='ocrx_word' id='word_1_7' title='bbox 239 489 354 540; x_wconf 83' lang='lat' dir='ltr'><strong>res,</strong></span> <span class='ocrx_word' id='word_1_8' title='bbox 381 469 594 528; x_wconf 82' lang='lat' dir='ltr'><strong>Domini</strong></span> <span class='ocrx_word' id='word_1_9' title='bbox 635 477 721 526; x_wconf 90' lang='lat' dir='ltr'><strong>est</strong></span> <span class='ocrx_word' id='word_1_10' title='bbox 764 484 928 527; x_wconf 89' lang='lat' dir='ltr'><strong>causa</strong></span> <span class='ocrx_word' id='word_1_11' title='bbox 950 484 1112 541; x_wconf 87' lang='lat' dir='ltr'><strong>quam</strong></span> <span class='ocrx_word' id='word_1_12' title='bbox 1136 446 1416 541; x_wconf 60' lang='lat' dir='ltr'><strong>loquitur}</strong></span> <span class='ocrx_word' id='word_1_13' title='bbox 1465 470 1625 539; x_wconf 80' lang='lat' dir='ltr'><strong>digna</strong></span> <span class='ocrx_word' id='word_1_14' title='bbox 1658 476 1824 533; x_wconf 89' lang='lat' dir='ltr'><strong>certe,</strong></span> <span class='ocrx_word' id='word_1_15' title='bbox 1855 476 1907 536; x_wconf 74' lang='grc' dir='ltr'>Α</span> <span class='ocrx_word' id='word_1_16' title='bbox 1931 461 2184 533; x_wconf 84' lang='lat' dir='ltr'><strong>gravitati</strong></span> <span class='ocrx_word' id='word_1_17' title='bbox 2210 463 2569 531; x_wconf 88' lang='lat' dir='ltr'><strong>fastidiosum,</strong></span> <span class='ocrx_word' id='word_1_18' title='bbox 2599 472 2654 521; x_wconf 90' lang='lat' dir='ltr'><strong>et</strong></span> <span class='ocrx_word' id='word_1_19' title='bbox 2688 462 2821 522; x_wconf 80' lang='lat' dir='ltr'><strong>meae</strong></span> <span class='ocrx_word' id='word_1_20' title='bbox 2848 459 3256 539; x_wconf 81' lang='lat' dir='ltr'><strong>supplicationis</strong></span> <span class='ocrx_word' id='word_1_21' title='bbox 3281 478 3521 532; x_wconf 78' lang='lat' dir='ltr'><strong>sermoni</strong></span> 
     </span>
    </p>
   </div>
   <div class='ocr_carea' id='block_1_3' title="bbox 234 560 1832 634">
    <p class='ocr_par' dir='ltr' id='par_1_3' title="bbox 234 560 1832 634">
     <span class='ocr_line' id='line_1_3' title="bbox 234 560 1832 634; baseline -0.001 -16"><span class='ocrx_word' id='word_1_22' title='bbox 234 578 365 634; x_wconf 67' lang='lat' dir='ltr'><strong>quae</strong></span> <span class='ocrx_word' id='word_1_23' title='bbox 390 577 421 616; x_wconf 92' lang='lat' dir='ltr'><strong>a</strong></span> <span class='ocrx_word' id='word_1_24' title='bbox 446 560 760 617; x_wconf 83' lang='lat' dir='ltr'><strong>melioribus</strong></span> <span class='ocrx_word' id='word_1_25' title='bbox 780 570 1182 633; x_wconf 86' lang='lat' dir='ltr'><strong>suggereretur,</strong></span> <span class='ocrx_word' id='word_1_26' title='bbox 1206 569 1262 616; x_wconf 91' lang='lat' dir='ltr'><strong>et</strong></span> <span class='ocrx_word' id='word_1_27' title='bbox 1286 561 1477 616; x_wconf 91' lang='lat' dir='ltr'><strong>idonea</strong></span> <span class='ocrx_word' id='word_1_28' title='bbox 1508 575 1628 631; x_wconf 65' lang='lat' dir='ltr'><strong>qua:</strong></span> <span class='ocrx_word' id='word_1_29' title='bbox 1651 562 1718 617; x_wconf 86' lang='lat' dir='ltr'><strong>ad</strong></span> <span class='ocrx_word' id='word_1_30' title='bbox 1740 576 1832 617; x_wconf 89' lang='lat' dir='ltr'><strong>ve-</strong></span> 
     </span>
    </p>
   </div>
   <div class='ocr_carea' id='block_1_4' title="bbox 234 649 1827 722">
    <p class='ocr_par' dir='ltr' id='par_1_4' title="bbox 234 649 1827 722">
     <span class='ocr_line' id='line_1_4' title="bbox 234 649 1827 722; baseline -0.002 -12"><span class='ocrx_word' id='word_1_31' title='bbox 234 662 417 710; x_wconf 85' lang='lat' dir='ltr'><strong>strum</strong></span> <span class='ocrx_word' id='word_1_32' title='bbox 446 650 563 722; x_wconf 87' lang='lat' dir='ltr'><strong>jam</strong></span> <span class='ocrx_word' id='word_1_33' title='bbox 603 651 732 708; x_wconf 91' lang='lat' dir='ltr'><strong>olim</strong></span> <span class='ocrx_word' id='word_1_34' title='bbox 753 649 1019 720; x_wconf 82' lang='lat' dir='ltr'><strong>judicium</strong></span> <span class='ocrx_word' id='word_1_35' title='bbox 1063 651 1431 721; x_wconf 66' lang='lat' dir='ltr'><strong>examinanda</strong></span> <span class='ocrx_word' id='word_1_36' title='bbox 1463 650 1827 721; x_wconf 77' lang='lat' dir='ltr'><strong>perferretur;</strong></span> 
     </span>
    </p>
   </div>
   <div class='ocr_carea' id='block_1_5' title="bbox 237 742 1830 816">
    <p class='ocr_par' dir='ltr' id='par_1_5' title="bbox 237 742 1830 816">
     <span class='ocr_line' id='line_1_5' title="bbox 237 742 1830 816; baseline 0.001 -14"><span class='ocrx_word' id='word_1_37' title='bbox 237 745 340 802; x_wconf 79' lang='lat' dir='ltr'><strong>sed</strong></span> <span class='ocrx_word' id='word_1_38' title='bbox 392 744 651 815; x_wconf 90' lang='lat' dir='ltr'><strong>quoniam</strong></span> <span class='ocrx_word' id='word_1_39' title='bbox 698 742 891 800; x_wconf 78' lang='lat' dir='ltr'><strong>fortius</strong></span> <span class='ocrx_word' id='word_1_40' title='bbox 937 744 1174 801; x_wconf 88' lang='lat' dir='ltr'><strong>clamare</strong></span> <span class='ocrx_word' id='word_1_41' title='bbox 1212 744 1390 801; x_wconf 84' lang='lat' dir='ltr'><strong>solent</strong></span> <span class='ocrx_word' id='word_1_42' title='bbox 1443 746 1538 816; x_wconf 89' lang='lat' dir='ltr'><strong>qui</strong></span> <span class='ocrx_word' id='word_1_43' title='bbox 1593 748 1830 803; x_wconf 85' lang='lat' dir='ltr'><strong>atrocius</strong></span> 
     </span>
    </p>
   </div>
   <div class='ocr_carea' id='block_1_6' title="bbox 235 835 1829 907">
    <p class='ocr_par' dir='ltr' id='par_1_6' title="bbox 235 835 1829 907">
     <span class='ocr_line' id='line_1_6' title="bbox 235 835 1829 907; baseline -0.001 -15"><span class='ocrx_word' id='word_1_44' title='bbox 235 835 522 907; x_wconf 67' lang='lat' dir='ltr'><strong>vapularat,</strong></span> <span class='ocrx_word' id='word_1_45' title='bbox 565 845 622 891; x_wconf 91' lang='lat' dir='ltr'><strong>et</strong></span> <span class='ocrx_word' id='word_1_46' title='bbox 648 835 742 905; x_wconf 86' lang='lat' dir='ltr'><strong>qui</strong></span> <span class='ocrx_word' id='word_1_47' title='bbox 767 835 1003 889; x_wconf 81' lang='lat' dir='ltr'><strong>maxima</strong></span> <span class='ocrx_word' id='word_1_48' title='bbox 1049 843 1275 907; x_wconf 90' lang='lat' dir='ltr'><strong>cogente</strong></span> <span class='ocrx_word' id='word_1_49' title='bbox 1299 835 1594 906; x_wconf 73' lang='lat' dir='ltr'><strong>indigentia</strong></span> <span class='ocrx_word' id='word_1_50' title='bbox 1625 836 1829 906; x_wconf 90' lang='lat' dir='ltr'><strong>impor-</strong></span> 
     </span>
    </p>
   </div>
   <div class='ocr_carea' id='block_1_7' title="bbox 242 923 1829 996">
    <p class='ocr_par' dir='ltr' id='par_1_7' title="bbox 242 923 1829 996">
     <span class='ocr_line' id='line_1_7' title="bbox 242 923 1829 996; baseline -0.001 -16"><span class='ocrx_word' id='word_1_51' title='bbox 242 925 428 981; x_wconf 86' lang='lat' dir='ltr'><strong>tunius</strong></span> <span class='ocrx_word' id='word_1_52' title='bbox 453 923 753 995; x_wconf 90' lang='lat' dir='ltr'><strong>postulant,</strong></span> <span class='ocrx_word' id='word_1_53' title='bbox 798 924 1147 980; x_wconf 82' lang='lat' dir='ltr'><strong>miseratione</strong></span> <span class='ocrx_word' id='word_1_54' title='bbox 1186 924 1367 994; x_wconf 89' lang='lat' dir='ltr'><strong>potius</strong></span> <span class='ocrx_word' id='word_1_55' title='bbox 1391 938 1554 994; x_wconf 90' lang='lat' dir='ltr'><strong>quam</strong></span> <span class='ocrx_word' id='word_1_56' title='bbox 1582 924 1829 996; x_wconf 88' lang='lat' dir='ltr'><strong>indigna-</strong></span> 
     </span>
    </p>
   </div>
   <div class='ocr_carea' id='block_1_8' title="bbox 238 1014 1831 1087">
    <p class='ocr_par' dir='ltr' id='par_1_8' title="bbox 238 1014 1831 1087">
     <span class='ocr_line' id='line_1_8' title="bbox 238 1014 1831 1087; baseline 0 -15"><span class='ocrx_word' id='word_1_57' title='bbox 238 1016 393 1072; x_wconf 82' lang='lat' dir='ltr'><strong>tione</strong></span> <span class='ocrx_word' id='word_1_58' title='bbox 420 1014 566 1087; x_wconf 86' lang='lat' dir='ltr'><strong>digni</strong></span> <span class='ocrx_word' id='word_1_59' title='bbox 588 1014 891 1071; x_wconf 85' lang='lat' dir='ltr'><strong>habentur:</strong></span> <span class='ocrx_word' id='word_1_60' title='bbox 917 1016 988 1071; x_wconf 88' lang='lat' dir='ltr'><strong>sit</strong></span> <span class='ocrx_word' id='word_1_61' title='bbox 1015 1022 1073 1071; x_wconf 88' lang='lat' dir='ltr'><strong>et</strong></span> <span class='ocrx_word' id='word_1_62' title='bbox 1094 1015 1228 1071; x_wconf 90' lang='lat' dir='ltr'><strong>mihi</strong></span> <span class='ocrx_word' id='word_1_63' title='bbox 1267 1015 1491 1072; x_wconf 91' lang='lat' dir='ltr'><strong>minimo</strong></span> <span class='ocrx_word' id='word_1_64' title='bbox 1522 1015 1623 1071; x_wconf 86' lang='lat' dir='ltr'><strong>sub</strong></span> <span class='ocrx_word' id='word_1_65' title='bbox 1649 1025 1831 1073; x_wconf 87' lang='lat' dir='ltr'><strong>vestra</strong></span> 
     </span>
    </p>
   </div>
   <div class='ocr_carea' id='block_1_9' title="bbox 240 1088 1829 1177">
    <p class='ocr_par' dir='ltr' id='par_1_9' title="bbox 240 1088 1829 1177">
     <span class='ocr_line' id='line_1_9' title="bbox 240 1088 1829 1177; baseline 0.003 -17"><span class='ocrx_word' id='word_1_66' title='bbox 240 1105 447 1177; x_wconf 76' lang='lat' dir='ltr'><strong>pietate</strong></span> <span class='ocrx_word' id='word_1_67' title='bbox 498 1114 671 1160; x_wconf 89' lang='lat' dir='ltr'><strong>tutum</strong></span> <span class='ocrx_word' id='word_1_68' title='bbox 719 1119 786 1160; x_wconf 91' lang='lat' dir='ltr'><strong>ac</strong></span> <span class='ocrx_word' id='word_1_69' title='bbox 823 1088 1051 1161; x_wconf 74' lang='lat' dir='ltr'><strong>liberum</strong></span> <span class='ocrx_word' id='word_1_70' title='bbox 1083 1105 1225 1161; x_wconf 89' lang='lat' dir='ltr'><strong>inter</strong></span> <span class='ocrx_word' id='word_1_71' title='bbox 1268 1103 1477 1176; x_wconf 82' lang='lat' dir='ltr'><strong>ﬂagella</strong></span> <span class='ocrx_word' id='word_1_72' title='bbox 1519 1106 1829 1177; x_wconf 84' lang='lat' dir='ltr'><strong>vapulantis</strong></span> 
     </span>
    </p>
   </div>
   <div class='ocr_carea' id='block_1_10' title="bbox 242 1195 1827 1269">
    <p class='ocr_par' dir='ltr' id='par_1_10' title="bbox 242 1195 1827 1269">
     <span class='ocr_line' id='line_1_10' title="bbox 242 1195 1827 1269; baseline 0.001 -15"><span class='ocrx_word' id='word_1_73' title='bbox 242 1195 503 1255; x_wconf 67' lang='lat' dir='ltr'><strong>Ecclesia:</strong></span> <span class='ocrx_word' id='word_1_74' title='bbox 528 1198 740 1255; x_wconf 88' lang='lat' dir='ltr'><strong>tristius</strong></span> <span class='ocrx_word' id='word_1_75' title='bbox 776 1196 1085 1264; x_wconf 86' lang='lat' dir='ltr'><strong>vociferari,</strong></span> <span class='ocrx_word' id='word_1_76' title='bbox 1112 1199 1180 1254; x_wconf 91' lang='lat' dir='ltr'><strong>de</strong></span> <span class='ocrx_word' id='word_1_77' title='bbox 1227 1198 1473 1256; x_wconf 85' lang='lat' dir='ltr'><strong>cladibus</strong></span> <span class='ocrx_word' id='word_1_78' title='bbox 1497 1196 1614 1269; x_wconf 87' lang='lat' dir='ltr'><strong>ejus</strong></span> <span class='ocrx_word' id='word_1_79' title='bbox 1637 1217 1701 1256; x_wconf 93' lang='lat' dir='ltr'><strong>ac</strong></span> <span class='ocrx_word' id='word_1_80' title='bbox 1724 1202 1827 1256; x_wconf 92' lang='lat' dir='ltr'><strong>mi-</strong></span> 
     </span>
    </p>
   </div>
   <div class='ocr_carea' id='block_1_11' title="bbox 241 1290 1830 1363">
    <p class='ocr_par' dir='ltr' id='par_1_11' title="bbox 241 1290 1830 1363">
     <span class='ocr_line' id='line_1_11' title="bbox 241 1290 1830 1363; baseline 0.001 -15"><span class='ocrx_word' id='word_1_81' title='bbox 241 1291 402 1348; x_wconf 77' lang='lat' dir='ltr'><strong>seriis</strong></span> <span class='ocrx_word' id='word_1_82' title='bbox 437 1290 718 1361; x_wconf 90' lang='lat' dir='ltr'><strong>conqueri,</strong></span> <span class='ocrx_word' id='word_1_83' title='bbox 760 1297 816 1347; x_wconf 89' lang='lat' dir='ltr'><strong>et</strong></span> <span class='ocrx_word' id='word_1_84' title='bbox 848 1305 881 1346; x_wconf 90' lang='lat' dir='ltr'><strong>a</strong></span> <span class='ocrx_word' id='word_1_85' title='bbox 930 1291 1083 1348; x_wconf 82' lang='lat' dir='ltr'><strong>vobis</strong></span> <span class='ocrx_word' id='word_1_86' title='bbox 1127 1297 1367 1362; x_wconf 73' lang='lat' dir='ltr'><strong>paternae</strong></span> <span class='ocrx_word' id='word_1_87' title='bbox 1399 1292 1519 1363; x_wconf 91' lang='lat' dir='ltr'><strong>opis</strong></span> <span class='ocrx_word' id='word_1_88' title='bbox 1569 1293 1830 1350; x_wconf 84' lang='lat' dir='ltr'><strong>auxilium</strong></span> 
     </span>
    </p>
   </div>
   <div class='ocr_carea' id='block_1_12' title="bbox 237 1381 544 1451">
    <p class='ocr_par' dir='ltr' id='par_1_12' title="bbox 237 1381 544 1451">
     <span class='ocr_line' id='line_1_12' title="bbox 237 1381 544 1451; baseline -0.013 -12"><span class='ocrx_word' id='word_1_89' title='bbox 237 1381 544 1451; x_wconf 88' lang='lat' dir='ltr'><strong>deprecari.</strong></span> 
     </span>
    </p>
   </div>
   <div class='ocr_carea' id='block_1_13' title="bbox 160 1470 1831 1537">
    <p class='ocr_par' dir='ltr' id='par_1_13' title="bbox 160 1470 1831 1537">
     <span class='ocr_line' id='line_1_13' title="bbox 160 1470 1831 1537; baseline 0.005 -12"><span class='ocrx_word' id='word_1_90' title='bbox 160 1494 169 1503; x_wconf 82' lang='lat'><strong><em>~</em></strong></span> <span class='ocrx_word' id='word_1_91' title='bbox 309 1471 369 1526; x_wconf 77' lang='lat'><strong>2.</strong></span> <span class='ocrx_word' id='word_1_92' title='bbox 398 1472 604 1528; x_wconf 86' lang='lat' dir='ltr'><strong>Idcirco</strong></span> <span class='ocrx_word' id='word_1_93' title='bbox 625 1470 767 1527; x_wconf 87' lang='lat' dir='ltr'><strong>enim</strong></span> <span class='ocrx_word' id='word_1_94' title='bbox 798 1470 866 1528; x_wconf 91' lang='lat' dir='ltr'><strong>ad</strong></span> <span class='ocrx_word' id='word_1_95' title='bbox 891 1487 1006 1537; x_wconf 93' lang='lat' dir='ltr'><strong>vos,</strong></span> <span class='ocrx_word' id='word_1_96' title='bbox 1048 1488 1084 1529; x_wconf 94' lang='lat' dir='ltr'><strong>o</strong></span> <span class='ocrx_word' id='word_1_97' title='bbox 1102 1473 1303 1530; x_wconf 87' lang='lat' dir='ltr'><strong>domini</strong></span> <span class='ocrx_word' id='word_1_98' title='bbox 1332 1482 1387 1531; x_wconf 87' lang='lat' dir='ltr'><strong>et</strong></span> <span class='ocrx_word' id='word_1_99' title='bbox 1411 1474 1604 1532; x_wconf 78' lang='lat' dir='ltr'><strong>Patres</strong></span> <span class='ocrx_word' id='word_1_100' title='bbox 1630 1476 1831 1534; x_wconf 89' lang='lat' dir='ltr'><strong>beatis—</strong></span> 
     </span>
    </p>
   </div>
   <div class='ocr_carea' id='block_1_14' title="bbox 236 1564 1831 1637">
    <p class='ocr_par' dir='ltr' id='par_1_14' title="bbox 236 1564 1831 1637">
     <span class='ocr_line' id='line_1_14' title="bbox 236 1564 1831 1637; baseline 0.004 -18"><span class='ocrx_word' id='word_1_101' title='bbox 236 1564 391 1629; x_wconf 89' lang='lat' dir='ltr'><strong>simi,</strong></span> <span class='ocrx_word' id='word_1_102' title='bbox 418 1564 511 1635; x_wconf 90' lang='lat' dir='ltr'><strong>qui</strong></span> <span class='ocrx_word' id='word_1_103' title='bbox 531 1572 587 1619; x_wconf 90' lang='lat' dir='ltr'><strong>et</strong></span> <span class='ocrx_word' id='word_1_104' title='bbox 604 1564 879 1636; x_wconf 81' lang='lat' dir='ltr'><strong>dignitatis</strong></span> <span class='ocrx_word' id='word_1_105' title='bbox 899 1564 1153 1633; x_wconf 87' lang='lat' dir='ltr'><strong>culmine,</strong></span> <span class='ocrx_word' id='word_1_106' title='bbox 1184 1574 1241 1622; x_wconf 90' lang='lat' dir='ltr'><strong>et</strong></span> <span class='ocrx_word' id='word_1_107' title='bbox 1268 1566 1393 1624; x_wconf 86' lang='lat' dir='ltr'><strong>ﬁdei</strong></span> <span class='ocrx_word' id='word_1_108' title='bbox 1416 1567 1751 1637; x_wconf 85' lang='lat' dir='ltr'><strong>sinceritate,</strong></span> <span class='ocrx_word' id='word_1_109' title='bbox 1776 1576 1831 1625; x_wconf 90' lang='lat' dir='ltr'><strong>et</strong></span> 
     </span>
    </p>
   </div>
   <div class='ocr_carea' id='block_1_15' title="bbox 235 1656 1831 1730">
    <p class='ocr_par' dir='ltr' id='par_1_15' title="bbox 235 1656 1831 1730">
     <span class='ocr_line' id='line_1_15' title="bbox 235 1656 1831 1730; baseline 0.002 -15"><span class='ocrx_word' id='word_1_110' title='bbox 235 1656 338 1715; x_wconf 85' lang='lat' dir='ltr'><strong>Dei</strong></span> <span class='ocrx_word' id='word_1_111' title='bbox 383 1659 613 1725; x_wconf 84' lang='lat' dir='ltr'><strong>timore,</strong></span> <span class='ocrx_word' id='word_1_112' title='bbox 675 1668 731 1712; x_wconf 85' lang='lat' dir='ltr'><strong>et</strong></span> <span class='ocrx_word' id='word_1_113' title='bbox 773 1657 1016 1715; x_wconf 83' lang='lat' dir='ltr'><strong>scientiae</strong></span> <span class='ocrx_word' id='word_1_114' title='bbox 1061 1659 1333 1728; x_wconf 88' lang='lat' dir='ltr'><strong>probitate</strong></span> <span class='ocrx_word' id='word_1_115' title='bbox 1378 1660 1689 1730; x_wconf 66' lang='lat' dir='ltr'><strong>praecellitis</strong></span> <span class='ocrx_word' id='word_1_116' title='bbox 1715 1702 1729 1727; x_wconf 93' lang='lat'><strong>,</strong></span> <span class='ocrx_word' id='word_1_117' title='bbox 1775 1669 1831 1718; x_wconf 89' lang='lat' dir='ltr'><strong>et</strong></span> 
     </span>
    </p>
   </div>
   <div class='ocr_carea' id='block_1_16' title="bbox 233 1748 1827 1821">
    <p class='ocr_par' dir='ltr' id='par_1_16' title="bbox 233 1748 1827 1821">
     <span class='ocr_line' id='line_1_16' title="bbox 233 1748 1827 1821; baseline 0.003 -16"><span class='ocrx_word' id='word_1_118' title='bbox 233 1748 586 1821; x_wconf 75' lang='lat' dir='ltr'><strong>Lngdunensi</strong></span> <span class='ocrx_word' id='word_1_119' title='bbox 632 1750 888 1806; x_wconf 64' lang='lat' dir='ltr'><strong>Ecclesia:</strong></span> <span class='ocrx_word' id='word_1_120' title='bbox 938 1750 1158 1821; x_wconf 90' lang='lat' dir='ltr'><strong>quidem</strong></span> <span class='ocrx_word' id='word_1_121' title='bbox 1211 1749 1536 1808; x_wconf 82' lang='lat' dir='ltr'><strong>familiarius</strong></span> <span class='ocrx_word' id='word_1_122' title='bbox 1581 1754 1827 1810; x_wconf 82' lang='lat' dir='ltr'><strong>obstricti</strong></span> 
     </span>
    </p>
   </div>
   <div class='ocr_carea' id='block_1_17' title="bbox 1934 550 3521 626">
    <p class='ocr_par' dir='ltr' id='par_1_17' title="bbox 1934 550 3521 626">
     <span class='ocr_line' id='line_1_17' title="bbox 1934 550 3521 626; baseline 0.011 -21"><span class='ocrx_word' id='word_1_123' title='bbox 1934 551 2151 606; x_wconf 91' lang='lat' dir='ltr'><strong>videtur</strong></span> <span class='ocrx_word' id='word_1_124' title='bbox 2174 553 2548 625; x_wconf 86' lang='lat' dir='ltr'><strong>incongruum,</strong></span> <span class='ocrx_word' id='word_1_125' title='bbox 2586 570 2747 626; x_wconf 89' lang='lat' dir='ltr'><strong>quem</strong></span> <span class='ocrx_word' id='word_1_126' title='bbox 2795 566 2975 614; x_wconf 86' lang='lat' dir='ltr'><strong>metuo</strong></span> <span class='ocrx_word' id='word_1_127' title='bbox 3004 560 3164 617; x_wconf 89' lang='lat' dir='ltr'><strong>rebus</strong></span> <span class='ocrx_word' id='word_1_128' title='bbox 3193 550 3407 621; x_wconf 78' lang='lat' dir='ltr'><strong>frivolis</strong></span> <span class='ocrx_word' id='word_1_129' title='bbox 3435 565 3521 621; x_wconf 81' lang='lat' dir='ltr'><strong>fa-</strong></span> 
     </span>
    </p>
   </div>
   <div class='ocr_carea' id='block_1_18' title="bbox 1932 640 3520 715">
    <p class='ocr_par' dir='ltr' id='par_1_18' title="bbox 1932 640 3520 715">
     <span class='ocr_line' id='line_1_18' title="bbox 1932 640 3520 715; baseline 0.011 -19"><span class='ocrx_word' id='word_1_130' title='bbox 1932 656 2059 698; x_wconf 89' lang='lat' dir='ltr'><strong>cere</strong></span> <span class='ocrx_word' id='word_1_131' title='bbox 2078 644 2424 714; x_wconf 82' lang='lat' dir='ltr'><strong>prolixiorem</strong></span> <span class='ocrx_word' id='word_1_132' title='bbox 2443 688 2459 712; x_wconf 86' lang='lat'><strong>,</strong></span> <span class='ocrx_word' id='word_1_133' title='bbox 2492 661 2561 702; x_wconf 91' lang='lat' dir='ltr'><strong>ne</strong></span> <span class='ocrx_word' id='word_1_134' title='bbox 2585 648 2639 703; x_wconf 88' lang='lat' dir='ltr'><strong>in</strong></span> <span class='ocrx_word' id='word_1_135' title='bbox 2682 649 2841 706; x_wconf 83' lang='lat' dir='ltr'><strong>seriis</strong></span> <span class='ocrx_word' id='word_1_136' title='bbox 2866 665 2931 706; x_wconf 90' lang='lat' dir='ltr'><strong>ac</strong></span> <span class='ocrx_word' id='word_1_137' title='bbox 2972 640 3298 713; x_wconf 81' lang='lat' dir='ltr'><strong>necessariis</strong></span> <span class='ocrx_word' id='word_1_138' title='bbox 3321 672 3520 715; x_wconf 87' lang='lat' dir='ltr'><strong>onero-</strong></span> 
     </span>
    </p>
   </div>
   <div class='ocr_carea' id='block_1_19' title="bbox 1933 731 3516 819">
    <p class='ocr_par' dir='ltr' id='par_1_19' title="bbox 1933 731 3516 819">
     <span class='ocr_line' id='line_1_19' title="bbox 1933 731 3516 819; baseline 0.008 -27"><span class='ocrx_word' id='word_1_139' title='bbox 1933 735 2048 792; x_wconf 90' lang='lat' dir='ltr'><strong>sior</strong></span> <span class='ocrx_word' id='word_1_140' title='bbox 2073 738 2337 793; x_wconf 84' lang='lat' dir='ltr'><strong>videatur.</strong></span> <span class='ocrx_word' id='word_1_141' title='bbox 2381 740 2542 796; x_wconf 86' lang='lat' dir='ltr'><strong>Certe</strong></span> <span class='ocrx_word' id='word_1_142' title='bbox 2569 741 2695 797; x_wconf 92' lang='lat' dir='ltr'><strong>libri</strong></span> <span class='ocrx_word' id='word_1_143' title='bbox 2732 742 2830 813; x_wconf 90' lang='lat' dir='ltr'><strong>ipsi</strong></span> <span class='ocrx_word' id='word_1_144' title='bbox 2862 731 2977 800; x_wconf 81' lang='lat' dir='ltr'><strong>fere</strong></span> <span class='ocrx_word' id='word_1_145' title='bbox 3018 746 3219 817; x_wconf 91' lang='lat' dir='ltr'><strong>ubique</strong></span> <span class='ocrx_word' id='word_1_146' title='bbox 3262 747 3516 819; x_wconf 90' lang='lat' dir='ltr'><strong>dispersi,</strong></span> 
     </span>
    </p>
   </div>
   <div class='ocr_carea' id='block_1_20' title="bbox 1931 823 3517 911">
    <p class='ocr_par' dir='ltr' id='par_1_20' title="bbox 1931 823 3517 911">
     <span class='ocr_line' id='line_1_20' title="bbox 1931 823 3517 911; baseline 0.009 -30"><span class='ocrx_word' id='word_1_147' title='bbox 1931 823 2047 883; x_wconf 91' lang='lat' dir='ltr'><strong>fere</strong></span> <span class='ocrx_word' id='word_1_148' title='bbox 2087 828 2338 884; x_wconf 90' lang='lat' dir='ltr'><strong>omnibus</strong></span> <span class='ocrx_word' id='word_1_149' title='bbox 2390 824 2502 885; x_wconf 76' lang='lat' dir='ltr'><strong>noti</strong></span> <span class='ocrx_word' id='word_1_150' title='bbox 2542 840 2709 899; x_wconf 89' lang='lat' dir='ltr'><strong>sunt,</strong></span> <span class='ocrx_word' id='word_1_151' title='bbox 2758 849 2935 904; x_wconf 91' lang='lat' dir='ltr'><strong>neque</strong></span> <span class='ocrx_word' id='word_1_152' title='bbox 2993 836 3263 894; x_wconf 90' lang='lat' dir='ltr'><strong>ullatenus</strong></span> <span class='ocrx_word' id='word_1_153' title='bbox 3301 838 3517 911; x_wconf 90' lang='lat' dir='ltr'><strong>ambigo</strong></span> 
     </span>
    </p>
   </div>
   <div class='ocr_carea' id='block_1_21' title="bbox 1931 917 3519 1000">
    <p class='ocr_par' dir='ltr' id='par_1_21' title="bbox 1931 917 3519 1000">
     <span class='ocr_line' id='line_1_21' title="bbox 1931 917 3519 1000; baseline 0.011 -29"><span class='ocrx_word' id='word_1_154' title='bbox 1931 917 2062 988; x_wconf 89' lang='lat' dir='ltr'><strong>quin</strong></span> <span class='ocrx_word' id='word_1_155' title='bbox 2089 919 2333 991; x_wconf 81' lang='lat' dir='ltr'><strong>gravium</strong></span> <span class='ocrx_word' id='word_1_156' title='bbox 2362 935 2428 976; x_wconf 89' lang='lat' dir='ltr'><strong>ac</strong></span> <span class='ocrx_word' id='word_1_157' title='bbox 2470 923 2816 993; x_wconf 89' lang='lat' dir='ltr'><strong>prudentium</strong></span> <span class='ocrx_word' id='word_1_158' title='bbox 2850 926 3093 982; x_wconf 90' lang='lat' dir='ltr'><strong>virorum</strong></span> <span class='ocrx_word' id='word_1_159' title='bbox 3132 928 3338 1000; x_wconf 86' lang='lat' dir='ltr'><strong>judicio</strong></span> <span class='ocrx_word' id='word_1_160' title='bbox 3363 946 3519 987; x_wconf 83' lang='lat' dir='ltr'><strong>seve-</strong></span> 
     </span>
    </p>
   </div>
   <div class='ocr_carea' id='block_1_22' title="bbox 1930 1013 3519 1092">
    <p class='ocr_par' dir='ltr' id='par_1_22' title="bbox 1930 1013 3519 1092">
     <span class='ocr_line' id='line_1_22' title="bbox 1930 1013 3519 1092; baseline 0.008 -25"><span class='ocrx_word' id='word_1_161' title='bbox 1930 1013 2045 1069; x_wconf 89' lang='lat' dir='ltr'><strong>rius</strong></span> <span class='ocrx_word' id='word_1_162' title='bbox 2100 1015 2589 1084; x_wconf 89' lang='lat' dir='ltr'><strong>reprehendantur,</strong></span> <span class='ocrx_word' id='word_1_163' title='bbox 2644 1033 2806 1089; x_wconf 90' lang='lat' dir='ltr'><strong>quam</strong></span> <span class='ocrx_word' id='word_1_164' title='bbox 2867 1020 3177 1092; x_wconf 81' lang='lat' dir='ltr'><strong>exiguitatis</strong></span> <span class='ocrx_word' id='word_1_165' title='bbox 3230 1039 3365 1080; x_wconf 67' lang='lat' dir='ltr'><strong>mea:</strong></span> <span class='ocrx_word' id='word_1_166' title='bbox 3423 1037 3519 1081; x_wconf 88' lang='lat' dir='ltr'><strong>aut</strong></span> 
     </span>
    </p>
   </div>
   <div class='ocr_carea' id='block_1_23' title="bbox 1930 1104 3516 1185">
    <p class='ocr_par' dir='ltr' id='par_1_23' title="bbox 1930 1104 3516 1185">
     <span class='ocr_line' id='line_1_23' title="bbox 1930 1104 3516 1185; baseline 0.008 -26"><span class='ocrx_word' id='word_1_167' title='bbox 1930 1104 2313 1173; x_wconf 87' lang='lat' dir='ltr'><strong>comprehendi</strong></span> <span class='ocrx_word' id='word_1_168' title='bbox 2345 1105 2583 1177; x_wconf 87' lang='lat' dir='ltr'><strong>ingenio,</strong></span> <span class='ocrx_word' id='word_1_169' title='bbox 2615 1115 2709 1163; x_wconf 89' lang='lat' dir='ltr'><strong>aut</strong></span> <span class='ocrx_word' id='word_1_170' title='bbox 2734 1111 3049 1180; x_wconf 75' lang='lat' dir='ltr'><strong>exaggerari</strong></span> <span class='ocrx_word' id='word_1_171' title='bbox 3078 1113 3251 1182; x_wconf 88' lang='lat' dir='ltr'><strong>possit</strong></span> <span class='ocrx_word' id='word_1_172' title='bbox 3276 1114 3516 1185; x_wconf 90' lang='lat' dir='ltr'><strong>eloquio.</strong></span> 
     </span>
    </p>
   </div>
   <div class='ocr_carea' id='block_1_24' title="bbox 1930 1193 3524 1283">
    <p class='ocr_par' dir='ltr' id='par_1_24' title="bbox 1930 1193 3524 1283">
     <span class='ocr_line' id='line_1_24' title="bbox 1930 1193 3524 1283; baseline 0.008 -36"><span class='ocrx_word' id='word_1_173' title='bbox 1930 1193 2204 1261; x_wconf 86' lang='lat' dir='ltr'><strong>Attamen,</strong></span> <span class='ocrx_word' id='word_1_174' title='bbox 2253 1211 2324 1252; x_wconf 92' lang='lat' dir='ltr'><strong>ne</strong></span> <span class='ocrx_word' id='word_1_175' title='bbox 2357 1194 2560 1252; x_wconf 88' lang='lat' dir='ltr'><strong>frustra</strong></span> <span class='ocrx_word' id='word_1_176' title='bbox 2604 1212 2763 1268; x_wconf 88' lang='lat' dir='ltr'><strong>opem</strong></span> <span class='ocrx_word' id='word_1_177' title='bbox 2802 1200 3056 1256; x_wconf 88' lang='lat' dir='ltr'><strong>sanitatis</strong></span> <span class='ocrx_word' id='word_1_178' title='bbox 3092 1202 3282 1258; x_wconf 91' lang='lat' dir='ltr'><strong>videar</strong></span> <span class='ocrx_word' id='word_1_179' title='bbox 3326 1204 3524 1283; x_wconf 88' lang='lat' dir='ltr'><strong>implo-</strong></span> 
     </span>
    </p>
   </div>
   <div class='ocr_carea' id='block_1_25' title="bbox 1932 1286 3523 1364">
    <p class='ocr_par' dir='ltr' id='par_1_25' title="bbox 1932 1286 3523 1364">
     <span class='ocr_line' id='line_1_25' title="bbox 1932 1286 3523 1364; baseline 0.008 -25"><span class='ocrx_word' id='word_1_180' title='bbox 1932 1299 2074 1351; x_wconf 86' lang='lat' dir='ltr'><strong>rare,</strong></span> <span class='ocrx_word' id='word_1_181' title='bbox 2105 1286 2151 1341; x_wconf 90' lang='lat' dir='ltr'><strong>si</strong></span> <span class='ocrx_word' id='word_1_182' title='bbox 2173 1286 2454 1344; x_wconf 87' lang='lat' dir='ltr'><strong>dissimulo</strong></span> <span class='ocrx_word' id='word_1_183' title='bbox 2475 1297 2569 1344; x_wconf 92' lang='lat' dir='ltr'><strong>aut</strong></span> <span class='ocrx_word' id='word_1_184' title='bbox 2595 1288 2826 1346; x_wconf 89' lang='lat' dir='ltr'><strong>formido</strong></span> <span class='ocrx_word' id='word_1_185' title='bbox 2869 1291 3064 1347; x_wconf 84' lang='lat' dir='ltr'><strong>vulnus</strong></span> <span class='ocrx_word' id='word_1_186' title='bbox 3090 1291 3365 1364; x_wconf 88' lang='lat' dir='ltr'><strong>detegere,</strong></span> <span class='ocrx_word' id='word_1_187' title='bbox 3388 1312 3523 1354; x_wconf 88' lang='lat' dir='ltr'><strong>non-</strong></span> 
     </span>
    </p>
   </div>
   <div class='ocr_carea' id='block_1_26' title="bbox 1930 1378 3521 1462">
    <p class='ocr_par' dir='ltr' id='par_1_26' title="bbox 1930 1378 3521 1462">
     <span class='ocr_line' id='line_1_26' title="bbox 1930 1378 3521 1462; baseline 0.009 -28"><span class='ocrx_word' id='word_1_188' title='bbox 1930 1378 2076 1434; x_wconf 86' lang='lat' dir='ltr'><strong>nulla</strong></span> <span class='ocrx_word' id='word_1_189' title='bbox 2115 1379 2199 1435; x_wconf 91' lang='lat' dir='ltr'><strong>vel</strong></span> <span class='ocrx_word' id='word_1_190' title='bbox 2224 1380 2463 1438; x_wconf 88' lang='lat' dir='ltr'><strong>breviter</strong></span> <span class='ocrx_word' id='word_1_191' title='bbox 2505 1383 2799 1454; x_wconf 84' lang='lat' dir='ltr'><strong>replicabo.</strong></span> <span class='ocrx_word' id='word_1_192' title='bbox 2829 1384 2939 1442; x_wconf 79' lang='lat' dir='ltr'><strong>Vos</strong></span> <span class='ocrx_word' id='word_1_193' title='bbox 2965 1395 3025 1440; x_wconf 92' lang='lat' dir='ltr'><strong>ut</strong></span> <span class='ocrx_word' id='word_1_194' title='bbox 3065 1387 3303 1444; x_wconf 70' lang='lat' dir='ltr'><strong>caelestis</strong></span> <span class='ocrx_word' id='word_1_195' title='bbox 3331 1405 3521 1462; x_wconf 89' lang='lat' dir='ltr'><strong>coope-</strong></span> 
     </span>
    </p>
   </div>
   <div class='ocr_carea' id='block_1_27' title="bbox 1931 1469 3522 1551">
    <p class='ocr_par' dir='ltr' id='par_1_27' title="bbox 1931 1469 3522 1551">
     <span class='ocr_line' id='line_1_27' title="bbox 1931 1469 3522 1551; baseline 0.008 -28"><span class='ocrx_word' id='word_1_196' title='bbox 1931 1476 2142 1525; x_wconf 88' lang='lat' dir='ltr'><strong>ratores</strong></span> <span class='ocrx_word' id='word_1_197' title='bbox 2164 1469 2379 1538; x_wconf 91' lang='lat' dir='ltr'><strong>medici,</strong></span> <span class='ocrx_word' id='word_1_198' title='bbox 2410 1472 2524 1528; x_wconf 90' lang='lat' dir='ltr'><strong>sive</strong></span> <span class='ocrx_word' id='word_1_199' title='bbox 2547 1473 2792 1531; x_wconf 89' lang='lat' dir='ltr'><strong>antidoto</strong></span> <span class='ocrx_word' id='word_1_200' title='bbox 2818 1474 2961 1536; x_wconf 78' lang='lat' dir='ltr'><strong>fidei.</strong></span> <span class='ocrx_word' id='word_1_201' title='bbox 2995 1476 3109 1533; x_wconf 84' lang='lat' dir='ltr'><strong>sive</strong></span> <span class='ocrx_word' id='word_1_202' title='bbox 3138 1479 3397 1551; x_wconf 90' lang='lat' dir='ltr'><strong>scapello,</strong></span> <span class='ocrx_word' id='word_1_203' title='bbox 3425 1492 3522 1536; x_wconf 90' lang='lat' dir='ltr'><strong>aut</strong></span> 
     </span>
    </p>
   </div>
   <div class='ocr_carea' id='block_1_28' title="bbox 1929 1558 3522 1640">
    <p class='ocr_par' dir='ltr' id='par_1_28' title="bbox 1929 1558 3522 1640">
     <span class='ocr_line' id='line_1_28' title="bbox 1929 1558 3522 1640; baseline 0.009 -27"><span class='ocrx_word' id='word_1_204' title='bbox 1929 1558 2172 1614; x_wconf 89' lang='lat' dir='ltr'><strong>cauterio</strong></span> <span class='ocrx_word' id='word_1_205' title='bbox 2196 1559 2578 1618; x_wconf 85' lang='lat' dir='ltr'><strong>sincerissimae</strong></span> <span class='ocrx_word' id='word_1_206' title='bbox 2606 1564 2852 1621; x_wconf 89' lang='lat' dir='ltr'><strong>veritatis</strong></span> <span class='ocrx_word' id='word_1_207' title='bbox 2891 1576 3079 1623; x_wconf 90' lang='lat' dir='ltr'><strong>curate</strong></span> <span class='ocrx_word' id='word_1_208' title='bbox 3115 1567 3392 1640; x_wconf 87' lang='lat' dir='ltr'><strong>languida,</strong></span> <span class='ocrx_word' id='word_1_209' title='bbox 3434 1587 3522 1628; x_wconf 84' lang='lat' dir='ltr'><strong>re-</strong></span> 
     </span>
    </p>
   </div>
   <div class='ocr_carea' id='block_1_29' title="bbox 1930 1650 3520 1731">
    <p class='ocr_par' dir='ltr' id='par_1_29' title="bbox 1930 1650 3520 1731">
     <span class='ocr_line' id='line_1_29' title="bbox 1930 1650 3520 1731; baseline 0.008 -27"><span class='ocrx_word' id='word_1_210' title='bbox 1930 1657 2110 1705; x_wconf 82' lang='lat' dir='ltr'><strong>secato</strong></span> <span class='ocrx_word' id='word_1_211' title='bbox 2130 1650 2365 1720; x_wconf 87' lang='lat' dir='ltr'><strong>putrida,</strong></span> <span class='ocrx_word' id='word_1_212' title='bbox 2398 1653 2540 1709; x_wconf 90' lang='lat' dir='ltr'><strong>urite</strong></span> <span class='ocrx_word' id='word_1_213' title='bbox 2560 1655 2774 1721; x_wconf 88' lang='lat' dir='ltr'><strong>vitiosa,</strong></span> <span class='ocrx_word' id='word_1_214' title='bbox 2818 1663 2874 1712; x_wconf 91' lang='lat' dir='ltr'><strong>et</strong></span> <span class='ocrx_word' id='word_1_215' title='bbox 2901 1657 3062 1713; x_wconf 90' lang='lat' dir='ltr'><strong>saluti</strong></span> <span class='ocrx_word' id='word_1_216' title='bbox 3087 1658 3333 1731; x_wconf 88' lang='lat' dir='ltr'><strong>corporis</strong></span> <span class='ocrx_word' id='word_1_217' title='bbox 3353 1660 3520 1717; x_wconf 88' lang='lat' dir='ltr'><strong>Chri-</strong></span> 
     </span>
    </p>
   </div>
   <div class='ocr_carea' id='block_1_30' title="bbox 1930 1739 3524 1815">
    <p class='ocr_par' dir='ltr' id='par_1_30' title="bbox 1930 1739 3524 1815">
     <span class='ocr_line' id='line_1_30' title="bbox 1930 1739 3524 1815; baseline 0.009 -20"><span class='ocrx_word' id='word_1_218' title='bbox 1930 1739 2003 1795; x_wconf 89' lang='lat' dir='ltr'><strong>sti</strong></span> <span class='ocrx_word' id='word_1_219' title='bbox 2047 1741 2101 1795; x_wconf 92' lang='lat' dir='ltr'><strong>in</strong></span> <span class='ocrx_word' id='word_1_220' title='bbox 2144 1756 2433 1799; x_wconf 89' lang='lat' dir='ltr'><strong>commune</strong></span> <span class='ocrx_word' id='word_1_221' title='bbox 2468 1745 2781 1815; x_wconf 84' lang='lat' dir='ltr'><strong>prospicite.</strong></span> <span class='ocrx_word' id='word_1_222' title='bbox 2839 1747 3031 1815; x_wconf 87' lang='lat' dir='ltr'><strong>Absit,</strong></span> <span class='ocrx_word' id='word_1_223' title='bbox 3082 1750 3225 1806; x_wconf 90' lang='lat' dir='ltr'><strong>absit</strong></span> <span class='ocrx_word' id='word_1_224' title='bbox 3251 1766 3284 1807; x_wconf 93' lang='lat' dir='ltr'><strong>a</strong></span> <span class='ocrx_word' id='word_1_225' title='bbox 3322 1760 3524 1809; x_wconf 67' lang='lat' dir='ltr'><strong>vestra:</strong></span> 
     </span>
    </p>
   </div>
   <div class='ocr_carea' id='block_1_31' title="bbox 233 1831 1826 1914">
    <p class='ocr_par' dir='ltr' id='par_1_31' title="bbox 233 1842 1826 1914">
     <span class='ocr_line' id='line_1_31' title="bbox 233 1842 1826 1914; baseline 0.001 -15"><span class='ocrx_word' id='word_1_226' title='bbox 233 1844 392 1908; x_wconf 86' lang='lat' dir='ltr'><strong>estis,</strong></span> <span class='ocrx_word' id='word_1_227' title='bbox 431 1842 705 1914; x_wconf 82' lang='lat' dir='ltr'><strong>querelam</strong></span> <span class='ocrx_word' id='word_1_228' title='bbox 759 1842 898 1899; x_wconf 88' lang='lat' dir='ltr'><strong>hanc</strong></span> <span class='ocrx_word' id='word_1_229' title='bbox 946 1844 1288 1914; x_wconf 81' lang='lat' dir='ltr'><strong>potissrmum</strong></span> <span class='ocrx_word' id='word_1_230' title='bbox 1326 1845 1531 1901; x_wconf 83' lang='lat' dir='ltr'><strong>credidi</strong></span> <span class='ocrx_word' id='word_1_231' title='bbox 1579 1844 1826 1902; x_wconf 89' lang='lat' dir='ltr'><strong>deferen-</strong></span> 
     </span>
    </p>
   </div>
   <div class='ocr_carea' id='block_1_32' title="bbox 1930 1831 3523 1914">
    <p class='ocr_par' dir='ltr' id='par_1_32' title="bbox 1933 1831 3523 1907">
     <span class='ocr_line' id='line_1_32' title="bbox 1933 1831 3523 1907; baseline 0.01 -24"><span class='ocrx_word' id='word_1_232' title='bbox 1933 1831 2217 1901; x_wconf 85' lang='lat' dir='ltr'><strong>gravitatis</strong></span> <span class='ocrx_word' id='word_1_233' title='bbox 2265 1847 2513 1901; x_wconf 89' lang='lat' dir='ltr'><strong>censura,</strong></span> <span class='ocrx_word' id='word_1_234' title='bbox 2568 1845 2628 1890; x_wconf 90' lang='lat' dir='ltr'><strong>ut</strong></span> <span class='ocrx_word' id='word_1_235' title='bbox 2670 1837 2725 1891; x_wconf 92' lang='lat' dir='ltr'><strong>in</strong></span> <span class='ocrx_word' id='word_1_236' title='bbox 2780 1837 3083 1907; x_wconf 88' lang='lat' dir='ltr'><strong>bujusmodi</strong></span> <span class='ocrx_word' id='word_1_237' title='bbox 3142 1841 3420 1898; x_wconf 90' lang='lat' dir='ltr'><strong>erroribus</strong></span> <span class='ocrx_word' id='word_1_238' title='bbox 3464 1852 3523 1899; x_wconf 88' lang='lat' dir='ltr'><strong>et</strong></span> 
     </span>
    </p>
   </div>
   <div class='ocr_carea' id='block_1_33' title="bbox 234 1921 1826 2007">
    <p class='ocr_par' dir='ltr' id='par_1_33' title="bbox 234 1933 1826 2007">
     <span class='ocr_line' id='line_1_33' title="bbox 234 1933 1826 2007; baseline 0.001 -16"><span class='ocrx_word' id='word_1_239' title='bbox 234 1937 404 1991; x_wconf 82' lang='lat' dir='ltr'><strong>dam:</strong></span> <span class='ocrx_word' id='word_1_240' title='bbox 455 1944 517 1989; x_wconf 92' lang='lat' dir='ltr'><strong>ut</strong></span> <span class='ocrx_word' id='word_1_241' title='bbox 567 1942 771 2004; x_wconf 84' lang='lat' dir='ltr'><strong>quanto</strong></span> <span class='ocrx_word' id='word_1_242' title='bbox 824 1933 1007 2004; x_wconf 90' lang='lat' dir='ltr'><strong>plures</strong></span> <span class='ocrx_word' id='word_1_243' title='bbox 1060 1934 1229 1990; x_wconf 89' lang='lat' dir='ltr'><strong>divini</strong></span> <span class='ocrx_word' id='word_1_244' title='bbox 1279 1935 1520 1991; x_wconf 88' lang='lat' dir='ltr'><strong>muneris</strong></span> <span class='ocrx_word' id='word_1_245' title='bbox 1576 1935 1826 2007; x_wconf 77' lang='lat' dir='ltr'><strong>largitate</strong></span> 
     </span>
    </p>
   </div>
   <div class='ocr_carea' id='block_1_34' title="bbox 1930 1921 3523 2007">
    <p class='ocr_par' dir='ltr' id='par_1_34' title="bbox 1932 1921 3523 2001">
     <span class='ocr_line' id='line_1_34' title="bbox 1932 1921 3523 2001; baseline 0.009 -26"><span class='ocrx_word' id='word_1_246' title='bbox 1932 1921 2151 1991; x_wconf 87' lang='lat' dir='ltr'><strong>ineptiis</strong></span> <span class='ocrx_word' id='word_1_247' title='bbox 2179 1922 2543 1991; x_wconf 85' lang='lat' dir='ltr'><strong>confutandis,</strong></span> <span class='ocrx_word' id='word_1_248' title='bbox 2570 1934 2666 1981; x_wconf 92' lang='lat' dir='ltr'><strong>aut</strong></span> <span class='ocrx_word' id='word_1_249' title='bbox 2697 1942 2941 1997; x_wconf 72' lang='lat' dir='ltr'><strong>persona:</strong></span> <span class='ocrx_word' id='word_1_250' title='bbox 2970 1938 3244 2001; x_wconf 88' lang='lat' dir='ltr'><strong>respectu,</strong></span> <span class='ocrx_word' id='word_1_251' title='bbox 3266 1940 3361 1988; x_wconf 91' lang='lat' dir='ltr'><strong>aut</strong></span> <span class='ocrx_word' id='word_1_252' title='bbox 3386 1933 3523 1988; x_wconf 90' lang='lat' dir='ltr'><strong>adu-</strong></span> 
     </span>
    </p>
   </div>
   <div class='ocr_carea' id='block_1_35' title="bbox 232 2010 3522 2100">
    <p class='ocr_par' dir='ltr' id='par_1_35' title="bbox 232 2010 3522 2100">
     <span class='ocr_line' id='line_1_35' title="bbox 232 2010 3522 2100; baseline 0.005 -35"><span class='ocrx_word' id='word_1_253' title='bbox 232 2025 464 2100; x_wconf 57' lang='grc' dir='ltr'><strong>ρι-ρεῖιίε,</strong></span> <span class='ocrx_word' id='word_1_254' title='bbox 517 2032 670 2080; x_wconf 64' lang='lat' dir='ltr'><strong>mmo</strong></span> <span class='ocrx_word' id='word_1_255' title='bbox 724 2025 1016 2083; x_wconf 48' lang='lat' dir='ltr'><strong>instantius</strong></span> <span class='ocrx_word' id='word_1_256' title='bbox 1056 2032 1113 2081; x_wconf 67' lang='grc' dir='ltr'><strong>ει</strong></span> <span class='ocrx_word' id='word_1_257' title='bbox 1151 2025 1455 2097; x_wconf 61' lang='lat' dir='ltr'><strong>religiosius</strong></span> <span class='ocrx_word' id='word_1_258' title='bbox 1499 2041 1599 2097; x_wconf 63' lang='lat' dir='ltr'><strong>pro</strong></span> <span class='ocrx_word' id='word_1_259' title='bbox 1636 2027 1830 2082; x_wconf 56' lang='lat' dir='ltr'><strong>divinat,</strong></span> <span class='ocrx_word' id='word_1_260' title='bbox 1928 2010 2149 2068; x_wconf 85' lang='lat' dir='ltr'><strong>lationis</strong></span> <span class='ocrx_word' id='word_1_261' title='bbox 2191 2013 2335 2081; x_wconf 88' lang='lat' dir='ltr'><strong>fuco,</strong></span> <span class='ocrx_word' id='word_1_262' title='bbox 2368 2024 2464 2071; x_wconf 90' lang='lat' dir='ltr'><strong>aut</strong></span> <span class='ocrx_word' id='word_1_263' title='bbox 2500 2017 2753 2074; x_wconf 67' lang='lat' dir='ltr'><strong>humanae</strong></span> <span class='ocrx_word' id='word_1_264' title='bbox 2779 2017 3091 2078; x_wconf 71' lang='lat' dir='ltr'><strong>offensionis</strong></span> <span class='ocrx_word' id='word_1_265' title='bbox 3130 2036 3224 2079; x_wconf 88' lang='lat' dir='ltr'><strong>seu</strong></span> <span class='ocrx_word' id='word_1_266' title='bbox 3250 2023 3522 2080; x_wconf 86' lang='lat' dir='ltr'><strong>discrimi-</strong></span> 
     </span>
    </p>
   </div>
   <div class='ocr_carea' id='block_1_36' title="bbox 234 2098 1826 2188">
    <p class='ocr_par' dir='ltr' id='par_1_36' title="bbox 234 2098 1826 2188">
     <span class='ocr_line' id='line_1_36' title="bbox 234 2098 1826 2188; baseline 0.001 -14"><span class='ocrx_word' id='word_1_267' title='bbox 234 2098 365 2174; x_wconf 69' lang='lat' dir='ltr'><strong>fldei</strong></span> <span class='ocrx_word' id='word_1_268' title='bbox 394 2125 451 2175; x_wconf 89' lang='lat' dir='ltr'><strong>et</strong></span> <span class='ocrx_word' id='word_1_269' title='bbox 471 2117 715 2175; x_wconf 84' lang='lat' dir='ltr'><strong>veritatis</strong></span> <span class='ocrx_word' id='word_1_270' title='bbox 742 2117 966 2172; x_wconf 89' lang='lat' dir='ltr'><strong>tnitione</strong></span> <span class='ocrx_word' id='word_1_271' title='bbox 988 2118 1245 2179; x_wconf 90' lang='lat' dir='ltr'><strong>certetis;</strong></span> <span class='ocrx_word' id='word_1_272' title='bbox 1302 2133 1569 2174; x_wconf 88' lang='lat' dir='ltr'><strong>memores</strong></span> <span class='ocrx_word' id='word_1_273' title='bbox 1596 2117 1826 2188; x_wconf 87' lang='lat' dir='ltr'><strong>Spiritus</strong></span> 
     </span>
    </p>
   </div>
   <div class='ocr_carea' id='block_1_37' title="bbox 1930 2098 3518 2188">
    <p class='ocr_par' dir='ltr' id='par_1_37' title="bbox 1931 2098 3518 2179">
     <span class='ocr_line' id='line_1_37' title="bbox 1931 2098 3518 2179; baseline 0.009 -22"><span class='ocrx_word' id='word_1_274' title='bbox 1931 2103 2019 2158; x_wconf 91' lang='lat' dir='ltr'><strong>nis</strong></span> <span class='ocrx_word' id='word_1_275' title='bbox 2039 2114 2187 2159; x_wconf 87' lang='lat' dir='ltr'><strong>metu</strong></span> <span class='ocrx_word' id='word_1_276' title='bbox 2217 2098 2536 2177; x_wconf 76' lang='lat' dir='ltr'><strong>cujusquam</strong></span> <span class='ocrx_word' id='word_1_277' title='bbox 2565 2109 2641 2179; x_wconf 92' lang='lat' dir='ltr'><strong>pii</strong></span> <span class='ocrx_word' id='word_1_278' title='bbox 2665 2116 2722 2165; x_wconf 91' lang='lat' dir='ltr'><strong>et</strong></span> <span class='ocrx_word' id='word_1_279' title='bbox 2745 2109 2919 2167; x_wconf 86' lang='lat' dir='ltr'><strong>ﬁdelis</strong></span> <span class='ocrx_word' id='word_1_280' title='bbox 2946 2112 3159 2170; x_wconf 89' lang='lat' dir='ltr'><strong>animus</strong></span> <span class='ocrx_word' id='word_1_281' title='bbox 3188 2115 3518 2174; x_wconf 89' lang='lat' dir='ltr'><strong>retardetur.</strong></span> 
     </span>
    </p>
   </div>
   <div class='ocr_carea' id='block_1_38' title="bbox 232 2205 1830 2279">
    <p class='ocr_par' dir='ltr' id='par_1_38' title="bbox 232 2205 1830 2279">
     <span class='ocr_line' id='line_1_38' title="bbox 232 2205 1830 2279; baseline 0.002 -16"><span class='ocrx_word' id='word_1_282' title='bbox 232 2208 415 2263; x_wconf 88' lang='lat' dir='ltr'><strong>sancti</strong></span> <span class='ocrx_word' id='word_1_283' title='bbox 465 2222 563 2278; x_wconf 80' lang='lat' dir='ltr'><strong>per</strong></span> <span class='ocrx_word' id='word_1_284' title='bbox 596 2205 941 2263; x_wconf 82' lang='lat' dir='ltr'><strong>Salomonem</strong></span> <span class='ocrx_word' id='word_1_285' title='bbox 968 2207 1187 2274; x_wconf 81' lang='lat' dir='ltr'><strong>talibus,</strong></span> <span class='ocrx_word' id='word_1_286' title='bbox 1233 2207 1420 2279; x_wconf 89' lang='lat' dir='ltr'><strong>quales</strong></span> <span class='ocrx_word' id='word_1_287' title='bbox 1462 2206 1662 2263; x_wconf 82' lang='lat' dir='ltr'><strong>Christi</strong></span> <span class='ocrx_word' id='word_1_288' title='bbox 1694 2209 1830 2267; x_wconf 88' lang='lat' dir='ltr'><strong>estis</strong></span> 
     </span>
    </p>
   </div>
   <div class='ocr_carea' id='block_1_39' title="bbox 232 2296 1827 2370">
    <p class='ocr_par' dir='ltr' id='par_1_39' title="bbox 232 2296 1827 2370">
     <span class='ocr_line' id='line_1_39' title="bbox 232 2296 1827 2370; baseline 0.003 -20"><span class='ocrx_word' id='word_1_289' title='bbox 232 2298 435 2369; x_wconf 81' lang='lat' dir='ltr'><strong>gratia,</strong></span> <span class='ocrx_word' id='word_1_290' title='bbox 492 2296 919 2368; x_wconf 88' lang='lat' dir='ltr'><strong>proclamantis:</strong></span> <span class='ocrx_word' id='word_1_291' title='bbox 968 2296 1113 2352; x_wconf 76' lang='lat' dir='ltr'><strong>Erue</strong></span> <span class='ocrx_word' id='word_1_292' title='bbox 1160 2315 1248 2353; x_wconf 79' lang='lat' dir='ltr'><strong>eos</strong></span> <span class='ocrx_word' id='word_1_293' title='bbox 1300 2300 1391 2370; x_wconf 86' lang='lat' dir='ltr'><strong>qui</strong></span> <span class='ocrx_word' id='word_1_294' title='bbox 1446 2299 1714 2354; x_wconf 84' lang='lat' dir='ltr'><strong>ducuntur</strong></span> <span class='ocrx_word' id='word_1_295' title='bbox 1757 2300 1827 2355; x_wconf 84' lang='lat' dir='ltr'><strong>ad</strong></span> 
     </span>
    </p>
   </div>
   <div class='ocr_carea' id='block_1_40' title="bbox 231 2386 1829 2457">
    <p class='ocr_par' dir='ltr' id='par_1_40' title="bbox 231 2386 1829 2457">
     <span class='ocr_line' id='line_1_40' title="bbox 231 2386 1829 2457; baseline 0.004 -19"><span class='ocrx_word' id='word_1_296' title='bbox 231 2398 476 2453; x_wconf 83' lang='lat' dir='ltr'><strong>mortem,</strong></span> <span class='ocrx_word' id='word_1_297' title='bbox 522 2396 569 2441; x_wconf 90' lang='lat' dir='ltr'><strong>et</strong></span> <span class='ocrx_word' id='word_1_298' title='bbox 598 2387 688 2457; x_wconf 88' lang='lat' dir='ltr'><strong>qui</strong></span> <span class='ocrx_word' id='word_1_299' title='bbox 727 2386 1011 2440; x_wconf 82' lang='lat' dir='ltr'><strong>tralumtur</strong></span> <span class='ocrx_word' id='word_1_300' title='bbox 1053 2387 1123 2441; x_wconf 83' lang='lat' dir='ltr'><strong>ad</strong></span> <span class='ocrx_word' id='word_1_301' title='bbox 1162 2388 1427 2443; x_wconf 80' lang='lat' dir='ltr'><strong>interitum</strong></span> <span class='ocrx_word' id='word_1_302' title='bbox 1471 2388 1695 2443; x_wconf 75' lang='lat' dir='ltr'><strong>liberare</strong></span> <span class='ocrx_word' id='word_1_303' title='bbox 1741 2406 1829 2444; x_wconf 84' lang='lat' dir='ltr'><strong>ne-</strong></span> 
     </span>
    </p>
   </div>
   <div class='ocr_carea' id='block_1_41' title="bbox 234 2474 1827 2550">
    <p class='ocr_par' dir='ltr' id='par_1_41' title="bbox 234 2474 1827 2550">
     <span class='ocr_line' id='line_1_41' title="bbox 234 2474 1827 2550; baseline 0.001 -18"><span class='ocrx_word' id='word_1_304' title='bbox 234 2495 379 2533; x_wconf 73' lang='lat' dir='ltr'><strong>cesse</strong></span> <span class='ocrx_word' id='word_1_305' title='bbox 400 2488 474 2532; x_wconf 78' lang='lat' dir='ltr'><strong>est</strong></span> <span class='ocrx_word' id='word_1_306' title='bbox 494 2474 683 2547; x_wconf 84' lang='lat' dir='ltr'><strong>(Prov.</strong></span> <span class='ocrx_word' id='word_1_307' title='bbox 714 2492 864 2542; x_wconf 79' lang='lat' dir='ltr'><strong>ntv,</strong></span> <span class='ocrx_word' id='word_1_308' title='bbox 894 2478 1006 2548; x_wconf 78' lang='lat' dir='ltr'><strong>ll).</strong></span> <span class='ocrx_word' id='word_1_309' title='bbox 1054 2477 1116 2533; x_wconf 90' lang='lat' dir='ltr'><strong>Si</strong></span> <span class='ocrx_word' id='word_1_310' title='bbox 1144 2479 1366 2543; x_wconf 75' lang='lat' dir='ltr'><strong>dixeris,</strong></span> <span class='ocrx_word' id='word_1_311' title='bbox 1402 2479 1548 2535; x_wconf 89' lang='lat' dir='ltr'><strong>vires</strong></span> <span class='ocrx_word' id='word_1_312' title='bbox 1573 2496 1678 2535; x_wconf 91' lang='lat' dir='ltr'><strong>non</strong></span> <span class='ocrx_word' id='word_1_313' title='bbox 1703 2493 1827 2550; x_wconf 88' lang='lat' dir='ltr'><strong>sup-</strong></span> 
     </span>
    </p>
   </div>
   <div class='ocr_carea' id='block_1_42' title="bbox 234 2566 1829 2640">
    <p class='ocr_par' dir='ltr' id='par_1_42' title="bbox 234 2566 1829 2640">
     <span class='ocr_line' id='line_1_42' title="bbox 234 2566 1829 2640; baseline 0.001 -19"><span class='ocrx_word' id='word_1_314' title='bbox 234 2575 451 2640; x_wconf 82' lang='lat' dir='ltr'><strong>petunt,</strong></span> <span class='ocrx_word' id='word_1_315' title='bbox 505 2567 596 2636; x_wconf 91' lang='lat' dir='ltr'><strong>qui</strong></span> <span class='ocrx_word' id='word_1_316' title='bbox 642 2566 915 2635; x_wconf 86' lang='lat' dir='ltr'><strong>inspector</strong></span> <span class='ocrx_word' id='word_1_317' title='bbox 961 2576 1046 2623; x_wconf 88' lang='lat' dir='ltr'><strong>est</strong></span> <span class='ocrx_word' id='word_1_318' title='bbox 1088 2568 1270 2625; x_wconf 84' lang='lat' dir='ltr'><strong>cordis</strong></span> <span class='ocrx_word' id='word_1_319' title='bbox 1308 2568 1425 2639; x_wconf 89' lang='lat' dir='ltr'><strong>ipse</strong></span> <span class='ocrx_word' id='word_1_320' title='bbox 1462 2568 1739 2638; x_wconf 79' lang='lat' dir='ltr'><strong>intelligit,</strong></span> <span class='ocrx_word' id='word_1_321' title='bbox 1773 2577 1829 2624; x_wconf 90' lang='lat' dir='ltr'><strong>et</strong></span> 
     </span>
    </p>
   </div>
   <div class='ocr_carea' id='block_1_43' title="bbox 234 2657 1826 2727">
    <p class='ocr_par' dir='ltr' id='par_1_43' title="bbox 234 2657 1826 2727">
     <span class='ocr_line' id='line_1_43' title="bbox 234 2657 1826 2727; baseline 0.001 -13"><span class='ocrx_word' id='word_1_322' title='bbox 234 2667 572 2714; x_wconf 87' lang='lat' dir='ltr'><strong>servatorem</strong></span> <span class='ocrx_word' id='word_1_323' title='bbox 601 2658 794 2712; x_wconf 63' lang='lat' dir='ltr'><strong>animae</strong></span> <span class='ocrx_word' id='word_1_324' title='bbox 819 2668 923 2711; x_wconf 60' lang='lat' dir='ltr'><strong>tua:</strong></span> <span class='ocrx_word' id='word_1_325' title='bbox 952 2657 1086 2712; x_wconf 83' lang='lat' dir='ltr'><strong>nihil</strong></span> <span class='ocrx_word' id='word_1_326' title='bbox 1111 2658 1273 2723; x_wconf 90' lang='lat' dir='ltr'><strong>fallit,</strong></span> <span class='ocrx_word' id='word_1_327' title='bbox 1304 2659 1598 2727; x_wconf 89' lang='lat' dir='ltr'><strong>reddetque</strong></span> <span class='ocrx_word' id='word_1_328' title='bbox 1620 2660 1826 2716; x_wconf 83' lang='lat' dir='ltr'><strong>homini</strong></span> 
     </span>
    </p>
   </div>
   <div class='ocr_carea' id='block_1_44' title="bbox 226 2740 1824 2821">
    <p class='ocr_par' dir='ltr' id='par_1_44' title="bbox 226 2740 1824 2821">
     <span class='ocr_line' id='line_1_44' title="bbox 226 2740 1824 2821; baseline 0.001 -18"><span class='ocrx_word' id='word_1_329' title='bbox 226 2751 385 2820; x_wconf 60' lang='lat' dir='ltr'><strong>fama</strong></span> <span class='ocrx_word' id='word_1_330' title='bbox 430 2763 595 2820; x_wconf 89' lang='lat' dir='ltr'><strong>opera</strong></span> <span class='ocrx_word' id='word_1_331' title='bbox 635 2763 752 2802; x_wconf 88' lang='lat' dir='ltr'><strong>sua.</strong></span> <span class='ocrx_word' id='word_1_332' title='bbox 803 2740 1087 2805; x_wconf 79' lang='lat' dir='ltr'><strong>Praecessit</strong></span> <span class='ocrx_word' id='word_1_333' title='bbox 1121 2751 1267 2804; x_wconf 89' lang='lat' dir='ltr'><strong>enim</strong></span> <span class='ocrx_word' id='word_1_334' title='bbox 1295 2750 1349 2804; x_wconf 93' lang='lat' dir='ltr'><strong>in</strong></span> <span class='ocrx_word' id='word_1_335' title='bbox 1395 2749 1620 2821; x_wconf 71' lang='lat' dir='ltr'><strong>prtefata</strong></span> <span class='ocrx_word' id='word_1_336' title='bbox 1650 2766 1824 2820; x_wconf 91' lang='lat' dir='ltr'><strong>nuper</strong></span> 
     </span>
    </p>
   </div>
   <div class='ocr_carea' id='block_1_45' title="bbox 232 2837 1824 2910">
    <p class='ocr_par' dir='ltr' id='par_1_45' title="bbox 232 2837 1824 2910">
     <span class='ocr_line' id='line_1_45' title="bbox 232 2837 1824 2910; baseline 0 -15"><span class='ocrx_word' id='word_1_337' title='bbox 232 2838 479 2896; x_wconf 80' lang='lat' dir='ltr'><strong>Ecclesia</strong></span> <span class='ocrx_word' id='word_1_338' title='bbox 510 2853 614 2910; x_wconf 89' lang='lat' dir='ltr'><strong>per</strong></span> <span class='ocrx_word' id='word_1_339' title='bbox 636 2838 919 2908; x_wconf 60' lang='lat' dir='ltr'><strong>praelatum</strong></span> <span class='ocrx_word' id='word_1_340' title='bbox 944 2837 1061 2908; x_wconf 88' lang='lat' dir='ltr'><strong>ejus</strong></span> <span class='ocrx_word' id='word_1_341' title='bbox 1100 2840 1430 2896; x_wconf 83' lang='lat' dir='ltr'><strong>Amalarium</strong></span> <span class='ocrx_word' id='word_1_342' title='bbox 1477 2854 1635 2895; x_wconf 90' lang='lat' dir='ltr'><strong>error</strong></span> <span class='ocrx_word' id='word_1_343' title='bbox 1678 2841 1824 2895; x_wconf 90' lang='lat' dir='ltr'><strong>insa-</strong></span> 
     </span>
    </p>
   </div>
   <div class='ocr_carea' id='block_1_46' title="bbox 230 2932 1826 3006">
    <p class='ocr_par' dir='ltr' id='par_1_46' title="bbox 230 2932 1826 3006">
     <span class='ocr_line' id='line_1_46' title="bbox 230 2932 1826 3006; baseline 0.001 -17"><span class='ocrx_word' id='word_1_344' title='bbox 230 2950 341 2989; x_wconf 90' lang='lat' dir='ltr'><strong>nus</strong></span> <span class='ocrx_word' id='word_1_345' title='bbox 367 2943 425 2988; x_wconf 90' lang='lat' dir='ltr'><strong>et</strong></span> <span class='ocrx_word' id='word_1_346' title='bbox 448 2948 637 2998; x_wconf 89' lang='lat' dir='ltr'><strong>vanus,</strong></span> <span class='ocrx_word' id='word_1_347' title='bbox 672 2932 793 2988; x_wconf 76' lang='lat' dir='ltr'><strong>fidei</strong></span> <span class='ocrx_word' id='word_1_348' title='bbox 828 2942 884 2988; x_wconf 89' lang='lat' dir='ltr'><strong>et</strong></span> <span class='ocrx_word' id='word_1_349' title='bbox 919 2934 1168 2989; x_wconf 84' lang='lat' dir='ltr'><strong>veritatis</strong></span> <span class='ocrx_word' id='word_1_350' title='bbox 1195 2934 1466 3001; x_wconf 91' lang='lat' dir='ltr'><strong>inimicus,</strong></span> <span class='ocrx_word' id='word_1_351' title='bbox 1497 2934 1739 3006; x_wconf 81' lang='lat' dir='ltr'><strong>religioni</strong></span> <span class='ocrx_word' id='word_1_352' title='bbox 1771 2947 1826 2991; x_wconf 89' lang='lat' dir='ltr'><strong>et</strong></span> 
     </span>
    </p>
   </div>
   <div class='ocr_carea' id='block_1_47' title="bbox 233 3022 1824 3096">
    <p class='ocr_par' dir='ltr' id='par_1_47' title="bbox 233 3022 1824 3096">
     <span class='ocr_line' id='line_1_47' title="bbox 233 3022 1824 3096; baseline 0 -17"><span class='ocrx_word' id='word_1_353' title='bbox 233 3023 397 3080; x_wconf 83' lang='lat' dir='ltr'><strong>saluti</strong></span> <span class='ocrx_word' id='word_1_354' title='bbox 427 3022 754 3087; x_wconf 87' lang='lat' dir='ltr'><strong>contrarius,</strong></span> <span class='ocrx_word' id='word_1_355' title='bbox 785 3038 944 3093; x_wconf 89' lang='lat' dir='ltr'><strong>quem</strong></span> <span class='ocrx_word' id='word_1_356' title='bbox 974 3023 1209 3093; x_wconf 91' lang='lat' dir='ltr'><strong>primum</strong></span> <span class='ocrx_word' id='word_1_357' title='bbox 1245 3024 1480 3095; x_wconf 88' lang='lat' dir='ltr'><strong>quidem,</strong></span> <span class='ocrx_word' id='word_1_358' title='bbox 1531 3032 1824 3096; x_wconf 85' lang='lat' dir='ltr'><strong>aggregata</strong></span> 
     </span>
    </p>
   </div>
   <div class='ocr_carea' id='block_1_48' title="bbox 232 3111 1821 3184">
    <p class='ocr_par' dir='ltr' id='par_1_48' title="bbox 232 3111 1821 3184">
     <span class='ocr_line' id='line_1_48' title="bbox 232 3111 1821 3184; baseline 0.001 -16"><span class='ocrx_word' id='word_1_359' title='bbox 232 3112 679 3184; x_wconf 82' lang='lat' dir='ltr'><strong>presbyterorum</strong></span> <span class='ocrx_word' id='word_1_360' title='bbox 724 3111 952 3184; x_wconf 85' lang='lat' dir='ltr'><strong>synodo,</strong></span> <span class='ocrx_word' id='word_1_361' title='bbox 997 3112 1517 3168; x_wconf 88' lang='lat' dir='ltr'><strong>circumsedentibus</strong></span> <span class='ocrx_word' id='word_1_362' title='bbox 1551 3114 1821 3181; x_wconf 90' lang='lat' dir='ltr'><strong>omnibus,</strong></span> 
     </span>
    </p>
   </div>
   <div class='ocr_carea' id='block_1_49' title="bbox 1924 2191 3519 2279">
    <p class='ocr_par' dir='ltr' id='par_1_49' title="bbox 1924 2191 3519 2279">
     <span class='ocr_line' id='line_1_49' title="bbox 1924 2191 3519 2279; baseline 0.011 -31"><span class='ocrx_word' id='word_1_363' title='bbox 1924 2191 2065 2248; x_wconf 87' lang='lat' dir='ltr'><strong>Cum</strong></span> <span class='ocrx_word' id='word_1_364' title='bbox 2107 2210 2196 2250; x_wconf 89' lang='lat' dir='ltr'><strong>res</strong></span> <span class='ocrx_word' id='word_1_365' title='bbox 2224 2195 2372 2264; x_wconf 82' lang='lat' dir='ltr'><strong>fidei,</strong></span> <span class='ocrx_word' id='word_1_366' title='bbox 2397 2214 2526 2253; x_wconf 90' lang='lat' dir='ltr'><strong>cum</strong></span> <span class='ocrx_word' id='word_1_367' title='bbox 2576 2213 2739 2256; x_wconf 90' lang='lat' dir='ltr'><strong>causa</strong></span> <span class='ocrx_word' id='word_1_368' title='bbox 2768 2200 3050 2271; x_wconf 79' lang='lat' dir='ltr'><strong>Ecclesiae,</strong></span> <span class='ocrx_word' id='word_1_369' title='bbox 3087 2220 3210 2261; x_wconf 88' lang='lat' dir='ltr'><strong>eum</strong></span> <span class='ocrx_word' id='word_1_370' title='bbox 3240 2207 3519 2279; x_wconf 87' lang='lat' dir='ltr'><strong>negotium</strong></span> 
     </span>
    </p>
   </div>
   <div class='ocr_carea' id='block_1_50' title="bbox 1929 2280 3519 2367">
    <p class='ocr_par' dir='ltr' id='par_1_50' title="bbox 1929 2280 3519 2367">
     <span class='ocr_line' id='line_1_50' title="bbox 1929 2280 3519 2367; baseline 0.009 -24"><span class='ocrx_word' id='word_1_371' title='bbox 1929 2285 2131 2343; x_wconf 87' lang='lat' dir='ltr'><strong>Christi</strong></span> <span class='ocrx_word' id='word_1_372' title='bbox 2159 2290 2360 2362; x_wconf 80' lang='lat' dir='ltr'><strong>agitur,</strong></span> <span class='ocrx_word' id='word_1_373' title='bbox 2391 2280 2685 2360; x_wconf 72' lang='lat' dir='ltr'><strong>sola&#39;ﬁdes,</strong></span> <span class='ocrx_word' id='word_1_374' title='bbox 2720 2296 2837 2351; x_wconf 86' lang='lat' dir='ltr'><strong>sola</strong></span> <span class='ocrx_word' id='word_1_375' title='bbox 2862 2304 3036 2353; x_wconf 85' lang='lat' dir='ltr'><strong>mater</strong></span> <span class='ocrx_word' id='word_1_376' title='bbox 3063 2297 3328 2367; x_wconf 90' lang='lat' dir='ltr'><strong>Ecclesia,</strong></span> <span class='ocrx_word' id='word_1_377' title='bbox 3368 2300 3519 2358; x_wconf 89' lang='lat' dir='ltr'><strong>solus</strong></span> 
     </span>
    </p>
   </div>
   <div class='ocr_carea' id='block_1_51' title="bbox 1930 2380 3520 2461">
    <p class='ocr_par' dir='ltr' id='par_1_51' title="bbox 1930 2380 3520 2461">
     <span class='ocr_line' id='line_1_51' title="bbox 1930 2380 3520 2461; baseline 0.011 -31"><span class='ocrx_word' id='word_1_378' title='bbox 1930 2387 2142 2433; x_wconf 85' lang='lat' dir='ltr'><strong>amator</strong></span> <span class='ocrx_word' id='word_1_379' title='bbox 2190 2380 2451 2449; x_wconf 81' lang='lat' dir='ltr'><strong>veritatis,</strong></span> <span class='ocrx_word' id='word_1_380' title='bbox 2484 2382 2593 2440; x_wconf 89' lang='lat' dir='ltr'><strong>imo</strong></span> <span class='ocrx_word' id='word_1_381' title='bbox 2617 2384 2852 2451; x_wconf 78' lang='lat' dir='ltr'><strong>Veritas,</strong></span> <span class='ocrx_word' id='word_1_382' title='bbox 2903 2385 3154 2446; x_wconf 78' lang='lat' dir='ltr'><strong>Christus</strong></span> <span class='ocrx_word' id='word_1_383' title='bbox 3196 2380 3310 2461; x_wconf 71' lang='lat' dir='ltr'><strong>prae</strong></span> <span class='ocrx_word' id='word_1_384' title='bbox 3344 2391 3520 2450; x_wconf 87' lang='lat' dir='ltr'><strong>oculis</strong></span> 
     </span>
    </p>
   </div>
   <div class='ocr_carea' id='block_1_52' title="bbox 1929 2471 3508 2529">
    <p class='ocr_par' dir='ltr' id='par_1_52' title="bbox 1929 2471 3508 2529">
     <span class='ocr_line' id='line_1_52' title="bbox 1929 2471 3508 2529; baseline 0.012 -3"><span class='ocrx_word' id='word_1_385' title='bbox 1929 2471 2210 2529; x_wconf 90' lang='lat' dir='ltr'><strong>habeatur.</strong></span> <span class='ocrx_word' id='word_1_386' title='bbox 3505 2480 3508 2484; x_wconf 17' lang='grc' dir='ltr'><strong>Α</strong></span> 
     </span>
    </p>
   </div>
   <div class='ocr_carea' id='block_1_53' title="bbox 1997 2564 3518 2653">
    <p class='ocr_par' dir='ltr' id='par_1_53' title="bbox 1997 2564 3518 2653">
     <span class='ocr_line' id='line_1_53' title="bbox 1997 2564 3518 2653; baseline 0.012 -33"><span class='ocrx_word' id='word_1_387' title='bbox 1997 2564 2051 2620; x_wconf 77' lang='grc'><strong>4.</strong></span> <span class='ocrx_word' id='word_1_388' title='bbox 2084 2566 2254 2624; x_wconf 89' lang='lat' dir='ltr'><strong>Docet</strong></span> <span class='ocrx_word' id='word_1_389' title='bbox 2282 2579 2581 2641; x_wconf 75' lang='lat' dir='ltr'><strong>prmceptor</strong></span> <span class='ocrx_word' id='word_1_390' title='bbox 2630 2588 2745 2643; x_wconf 74' lang='lat' dir='ltr'><strong>.pse</strong></span> <span class='ocrx_word' id='word_1_391' title='bbox 2771 2574 3076 2634; x_wconf 77' lang='lat' dir='ltr'><strong>Amalarius</strong></span> <span class='ocrx_word' id='word_1_392' title='bbox 3122 2580 3397 2653; x_wconf 83' lang='lat' dir='ltr'><strong>egregius,</strong></span> <span class='ocrx_word' id='word_1_393' title='bbox 3438 2581 3518 2639; x_wconf 89' lang='lat' dir='ltr'><strong>ita</strong></span> 
     </span>
    </p>
   </div>
   <div class='ocr_carea' id='block_1_54' title="bbox 1928 2652 3518 2737">
    <p class='ocr_par' dir='ltr' id='par_1_54' title="bbox 1928 2652 3518 2737">
     <span class='ocr_line' id='line_1_54' title="bbox 1928 2652 3518 2737; baseline 0.016 -29"><span class='ocrx_word' id='word_1_394' title='bbox 1928 2668 2125 2725; x_wconf 88' lang='lat' dir='ltr'><strong>corpus</strong></span> <span class='ocrx_word' id='word_1_395' title='bbox 2151 2654 2351 2713; x_wconf 67' lang='lat' dir='ltr'><strong>Christi</strong></span> <span class='ocrx_word' id='word_1_396' title='bbox 2379 2674 2500 2716; x_wconf 89' lang='lat' dir='ltr'><strong>esse</strong></span> <span class='ocrx_word' id='word_1_397' title='bbox 2537 2661 2781 2719; x_wconf 88' lang='lat' dir='ltr'><strong>triforme</strong></span> <span class='ocrx_word' id='word_1_398' title='bbox 2809 2672 2864 2720; x_wconf 91' lang='lat' dir='ltr'><strong>et</strong></span> <span class='ocrx_word' id='word_1_399' title='bbox 2905 2652 3271 2737; x_wconf 88' lang='lat' dir='ltr'><strong>tripartitum,</strong></span> <span class='ocrx_word' id='word_1_400' title='bbox 3296 2652 3367 2729; x_wconf 57' lang='grc' dir='ltr'><strong>ἰιι</strong></span> <span class='ocrx_word' id='word_1_401' title='bbox 3410 2676 3518 2732; x_wconf 84' lang='lat' dir='ltr'><strong>tria</strong></span> 
     </span>
    </p>
   </div>
   <div class='ocr_carea' id='block_1_55' title="bbox 1928 2741 3517 2829">
    <p class='ocr_par' dir='ltr' id='par_1_55' title="bbox 1928 2741 3517 2829">
     <span class='ocr_line' id='line_1_55' title="bbox 1928 2741 3517 2829; baseline 0.015 -34"><span class='ocrx_word' id='word_1_402' title='bbox 1928 2741 2131 2815; x_wconf 86' lang='lat' dir='ltr'><strong>Christi</strong></span> <span class='ocrx_word' id='word_1_403' title='bbox 2157 2759 2381 2815; x_wconf 90' lang='lat' dir='ltr'><strong>corpora</strong></span> <span class='ocrx_word' id='word_1_404' title='bbox 2408 2765 2421 2800; x_wconf 87' lang='lat'><strong>:</strong></span> <span class='ocrx_word' id='word_1_405' title='bbox 2452 2749 2687 2817; x_wconf 90' lang='lat' dir='ltr'><strong>primum</strong></span> <span class='ocrx_word' id='word_1_406' title='bbox 2718 2754 2860 2823; x_wconf 91' lang='lat' dir='ltr'><strong>quod</strong></span> <span class='ocrx_word' id='word_1_407' title='bbox 2889 2754 3005 2824; x_wconf 89' lang='lat' dir='ltr'><strong>ipse</strong></span> <span class='ocrx_word' id='word_1_408' title='bbox 3031 2759 3290 2829; x_wconf 89' lang='lat' dir='ltr'><strong>suscepit,</strong></span> <span class='ocrx_word' id='word_1_409' title='bbox 3319 2775 3517 2819; x_wconf 89' lang='lat' dir='ltr'><strong>secun-</strong></span> 
     </span>
    </p>
   </div>
   <div class='ocr_carea' id='block_1_56' title="bbox 1929 2832 3516 2915">
    <p class='ocr_par' dir='ltr' id='par_1_56' title="bbox 1929 2832 3516 2915">
     <span class='ocr_line' id='line_1_56' title="bbox 1929 2832 3516 2915; baseline 0.015 -29"><span class='ocrx_word' id='word_1_410' title='bbox 1929 2832 2054 2886; x_wconf 90' lang='lat' dir='ltr'><strong>dum</strong></span> <span class='ocrx_word' id='word_1_411' title='bbox 2079 2833 2132 2888; x_wconf 88' lang='lat' dir='ltr'><strong>in</strong></span> <span class='ocrx_word' id='word_1_412' title='bbox 2154 2835 2331 2901; x_wconf 86' lang='lat' dir='ltr'><strong>nobis,</strong></span> <span class='ocrx_word' id='word_1_413' title='bbox 2354 2838 2447 2907; x_wconf 90' lang='lat' dir='ltr'><strong>qui</strong></span> <span class='ocrx_word' id='word_1_414' title='bbox 2476 2854 2638 2908; x_wconf 90' lang='lat' dir='ltr'><strong>super</strong></span> <span class='ocrx_word' id='word_1_415' title='bbox 2667 2848 2865 2896; x_wconf 88' lang='lat' dir='ltr'><strong>terram</strong></span> <span class='ocrx_word' id='word_1_416' title='bbox 2892 2845 3262 2915; x_wconf 90' lang='lat' dir='ltr'><strong>ambulamus;</strong></span> <span class='ocrx_word' id='word_1_417' title='bbox 3297 2854 3516 2909; x_wconf 89' lang='lat' dir='ltr'><strong>tertium</strong></span> 
     </span>
    </p>
   </div>
   <div class='ocr_carea' id='block_1_57' title="bbox 1927 2923 3519 3009">
    <p class='ocr_par' dir='ltr' id='par_1_57' title="bbox 1927 2923 3519 3009">
     <span class='ocr_line' id='line_1_57' title="bbox 1927 2923 3519 3009; baseline 0.014 -31"><span class='ocrx_word' id='word_1_418' title='bbox 1927 2923 1983 2978; x_wconf 90' lang='lat' dir='ltr'><strong>in</strong></span> <span class='ocrx_word' id='word_1_419' title='bbox 2011 2923 2117 2981; x_wconf 87' lang='lat' dir='ltr'><strong>illis</strong></span> <span class='ocrx_word' id='word_1_420' title='bbox 2141 2926 2233 2996; x_wconf 91' lang='lat' dir='ltr'><strong>qui</strong></span> <span class='ocrx_word' id='word_1_421' title='bbox 2264 2928 2456 2998; x_wconf 87' lang='lat' dir='ltr'><strong>sepulti</strong></span> <span class='ocrx_word' id='word_1_422' title='bbox 2492 2927 2698 2997; x_wconf 89' lang='lat' dir='ltr'><strong>jacent.</strong></span> <span class='ocrx_word' id='word_1_423' title='bbox 2734 2931 2945 2989; x_wconf 82' lang='lat' dir='ltr'><strong>Asserit</strong></span> <span class='ocrx_word' id='word_1_424' title='bbox 2973 2936 3027 2991; x_wconf 90' lang='lat' dir='ltr'><strong>in</strong></span> <span class='ocrx_word' id='word_1_425' title='bbox 3058 2941 3316 3009; x_wconf 88' lang='lat' dir='ltr'><strong>mysterio</strong></span> <span class='ocrx_word' id='word_1_426' title='bbox 3347 2945 3519 3000; x_wconf 49' lang='lat' dir='ltr'><strong>sacriv</strong></span> 
     </span>
    </p>
   </div>
   <div class='ocr_carea' id='block_1_58' title="bbox 1928 3015 3515 3098">
    <p class='ocr_par' dir='ltr' id='par_1_58' title="bbox 1928 3015 3515 3098">
     <span class='ocr_line' id='line_1_58' title="bbox 1928 3015 3515 3098; baseline 0.015 -29"><span class='ocrx_word' id='word_1_427' title='bbox 1928 3015 2037 3071; x_wconf 87' lang='lat' dir='ltr'><strong>ficii</strong></span> <span class='ocrx_word' id='word_1_428' title='bbox 2063 3016 2168 3073; x_wconf 90' lang='lat' dir='ltr'><strong>hac</strong></span> <span class='ocrx_word' id='word_1_429' title='bbox 2199 3018 2265 3073; x_wconf 91' lang='lat' dir='ltr'><strong>de</strong></span> <span class='ocrx_word' id='word_1_430' title='bbox 2293 3035 2454 3076; x_wconf 89' lang='lat' dir='ltr'><strong>causa</strong></span> <span class='ocrx_word' id='word_1_431' title='bbox 2476 3030 2587 3078; x_wconf 91' lang='lat' dir='ltr'><strong>tres</strong></span> <span class='ocrx_word' id='word_1_432' title='bbox 2610 3022 2809 3081; x_wconf 89' lang='lat' dir='ltr'><strong>debere</strong></span> <span class='ocrx_word' id='word_1_433' title='bbox 2832 3024 2948 3082; x_wconf 87' lang='lat' dir='ltr'><strong>fieri</strong></span> <span class='ocrx_word' id='word_1_434' title='bbox 2982 3036 3167 3098; x_wconf 88' lang='lat' dir='ltr'><strong>partes</strong></span> <span class='ocrx_word' id='word_1_435' title='bbox 3193 3045 3387 3089; x_wconf 89' lang='lat' dir='ltr'><strong>:unam</strong></span> <span class='ocrx_word' id='word_1_436' title='bbox 3417 3052 3515 3092; x_wconf 85' lang='lat' dir='ltr'><strong>ea-</strong></span> 
     </span>
    </p>
   </div>
   <div class='ocr_carea' id='block_1_59' title="bbox 1928 3109 3519 3213">
    <p class='ocr_par' dir='ltr' id='par_1_59' title="bbox 1928 3109 3519 3213">
     <span class='ocr_line' id='line_1_59' title="bbox 1928 3109 3519 3213; baseline 0.014 -50"><span class='ocrx_word' id='word_1_437' title='bbox 1928 3109 2045 3165; x_wconf 91' lang='lat' dir='ltr'><strong>licis</strong></span> <span class='ocrx_word' id='word_1_438' title='bbox 2065 3126 2164 3181; x_wconf 85' lang='lat' dir='ltr'><strong>pro</strong></span> <span class='ocrx_word' id='word_1_439' title='bbox 2182 3111 2417 3178; x_wconf 88' lang='lat' dir='ltr'><strong>Christo,</strong></span> <span class='ocrx_word' id='word_1_440' title='bbox 2441 3114 2666 3171; x_wconf 90' lang='lat' dir='ltr'><strong>alteram</strong></span> <span class='ocrx_word' id='word_1_441' title='bbox 2690 3117 2742 3172; x_wconf 91' lang='lat' dir='ltr'><strong>in</strong></span> <span class='ocrx_word' id='word_1_442' title='bbox 2771 3126 2971 3213; x_wconf 57' lang='lat' dir='ltr'><strong>patent:</strong></span> <span class='ocrx_word' id='word_1_443' title='bbox 2992 3138 3093 3193; x_wconf 90' lang='lat' dir='ltr'><strong>pro</strong></span> <span class='ocrx_word' id='word_1_444' title='bbox 3125 3125 3275 3193; x_wconf 70' lang='lat' dir='ltr'><strong>vivis,</strong></span> <span class='ocrx_word' id='word_1_445' title='bbox 3296 3129 3519 3185; x_wconf 87' lang='lat' dir='ltr'><strong>tertiam</strong></span> 
     </span>
    </p>
   </div>
   <div class='ocr_carea' id='block_1_60' title="bbox 232 3198 3517 3278">
    <p class='ocr_par' dir='ltr' id='par_1_60' title="bbox 232 3198 3517 3278">
     <span class='ocr_line' id='line_1_60' title="bbox 232 3198 3517 3278; baseline 0.005 -19"><span class='ocrx_word' id='word_1_446' title='bbox 232 3216 291 3262; x_wconf 87' lang='lat' dir='ltr'><strong>et</strong></span> <span class='ocrx_word' id='word_1_447' title='bbox 320 3206 471 3261; x_wconf 88' lang='lat' dir='ltr'><strong>velut</strong></span> <span class='ocrx_word' id='word_1_448' title='bbox 498 3212 886 3277; x_wconf 66' lang='lat' dir='ltr'><strong>prmeeptorem</strong></span> <span class='ocrx_word' id='word_1_449' title='bbox 921 3204 1259 3261; x_wconf 86' lang='lat' dir='ltr'><strong>audientibus</strong></span> <span class='ocrx_word' id='word_1_450' title='bbox 1283 3247 1299 3272; x_wconf 95' lang='lat'><strong>,</strong></span> <span class='ocrx_word' id='word_1_451' title='bbox 1351 3205 1473 3261; x_wconf 84' lang='lat' dir='ltr'><strong>viva</strong></span> <span class='ocrx_word' id='word_1_452' title='bbox 1498 3221 1632 3262; x_wconf 84' lang='lat' dir='ltr'><strong>voce</strong></span> <span class='ocrx_word' id='word_1_453' title='bbox 1665 3220 1829 3261; x_wconf 83' lang='lat' dir='ltr'><strong>cona-</strong></span> <span class='ocrx_word' id='word_1_454' title='bbox 1855 3202 1900 3265; x_wconf 88' lang='lat' dir='ltr'><strong>C</strong></span> <span class='ocrx_word' id='word_1_455' title='bbox 1930 3198 1984 3254; x_wconf 90' lang='lat' dir='ltr'><strong>in</strong></span> <span class='ocrx_word' id='word_1_456' title='bbox 2017 3199 2172 3254; x_wconf 88' lang='lat' dir='ltr'><strong>altari</strong></span> <span class='ocrx_word' id='word_1_457' title='bbox 2202 3216 2302 3271; x_wconf 92' lang='lat' dir='ltr'><strong>pro</strong></span> <span class='ocrx_word' id='word_1_458' title='bbox 2324 3205 2569 3260; x_wconf 91' lang='lat' dir='ltr'><strong>mortuis.</strong></span> <span class='ocrx_word' id='word_1_459' title='bbox 2594 3204 2736 3261; x_wconf 91' lang='lat' dir='ltr'><strong>Dicit</strong></span> <span class='ocrx_word' id='word_1_460' title='bbox 2763 3198 2971 3278; x_wconf 52' lang='lat' dir='ltr'><strong>panem‘</strong></span> <span class='ocrx_word' id='word_1_461' title='bbox 2976 3211 3126 3267; x_wconf 88' lang='lat' dir='ltr'><strong>illum</strong></span> <span class='ocrx_word' id='word_1_462' title='bbox 3148 3229 3268 3271; x_wconf 89' lang='lat' dir='ltr'><strong>esse</strong></span> <span class='ocrx_word' id='word_1_463' title='bbox 3293 3231 3517 3274; x_wconf 89' lang='lat' dir='ltr'><strong>carnem</strong></span> 
     </span>
    </p>
   </div>
   <div class='ocr_carea' id='block_1_61' title="bbox 231 3296 1827 3368">
    <p class='ocr_par' dir='ltr' id='par_1_61' title="bbox 231 3296 1827 3368">
     <span class='ocr_line' id='line_1_61' title="bbox 231 3296 1827 3368; baseline 0 -16"><span class='ocrx_word' id='word_1_464' title='bbox 231 3307 325 3353; x_wconf 87' lang='lat' dir='ltr'><strong>tus</strong></span> <span class='ocrx_word' id='word_1_465' title='bbox 358 3306 443 3353; x_wconf 90' lang='lat' dir='ltr'><strong>est</strong></span> <span class='ocrx_word' id='word_1_466' title='bbox 482 3312 687 3363; x_wconf 87' lang='lat' dir='ltr'><strong>serere,</strong></span> <span class='ocrx_word' id='word_1_467' title='bbox 733 3296 842 3352; x_wconf 90' lang='lat' dir='ltr'><strong>imo</strong></span> <span class='ocrx_word' id='word_1_468' title='bbox 881 3303 994 3352; x_wconf 89' lang='lat' dir='ltr'><strong>tota</strong></span> <span class='ocrx_word' id='word_1_469' title='bbox 1045 3296 1347 3352; x_wconf 86' lang='lat' dir='ltr'><strong>intentione</strong></span> <span class='ocrx_word' id='word_1_470' title='bbox 1402 3304 1458 3353; x_wconf 90' lang='lat' dir='ltr'><strong>et</strong></span> <span class='ocrx_word' id='word_1_471' title='bbox 1502 3297 1681 3352; x_wconf 87' lang='lat' dir='ltr'><strong>studio</strong></span> <span class='ocrx_word' id='word_1_472' title='bbox 1731 3313 1827 3368; x_wconf 85' lang='lat' dir='ltr'><strong>per</strong></span> 
     </span>
    </p>
   </div>
   <div class='ocr_carea' id='block_1_62' title="bbox 231 3386 1822 3457">
    <p class='ocr_par' dir='ltr' id='par_1_62' title="bbox 231 3386 1822 3457">
     <span class='ocr_line' id='line_1_62' title="bbox 231 3386 1822 3457; baseline 0.001 -16"><span class='ocrx_word' id='word_1_473' title='bbox 231 3395 411 3442; x_wconf 82' lang='lat' dir='ltr'><strong>totum</strong></span> <span class='ocrx_word' id='word_1_474' title='bbox 469 3386 707 3441; x_wconf 91' lang='lat' dir='ltr'><strong>triduum</strong></span> <span class='ocrx_word' id='word_1_475' title='bbox 728 3387 1109 3457; x_wconf 90' lang='lat' dir='ltr'><strong>proponendo,</strong></span> <span class='ocrx_word' id='word_1_476' title='bbox 1157 3387 1494 3457; x_wconf 82' lang='lat' dir='ltr'><strong>exponendo,</strong></span> <span class='ocrx_word' id='word_1_477' title='bbox 1539 3387 1822 3457; x_wconf 85' lang='lat' dir='ltr'><strong>exigendo,</strong></span> 
     </span>
    </p>
   </div>
   <div class='ocr_carea' id='block_1_63' title="bbox 231 3476 1824 3547">
    <p class='ocr_par' dir='ltr' id='par_1_63' title="bbox 231 3476 1824 3547">
     <span class='ocr_line' id='line_1_63' title="bbox 231 3476 1824 3547; baseline 0 -16"><span class='ocrx_word' id='word_1_478' title='bbox 231 3478 491 3532; x_wconf 88' lang='lat' dir='ltr'><strong>omnibus</strong></span> <span class='ocrx_word' id='word_1_479' title='bbox 547 3476 840 3532; x_wconf 80' lang='lat' dir='ltr'><strong>inculcavit</strong></span> <span class='ocrx_word' id='word_1_480' title='bbox 892 3484 947 3531; x_wconf 90' lang='lat' dir='ltr'><strong>et</strong></span> <span class='ocrx_word' id='word_1_481' title='bbox 994 3476 1233 3543; x_wconf 86' lang='lat' dir='ltr'><strong>tradidit,</strong></span> <span class='ocrx_word' id='word_1_482' title='bbox 1269 3476 1423 3547; x_wconf 91' lang='lat' dir='ltr'><strong>quasi</strong></span> <span class='ocrx_word' id='word_1_483' title='bbox 1467 3476 1604 3532; x_wconf 80' lang='lat' dir='ltr'><strong>Novi</strong></span> <span class='ocrx_word' id='word_1_484' title='bbox 1633 3476 1824 3533; x_wconf 88' lang='lat' dir='ltr'><strong>Testa-</strong></span> 
     </span>
    </p>
   </div>
   <div class='ocr_carea' id='block_1_64' title="bbox 232 3566 1827 3624">
    <p class='ocr_par' dir='ltr' id='par_1_64' title="bbox 232 3566 1827 3624">
     <span class='ocr_line' id='line_1_64' title="bbox 232 3566 1827 3624; baseline 0 -1"><span class='ocrx_word' id='word_1_485' title='bbox 232 3568 406 3623; x_wconf 87' lang='lat' dir='ltr'><strong>menti</strong></span> <span class='ocrx_word' id='word_1_486' title='bbox 455 3567 704 3623; x_wconf 87' lang='lat' dir='ltr'><strong>minister</strong></span> <span class='ocrx_word' id='word_1_487' title='bbox 786 3566 983 3623; x_wconf 86' lang='lat' dir='ltr'><strong>tabulis</strong></span> <span class='ocrx_word' id='word_1_488' title='bbox 1040 3567 1221 3623; x_wconf 90' lang='lat' dir='ltr'><strong>cordis</strong></span> <span class='ocrx_word' id='word_1_489' title='bbox 1272 3566 1579 3623; x_wconf 87' lang='lat' dir='ltr'><strong>carnalibus</strong></span> <span class='ocrx_word' id='word_1_490' title='bbox 1633 3576 1827 3624; x_wconf 90' lang='lat' dir='ltr'><strong>cuncta</strong></span> 
     </span>
    </p>
   </div>
   <div class='ocr_carea' id='block_1_65' title="bbox 174 3656 1828 3729">
    <p class='ocr_par' dir='ltr' id='par_1_65' title="bbox 174 3656 1828 3729">
     <span class='ocr_line' id='line_1_65' title="bbox 174 3656 1828 3729; baseline 0.002 -17"><span class='ocrx_word' id='word_1_491' title='bbox 174 3726 177 3729; x_wconf 19' lang='grc' dir='ltr'>ν</span> <span class='ocrx_word' id='word_1_492' title='bbox 229 3673 357 3728; x_wconf 73' lang='lat' dir='ltr'><strong>qua:</strong></span> <span class='ocrx_word' id='word_1_493' title='bbox 384 3658 681 3721; x_wconf 87' lang='lat' dir='ltr'><strong>asserebat,</strong></span> <span class='ocrx_word' id='word_1_494' title='bbox 706 3656 1066 3714; x_wconf 88' lang='lat' dir='ltr'><strong>indelebiliter</strong></span> <span class='ocrx_word' id='word_1_495' title='bbox 1087 3658 1247 3713; x_wconf 89' lang='lat' dir='ltr'><strong>vellet</strong></span> <span class='ocrx_word' id='word_1_496' title='bbox 1269 3659 1596 3728; x_wconf 89' lang='lat' dir='ltr'><strong>imprimere.</strong></span> <span class='ocrx_word' id='word_1_497' title='bbox 1623 3659 1828 3716; x_wconf 88' lang='lat' dir='ltr'><strong>Deinde</strong></span> 
     </span>
    </p>
   </div>
   <div class='ocr_carea' id='block_1_66' title="bbox 228 3748 1828 3820">
    <p class='ocr_par' dir='ltr' id='par_1_66' title="bbox 228 3748 1828 3820">
     <span class='ocr_line' id='line_1_66' title="bbox 228 3748 1828 3820; baseline 0.001 -16"><span class='ocrx_word' id='word_1_498' title='bbox 228 3750 399 3804; x_wconf 87' lang='lat' dir='ltr'><strong>etiam</strong></span> <span class='ocrx_word' id='word_1_499' title='bbox 436 3763 690 3820; x_wconf 84' lang='lat' dir='ltr'><strong>magnum</strong></span> <span class='ocrx_word' id='word_1_500' title='bbox 732 3748 1018 3818; x_wconf 90' lang='lat' dir='ltr'><strong>quemdam</strong></span> <span class='ocrx_word' id='word_1_501' title='bbox 1050 3749 1291 3805; x_wconf 88' lang='lat' dir='ltr'><strong>codicem</strong></span> <span class='ocrx_word' id='word_1_502' title='bbox 1317 3757 1554 3820; x_wconf 91' lang='lat' dir='ltr'><strong>quatuor</strong></span> <span class='ocrx_word' id='word_1_503' title='bbox 1598 3749 1828 3805; x_wconf 90' lang='lat' dir='ltr'><strong>volumi-</strong></span> 
     </span>
    </p>
   </div>
   <div class='ocr_carea' id='block_1_67' title="bbox 227 3840 1825 3912">
    <p class='ocr_par' dir='ltr' id='par_1_67' title="bbox 227 3840 1825 3912">
     <span class='ocr_line' id='line_1_67' title="bbox 227 3840 1825 3912; baseline -0.003 -14"><span class='ocrx_word' id='word_1_504' title='bbox 227 3841 395 3898; x_wconf 84' lang='lat' dir='ltr'><strong>nibus</strong></span> <span class='ocrx_word' id='word_1_505' title='bbox 419 3840 694 3903; x_wconf 81' lang='lat' dir='ltr'><strong>ditl&#39;usum,</strong></span> <span class='ocrx_word' id='word_1_506' title='bbox 748 3855 779 3895; x_wconf 92' lang='lat' dir='ltr'><strong>a</strong></span> <span class='ocrx_word' id='word_1_507' title='bbox 817 3855 878 3896; x_wconf 88' lang='lat' dir='ltr'><strong>se</strong></span> <span class='ocrx_word' id='word_1_508' title='bbox 926 3841 1282 3912; x_wconf 90' lang='lat' dir='ltr'><strong>compositum</strong></span> <span class='ocrx_word' id='word_1_509' title='bbox 1327 3850 1490 3911; x_wconf 90' lang='lat' dir='ltr'><strong>atque</strong></span> <span class='ocrx_word' id='word_1_510' title='bbox 1536 3840 1825 3912; x_wconf 88' lang='lat' dir='ltr'><strong>digestum,</strong></span> 
     </span>
    </p>
   </div>
   <div class='ocr_carea' id='block_1_68' title="bbox 228 3932 1826 4005">
    <p class='ocr_par' dir='ltr' id='par_1_68' title="bbox 228 3932 1826 4005">
     <span class='ocr_line' id='line_1_68' title="bbox 228 3932 1826 4005; baseline -0.001 -16"><span class='ocrx_word' id='word_1_511' title='bbox 228 3932 519 4005; x_wconf 85' lang='lat' dir='ltr'><strong>legendum</strong></span> <span class='ocrx_word' id='word_1_512' title='bbox 546 3934 1124 4004; x_wconf 84' lang='lat' dir='ltr'><strong>transcribendumque</strong></span> <span class='ocrx_word' id='word_1_513' title='bbox 1152 3934 1394 4002; x_wconf 85' lang='lat' dir='ltr'><strong>tradidit,</strong></span> <span class='ocrx_word' id='word_1_514' title='bbox 1424 3948 1673 3990; x_wconf 89' lang='lat' dir='ltr'><strong>asserens</strong></span> <span class='ocrx_word' id='word_1_515' title='bbox 1703 3947 1826 3988; x_wconf 90' lang='lat' dir='ltr'><strong>eum</strong></span> 
     </span>
    </p>
   </div>
   <div class='ocr_carea' id='block_1_69' title="bbox 229 4022 1828 4096">
    <p class='ocr_par' dir='ltr' id='par_1_69' title="bbox 229 4022 1828 4096">
     <span class='ocr_line' id='line_1_69' title="bbox 229 4022 1828 4096; baseline -0.001 -16"><span class='ocrx_word' id='word_1_516' title='bbox 229 4022 531 4080; x_wconf 79' lang='lat' dir='ltr'><strong>Ollicialem</strong></span> <span class='ocrx_word' id='word_1_517' title='bbox 589 4023 933 4096; x_wconf 90' lang='lat' dir='ltr'><strong>nuncupari,</strong></span> <span class='ocrx_word' id='word_1_518' title='bbox 981 4032 1242 4095; x_wconf 89' lang='lat' dir='ltr'><strong>tanquam</strong></span> <span class='ocrx_word' id='word_1_519' title='bbox 1297 4024 1366 4080; x_wconf 91' lang='lat' dir='ltr'><strong>de</strong></span> <span class='ocrx_word' id='word_1_520' title='bbox 1416 4024 1588 4081; x_wconf 91' lang='lat' dir='ltr'><strong>sacris</strong></span> <span class='ocrx_word' id='word_1_521' title='bbox 1634 4024 1828 4081; x_wconf 78' lang='lat' dir='ltr'><strong>ofﬁciis</strong></span> 
     </span>
    </p>
   </div>
   <div class='ocr_carea' id='block_1_70' title="bbox 228 4113 1825 4189">
    <p class='ocr_par' dir='ltr' id='par_1_70' title="bbox 228 4113 1825 4189">
     <span class='ocr_line' id='line_1_70' title="bbox 228 4113 1825 4189; baseline 0.004 -20"><span class='ocrx_word' id='word_1_522' title='bbox 228 4115 658 4187; x_wconf 83' lang='lat' dir='ltr'><strong>prudentissime</strong></span> <span class='ocrx_word' id='word_1_523' title='bbox 703 4124 758 4171; x_wconf 92' lang='lat' dir='ltr'><strong>et</strong></span> <span class='ocrx_word' id='word_1_524' title='bbox 782 4113 1235 4172; x_wconf 78' lang='lat' dir='ltr'><strong>suilicientissime</strong></span> <span class='ocrx_word' id='word_1_525' title='bbox 1278 4116 1641 4187; x_wconf 88' lang='lat' dir='ltr'><strong>disputantem</strong></span> <span class='ocrx_word' id='word_1_526' title='bbox 1671 4157 1686 4183; x_wconf 92' lang='lat'><strong>,</strong></span> <span class='ocrx_word' id='word_1_527' title='bbox 1733 4120 1825 4189; x_wconf 91' lang='lat' dir='ltr'><strong>qui</strong></span> 
     </span>
    </p>
   </div>
   <div class='ocr_carea' id='block_1_71' title="bbox 234 4207 1828 4281">
    <p class='ocr_par' dir='ltr' id='par_1_71' title="bbox 234 4207 1828 4281">
     <span class='ocr_line' id='line_1_71' title="bbox 234 4207 1828 4281; baseline 0.001 -16"><span class='ocrx_word' id='word_1_528' title='bbox 234 4210 403 4265; x_wconf 86' lang='lat' dir='ltr'><strong>tantis</strong></span> <span class='ocrx_word' id='word_1_529' title='bbox 441 4208 679 4265; x_wconf 89' lang='lat' dir='ltr'><strong>vesaniis</strong></span> <span class='ocrx_word' id='word_1_530' title='bbox 723 4217 780 4264; x_wconf 89' lang='lat' dir='ltr'><strong>et</strong></span> <span class='ocrx_word' id='word_1_531' title='bbox 814 4208 1091 4264; x_wconf 85' lang='lat' dir='ltr'><strong>erroribus</strong></span> <span class='ocrx_word' id='word_1_532' title='bbox 1140 4207 1418 4265; x_wconf 87' lang='lat' dir='ltr'><strong>confertus</strong></span> <span class='ocrx_word' id='word_1_533' title='bbox 1462 4217 1582 4276; x_wconf 89' lang='lat' dir='ltr'><strong>est,</strong></span> <span class='ocrx_word' id='word_1_534' title='bbox 1618 4219 1678 4264; x_wconf 91' lang='lat' dir='ltr'><strong>ut</strong></span> <span class='ocrx_word' id='word_1_535' title='bbox 1707 4212 1828 4281; x_wconf 86' lang='lat' dir='ltr'><strong>qui-</strong></span> 
     </span>
    </p>
   </div>
   <div class='ocr_carea' id='block_1_72' title="bbox 228 4298 1826 4372">
    <p class='ocr_par' dir='ltr' id='par_1_72' title="bbox 228 4298 1826 4372">
     <span class='ocr_line' id='line_1_72' title="bbox 228 4298 1826 4372; baseline -0.001 -16"><span class='ocrx_word' id='word_1_536' title='bbox 228 4298 473 4356; x_wconf 82' lang='lat' dir='ltr'><strong>buslibet</strong></span> <span class='ocrx_word' id='word_1_537' title='bbox 513 4300 676 4355; x_wconf 86' lang='lat' dir='ltr'><strong>etiam</strong></span> <span class='ocrx_word' id='word_1_538' title='bbox 715 4299 982 4372; x_wconf 81' lang='lat' dir='ltr'><strong>imperitis</strong></span> <span class='ocrx_word' id='word_1_539' title='bbox 1009 4298 1187 4369; x_wconf 89' lang='lat' dir='ltr'><strong>palam</strong></span> <span class='ocrx_word' id='word_1_540' title='bbox 1227 4299 1489 4356; x_wconf 87' lang='lat' dir='ltr'><strong>ridendus</strong></span> <span class='ocrx_word' id='word_1_541' title='bbox 1527 4314 1826 4370; x_wconf 90' lang='lat' dir='ltr'><strong>conspuen-</strong></span> 
     </span>
    </p>
   </div>
   <div class='ocr_carea' id='block_1_73' title="bbox 231 4392 1823 4464">
    <p class='ocr_par' dir='ltr' id='par_1_73' title="bbox 231 4392 1823 4464">
     <span class='ocr_line' id='line_1_73' title="bbox 231 4392 1823 4464; baseline -0.001 -15"><span class='ocrx_word' id='word_1_542' title='bbox 231 4393 447 4464; x_wconf 89' lang='lat' dir='ltr'><strong>dusque</strong></span> <span class='ocrx_word' id='word_1_543' title='bbox 501 4393 771 4450; x_wconf 87' lang='lat' dir='ltr'><strong>videatur.</strong></span> <span class='ocrx_word' id='word_1_544' title='bbox 829 4392 1058 4450; x_wconf 88' lang='lat' dir='ltr'><strong>Protulit</strong></span> <span class='ocrx_word' id='word_1_545' title='bbox 1111 4407 1324 4463; x_wconf 90' lang='lat' dir='ltr'><strong>quoque</strong></span> <span class='ocrx_word' id='word_1_546' title='bbox 1372 4392 1823 4462; x_wconf 76' lang='lat' dir='ltr'><strong>Antiphonarium</strong></span> 
     </span>
    </p>
   </div>
   <div class='ocr_carea' id='block_1_74' title="bbox 228 4483 1823 4557">
    <p class='ocr_par' dir='ltr' id='par_1_74' title="bbox 228 4483 1823 4557">
     <span class='ocr_line' id='line_1_74' title="bbox 228 4483 1823 4557; baseline 0.001 -18"><span class='ocrx_word' id='word_1_547' title='bbox 228 4483 386 4540; x_wconf 83' lang='lat' dir='ltr'><strong>velut</strong></span> <span class='ocrx_word' id='word_1_548' title='bbox 422 4501 453 4539; x_wconf 90' lang='lat' dir='ltr'><strong>a</strong></span> <span class='ocrx_word' id='word_1_549' title='bbox 486 4499 544 4540; x_wconf 88' lang='lat' dir='ltr'><strong>se</strong></span> <span class='ocrx_word' id='word_1_550' title='bbox 566 4484 835 4557; x_wconf 87' lang='lat' dir='ltr'><strong>digestum</strong></span> <span class='ocrx_word' id='word_1_551' title='bbox 866 4490 1029 4554; x_wconf 89' lang='lat' dir='ltr'><strong>atque</strong></span> <span class='ocrx_word' id='word_1_552' title='bbox 1074 4491 1403 4545; x_wconf 87' lang='lat' dir='ltr'><strong>correctum.</strong></span> <span class='ocrx_word' id='word_1_553' title='bbox 1454 4484 1540 4539; x_wconf 91' lang='lat' dir='ltr'><strong>cui</strong></span> <span class='ocrx_word' id='word_1_554' title='bbox 1578 4484 1706 4540; x_wconf 89' lang='lat' dir='ltr'><strong>talia</strong></span> <span class='ocrx_word' id='word_1_555' title='bbox 1755 4500 1823 4541; x_wconf 82' lang='lat' dir='ltr'><strong>ex</strong></span> 
     </span>
    </p>
   </div>
   <div class='ocr_carea' id='block_1_75' title="bbox 1928 3286 3512 3364">
    <p class='ocr_par' dir='ltr' id='par_1_75' title="bbox 1928 3286 3512 3364">
     <span class='ocr_line' id='line_1_75' title="bbox 1928 3286 3512 3364; baseline 0.014 -22"><span class='ocrx_word' id='word_1_556' title='bbox 1928 3286 2155 3355; x_wconf 89' lang='lat' dir='ltr'><strong>Christi,</strong></span> <span class='ocrx_word' id='word_1_557' title='bbox 2185 3292 2498 3360; x_wconf 82' lang='lat' dir='ltr'><strong>sanguinem</strong></span> <span class='ocrx_word' id='word_1_558' title='bbox 2536 3294 2791 3363; x_wconf 90' lang='lat' dir='ltr'><strong>animam,</strong></span> <span class='ocrx_word' id='word_1_559' title='bbox 2826 3307 2886 3353; x_wconf 89' lang='lat' dir='ltr'><strong>ut</strong></span> <span class='ocrx_word' id='word_1_560' title='bbox 2930 3300 3000 3356; x_wconf 88' lang='lat' dir='ltr'><strong>sit</strong></span> <span class='ocrx_word' id='word_1_561' title='bbox 3054 3310 3196 3359; x_wconf 92' lang='lat' dir='ltr'><strong>totus</strong></span> <span class='ocrx_word' id='word_1_562' title='bbox 3242 3303 3512 3364; x_wconf 90' lang='lat' dir='ltr'><strong>Christus.</strong></span> 
     </span>
    </p>
   </div>
   <div class='ocr_carea' id='block_1_76' title="bbox 1929 3379 3520 3463">
    <p class='ocr_par' dir='ltr' id='par_1_76' title="bbox 1929 3379 3520 3463">
     <span class='ocr_line' id='line_1_76' title="bbox 1929 3379 3520 3463; baseline 0.015 -30"><span class='ocrx_word' id='word_1_563' title='bbox 1929 3379 2295 3462; x_wconf 71' lang='lat' dir='ltr'><strong>llzrsitandum</strong></span> <span class='ocrx_word' id='word_1_564' title='bbox 2346 3383 2495 3451; x_wconf 89' lang='lat' dir='ltr'><strong>dicit,</strong></span> <span class='ocrx_word' id='word_1_565' title='bbox 2551 3395 2733 3444; x_wconf 91' lang='lat' dir='ltr'><strong>utrum</strong></span> <span class='ocrx_word' id='word_1_566' title='bbox 2787 3405 2989 3463; x_wconf 87' lang='lat' dir='ltr'><strong>corpus</strong></span> <span class='ocrx_word' id='word_1_567' title='bbox 3021 3392 3223 3453; x_wconf 89' lang='lat' dir='ltr'><strong>Christi</strong></span> <span class='ocrx_word' id='word_1_568' title='bbox 3262 3398 3330 3454; x_wconf 89' lang='lat' dir='ltr'><strong>de</strong></span> <span class='ocrx_word' id='word_1_569' title='bbox 3357 3401 3520 3458; x_wconf 86' lang='lat' dir='ltr'><strong>altari</strong></span> 
     </span>
    </p>
   </div>
   <div class='ocr_carea' id='block_1_77' title="bbox 1929 3475 3519 3559">
    <p class='ocr_par' dir='ltr' id='par_1_77' title="bbox 1929 3475 3519 3559">
     <span class='ocr_line' id='line_1_77' title="bbox 1929 3475 3519 3559; baseline 0.016 -34"><span class='ocrx_word' id='word_1_570' title='bbox 1929 3480 2224 3543; x_wconf 91' lang='lat' dir='ltr'><strong>sumptum,</strong></span> <span class='ocrx_word' id='word_1_571' title='bbox 2266 3475 2320 3529; x_wconf 93' lang='lat' dir='ltr'><strong>in</strong></span> <span class='ocrx_word' id='word_1_572' title='bbox 2362 3490 2588 3548; x_wconf 90' lang='lat' dir='ltr'><strong>corpore</strong></span> <span class='ocrx_word' id='word_1_573' title='bbox 2613 3488 2801 3537; x_wconf 90' lang='lat' dir='ltr'><strong>nostro</strong></span> <span class='ocrx_word' id='word_1_574' title='bbox 2838 3495 3055 3542; x_wconf 87' lang='lat' dir='ltr'><strong>maneat</strong></span> <span class='ocrx_word' id='word_1_575' title='bbox 3092 3503 3263 3559; x_wconf 91' lang='lat' dir='ltr'><strong>usque</strong></span> <span class='ocrx_word' id='word_1_576' title='bbox 3286 3490 3341 3546; x_wconf 90' lang='lat' dir='ltr'><strong>in</strong></span> <span class='ocrx_word' id='word_1_577' title='bbox 3372 3492 3519 3549; x_wconf 87' lang='lat' dir='ltr'><strong>diem</strong></span> 
     </span>
    </p>
   </div>
   <div class='ocr_carea' id='block_1_78' title="bbox 1928 3564 3519 3649">
    <p class='ocr_par' dir='ltr' id='par_1_78' title="bbox 1928 3564 3519 3649">
     <span class='ocr_line' id='line_1_78' title="bbox 1928 3564 3519 3649; baseline 0.015 -31"><span class='ocrx_word' id='word_1_578' title='bbox 1928 3564 2239 3634; x_wconf 65' lang='lat' dir='ltr'><strong>sepulturae,</strong></span> <span class='ocrx_word' id='word_1_579' title='bbox 2266 3583 2334 3622; x_wconf 90' lang='lat' dir='ltr'><strong>an</strong></span> <span class='ocrx_word' id='word_1_580' title='bbox 2359 3569 2652 3640; x_wconf 86' lang='lat' dir='ltr'><strong>recipiatur</strong></span> <span class='ocrx_word' id='word_1_581' title='bbox 2698 3572 3042 3634; x_wconf 89' lang='lat' dir='ltr'><strong>invisibiliter</strong></span> <span class='ocrx_word' id='word_1_582' title='bbox 3090 3579 3145 3635; x_wconf 91' lang='lat' dir='ltr'><strong>in</strong></span> <span class='ocrx_word' id='word_1_583' title='bbox 3194 3582 3414 3649; x_wconf 86' lang='lat' dir='ltr'><strong>coelum,</strong></span> <span class='ocrx_word' id='word_1_584' title='bbox 3446 3599 3519 3642; x_wconf 88' lang='lat' dir='ltr'><strong>an</strong></span> 
     </span>
    </p>
   </div>
   <div class='ocr_carea' id='block_1_79' title="bbox 1928 3654 3520 3742">
    <p class='ocr_par' dir='ltr' id='par_1_79' title="bbox 1928 3654 3520 3742">
     <span class='ocr_line' id='line_1_79' title="bbox 1928 3654 3520 3742; baseline 0.014 -35"><span class='ocrx_word' id='word_1_585' title='bbox 1928 3654 2147 3722; x_wconf 88' lang='lat' dir='ltr'><strong>quando</strong></span> <span class='ocrx_word' id='word_1_586' title='bbox 2196 3671 2391 3711; x_wconf 86' lang='lat' dir='ltr'><strong>venam</strong></span> <span class='ocrx_word' id='word_1_587' title='bbox 2426 3658 2733 3728; x_wconf 89' lang='lat' dir='ltr'><strong>incidimus,</strong></span> <span class='ocrx_word' id='word_1_588' title='bbox 2785 3679 2907 3719; x_wconf 90' lang='lat' dir='ltr'><strong>cum</strong></span> <span class='ocrx_word' id='word_1_589' title='bbox 2949 3669 3213 3740; x_wconf 88' lang='lat' dir='ltr'><strong>sanguine</strong></span> <span class='ocrx_word' id='word_1_590' title='bbox 3262 3673 3520 3742; x_wconf 82' lang='lat' dir='ltr'><strong>profluat,</strong></span> 
     </span>
    </p>
   </div>
   <div class='ocr_carea' id='block_1_80' title="bbox 1929 3745 3521 3819">
    <p class='ocr_par' dir='ltr' id='par_1_80' title="bbox 1929 3745 3521 3819">
     <span class='ocr_line' id='line_1_80' title="bbox 1929 3745 3521 3819; baseline 0.014 -24"><span class='ocrx_word' id='word_1_591' title='bbox 1929 3756 1998 3796; x_wconf 88' lang='lat' dir='ltr'><strong>an</strong></span> <span class='ocrx_word' id='word_1_592' title='bbox 2019 3758 2143 3798; x_wconf 89' lang='lat' dir='ltr'><strong>eum</strong></span> <span class='ocrx_word' id='word_1_593' title='bbox 2165 3745 2381 3800; x_wconf 61' lang='lat' dir='ltr'><strong>caeteris</strong></span> <span class='ocrx_word' id='word_1_594' title='bbox 2408 3761 2528 3816; x_wconf 62' lang='lat' dir='ltr'><strong>quae</strong></span> <span class='ocrx_word' id='word_1_595' title='bbox 2558 3749 2611 3803; x_wconf 92' lang='lat' dir='ltr'><strong>in</strong></span> <span class='ocrx_word' id='word_1_596' title='bbox 2637 3766 2700 3807; x_wconf 92' lang='lat' dir='ltr'><strong>os</strong></span> <span class='ocrx_word' id='word_1_597' title='bbox 2730 3752 2956 3819; x_wconf 91' lang='lat' dir='ltr'><strong>intrant,</strong></span> <span class='ocrx_word' id='word_1_598' title='bbox 2982 3756 3035 3809; x_wconf 91' lang='lat' dir='ltr'><strong>in</strong></span> <span class='ocrx_word' id='word_1_599' title='bbox 3061 3772 3334 3815; x_wconf 90' lang='lat' dir='ltr'><strong>secessum</strong></span> <span class='ocrx_word' id='word_1_600' title='bbox 3369 3761 3521 3818; x_wconf 82' lang='lat' dir='ltr'><strong>laba-</strong></span> 
     </span>
    </p>
   </div>
   <div class='ocr_carea' id='block_1_81' title="bbox 1930 3831 3519 3918">
    <p class='ocr_par' dir='ltr' id='par_1_81' title="bbox 1930 3831 3519 3918">
     <span class='ocr_line' id='line_1_81' title="bbox 1930 3831 3519 3918; baseline 0.014 -34"><span class='ocrx_word' id='word_1_601' title='bbox 1930 3837 2036 3885; x_wconf 81' lang='lat' dir='ltr'><strong>tur.</strong></span> <span class='ocrx_word' id='word_1_602' title='bbox 2068 3831 2307 3901; x_wconf 86' lang='lat' dir='ltr'><strong>Epistola</strong></span> <span class='ocrx_word' id='word_1_603' title='bbox 2337 3833 2455 3902; x_wconf 83' lang='lat' dir='ltr'><strong>ejus</strong></span> <span class='ocrx_word' id='word_1_604' title='bbox 2489 3844 2573 3891; x_wconf 93' lang='lat' dir='ltr'><strong>est</strong></span> <span class='ocrx_word' id='word_1_605' title='bbox 2607 3839 2661 3892; x_wconf 90' lang='lat' dir='ltr'><strong>in</strong></span> <span class='ocrx_word' id='word_1_606' title='bbox 2691 3854 2794 3895; x_wconf 90' lang='lat' dir='ltr'><strong>suo</strong></span> <span class='ocrx_word' id='word_1_607' title='bbox 2814 3840 3042 3897; x_wconf 72' lang='lat' dir='ltr'><strong>Ofﬁciali</strong></span> <span class='ocrx_word' id='word_1_608' title='bbox 3074 3845 3232 3912; x_wconf 90' lang='lat' dir='ltr'><strong>libro,</strong></span> <span class='ocrx_word' id='word_1_609' title='bbox 3266 3849 3335 3904; x_wconf 93' lang='lat' dir='ltr'><strong>ad</strong></span> <span class='ocrx_word' id='word_1_610' title='bbox 3366 3847 3519 3918; x_wconf 77' lang='lat' dir='ltr'><strong>juve-</strong></span> 
     </span>
    </p>
   </div>
   <div class='ocr_carea' id='block_1_82' title="bbox 1927 3922 3520 4004">
    <p class='ocr_par' dir='ltr' id='par_1_82' title="bbox 1927 3922 3520 4004">
     <span class='ocr_line' id='line_1_82' title="bbox 1927 3922 3520 4004; baseline 0.016 -31"><span class='ocrx_word' id='word_1_611' title='bbox 1927 3934 2051 3975; x_wconf 88' lang='lat' dir='ltr'><strong>nem</strong></span> <span class='ocrx_word' id='word_1_612' title='bbox 2079 3922 2267 3979; x_wconf 91' lang='lat' dir='ltr'><strong>nescio</strong></span> <span class='ocrx_word' id='word_1_613' title='bbox 2293 3938 2454 3993; x_wconf 88' lang='lat' dir='ltr'><strong>quem</strong></span> <span class='ocrx_word' id='word_1_614' title='bbox 2476 3926 2785 3998; x_wconf 89' lang='lat' dir='ltr'><strong>episcopum</strong></span> <span class='ocrx_word' id='word_1_615' title='bbox 2809 3930 3032 4002; x_wconf 90' lang='lat' dir='ltr'><strong>scripta,</strong></span> <span class='ocrx_word' id='word_1_616' title='bbox 3064 3949 3183 4004; x_wconf 84' lang='lat' dir='ltr'><strong>quae</strong></span> <span class='ocrx_word' id='word_1_617' title='bbox 3216 3935 3320 3992; x_wconf 87' lang='lat' dir='ltr'><strong>hoc</strong></span> <span class='ocrx_word' id='word_1_618' title='bbox 3344 3942 3520 3999; x_wconf 81' lang='lat' dir='ltr'><strong>conti-</strong></span> 
     </span>
    </p>
   </div>
   <div class='ocr_carea' id='block_1_83' title="bbox 1929 4014 3519 4100">
    <p class='ocr_par' dir='ltr' id='par_1_83' title="bbox 1929 4014 3519 4100">
     <span class='ocr_line' id='line_1_83' title="bbox 1929 4014 3519 4100; baseline 0.013 -31"><span class='ocrx_word' id='word_1_619' title='bbox 1929 4023 2021 4070; x_wconf 90' lang='lat' dir='ltr'><strong>net</strong></span> <span class='ocrx_word' id='word_1_620' title='bbox 2049 4032 2063 4070; x_wconf 89' lang='lat'><strong>:</strong></span> <span class='ocrx_word' id='word_1_621' title='bbox 2103 4014 2205 4072; x_wconf 88' lang='lat' dir='ltr'><strong>Ubi</strong></span> <span class='ocrx_word' id='word_1_622' title='bbox 2226 4016 2391 4072; x_wconf 90' lang='lat' dir='ltr'><strong>etiam</strong></span> <span class='ocrx_word' id='word_1_623' title='bbox 2419 4021 2488 4074; x_wconf 86' lang='lat' dir='ltr'><strong>de</strong></span> <span class='ocrx_word' id='word_1_624' title='bbox 2509 4029 2680 4089; x_wconf 81' lang='lat' dir='ltr'><strong>sputis</strong></span> <span class='ocrx_word' id='word_1_625' title='bbox 2708 4030 2760 4077; x_wconf 91' lang='lat' dir='ltr'><strong>et</strong></span> <span class='ocrx_word' id='word_1_626' title='bbox 2792 4021 3130 4094; x_wconf 82' lang='lat' dir='ltr'><strong>ﬂegmatibus</strong></span> <span class='ocrx_word' id='word_1_627' title='bbox 3166 4032 3519 4100; x_wconf 80' lang='lat' dir='ltr'><strong>spurcissimo</strong></span> 
     </span>
    </p>
   </div>
   <div class='ocr_carea' id='block_1_84' title="bbox 1929 4107 3520 4196">
    <p class='ocr_par' dir='ltr' id='par_1_84' title="bbox 1929 4107 3520 4196">
     <span class='ocr_line' id='line_1_84' title="bbox 1929 4107 3520 4196; baseline 0.01 -32"><span class='ocrx_word' id='word_1_628' title='bbox 1929 4107 2186 4178; x_wconf 82' lang='lat' dir='ltr'><strong>disputat.</strong></span> <span class='ocrx_word' id='word_1_629' title='bbox 2234 4120 2290 4166; x_wconf 91' lang='lat' dir='ltr'><strong>et</strong></span> <span class='ocrx_word' id='word_1_630' title='bbox 2330 4126 2452 4167; x_wconf 88' lang='lat' dir='ltr'><strong>cum</strong></span> <span class='ocrx_word' id='word_1_631' title='bbox 2485 4113 2556 4169; x_wconf 91' lang='lat' dir='ltr'><strong>sit</strong></span> <span class='ocrx_word' id='word_1_632' title='bbox 2582 4122 2692 4169; x_wconf 90' lang='lat' dir='ltr'><strong>tam</strong></span> <span class='ocrx_word' id='word_1_633' title='bbox 2717 4116 2947 4171; x_wconf 79' lang='lat' dir='ltr'><strong>sordidae</strong></span> <span class='ocrx_word' id='word_1_634' title='bbox 2975 4119 3173 4176; x_wconf 89' lang='lat' dir='ltr'><strong>mentis</strong></span> <span class='ocrx_word' id='word_1_635' title='bbox 3208 4122 3520 4196; x_wconf 68' lang='lat' dir='ltr'><strong>putiquue</strong></span> 
     </span>
    </p>
   </div>
   <div class='ocr_carea' id='block_1_85' title="bbox 1926 4198 3520 4285">
    <p class='ocr_par' dir='ltr' id='par_1_85' title="bbox 1926 4198 3520 4285">
     <span class='ocr_line' id='line_1_85' title="bbox 1926 4198 3520 4285; baseline 0.011 -28"><span class='ocrx_word' id='word_1_636' title='bbox 1926 4206 2204 4267; x_wconf 59' lang='lat' dir='ltr'><strong>doctrinas,</strong></span> <span class='ocrx_word' id='word_1_637' title='bbox 2230 4219 2288 4259; x_wconf 89' lang='lat' dir='ltr'><strong>se</strong></span> <span class='ocrx_word' id='word_1_638' title='bbox 2312 4205 2611 4275; x_wconf 88' lang='lat' dir='ltr'><strong>spiritalem</strong></span> <span class='ocrx_word' id='word_1_639' title='bbox 2634 4198 2822 4278; x_wconf 74' lang='lat' dir='ltr'><strong>iactat,</strong></span> <span class='ocrx_word' id='word_1_640' title='bbox 2847 4210 2938 4280; x_wconf 91' lang='lat' dir='ltr'><strong>qui</strong></span> <span class='ocrx_word' id='word_1_641' title='bbox 2960 4213 3139 4268; x_wconf 91' lang='lat' dir='ltr'><strong>omnia</strong></span> <span class='ocrx_word' id='word_1_642' title='bbox 3162 4212 3442 4285; x_wconf 88' lang='lat' dir='ltr'><strong>dijudicet,</strong></span> <span class='ocrx_word' id='word_1_643' title='bbox 3462 4227 3520 4274; x_wconf 86' lang='lat' dir='ltr'><strong>et</strong></span> 
     </span>
    </p>
   </div>
   <div class='ocr_carea' id='block_1_86' title="bbox 1927 4294 3517 4366">
    <p class='ocr_par' dir='ltr' id='par_1_86' title="bbox 1927 4294 3517 4366">
     <span class='ocr_line' id='line_1_86' title="bbox 1927 4294 3517 4366; baseline 0.011 -17"><span class='ocrx_word' id='word_1_644' title='bbox 1927 4294 2062 4351; x_wconf 88' lang='lat' dir='ltr'><strong>alios</strong></span> <span class='ocrx_word' id='word_1_645' title='bbox 2105 4297 2353 4354; x_wconf 88' lang='lat' dir='ltr'><strong>carnales</strong></span> <span class='ocrx_word' id='word_1_646' title='bbox 2390 4306 2447 4354; x_wconf 90' lang='lat' dir='ltr'><strong>et</strong></span> <span class='ocrx_word' id='word_1_647' title='bbox 2498 4300 2760 4358; x_wconf 88' lang='lat' dir='ltr'><strong>animales</strong></span> <span class='ocrx_word' id='word_1_648' title='bbox 2787 4314 2966 4359; x_wconf 81' lang='lat' dir='ltr'><strong>vocat.</strong></span> <span class='ocrx_word' id='word_1_649' title='bbox 3016 4304 3251 4362; x_wconf 87' lang='lat' dir='ltr'><strong>Calicem</strong></span> <span class='ocrx_word' id='word_1_650' title='bbox 3302 4309 3517 4366; x_wconf 90' lang='lat' dir='ltr'><strong>Domini</strong></span> 
     </span>
    </p>
   </div>
   <div class='ocr_carea' id='block_1_87' title="bbox 1926 4387 3515 4466">
    <p class='ocr_par' dir='ltr' id='par_1_87' title="bbox 1926 4387 3515 4466">
     <span class='ocr_line' id='line_1_87' title="bbox 1926 4387 3515 4466; baseline 0.009 -28"><span class='ocrx_word' id='word_1_651' title='bbox 1926 4393 2084 4439; x_wconf 80' lang='lat' dir='ltr'><strong>vocat</strong></span> <span class='ocrx_word' id='word_1_652' title='bbox 2111 4387 2439 4456; x_wconf 88' lang='lat' dir='ltr'><strong>sepulcrum,</strong></span> <span class='ocrx_word' id='word_1_653' title='bbox 2465 4390 2842 4462; x_wconf 84' lang='lat' dir='ltr'><strong>presbyterum</strong></span> <span class='ocrx_word' id='word_1_654' title='bbox 2869 4392 3068 4466; x_wconf 74' lang='lat' dir='ltr'><strong>Ioseph</strong></span> <span class='ocrx_word' id='word_1_655' title='bbox 3091 4396 3160 4451; x_wconf 88' lang='lat' dir='ltr'><strong>ab</strong></span> <span class='ocrx_word' id='word_1_656' title='bbox 3193 4396 3515 4463; x_wconf 81' lang='lat' dir='ltr'><strong>Arimatbia,</strong></span> 
     </span>
    </p>
   </div>
   <div class='ocr_carea' id='block_1_88' title="bbox 1929 4474 3516 4555">
    <p class='ocr_par' dir='ltr' id='par_1_88' title="bbox 1929 4474 3516 4555">
     <span class='ocr_line' id='line_1_88' title="bbox 1929 4474 3516 4555; baseline 0.01 -27"><span class='ocrx_word' id='word_1_657' title='bbox 1929 4474 2369 4532; x_wconf 88' lang='lat' dir='ltr'><strong>archidiaconum</strong></span> <span class='ocrx_word' id='word_1_658' title='bbox 2462 4478 2812 4535; x_wconf 87' lang='lat' dir='ltr'><strong>Nicodemum</strong></span> <span class='ocrx_word' id='word_1_659' title='bbox 2890 4491 3147 4555; x_wconf 88' lang='lat' dir='ltr'><strong>tanquam</strong></span> <span class='ocrx_word' id='word_1_660' title='bbox 3215 4495 3516 4555; x_wconf 87' lang='lat' dir='ltr'><strong>seputtores</strong></span> 
     </span>
    </p>
   </div>
   <div class='ocr_carea' id='block_1_89' title="bbox 227 4554 1826 4646">
    <p class='ocr_par' dir='ltr' id='par_1_89' title="bbox 227 4554 1824 4646">
     <span class='ocr_line' id='line_1_89' title="bbox 227 4554 1824 4646; baseline 0.001 -16"><span class='ocrx_word' id='word_1_661' title='bbox 227 4590 336 4630; x_wconf 85' lang='lat' dir='ltr'><strong>suo</strong></span> <span class='ocrx_word' id='word_1_662' title='bbox 378 4590 541 4629; x_wconf 90' lang='lat' dir='ltr'><strong>sensu</strong></span> <span class='ocrx_word' id='word_1_663' title='bbox 569 4554 820 4640; x_wconf 80' lang='lat' dir='ltr'><strong>inseruit,</strong></span> <span class='ocrx_word' id='word_1_664' title='bbox 866 4582 927 4631; x_wconf 87' lang='lat' dir='ltr'><strong>ut</strong></span> <span class='ocrx_word' id='word_1_665' title='bbox 954 4590 1052 4645; x_wconf 91' lang='lat' dir='ltr'><strong>pro</strong></span> <span class='ocrx_word' id='word_1_666' title='bbox 1090 4575 1208 4646; x_wconf 87' lang='lat' dir='ltr'><strong>ejus</strong></span> <span class='ocrx_word' id='word_1_667' title='bbox 1256 4573 1550 4644; x_wconf 88' lang='lat' dir='ltr'><strong>impudenti</strong></span> <span class='ocrx_word' id='word_1_668' title='bbox 1600 4575 1824 4631; x_wconf 88' lang='lat' dir='ltr'><strong>audacia</strong></span> 
     </span>
    </p>
   </div>
   <div class='ocr_carea' id='block_1_90' title="bbox 1930 4554 3516 4646">
    <p class='ocr_par' dir='ltr' id='par_1_90' title="bbox 1930 4554 3516 4646">
     <span class='ocr_line' id='line_1_90' title="bbox 1930 4554 3516 4646; baseline 0.01 -30"><span class='ocrx_word' id='word_1_669' title='bbox 1930 4561 2162 4630; x_wconf 90' lang='lat' dir='ltr'><strong>Christi;</strong></span> <span class='ocrx_word' id='word_1_670' title='bbox 2187 4554 2444 4623; x_wconf 84' lang='lat' dir='ltr'><strong>diaconos</strong></span> <span class='ocrx_word' id='word_1_671' title='bbox 2469 4578 2618 4624; x_wconf 83' lang='lat' dir='ltr'><strong>retro</strong></span> <span class='ocrx_word' id='word_1_672' title='bbox 2648 4571 2882 4626; x_wconf 88' lang='lat' dir='ltr'><strong>acclines</strong></span> <span class='ocrx_word' id='word_1_673' title='bbox 2903 4554 3195 4640; x_wconf 84' lang='lat' dir='ltr'><strong>apostolos,</strong></span> <span class='ocrx_word' id='word_1_674' title='bbox 3223 4554 3362 4629; x_wconf 83' lang='lat' dir='ltr'><strong>sem</strong></span> <span class='ocrx_word' id='word_1_675' title='bbox 3392 4591 3516 4646; x_wconf 87' lang='lat' dir='ltr'><strong>pas-</strong></span> 
     </span>
    </p>
   </div>
   <div class='ocr_carea' id='block_1_91' title="bbox 228 4662 1822 4736">
    <p class='ocr_par' dir='ltr' id='par_1_91' title="bbox 228 4662 1822 4736">
     <span class='ocr_line' id='line_1_91' title="bbox 228 4662 1822 4736; baseline 0.001 -18"><span class='ocrx_word' id='word_1_676' title='bbox 228 4664 389 4720; x_wconf 87' lang='lat' dir='ltr'><strong>frons</strong></span> <span class='ocrx_word' id='word_1_677' title='bbox 418 4665 647 4736; x_wconf 83' lang='lat' dir='ltr'><strong>legentis</strong></span> <span class='ocrx_word' id='word_1_678' title='bbox 675 4664 882 4736; x_wconf 86' lang='lat' dir='ltr'><strong>pudore</strong></span> <span class='ocrx_word' id='word_1_679' title='bbox 921 4679 986 4720; x_wconf 90' lang='lat' dir='ltr'><strong>ac</strong></span> <span class='ocrx_word' id='word_1_680' title='bbox 1010 4663 1207 4720; x_wconf 91' lang='lat' dir='ltr'><strong>rubore</strong></span> <span class='ocrx_word' id='word_1_681' title='bbox 1244 4662 1489 4720; x_wconf 89' lang='lat' dir='ltr'><strong>feriatur.</strong></span> <span class='ocrx_word' id='word_1_682' title='bbox 1521 4662 1822 4721; x_wconf 87' lang='lat' dir='ltr'><strong>Novissime</strong></span> 
     </span>
    </p>
   </div>
   <div class='ocr_carea' id='block_1_92' title="bbox 228 4753 1821 4826">
    <p class='ocr_par' dir='ltr' id='par_1_92' title="bbox 228 4753 1821 4826">
     <span class='ocr_line' id='line_1_92' title="bbox 228 4753 1821 4826; baseline 0.003 -19"><span class='ocrx_word' id='word_1_683' title='bbox 228 4769 367 4809; x_wconf 77' lang='lat' dir='ltr'><strong>vero</strong></span> <span class='ocrx_word' id='word_1_684' title='bbox 400 4769 597 4809; x_wconf 89' lang='lat' dir='ltr'><strong>novum</strong></span> <span class='ocrx_word' id='word_1_685' title='bbox 629 4754 852 4824; x_wconf 88' lang='lat' dir='ltr'><strong>digessit</strong></span> <span class='ocrx_word' id='word_1_686' title='bbox 900 4753 1174 4821; x_wconf 87' lang='lat' dir='ltr'><strong>volumen,</strong></span> <span class='ocrx_word' id='word_1_687' title='bbox 1229 4763 1283 4811; x_wconf 93' lang='lat' dir='ltr'><strong>et</strong></span> <span class='ocrx_word' id='word_1_688' title='bbox 1336 4756 1473 4826; x_wconf 92' lang='lat' dir='ltr'><strong>apud</strong></span> <span class='ocrx_word' id='word_1_689' title='bbox 1504 4755 1821 4826; x_wconf 87' lang='lat' dir='ltr'><strong>Lugdunum</strong></span> 
     </span>
    </p>
   </div>
   <div class='ocr_carea' id='block_1_93' title="bbox 230 4845 1823 4919">
    <p class='ocr_par' dir='ltr' id='par_1_93' title="bbox 230 4845 1823 4919">
     <span class='ocr_line' id='line_1_93' title="bbox 230 4845 1823 4919; baseline 0.001 -17"><span class='ocrx_word' id='word_1_690' title='bbox 230 4855 428 4902; x_wconf 88' lang='lat' dir='ltr'><strong>ornate</strong></span> <span class='ocrx_word' id='word_1_691' title='bbox 450 4845 617 4912; x_wconf 89' lang='lat' dir='ltr'><strong>indui,</strong></span> <span class='ocrx_word' id='word_1_692' title='bbox 652 4863 715 4903; x_wconf 91' lang='lat' dir='ltr'><strong>ac</strong></span> <span class='ocrx_word' id='word_1_693' title='bbox 739 4846 889 4902; x_wconf 87' lang='lat' dir='ltr'><strong>vittis</strong></span> <span class='ocrx_word' id='word_1_694' title='bbox 916 4848 1138 4903; x_wconf 89' lang='lat' dir='ltr'><strong>sericeis</strong></span> <span class='ocrx_word' id='word_1_695' title='bbox 1179 4847 1433 4917; x_wconf 84' lang='lat' dir='ltr'><strong>distingui</strong></span> <span class='ocrx_word' id='word_1_696' title='bbox 1478 4845 1643 4902; x_wconf 86' lang='lat' dir='ltr'><strong>fecit:</strong></span> <span class='ocrx_word' id='word_1_697' title='bbox 1678 4848 1823 4919; x_wconf 86' lang='lat' dir='ltr'><strong>quod</strong></span> 
     </span>
    </p>
   </div>
   <div class='ocr_carea' id='block_1_94' title="bbox 228 4939 1829 5011">
    <p class='ocr_par' dir='ltr' id='par_1_94' title="bbox 228 4939 1829 5011">
     <span class='ocr_line' id='line_1_94' title="bbox 228 4939 1829 5011; baseline 0 -16"><span class='ocrx_word' id='word_1_698' title='bbox 228 4940 307 4995; x_wconf 89' lang='lat' dir='ltr'><strong>ad</strong></span> <span class='ocrx_word' id='word_1_699' title='bbox 335 4940 593 5010; x_wconf 85' lang='lat' dir='ltr'><strong>palatium</strong></span> <span class='ocrx_word' id='word_1_700' title='bbox 645 4939 844 5006; x_wconf 88' lang='lat' dir='ltr'><strong>ferens,</strong></span> <span class='ocrx_word' id='word_1_701' title='bbox 876 4939 960 4995; x_wconf 91' lang='lat' dir='ltr'><strong>vel</strong></span> <span class='ocrx_word' id='word_1_702' title='bbox 992 4940 1243 5010; x_wconf 90' lang='lat' dir='ltr'><strong>principi,</strong></span> <span class='ocrx_word' id='word_1_703' title='bbox 1291 4939 1375 4994; x_wconf 92' lang='lat' dir='ltr'><strong>vel</strong></span> <span class='ocrx_word' id='word_1_704' title='bbox 1405 4941 1667 5011; x_wconf 89' lang='lat' dir='ltr'><strong>magistro</strong></span> <span class='ocrx_word' id='word_1_705' title='bbox 1692 4940 1829 4997; x_wconf 53' lang='lat' dir='ltr'><strong>con;</strong></span> 
     </span>
    </p>
   </div>
   <div class='ocr_carea' id='block_1_95' title="bbox 230 5029 1818 5099">
    <p class='ocr_par' dir='ltr' id='par_1_95' title="bbox 230 5029 1818 5099">
     <span class='ocr_line' id='line_1_95' title="bbox 230 5029 1818 5099; baseline 0 -13"><span class='ocrx_word' id='word_1_706' title='bbox 230 5030 346 5086; x_wconf 87' lang='lat' dir='ltr'><strong>silii</strong></span> <span class='ocrx_word' id='word_1_707' title='bbox 371 5030 568 5086; x_wconf 88' lang='lat' dir='ltr'><strong>dicitur</strong></span> <span class='ocrx_word' id='word_1_708' title='bbox 592 5030 890 5086; x_wconf 90' lang='lat' dir='ltr'><strong>oblaturus.</strong></span> <span class='ocrx_word' id='word_1_709' title='bbox 943 5030 1001 5085; x_wconf 89' lang='lat' dir='ltr'><strong>In</strong></span> <span class='ocrx_word' id='word_1_710' title='bbox 1033 5045 1138 5099; x_wconf 92' lang='lat' dir='ltr'><strong>quo</strong></span> <span class='ocrx_word' id='word_1_711' title='bbox 1180 5043 1307 5084; x_wconf 88' lang='lat' dir='ltr'><strong>vere</strong></span> <span class='ocrx_word' id='word_1_712' title='bbox 1344 5038 1452 5083; x_wconf 86' lang='lat' dir='ltr'><strong>tam</strong></span> <span class='ocrx_word' id='word_1_713' title='bbox 1478 5029 1663 5099; x_wconf 89' lang='lat' dir='ltr'><strong>inepto</strong></span> <span class='ocrx_word' id='word_1_714' title='bbox 1704 5030 1818 5087; x_wconf 84' lang='lat' dir='ltr'><strong>elo-</strong></span> 
     </span>
    </p>
   </div>
   <div class='ocr_carea' id='block_1_96' title="bbox 228 5120 1822 5190">
    <p class='ocr_par' dir='ltr' id='par_1_96' title="bbox 228 5120 1822 5190">
     <span class='ocr_line' id='line_1_96' title="bbox 228 5120 1822 5190; baseline 0.001 -16"><span class='ocrx_word' id='word_1_715' title='bbox 228 5120 388 5190; x_wconf 90' lang='lat' dir='ltr'><strong>quio,</strong></span> <span class='ocrx_word' id='word_1_716' title='bbox 414 5128 523 5176; x_wconf 90' lang='lat' dir='ltr'><strong>tam</strong></span> <span class='ocrx_word' id='word_1_717' title='bbox 548 5120 798 5178; x_wconf 89' lang='lat' dir='ltr'><strong>absurdis</strong></span> <span class='ocrx_word' id='word_1_718' title='bbox 825 5121 1094 5186; x_wconf 89' lang='lat' dir='ltr'><strong>sensibus,</strong></span> <span class='ocrx_word' id='word_1_719' title='bbox 1129 5128 1239 5174; x_wconf 90' lang='lat' dir='ltr'><strong>tam</strong></span> <span class='ocrx_word' id='word_1_720' title='bbox 1268 5120 1552 5189; x_wconf 83' lang='lat' dir='ltr'><strong>exquisitis</strong></span> <span class='ocrx_word' id='word_1_721' title='bbox 1588 5129 1642 5175; x_wconf 90' lang='lat' dir='ltr'><strong>et</strong></span> <span class='ocrx_word' id='word_1_722' title='bbox 1669 5121 1822 5176; x_wconf 89' lang='lat' dir='ltr'><strong>inau-</strong></span> 
     </span>
    </p>
   </div>
   <div class='ocr_carea' id='block_1_97' title="bbox 227 5210 1821 5282">
    <p class='ocr_par' dir='ltr' id='par_1_97' title="bbox 227 5210 1821 5282">
     <span class='ocr_line' id='line_1_97' title="bbox 227 5210 1821 5282; baseline 0 -15"><span class='ocrx_word' id='word_1_723' title='bbox 227 5210 364 5267; x_wconf 85' lang='lat' dir='ltr'><strong>ditis</strong></span> <span class='ocrx_word' id='word_1_724' title='bbox 390 5212 687 5281; x_wconf 88' lang='lat' dir='ltr'><strong>phantasiis</strong></span> <span class='ocrx_word' id='word_1_725' title='bbox 713 5211 1038 5277; x_wconf 88' lang='lat' dir='ltr'><strong>involvitur,</strong></span> <span class='ocrx_word' id='word_1_726' title='bbox 1067 5218 1127 5265; x_wconf 88' lang='lat' dir='ltr'><strong>ut</strong></span> <span class='ocrx_word' id='word_1_727' title='bbox 1154 5220 1309 5281; x_wconf 91' lang='lat' dir='ltr'><strong>putes</strong></span> <span class='ocrx_word' id='word_1_728' title='bbox 1336 5226 1458 5266; x_wconf 91' lang='lat' dir='ltr'><strong>eum</strong></span> <span class='ocrx_word' id='word_1_729' title='bbox 1496 5210 1821 5282; x_wconf 83' lang='lat' dir='ltr'><strong>lymphatico</strong></span> 
     </span>
    </p>
   </div>
   <div class='ocr_carea' id='block_1_98' title="bbox 228 5302 1823 5374">
    <p class='ocr_par' dir='ltr' id='par_1_98' title="bbox 228 5302 1823 5374">
     <span class='ocr_line' id='line_1_98' title="bbox 228 5302 1823 5374; baseline 0 -16"><span class='ocrx_word' id='word_1_730' title='bbox 228 5317 391 5358; x_wconf 83' lang='lat' dir='ltr'><strong>more</strong></span> <span class='ocrx_word' id='word_1_731' title='bbox 415 5303 689 5359; x_wconf 90' lang='lat' dir='ltr'><strong>bacchari.</strong></span> <span class='ocrx_word' id='word_1_732' title='bbox 744 5302 913 5359; x_wconf 79' lang='lat' dir='ltr'><strong>Vocat</strong></span> <span class='ocrx_word' id='word_1_733' title='bbox 952 5302 1110 5373; x_wconf 87' lang='lat' dir='ltr'><strong>hujus</strong></span> <span class='ocrx_word' id='word_1_734' title='bbox 1141 5303 1511 5359; x_wconf 65' lang='lat' dir='ltr'><strong>insulsissimus</strong></span> <span class='ocrx_word' id='word_1_735' title='bbox 1535 5303 1823 5374; x_wconf 88' lang='lat' dir='ltr'><strong>garrulita-</strong></span> 
     </span>
    </p>
   </div>
   <div class='ocr_carea' id='block_1_99' title="bbox 228 5394 1819 5466">
    <p class='ocr_par' dir='ltr' id='par_1_99' title="bbox 228 5394 1819 5466">
     <span class='ocr_line' id='line_1_99' title="bbox 228 5394 1819 5466; baseline 0 -15"><span class='ocrx_word' id='word_1_736' title='bbox 228 5396 310 5452; x_wconf 87' lang='lat' dir='ltr'><strong>tis</strong></span> <span class='ocrx_word' id='word_1_737' title='bbox 332 5395 549 5460; x_wconf 86' lang='lat' dir='ltr'><strong>librum,</strong></span> <span class='ocrx_word' id='word_1_738' title='bbox 587 5395 848 5450; x_wconf 85' lang='lat' dir='ltr'><strong>Embolim</strong></span> <span class='ocrx_word' id='word_1_739' title='bbox 873 5394 1243 5466; x_wconf 80' lang='lat' dir='ltr'><strong>opusculorum</strong></span> <span class='ocrx_word' id='word_1_740' title='bbox 1265 5411 1511 5459; x_wconf 83' lang='lat' dir='ltr'><strong>suorum,</strong></span> <span class='ocrx_word' id='word_1_741' title='bbox 1539 5403 1596 5450; x_wconf 88' lang='lat' dir='ltr'><strong>et</strong></span> <span class='ocrx_word' id='word_1_742' title='bbox 1629 5394 1819 5451; x_wconf 84' lang='lat' dir='ltr'><strong>rectis-</strong></span> 
     </span>
    </p>
   </div>
   <div class='ocr_carea' id='block_1_100' title="bbox 228 5487 1826 5560">
    <p class='ocr_par' dir='ltr' id='par_1_100' title="bbox 228 5487 1826 5560">
     <span class='ocr_line' id='line_1_100' title="bbox 228 5487 1826 5560; baseline -0.001 -15"><span class='ocrx_word' id='word_1_743' title='bbox 228 5489 373 5545; x_wconf 88' lang='lat' dir='ltr'><strong>sime</strong></span> <span class='ocrx_word' id='word_1_744' title='bbox 410 5488 662 5554; x_wconf 87' lang='lat' dir='ltr'><strong>omnino;</strong></span> <span class='ocrx_word' id='word_1_745' title='bbox 705 5496 789 5543; x_wconf 90' lang='lat' dir='ltr'><strong>est</strong></span> <span class='ocrx_word' id='word_1_746' title='bbox 823 5488 967 5544; x_wconf 91' lang='lat' dir='ltr'><strong>enim</strong></span> <span class='ocrx_word' id='word_1_747' title='bbox 1012 5487 1387 5560; x_wconf 88' lang='lat' dir='ltr'><strong>multiplicium</strong></span> <span class='ocrx_word' id='word_1_748' title='bbox 1418 5503 1663 5544; x_wconf 90' lang='lat' dir='ltr'><strong>errorum</strong></span> <span class='ocrx_word' id='word_1_749' title='bbox 1709 5488 1826 5558; x_wconf 86' lang='lat' dir='ltr'><strong>ejus</strong></span> 
     </span>
    </p>
   </div>
   <div class='ocr_carea' id='block_1_101' title="bbox 227 5579 1824 5652">
    <p class='ocr_par' dir='ltr' id='par_1_101' title="bbox 227 5579 1824 5652">
     <span class='ocr_line' id='line_1_101' title="bbox 227 5579 1824 5652; baseline 0.002 -19"><span class='ocrx_word' id='word_1_750' title='bbox 227 5580 381 5635; x_wconf 80' lang='lat' dir='ltr'><strong>velut</strong></span> <span class='ocrx_word' id='word_1_751' title='bbox 427 5580 617 5636; x_wconf 88' lang='lat' dir='ltr'><strong>cameli</strong></span> <span class='ocrx_word' id='word_1_752' title='bbox 669 5581 861 5652; x_wconf 85' lang='lat' dir='ltr'><strong>gibbus</strong></span> <span class='ocrx_word' id='word_1_753' title='bbox 904 5595 1260 5651; x_wconf 89' lang='lat' dir='ltr'><strong>procrescens</strong></span> <span class='ocrx_word' id='word_1_754' title='bbox 1303 5595 1366 5635; x_wconf 93' lang='lat' dir='ltr'><strong>ac</strong></span> <span class='ocrx_word' id='word_1_755' title='bbox 1410 5579 1712 5638; x_wconf 83' lang='lat' dir='ltr'><strong>redundans</strong></span> <span class='ocrx_word' id='word_1_756' title='bbox 1738 5596 1824 5636; x_wconf 88' lang='lat' dir='ltr'><strong>ar-</strong></span> 
     </span>
    </p>
   </div>
   <div class='ocr_carea' id='block_1_102' title="bbox 226 5669 1125 5750">
    <p class='ocr_par' dir='ltr' id='par_1_102' title="bbox 226 5669 1125 5750">
     <span class='ocr_line' id='line_1_102' title="bbox 226 5669 1125 5750; baseline 0 -25"><span class='ocrx_word' id='word_1_757' title='bbox 226 5680 547 5741; x_wconf 80' lang='lat' dir='ltr'><strong>gumentum</strong></span> <span class='ocrx_word' id='word_1_758' title='bbox 581 5669 702 5743; x_wconf 85' lang='lat' dir='ltr'><strong>[al.,</strong></span> <span class='ocrx_word' id='word_1_759' title='bbox 733 5669 1125 5750; x_wconf 76' lang='lat' dir='ltr'><strong>augmentum].</strong></span> 
     </span>
    </p>
   </div>
   <div class='ocr_carea' id='block_1_103' title="bbox 302 5764 1819 5836">
    <p class='ocr_par' dir='ltr' id='par_1_103' title="bbox 302 5764 1819 5836">
     <span class='ocr_line' id='line_1_103' title="bbox 302 5764 1819 5836; baseline 0.001 -16"><span class='ocrx_word' id='word_1_760' title='bbox 302 5765 354 5820; x_wconf 80' lang='grc'><strong>3.</strong></span> <span class='ocrx_word' id='word_1_761' title='bbox 386 5764 461 5821; x_wconf 88' lang='lat' dir='ltr'><strong>De</strong></span> <span class='ocrx_word' id='word_1_762' title='bbox 487 5764 715 5835; x_wconf 85' lang='lat' dir='ltr'><strong>singulis</strong></span> <span class='ocrx_word' id='word_1_763' title='bbox 745 5773 923 5820; x_wconf 88' lang='lat' dir='ltr'><strong>autem</strong></span> <span class='ocrx_word' id='word_1_764' title='bbox 973 5779 1141 5834; x_wconf 80' lang='lat' dir='ltr'><strong>pauca</strong></span> <span class='ocrx_word' id='word_1_765' title='bbox 1169 5778 1487 5836; x_wconf 87' lang='lat' dir='ltr'><strong>proponere,</strong></span> <span class='ocrx_word' id='word_1_766' title='bbox 1536 5773 1587 5818; x_wconf 89' lang='lat' dir='ltr'><strong>et</strong></span> <span class='ocrx_word' id='word_1_767' title='bbox 1630 5775 1819 5822; x_wconf 64' lang='lat' dir='ltr'><strong>vestrae</strong></span> 
     </span>
    </p>
   </div>
   <div class='ocr_carea' id='block_1_104' title="bbox 674 5854 1226 5920">
    <p class='ocr_par' dir='ltr' id='par_1_104' title="bbox 674 5854 1226 5920">
     <span class='ocr_line' id='line_1_104' title="bbox 674 5854 1226 5920; baseline 0.011 -7"><span class='ocrx_word' id='word_1_768' title='bbox 674 5856 947 5916; x_wconf 74' lang='lat' dir='ltr'><strong>PATROL.</strong></span> <span class='ocrx_word' id='word_1_769' title='bbox 995 5854 1226 5920; x_wconf 71' lang='lat' dir='ltr'><strong>CXIX.</strong></span> 
     </span>
    </p>
   </div>
   <div class='ocr_carea' id='block_1_105' title="bbox 1929 4654 3515 4720">
    <p class='ocr_par' dir='ltr' id='par_1_105' title="bbox 1929 4654 3515 4720">
     <span class='ocr_line' id='line_1_105' title="bbox 1929 4654 3515 4720; baseline 0.006 -10"><span class='ocrx_word' id='word_1_770' title='bbox 1929 4654 2082 4710; x_wconf 88' lang='lat' dir='ltr'><strong>sione</strong></span> <span class='ocrx_word' id='word_1_771' title='bbox 2106 4656 2318 4711; x_wconf 90' lang='lat' dir='ltr'><strong>Domini</strong></span> <span class='ocrx_word' id='word_1_772' title='bbox 2354 4657 2499 4713; x_wconf 89' lang='lat' dir='ltr'><strong>velut</strong></span> <span class='ocrx_word' id='word_1_773' title='bbox 2535 4660 2918 4715; x_wconf 88' lang='lat' dir='ltr'><strong>contrahentes</strong></span> <span class='ocrx_word' id='word_1_774' title='bbox 2940 4670 2997 4715; x_wconf 93' lang='lat' dir='ltr'><strong>et</strong></span> <span class='ocrx_word' id='word_1_775' title='bbox 3031 4660 3304 4718; x_wconf 87' lang='lat' dir='ltr'><strong>occultare</strong></span> <span class='ocrx_word' id='word_1_776' title='bbox 3333 4664 3515 4720; x_wconf 89' lang='lat' dir='ltr'><strong>volen-</strong></span> 
     </span>
    </p>
   </div>
   <div class='ocr_carea' id='block_1_106' title="bbox 1930 4745 3516 4814">
    <p class='ocr_par' dir='ltr' id='par_1_106' title="bbox 1930 4745 3516 4814">
     <span class='ocr_line' id='line_1_106' title="bbox 1930 4745 3516 4814; baseline 0.008 -15"><span class='ocrx_word' id='word_1_777' title='bbox 1930 4753 2044 4811; x_wconf 90' lang='lat' dir='ltr'><strong>tes;</strong></span> <span class='ocrx_word' id='word_1_778' title='bbox 2097 4745 2455 4802; x_wconf 90' lang='lat' dir='ltr'><strong>subdiaconos</strong></span> <span class='ocrx_word' id='word_1_779' title='bbox 2486 4748 2554 4803; x_wconf 91' lang='lat' dir='ltr'><strong>ad</strong></span> <span class='ocrx_word' id='word_1_780' title='bbox 2584 4746 2776 4803; x_wconf 90' lang='lat' dir='ltr'><strong>faciem</strong></span> <span class='ocrx_word' id='word_1_781' title='bbox 2801 4756 3031 4814; x_wconf 89' lang='lat' dir='ltr'><strong>erectos,</strong></span> <span class='ocrx_word' id='word_1_782' title='bbox 3067 4749 3323 4807; x_wconf 89' lang='lat' dir='ltr'><strong>mulieres</strong></span> <span class='ocrx_word' id='word_1_783' title='bbox 3346 4751 3516 4811; x_wconf 85' lang='lat' dir='ltr'><strong>libere</strong></span> 
     </span>
    </p>
   </div>
   <div class='ocr_carea' id='block_1_107' title="bbox 1929 4838 3514 4916">
    <p class='ocr_par' dir='ltr' id='par_1_107' title="bbox 1929 4838 3514 4916">
     <span class='ocr_line' id='line_1_107' title="bbox 1929 4838 3514 4916; baseline 0.002 -25"><span class='ocrx_word' id='word_1_784' title='bbox 1929 4845 2186 4892; x_wconf 88' lang='lat' dir='ltr'><strong>astantes.</strong></span> <span class='ocrx_word' id='word_1_785' title='bbox 2220 4838 2397 4893; x_wconf 80' lang='lat' dir='ltr'><strong>Aliam</strong></span> <span class='ocrx_word' id='word_1_786' title='bbox 2421 4847 2629 4909; x_wconf 91' lang='lat' dir='ltr'><strong>partem</strong></span> <span class='ocrx_word' id='word_1_787' title='bbox 2664 4841 2907 4911; x_wconf 82' lang='lat' dir='ltr'><strong>mysticae</strong></span> <span class='ocrx_word' id='word_1_788' title='bbox 2941 4841 3220 4909; x_wconf 90' lang='lat' dir='ltr'><strong>orationis,</strong></span> <span class='ocrx_word' id='word_1_789' title='bbox 3248 4859 3353 4916; x_wconf 89' lang='lat' dir='ltr'><strong>qua</strong></span> <span class='ocrx_word' id='word_1_790' title='bbox 3387 4862 3514 4905; x_wconf 73' lang='lat' dir='ltr'><strong>cor.</strong></span> 
     </span>
    </p>
   </div>
   <div class='ocr_carea' id='block_1_108' title="bbox 1928 4931 3515 5000">
    <p class='ocr_par' dir='ltr' id='par_1_108' title="bbox 1928 4931 3515 5000">
     <span class='ocr_line' id='line_1_108' title="bbox 1928 4931 3515 5000; baseline 0.008 -15"><span class='ocrx_word' id='word_1_791' title='bbox 1928 4944 2027 5000; x_wconf 89' lang='lat' dir='ltr'><strong>pus</strong></span> <span class='ocrx_word' id='word_1_792' title='bbox 2078 4931 2287 4986; x_wconf 88' lang='lat' dir='ltr'><strong>Domini</strong></span> <span class='ocrx_word' id='word_1_793' title='bbox 2344 4942 2712 4997; x_wconf 87' lang='lat' dir='ltr'><strong>consecratur,</strong></span> <span class='ocrx_word' id='word_1_794' title='bbox 2755 4932 2971 4988; x_wconf 90' lang='lat' dir='ltr'><strong>Christo</strong></span> <span class='ocrx_word' id='word_1_795' title='bbox 3008 4934 3195 4989; x_wconf 88' lang='lat' dir='ltr'><strong>tribuit</strong></span> <span class='ocrx_word' id='word_1_796' title='bbox 3222 4940 3402 4994; x_wconf 89' lang='lat' dir='ltr'><strong>oranti</strong></span> <span class='ocrx_word' id='word_1_797' title='bbox 3456 4940 3515 4997; x_wconf 86' lang='lat' dir='ltr'><strong>in</strong></span> 
     </span>
    </p>
   </div>
   <div class='ocr_carea' id='block_1_109' title="bbox 1928 5022 3561 5101">
    <p class='ocr_par' dir='ltr' id='par_1_109' title="bbox 1928 5022 3561 5101">
     <span class='ocr_line' id='line_1_109' title="bbox 1928 5022 3561 5101; baseline 0.007 -24"><span class='ocrx_word' id='word_1_798' title='bbox 1928 5031 2110 5077; x_wconf 90' lang='lat' dir='ltr'><strong>monte</strong></span> <span class='ocrx_word' id='word_1_799' title='bbox 2138 5022 2329 5078; x_wconf 81' lang='lat' dir='ltr'><strong>Oliveti</strong></span> <span class='ocrx_word' id='word_1_800' title='bbox 2355 5040 2369 5088; x_wconf 93' lang='lat'><strong>;</strong></span> <span class='ocrx_word' id='word_1_801' title='bbox 2399 5024 2556 5078; x_wconf 89' lang='lat' dir='ltr'><strong>aliam</strong></span> <span class='ocrx_word' id='word_1_802' title='bbox 2589 5040 2641 5077; x_wconf 85' lang='lat' dir='ltr'><strong>tn</strong></span> <span class='ocrx_word' id='word_1_803' title='bbox 2674 5039 2832 5079; x_wconf 89' lang='lat' dir='ltr'><strong>cruce</strong></span> <span class='ocrx_word' id='word_1_804' title='bbox 2858 5024 3132 5094; x_wconf 92' lang='lat' dir='ltr'><strong>pendenti,</strong></span> <span class='ocrx_word' id='word_1_805' title='bbox 3162 5040 3217 5084; x_wconf 91' lang='lat' dir='ltr'><strong>et</strong></span> <span class='ocrx_word' id='word_1_806' title='bbox 3258 5041 3381 5101; x_wconf 90' lang='lat' dir='ltr'><strong>post</strong></span> <span class='ocrx_word' id='word_1_807' title='bbox 3411 5048 3512 5087; x_wconf 88' lang='lat' dir='ltr'><strong>ne-</strong></span> <span class='ocrx_word' id='word_1_808' title='bbox 3558 5078 3561 5079; x_wconf 41' lang='grc' dir='ltr'><em>ν</em></span> 
     </span>
    </p>
   </div>
   <div class='ocr_carea' id='block_1_110' title="bbox 1928 5112 3512 5188">
    <p class='ocr_par' dir='ltr' id='par_1_110' title="bbox 1928 5112 3512 5188">
     <span class='ocr_line' id='line_1_110' title="bbox 1928 5112 3512 5188; baseline 0.007 -20"><span class='ocrx_word' id='word_1_809' title='bbox 1928 5114 2042 5168; x_wconf 87' lang='lat' dir='ltr'><strong>scio</strong></span> <span class='ocrx_word' id='word_1_810' title='bbox 2091 5129 2227 5184; x_wconf 91' lang='lat' dir='ltr'><strong>quas</strong></span> <span class='ocrx_word' id='word_1_811' title='bbox 2279 5112 2454 5169; x_wconf 86' lang='lat' dir='ltr'><strong>fatuas</strong></span> <span class='ocrx_word' id='word_1_812' title='bbox 2497 5115 2812 5180; x_wconf 88' lang='lat' dir='ltr'><strong>divisiones,</strong></span> <span class='ocrx_word' id='word_1_813' title='bbox 2855 5116 3017 5170; x_wconf 90' lang='lat' dir='ltr'><strong>aliam</strong></span> <span class='ocrx_word' id='word_1_814' title='bbox 3062 5119 3330 5176; x_wconf 90' lang='lat' dir='ltr'><strong>morienti.</strong></span> <span class='ocrx_word' id='word_1_815' title='bbox 3373 5122 3512 5188; x_wconf 84' lang='lat' dir='ltr'><strong>Cum</strong></span> 
     </span>
    </p>
   </div>
   <div class='ocr_carea' id='block_1_111' title="bbox 1928 5206 3515 5278">
    <p class='ocr_par' dir='ltr' id='par_1_111' title="bbox 1928 5206 3515 5278">
     <span class='ocr_line' id='line_1_111' title="bbox 1928 5206 3515 5278; baseline 0.008 -20"><span class='ocrx_word' id='word_1_816' title='bbox 1928 5220 2057 5260; x_wconf 88' lang='lat' dir='ltr'><strong>vero</strong></span> <span class='ocrx_word' id='word_1_817' title='bbox 2090 5206 2372 5278; x_wconf 83' lang='lat' dir='ltr'><strong>presbyter</strong></span> <span class='ocrx_word' id='word_1_818' title='bbox 2399 5206 2703 5268; x_wconf 88' lang='lat' dir='ltr'><strong>inclinatur,</strong></span> <span class='ocrx_word' id='word_1_819' title='bbox 2741 5207 2843 5263; x_wconf 87' lang='lat' dir='ltr'><strong>hoc</strong></span> <span class='ocrx_word' id='word_1_820' title='bbox 2868 5223 2986 5263; x_wconf 85' lang='lat' dir='ltr'><strong>esse</strong></span> <span class='ocrx_word' id='word_1_821' title='bbox 3011 5228 3024 5263; x_wconf 87' lang='lat'><strong>:</strong></span> <span class='ocrx_word' id='word_1_822' title='bbox 3057 5209 3124 5264; x_wconf 79' lang='lat' dir='ltr'><strong>Et</strong></span> <span class='ocrx_word' id='word_1_823' title='bbox 3152 5211 3401 5269; x_wconf 84' lang='lat' dir='ltr'><strong>inclinato</strong></span> <span class='ocrx_word' id='word_1_824' title='bbox 3430 5233 3515 5271; x_wconf 67' lang='grc' dir='ltr'><em>σας</em></span> 
     </span>
    </p>
   </div>
   <div class='ocr_carea' id='block_1_112' title="bbox 1926 5295 3047 5371">
    <p class='ocr_par' dir='ltr' id='par_1_112' title="bbox 1926 5295 3047 5371">
     <span class='ocr_line' id='line_1_112' title="bbox 1926 5295 3047 5371; baseline 0.005 -23"><span class='ocrx_word' id='word_1_825' title='bbox 1926 5296 2031 5364; x_wconf 75' lang='lat' dir='ltr'><strong>pile</strong></span> <span class='ocrx_word' id='word_1_826' title='bbox 2058 5296 2276 5350; x_wconf 83' lang='lat' dir='ltr'><strong>tradidit</strong></span> <span class='ocrx_word' id='word_1_827' title='bbox 2302 5297 2541 5367; x_wconf 80' lang='lat' dir='ltr'><strong>spiritum</strong></span> <span class='ocrx_word' id='word_1_828' title='bbox 2583 5295 2765 5367; x_wconf 83' lang='lat' dir='ltr'><strong>(Joan.</strong></span> <span class='ocrx_word' id='word_1_829' title='bbox 2792 5314 2912 5364; x_wconf 77' lang='lat' dir='ltr'><strong>XIX,</strong></span> <span class='ocrx_word' id='word_1_830' title='bbox 2935 5298 3047 5371; x_wconf 84' lang='lat'><strong>&#39;50).</strong></span> 
     </span>
    </p>
   </div>
   <div class='ocr_carea' id='block_1_113' title="bbox 1999 5387 3514 5462">
    <p class='ocr_par' dir='ltr' id='par_1_113' title="bbox 1999 5387 3514 5462">
     <span class='ocr_line' id='line_1_113' title="bbox 1999 5387 3514 5462; baseline 0.005 -17"><span class='ocrx_word' id='word_1_831' title='bbox 1999 5389 2052 5445; x_wconf 83' lang='lat'><strong>5.</strong></span> <span class='ocrx_word' id='word_1_832' title='bbox 2086 5390 2143 5445; x_wconf 94' lang='lat' dir='ltr'><strong>ln</strong></span> <span class='ocrx_word' id='word_1_833' title='bbox 2172 5405 2313 5444; x_wconf 91' lang='lat' dir='ltr'><strong>anno</strong></span> <span class='ocrx_word' id='word_1_834' title='bbox 2361 5388 2596 5460; x_wconf 87' lang='lat' dir='ltr'><strong>legitima</strong></span> <span class='ocrx_word' id='word_1_835' title='bbox 2621 5387 2825 5461; x_wconf 87' lang='lat' dir='ltr'><strong>jejuuia</strong></span> <span class='ocrx_word' id='word_1_836' title='bbox 2871 5393 2939 5448; x_wconf 90' lang='lat' dir='ltr'><strong>ad</strong></span> <span class='ocrx_word' id='word_1_837' title='bbox 2991 5400 3224 5462; x_wconf 87' lang='lat' dir='ltr'><strong>quatuor</strong></span> <span class='ocrx_word' id='word_1_838' title='bbox 3258 5394 3514 5453; x_wconf 86' lang='lat' dir='ltr'><strong>humores</strong></span> 
     </span>
    </p>
   </div>
   <div class='ocr_carea' id='block_1_114' title="bbox 1928 5478 3514 5555">
    <p class='ocr_par' dir='ltr' id='par_1_114' title="bbox 1928 5478 3514 5555">
     <span class='ocr_line' id='line_1_114' title="bbox 1928 5478 3514 5555; baseline 0.004 -22"><span class='ocrx_word' id='word_1_839' title='bbox 1928 5479 2124 5543; x_wconf 79' lang='lat' dir='ltr'><strong>refert,</strong></span> <span class='ocrx_word' id='word_1_840' title='bbox 2173 5478 2370 5549; x_wconf 90' lang='lat' dir='ltr'><strong>quibus</strong></span> <span class='ocrx_word' id='word_1_841' title='bbox 2411 5494 2607 5548; x_wconf 91' lang='lat' dir='ltr'><strong>corpus</strong></span> <span class='ocrx_word' id='word_1_842' title='bbox 2654 5489 2933 5551; x_wconf 87' lang='lat' dir='ltr'><strong>vegetatur</strong></span> <span class='ocrx_word' id='word_1_843' title='bbox 2960 5482 3279 5550; x_wconf 88' lang='lat' dir='ltr'><strong>lmmanum,</strong></span> <span class='ocrx_word' id='word_1_844' title='bbox 3329 5494 3383 5538; x_wconf 91' lang='lat' dir='ltr'><strong>et</strong></span> <span class='ocrx_word' id='word_1_845' title='bbox 3414 5500 3514 5555; x_wconf 91' lang='lat' dir='ltr'><strong>pro</strong></span> 
     </span>
    </p>
   </div>
   <div class='ocr_carea' id='block_1_115' title="bbox 1928 5566 3510 5645">
    <p class='ocr_par' dir='ltr' id='par_1_115' title="bbox 1928 5566 3510 5645">
     <span class='ocr_line' id='line_1_115' title="bbox 1928 5566 3510 5645; baseline 0.003 -19"><span class='ocrx_word' id='word_1_846' title='bbox 1928 5573 2013 5628; x_wconf 91' lang='lat' dir='ltr'><strong>his</strong></span> <span class='ocrx_word' id='word_1_847' title='bbox 2060 5572 2176 5627; x_wconf 84' lang='lat' dir='ltr'><strong>fieri</strong></span> <span class='ocrx_word' id='word_1_848' title='bbox 2206 5570 2401 5626; x_wconf 89' lang='lat' dir='ltr'><strong>asserit</strong></span> <span class='ocrx_word' id='word_1_849' title='bbox 2449 5570 2504 5627; x_wconf 93' lang='lat' dir='ltr'><strong>in</strong></span> <span class='ocrx_word' id='word_1_850' title='bbox 2551 5571 2752 5628; x_wconf 86' lang='lat' dir='ltr'><strong>eisdem</strong></span> <span class='ocrx_word' id='word_1_851' title='bbox 2795 5571 3033 5645; x_wconf 84' lang='lat' dir='ltr'><strong>jejuniis.</strong></span> <span class='ocrx_word' id='word_1_852' title='bbox 3077 5566 3219 5630; x_wconf 85' lang='lat' dir='ltr'><strong>Duas</strong></span> <span class='ocrx_word' id='word_1_853' title='bbox 3251 5574 3510 5631; x_wconf 89' lang='lat' dir='ltr'><strong>lectiones</strong></span> 
     </span>
    </p>
   </div>
   <div class='ocr_carea' id='block_1_116' title="bbox 1924 5662 3510 5737">
    <p class='ocr_par' dir='ltr' id='par_1_116' title="bbox 1924 5662 3510 5737">
     <span class='ocr_line' id='line_1_116' title="bbox 1924 5662 3510 5737; baseline 0.003 -21"><span class='ocrx_word' id='word_1_854' title='bbox 1924 5671 2117 5735; x_wconf 88' lang='lat' dir='ltr'><strong>quarta</strong></span> <span class='ocrx_word' id='word_1_855' title='bbox 2148 5662 2285 5717; x_wconf 88' lang='lat' dir='ltr'><strong>feria</strong></span> <span class='ocrx_word' id='word_1_856' title='bbox 2307 5663 2374 5718; x_wconf 92' lang='lat' dir='ltr'><strong>ad</strong></span> <span class='ocrx_word' id='word_1_857' title='bbox 2398 5663 2617 5720; x_wconf 90' lang='lat' dir='ltr'><strong>missam</strong></span> <span class='ocrx_word' id='word_1_858' title='bbox 2646 5663 2772 5737; x_wconf 90' lang='lat' dir='ltr'><strong>legi,</strong></span> <span class='ocrx_word' id='word_1_859' title='bbox 2798 5673 3017 5737; x_wconf 91' lang='lat' dir='ltr'><strong>propter</strong></span> <span class='ocrx_word' id='word_1_860' title='bbox 3042 5664 3150 5721; x_wconf 72' lang='lat' dir='ltr'><strong>duo</strong></span> <span class='ocrx_word' id='word_1_861' title='bbox 3178 5667 3354 5722; x_wconf 90' lang='lat' dir='ltr'><strong>sidera</strong></span> <span class='ocrx_word' id='word_1_862' title='bbox 3394 5668 3510 5737; x_wconf 82' lang='lat' dir='ltr'><strong>ipso</strong></span> 
     </span>
    </p>
   </div>
   <div class='ocr_carea' id='block_1_117' title="bbox 1924 5742 3508 5829">
    <p class='ocr_par' dir='ltr' id='par_1_117' title="bbox 1924 5742 3508 5829">
     <span class='ocr_line' id='line_1_117' title="bbox 1924 5742 3508 5829; baseline 0.001 -17"><span class='ocrx_word' id='word_1_863' title='bbox 1924 5757 2009 5812; x_wconf 88' lang='lat' dir='ltr'><strong>die</strong></span> <span class='ocrx_word' id='word_1_864' title='bbox 2031 5754 2271 5823; x_wconf 87' lang='lat' dir='ltr'><strong>condita,</strong></span> <span class='ocrx_word' id='word_1_865' title='bbox 2298 5766 2358 5812; x_wconf 89' lang='lat' dir='ltr'><strong>ut</strong></span> <span class='ocrx_word' id='word_1_866' title='bbox 2388 5757 2609 5829; x_wconf 89' lang='lat' dir='ltr'><strong>paganis</strong></span> <span class='ocrx_word' id='word_1_867' title='bbox 2635 5755 2751 5826; x_wconf 82' lang='lat' dir='ltr'><strong>ejus</strong></span> <span class='ocrx_word' id='word_1_868' title='bbox 2777 5756 2957 5812; x_wconf 86' lang='lat' dir='ltr'><strong>verbis</strong></span> <span class='ocrx_word' id='word_1_869' title='bbox 2981 5764 3120 5823; x_wconf 89' lang='lat' dir='ltr'><strong>utar,</strong></span> <span class='ocrx_word' id='word_1_870' title='bbox 3152 5755 3415 5811; x_wconf 73' lang='lat' dir='ltr'><strong>Phtebum</strong></span> <span class='ocrx_word' id='word_1_871' title='bbox 3450 5742 3508 5814; x_wconf 79' lang='lat' dir='ltr'><strong>et</strong></span> 
     </span>
    </p>
   </div>
   <div class='ocr_carea' id='block_1_118' title="bbox 3092 5852 3129 5914">
    <p class='ocr_par' dir='ltr' id='par_1_118' title="bbox 3092 5852 3129 5914">
     <span class='ocr_line' id='line_1_118' title="bbox 3092 5852 3129 5914; baseline 0 0"><span class='ocrx_word' id='word_1_872' title='bbox 3092 5852 3129 5914; x_wconf 90' lang='lat'><strong>3</strong></span> 
     </span>
    </p>
   </div>
  </div>
