4050 6302
581 322 647 375 75

1672 316 1880 377 FLOR!
1918 320 2187 378 DIACONI
2227 320 2711 380 LUGDUNENSIS

3756 321 3828 380 76

550 486 551 495 χ
578 451 819 491 sororem
848 434 963 502 ejus
992 433 1273 490 thbam.
1303 434 1432 490 Nam
1458 444 1513 492 et
1538 443 1782 491 sanctum
1812 436 1977 491 David
2002 451 2141 491 sem-
2168 439 2215 501 Α
2243 437 2506 507 sequitur,
2528 454 2593 495 ac
2617 438 2764 493 velut
2785 438 3019 494 caﬂeste
3036 437 3314 493 oraculum
3341 440 3668 509 sequendam
3695 455 3830 510 pro-

548 541 673 594 .pcr
702 525 755 578 in
797 524 1024 579 Domino
1051 525 1242 579 fortem
1273 534 1327 579 et
1368 525 1700 590 bellicosum,
1754 539 1902 583 more
1933 525 2149 580 ethnico

546 613 774 671 -arsisse
822 611 951 667 dicit
982 611 1033 666 in
1060 611 1253 677 Marte,
1278 628 1436 682 quem
1475 612 1773 668 daemonem
1817 626 1937 668 esse
1980 611 2151 683 pessi-

575 720 721 760 nmm
756 704 1090 760 inventorem
1121 703 1242 775 [al.,
1267 704 1617 777 incentorem]
1644 704 1961 759 Iumultuum
1989 712 2151 775 atque

550 795 839 861 .hellorum
895 794 1194 863 proclamat
1234 794 1395 848 etiam
1451 802 1606 864 poeta
1654 793 1870 865 gentilis
1921 792 2145 849 dicens:

576 885 735 941 Struit
766 895 873 940 toto
918 885 1063 940 Mars
1112 885 1299 955 impius
1334 886 1474 940 orbe.
1508 886 1563 940 In
1616 884 1904 956 Evangelia
1930 883 2150 954 majoris

549 976 823 1051 .Litauiaz,
848 990 945 1045 per
972 990 1163 1046 panem
1191 975 1437 1046 intelligit
1462 975 1641 1046 fruges
1668 984 1829 1032 terras
1853 991 1868 1040 ;
1902 975 1956 1030 in
2000 975 2149 1045 pisce

574 1067 756 1135 genita
796 1080 864 1119 ex
907 1066 1101 1134 aquis;
1154 1066 1208 1119 in
1239 1080 1342 1120 ovo
1386 1064 1639 1121 animalia
1664 1079 1784 1135 qua:
1818 1078 1888 1120 ex
1919 1073 2149 1134 utroque

548 1171 706 1223 ,sexu
735 1156 1025 1229 gignuntur
1046 1154 1099 1207 in
1126 1154 1321 1218 terris;
1377 1153 1643 1223 talemque
1666 1151 2003 1222 phantasiam
2028 1165 2146 1216 sen-

573 1260 665 1301 sus
702 1243 782 1299 sui
824 1243 1133 1313 evangelico
1154 1243 1443 1313 pneferens
1480 1241 1680 1307 sensui,
1705 1240 1901 1297 asserit
1936 1254 2035 1309 pro
2070 1248 2147 1295 ta-

547 1335 700 1406 Iium
729 1348 911 1389 rerum
946 1333 1353 1388 conservatione
1378 1343 1504 1388 tunc
1532 1348 1562 1387 a
1601 1329 1846 1386 ﬁdelibus
1886 1328 2148 1384 celebrari

546 1425 806 1503 litanias.
849 1422 983 1479 Nam
1036 1432 1089 1478 et
1117 1438 1320 1479 messes
1345 1431 1470 1479 tunc
1495 1424 1547 1477 in
1574 1421 1870 1492 profectum
1894 1431 2039 1488 sunt,
2069 1422 2150 1477 in-

569 1518 707 1587 quit,
724 1525 780 1573 et
807 1517 985 1588 pisces
1009 1527 1138 1572 tunc
1159 1517 1400 1578 veniunt,
1418 1525 1473 1573 et
1501 1516 1628 1587 pulli
1649 1532 1869 1588 campos
1897 1517 2146 1573 tundunt.

552 1608 734 1675 Addit
758 1607 978 1677 insuper
1006 1616 1060 1660 et
1101 1607 1355 1677 quasdam
1385 1606 1806 1677 signiﬁcationes
1839 1615 2147 1661 monstruo-

550 1718 679 1766 sas,
717 1712 774 1758 et
799 1701 971 1757 instar
994 1700 1368 1771 antipodarum
1396 1701 1571 1770 capite
1615 1702 1885 1764 deorsum,
1922 1702 2147 1772 pedibus

2251 530 2418 599 ponit,
2455 546 2617 600 quam
2641 528 2821 585 eidem
2859 530 3136 600 respondit
3155 530 3221 585 de
3259 529 3455 585 talibus
3481 531 3829 588 consulenti:

2244 640 2274 679 ι
2303 621 2381 676 Ad
2433 637 2828 691 quamcunque,
2879 623 3145 693 inquiens,
3196 622 3491 678 Ecclesiam
3528 625 3834 692 deveneris,

2239 709 2366 780 .ejus
2400 726 2604 769 morem
2648 727 2826 778 serva,
2853 713 2899 767 si
2926 728 3031 767 non
3061 713 3145 769 vis
3173 713 3328 769 alteri
3355 728 3474 769 esse
3500 715 3833 780 scandalum,

2242 818 2352 859 nec
2379 818 2702 874 quemquam
2734 804 2849 861 tibi.
2875 824 2893 857 ι
2917 804 2974 859 1η
3000 805 3203 860 eisdem
3228 805 3295 859 ad
3318 804 3635 863 Ianuarium
3659 805 3833 862 libris.

2254 911 2276 946 ι
2297 893 2564 964 Quidquid
2583 895 2816 950 humana
2832 894 3153 950 auctoritate
3181 894 3461 961 statuitur,
3489 909 3555 950 ac
3568 894 3733 949 veluti
3758 911 3837 950 sa-

2248 991 2580 1039 cramentum
2613 992 2669 1039 et
2704 984 3019 1056 mysterium
3045 992 3279 1048 tenetur,
3305 982 3613 1039 nullatenus
3639 999 3836 1056 appro-

2242 1074 2503 1141 bandum,
2528 1074 2638 1129 imo
2656 1082 2711 1130 et
2745 1074 2963 1131 indubie
2992 1075 3185 1129 asserit
3206 1073 3580 1130 resecandum.
3613 1093 3635 1127 ι

2320 1166 2373 1221 7.
2400 1164 2538 1233 Quid
2563 1166 2722 1237 igitur
2747 1166 2986 1222 novellus
3013 1167 3115 1220 iste
3142 1174 3441 1235 praeceptor
3466 1165 3532 1221 de
3559 1167 3836 1237 mysteriis

2246 1257 2363 1317 suis
2392 1257 2591 1313 faciet?
2621 1272 2734 1330 qua
2766 1258 2973 1314 ratione
3006 1265 3082 1314 t'ot
3109 1257 3404 1322 vanitatum
3430 1271 3650 1312 suarum
3679 1273 3836 1313 eom-

2250 1353 2428 1399 meuta
2460 1343 2746 1400 defendet?
2780 1344 3072 1416 Scriptura:
3100 1353 3301 1400 sancta:
3333 1346 3629 1403 auctoritas
3657 1346 3834 1410 deest,

2246 1436 2506 1498 Ecclesia:
2530 1437 2586 1492 in
2615 1436 2808 1492 talibus
2828 1437 3096 1506 generalis
3126 1435 3362 1500 traditio,
3386 1445 3443 1491 et
3465 1437 3647 1507 regula
3689 1436 3834 1492 nulla

2247 1533 2355 1589 est,
2409 1524 2653 1579 doctrina
2704 1524 2925 1580 Patrum
2976 1533 3261 1596 repugnat,
3296 1523 3557 1580 Libellum
3602 1525 3836 1581 Romani

2248 1616 2454 1673 ordinis
2505 1624 2666 1670 tantae
2711 1616 3046 1671 auctoritatis
3089 1617 3273 1679 habet,
3322 1622 3382 1669 ut
3423 1631 3546 1670 cum
3589 1631 3732 1686 pene
3766 1619 3835 1673 ad

2250 1706 2474 1762 verbum
2503 1706 2705 1761 nitatur
2730 1721 3030 1776 exponere;
3071 1716 3126 1761 et
3152 1716 3331 1762 tamen
3362 1707 3545 1761 statim
3579 1707 3683 1764 sibi
3722 1710 3836 1779 ipse

568 1808 784 1849 sursum
811 1791 1006 1856 versis,
1032 1790 1103 1845 ita
1131 1799 1191 1844 ut
1218 1791 1271 1845 in
1308 1791 1390 1844 his
1415 1793 1683 1860 praecedat
1707 1807 1794 1847 res
1823 1793 1956 1862 ipsa,
1985 1801 2039 1846 et
2065 1807 2149 1846 se-
2178 1798 2224 1859 Β
2250 1798 2554 1853 contrarius
2576 1799 2771 1853 asserit
2791 1798 2935 1853 hunc
2963 1797 3208 1854 Romano
3246 1797 3653 1864 archidiacono,
3679 1802 3837 1871 cujus

570 1893 767 1954 quatur
812 1883 1010 1955 ﬁgura;
1039 1897 1160 1937 cum
1192 1897 1222 1935 c
1262 1881 1533 1936 contrario
1568 1884 1772 1939 umbrae
1810 1883 1958 1953 legis,
1990 1882 2144 1951 juxta

549 1979 904 2051 _Apostolum,
939 1992 1025 2031 res
1054 1975 1329 2045 designent
1369 1974 1667 2031 futurorum
1698 1977 1979 2032 bonorum.
2012 1974 2146 2031 Cum

569 2073 638 2125 ab
670 2069 827 2125 altari
852 2068 1082 2125 sumitur
1102 2067 1469 2135 Evangelium,
1500 2067 1671 2137 ipsum
1688 2066 1856 2122 altare
1884 2066 2149 2136 signiﬁcat

570 2163 892 2227 Jerusalem,
914 2161 1055 2214 unde
1080 2158 1426 2229 Evangelium
1460 2158 1745 2229 processit.
1769 2157 1944 2212 Locus
1963 2158 2148 2212 altaris

554 2252 745 2327 locum
783 2248 931 2304 illum
961 2248 1245 2317 signiﬁcat,
1275 2247 1364 2301 ubi
1413 2245 1580 2303 Iacob
1627 2246 1899 2315 dormiens
1929 2245 2147 2315 angelos

554 2343 717 2415 .vidit.
758 2341 1033 2395 Romanus
1058 2338 1317 2413 pontifex,
1350 2353 1472 2391 cum
1523 2337 1748 2393 sabbato
1776 2344 1899 2405 ante
1934 2335 2147 2391 Palmas

569 2426 966 2506 eleemosynam
993 2434 1102 2498 dat,
1132 2432 1408 2487 mulierem
1431 2430 1699 2503 signiﬁcat
1724 2446 1843 2500 qua:
1864 2431 2146 2487 Dominum

572 2527 748 2581 unxit.

636 2615 691 2670 6.
731 2613 850 2669 .Iam
882 2615 948 2669 de
977 2614 1314 2670 sacerdotum
1338 2623 1393 2669 et
1421 2613 1788 2668 ministrorum
1823 2613 1994 2668 sacris
2021 2628 2144 2668 ves-

567 2709 731 2769 tibus.
756 2709 821 2763 de
843 2708 987 2762 vasis
1003 2706 1166 2761 divini
1193 2705 1502 2771 ministerii,
1528 2705 1593 2761 de
1620 2712 1899 2760 cantorum
1932 2704 2144 2769 tabulis,

566 2799 632 2852 de
665 2798 832 2869 signis
877 2796 1065 2859 aereis,
1113 2795 1182 2851 de
1226 2795 1357 2866 ipsis
1406 2794 1568 2850 etiam
1615 2784 2045 2849 indumentorum
2093 2802 2149 2849 et

556 2890 1056 2961 calceamentorum
1083 2887 1331 2952 ﬁmbriis,
1357 2886 1627 2943 coloribus
1650 2893 1707 2942 et
1750 2887 2049 2956 speciebus,
2080 2888 2146 2944 de

560 2977 756 3052 ~oliiciis
783 2992 996 3048 quoque
1016 2977 1205 3041 sacris,
1224 2985 1280 3033 ct
1305 2961 1629 3047 psalmorum
1656 2976 2141 3041 distributionibus,

567 3084 728 3139 quam
759 3068 939 3139 inepta
981 3076 1036 3143 et
1074 3067 1220 3123 fatua
1249 3076 1303 3123 et
1327 3068 1473 3123 omni
1509 3068 1620 3124 risu
1646 3067 1806 3138 digna
1857 3067 2140 3133 contingit,

2254 1888 2627 1944 traditionibus
2654 1888 2934 1957 gloriatur,
2966 1889 3225 1957 ignotum.
3252 1888 3405 1953 Quod
3437 1889 3484 1945 si
3525 1887 3835 1960 Scriptura-

2253 1992 2372 2033 rum
2404 1991 2594 2033 sensus
2620 1976 2687 2031 ad
2714 1993 2840 2033 suas
2864 1976 3075 2035 fabulas
3109 1978 3297 2044 trahit,
3321 1986 3378 2032 et
3403 1988 3712 2034 commenta
3744 1995 3834 2035 er-

2251 2068 2392 2123 roris
2432 2068 2515 2123 sui
2546 2082 2611 2122 ex
2643 2068 2728 2123 his
2773 2068 2965 2125 fulcire
2993 2077 3242 2134 conatur,
3280 2069 3402 2139 quis
3446 2069 3588 2127 hanc
3624 2071 3837 2128 nesciat

2253 2158 2624 2215 hmreticorum
2658 2158 2931 2229 propriam
2962 2173 3083 2215 esse
3107 2158 3376 2214 insaniam
3402 2168 3464 2214 ut
3488 2174 3584 2215 sua
3618 2175 3838 2231 semper

2251 2249 2526 2304 mendacia
2577 2249 2823 2305 veritatis
2865 2250 3042 2321 specie
3070 2249 3313 2319 pallient,
3334 2258 3628 2315 vertentes,
3672 2249 3834 2319 juxta

2251 2340 2462 2406 Isaiam,
2509 2350 2789 2408 argentum
2828 2340 2882 2394 in
2911 2340 3164 2404 scoriam,
3205 2350 3264 2395 et
3310 2338 3546 2396 caelestis
3583 2340 3833 2411 vigorem

2250 2432 2357 2487 viui
2417 2440 2643 2486 terrena:
2691 2430 2954 2487 fatuitatis
3006 2447 3160 2502 aqua:
3208 2431 3534 2488 miscentes?
3578 2430 3834 2505 Ignoscat

2251 2524 2382 2579 mihi
2413 2524 2628 2595 indigno
2647 2534 2701 2580 et
2726 2525 2917 2597 exiguo
2949 2532 3125 2580 vestra
3153 2524 3470 2595 paternitas,
3497 2523 3541 2580 si
3573 2539 3690 2580 rem
3730 2539 3831 2580 ne-

2251 2615 2543 2671 cessariam
2567 2615 2687 2671 ﬁdei
2714 2624 2770 2671 et
2804 2615 3074 2671 salubrem
3124 2616 3377 2671 Ecclesiae
3401 2615 3593 2671 devota
3623 2615 3833 2686 suppli-

2250 2705 2462 2760 catione
2496 2720 2830 2776 suggessero.
2859 2704 3197 2763 Claudendt'ts
3221 2715 3305 2761 est
3332 2705 3488 2776 plane
3506 2714 3663 2775 juxta
3694 2707 3832 2780 legis

2251 2804 2576 2866 praeceptum
2624 2798 2724 2852 bos
2778 2797 3080 2867 cornipeta,
3132 2804 3188 2852 et
3242 2811 3304 2852 os
3345 2798 3462 2867 ejus
3510 2799 3830 2868 sempiterni

2252 2884 2404 2959 freno
2438 2884 2635 2940 silentii
2674 2886 3173 2957 constringendum,
3197 2885 3306 2941 imo
3334 2887 3458 2958 quia
3482 2886 3597 2957 jam
3628 2899 3727 2944 aut
3751 2891 3834 2945 vi-

2254 2988 2371 3041 rum
2398 2982 2491 3028 aut
2527 2973 2805 3029 mulierem
2835 2973 3083 3031 fortassis
3120 2975 3338 3042 invasit,
3390 2976 3442 3032 id
3469 2984 3573 3044 est,
3619 2978 3706 3033 vel
3737 2980 3832 3049 qui

2251 3062 2352 3117 sibi
2392 3062 2546 3117 fortis
2575 3063 2804 3128 videtur,
2832 3063 2915 3121 vel
2944 3065 3035 3133 qui
3064 3078 3191 3120 vere
3226 3064 3471 3122 inﬁrmus
3498 3066 3550 3122 in
3584 3067 3691 3124 ﬁde
3722 3080 3829 3135 est,

569 3156 721 3227 quasi
750 3158 800 3212 ei
827 3156 923 3212 soli
973 3142 1185 3235 licuerit
1220 3166 1341 3227 post
1368 3157 1539 3228 legem
1586 3164 1640 3212 et
1672 3158 1985 3227 prophetas,
2030 3142 2220 3226 postC
2251 3153 2670 3220 scandalizavit,
2733 3154 3034 3231 divinarum
3096 3156 3485 3212 sententiarum
3544 3158 3832 3230 capidibus

558 3239 855 3320 Evangelia
885 3258 938 3303 et
990 3247 1282 3318 apostolos,
1326 3262 1413 3303 res
1452 3247 1659 3319 typicas
1708 3256 1765 3302 et
1810 3246 2064 3318 mysticas
2092 3247 2145 3301 in

560 3329 809 3396 Ecclesia
849 3350 1109 3405 statuere,
1142 3328 1214 3395 ita
1246 3348 1303 3394 ut
1330 3338 1705 3411 mysteriorum
1745 3335 1861 3406 ejus
1889 3337 2147 3404 praavari~

566 3438 721 3484 calor
774 3429 1055 3491 habeatur,
1097 3429 1187 3498 qui
1239 3444 1336 3483 usu
1386 3441 1442 3483 et
1482 3427 1869 3483 consuetudine
1920 3426 2145 3497 simplici

569 3520 712 3576 aliud
738 3520 865 3592 quid
891 3519 1163 3574 celebrare
1193 3517 1615 3589 praesumpserit.
1643 3516 1782 3571 Dicit
1800 3531 1858 3571 se
1882 3517 1934 3571 in
1960 3517 2143 3571 talium

560 3608 968 3682 phantasiarum
991 3609 1461 3665 adinventionibus
1513 3608 1687 3664 sancti
1715 3608 1997 3679 Augustini
2021 3622 2144 3661 auc-

558 3698 841 3757 toritatem
867 3702 1040 3770 sequi,
1067 3716 1132 3755 eo
1157 3701 1297 3770 quoi
1326 3700 1556 3755 obscura
1579 3714 1804 3770 qumque
1823 3708 1880 3754 et
1897 3700 2145 3771 ambigua

555 3792 753 3871 .tandiu
800 3791 893 3853 ille
934 3791 1154 3847 tractari
1200 3789 1382 3858 jubeat
1424 3798 1587 3860 atque
1616 3788 1846 3853 versari,
1875 3788 2043 3844 donec
2076 3788 2144 3844 ad

565 3884 904 3940 dilectionem
930 3883 1026 3937 Dei
1048 3881 1130 3936 vel
1153 3882 1380 3951 proximi
1403 3880 1758 3952 intelligentia
1786 3880 2141 3952 perducatur:

566 3978 620 4026 tu
649 3972 843 4043 quibus
871 3971 1080 4027 duobus
1123 3972 1394 4027 mandatis
1424 3979 1533 4025 tota
1573 3970 1655 4027 lex
1692 3971 1889 4040 pendet
1925 3977 1982 4025 et
2020 3983 2144 4038 pro-

558 4064 762 4137 phetae.
807 4061 918 4116 Nec
945 4061 1266 4122 considerat,
1302 4060 1465 4115 nimia
1511 4060 1805 4114 novitatum
1854 4059 2144 4128 cupiditate

568 4158 820 4217 caecatus,
850 4152 965 4206 haec
998 4152 1145 4207 illum
1171 4151 1237 4205 de
1259 4164 1535 4205 sacrarum
1569 4148 1967 4219 Scripturarum
1993 4148 2144 4202 inda-

568 4246 760 4317 gandis
794 4243 1043 4300 sensibus
1072 4242 1356 4298 tradidisse
1400 4260 1415 4296 :
1463 4256 1655 4312 nempe
1696 4240 1818 4296 libri
1865 4239 1918 4294 in
1948 4239 2143 4309 quibus

562 4332 684 4391 lucc
706 4334 972 4404 loquitur,
1007 4332 1073 4388 de
1106 4333 1353 4388 Doctrina
1378 4332 1682 4389 Christiana
1732 4329 2032 4395 titulantur,
2077 4329 2143 4389 de
2180 4362 2187 4369 ί

566 4407 678 4487 sola
704 4420 765 4485 in
795 4422 881 4481 his
917 4426 1207 4496 Scriptura:
1237 4440 1404 4479 sacra:
1431 4422 1777 4494 intelligentia
1805 4420 2000 4492 regulae
2029 4428 2139 4474 tra-

2248 3246 2313 3320 [Ῑ.
2342 3246 2651 3316 cuspidibus
2686 3246 2767 3302 vel
2812 3246 3105 3321 lapidibus]
3148 3249 3478 3317 obruendus,
3505 3266 3607 3308 nec
3632 3266 3832 3310 carnes

2245 3336 2379 3405 ejus,
2419 3336 2472 3391 id
2500 3345 2584 3391 est
2627 3336 2872 3393 doctrina
2901 3346 2957 3392 et
2999 3352 3210 3402 sensus,
3236 3340 3503 3396 ullatenus
3531 3343 3828 3399 comeden-

2246 3431 2346 3488 σεε.
2391 3425 2525 3480 Nam
2564 3427 2777 3496 quoties
2802 3428 2869 3482 de
2909 3428 2995 3483 his
3023 3430 3268 3500 arguitur
3300 3430 3385 3486 vel
3431 3440 3706 3498 monetur,
3737 3450 3832 3490 ne-

2244 3533 2535 3588 quaquam,
2562 3527 2621 3573 ut
2646 3518 2865 3590 piarum
2886 3520 3053 3575 moris
3080 3531 3184 3586 est,
3207 3521 3440 3578 libenter
3466 3531 3520 3579 et
3547 3524 3831 3582 humiliter

2243 3608 2560 3677 acquiescit,
2593 3608 2689 3664 sed
2718 3618 2843 3665 tunc
2866 3609 3164 3680 jactantius
3190 3620 3245 3667 et
3270 3611 3587 3670 insolentius
3621 3630 3829 3671 cornua

2243 3698 2477 3769 erigens,
2509 3698 2826 3768 multiplicat
2862 3701 3157 3757 vesaniam.
3184 3716 3338 3757 suam
3369 3703 3449 3759 sic
3488 3705 3694 3761 sentire
3713 3705 3832 3761 cla-

2243 3805 2397 3871 mans
2425 3806 2640 3849 omnem
2665 3791 3033 3859 Germaniam,
3061 3794 3140 3850 sic
3168 3803 3333 3850 totam
3362 3795 3591 3862 Italiam,
3623 3798 3704 3853 sic
3739 3797 3830 3868 ip-

2244 3896 2358 3938 sam
2385 3880 2633 3947 Ilomam,
2669 3898 2728 3939 se
2768 3881 2937 3939 fuisse
2963 3882 3448 3956 Constantinopoli,
3492 3900 3553 3942 se
3578 3886 3720 3958 apud
3749 3886 3831 3943 Is-

2244 3971 2401 4025 triam
2435 3971 2548 4025 sive
2586 3972 2899 4037 Lucaniam,
2924 3980 2979 4028 et
3007 3974 3208 4030 idcirco
3232 3975 3285 4030 in
3316 3975 3514 4032 talibus
3535 3976 3829 4048 singularis

2243 4059 2583 4142 auctoritatis
2605 4061 2857 4117 existere.
2886 4062 2996 4120 Nec
3017 4063 3068 4119 ei
3097 4071 3183 4118 sat
3207 4073 3292 4121 est
3325 4066 3469 4135 quod
3507 4066 3623 4136 ipse
3657 4069 3829 4124 tantis

2242 4148 2549 4221 implicatur
2576 4153 2854 4210 erroribus
2878 4162 3043 4223 atque
3070 4154 3396 4224 phantasiis,
3422 4157 3525 4212 nisi
3568 4165 3624 4213 et
3648 4167 3827 4214 totum

2242 4254 2379 4313 pene
2405 4241 2589 4296 orbem
2621 4244 2702 4298 sui
2733 4244 3055 4315 con-plicem
3096 4245 3337 4302 infamet.
3385 4247 3628 4305 Persistit
3667 4264 3829 4304 nam-

2244 4344 2371 4405 que,
2426 4330 2526 4386 sub
2588 4332 2878 4390 multorum
2932 4334 3246 4404 pontiﬁcum
3300 4335 3425 4390 ﬁcta
3477 4336 3825 4403 auctoritate,

2216 4411 2399 4473 “suum
2436 4418 2503 4475 de
2538 4432 2899 4476 sacrosancta:
2926 4422 3265 4478 eucharistia:
3292 4423 3553 4480 divisione
3594 4424 3824 4493 ineptis-

557 4504 786 4595 :duniu'r.
819 4515 982 4572 multa
1013 4515 1081 4569 ibi
1105 4515 1170 4570 de
1196 4517 1376 4579 rebus,
1400 4514 1567 4569 multa
1586 4514 1651 4569 de
1677 4513 1845 4585 signis
1865 4512 2138 4568 disserun-
2166 4496 2217 4557 Β
2242 4507 2461 4573 simum,
2486 4507 2594 4562 imo
2616 4508 3008 4579 blasphemum,
3030 4508 3354 4565 conﬁrmare
3377 4524 3615 4566 sensum.
3632 4510 3824 4580 Neque

559 4598 687 4685 _tur‘;
712 4598 781 4664 'et
819 4620 995 4664 tamen
1032 4610 1103 4681 de
1155 4608 1455 4678 huiusmodi
1502 4605 1981 4676 signiﬁcationibus
2007 4620 2176 4675 quas,

560 4702 670 4767 iste
703 4700 984 4777 perquirit,
1024 4699 1155 4754 nihil
1180 4699 1393 4769 penitus
1430 4697 1645 4760 dicitur,
1686 4697 1792 4751 imo
1822 4695 2049 4752 inlibris
2074 4696 2140 4750 ad

563 4789 902 4865 Ianuarium,
933 4805 1149 4846 omnem
1176 4789 1665 4847 ecclesiasticarum
1706 4788 2141 4845 Observationum

564 4862 881 4958 varietatem
906 4864 1108 4958 triplici
1142 4895 1338 4951 genere
1366 4879 1668 4949 distinguit,
1690 4878 1969 4933 universas
1993 4877 2142 4932 vide-
2169 4884 2174 4890 ’

563 4960 693 5028 licet
725 4956 820 5027 aut
845 4956 914 5027 ex.
943 4971 1237 5041 Scriptum
1279 4986 1446 5025 sacrae
1476 4968 1814 5034 auctaritate,
1840 4976 1931 5025 aut
1959 4981 2022 5021 ex
2047 4981 2139 5037 ge-

566 5064 735 5121 nerali
768 5063 1024 5119 Ecclesia:
1057 5064 1363 5125 traditione,
1395 5072 1488 5117 aut
1514 5078 1577 5115 ex
1618 5061 1953 5116 diversorum
1996 5058 2137 5114 loco-

565 5144 684 5210 rum
713 5154 1026 5210 multiformi
1055 5153 1439 5210 consuetudine
1470 5166 1563 5207 eas
1596 5166 1847 5207 asserens
1880 5164 2141 5220 propaga-

564 5228 678 5299 tas:
708 5254 763 5300 et
797 5234 1002 5315 primas
1022 5244 1236 5314 quidem
1265 5244 1498 5297 ostendit
1522 5256 1746 5296 numero
1779 5255 1898 5296 esse
1924 5239 2137 5308 paucis-

564 5337 752 5399 simas,
802 5334 894 5388 sed
951 5332 1326 5388 observatione
1388 5332 1695 5395 facillimas,
1749 5327 2139 5407 signiﬁcatione

564 5426 1089 5501 prmsmutissimas;
1140 5425 1402 5480 secundas
1453 5439 1666 5495 quoque
1716 5422 1833 5491 pari
1882 5418 2137 5489 religione

564 5519 758 5572 asserit
788 5517 1118 5573 venerandas
1154 5533 1168 5583 ;
1220 5517 1273 5571 in
1323 5516 1495 5572 tertiis
1538 5530 1663 5570 vero
1692 5513 1889 5569 nullam
1920 5510 2138 5566 omnino

561 5594 1030 5695 signiﬁcatiuncul,
1063 5607 1267 5662 nullum
1293 5607 1572 5673 requirens
1598 5603 1932 5673 mysterium,
1958 5601 2136 5656 since-

564 5703 825 5756 rissunam
851 5692 1010 5772 atque
1034 5699 1407 5772 gravissimam
1431 5696 1490 5750 Β.
1525 5694 1791 5749 Ambrosii
1816 5692 2135 5747 sententiam

2243 4598 2387 4671 enim
2414 4613 2513 4654 nos
2542 4597 2859 4668 cujusquam
2907 4614 3112 4655 morem
3160 4599 3416 4655 Ecclesia:
3469 4602 3826 4671 reprehendi-

2242 4704 2386 4755 mus,
2438 4703 2537 4744 nec
2584 4689 2808 4744 alteram
2841 4688 2995 4744 alteri
3039 4689 3267 4753 superbe
3293 4688 3650 4761 praeferimus,
3680 4706 3825 4761 quas

2238 4788 2427 4835 omnes
2469 4777 2522 4832 in
2570 4779 2783 4834 Christo
2837 4787 3050 4834 constat
3090 4779 3308 4835 vinculo
3348 4780 3499 4851 pacis
3526 4780 3729 4847 unitas,
3762 4789 3824 4835 et

2241 4860 2413 4923 sancti
2465 4867 2699 4938 Spiritus
2735 4868 3113 4925 distributione
3140 4870 3444 4932 distinctas,
3476 4870 3567 4925 sed
3597 4885 3820 4926 sensum

2239 4959 2523 5031 profanum
2584 4961 2990 5032 redarguimus,
3050 4960 3697 5033 quem'manifestissime
3761 4970 3823 5018 et

2213 5051 2536 5122 Scriptura:
2564 5060 2783 5117 sanctae,
2810 5060 2867 5108 et
2905 5051 3025 5108 ﬁdei
3060 5051 3357 5119 catholica},
3403 5060 3460 5107 et
3501 5051 3690 5106 unitati
3722 5051 3821 5108 Ec-

2196 5158 2201 5163 '
2241 5144 2418 5225 clesiaz
2456 5144 2883 5199 inimicissimum
2920 5152 3151 5200 constat.
3200 5142 3341 5199 Vere
3394 5142 3523 5197 nulli
3577 5157 3817 5213 unquam

2241 5234 2392 5290 licuit
2422 5249 2619 5305 corpus
2644 5234 2843 5289 Christi
2872 5235 3051 5289 dicere
3078 5233 3323 5289 triforme
3343 5234 3427 5289 vel
3456 5234 3814 5305 tripartitum,

2243 5324 2387 5396 quod
2423 5323 2709 5394 Apostolus
2740 5339 2904 5378 unum
2926 5339 3141 5395 semper
3169 5333 3224 5379 et
3250 5325 3469 5380 unicum
3500 5324 3817 5394 proclamat,

2240 5402 2455 5471 dicens:
2484 5414 2630 5471 Unus
2654 5416 2826 5485 panis,
2850 5432 3011 5470 unum
3033 5433 3217 5486 corpus
3243 5418 3395 5471 multi
3416 5433 3595 5471 sumus
3614 5414 3664 5484 (I
3686 5411 3812 5471 Cor.

2239 5502 2295 5573 Il,
2326 5508 2411 5579 I7)
2453 5526 2466 5562 :
2516 5508 2581 5563 Et
2626 5509 2821 5563 iterum
2855 5525 2868 5561 :
2906 5506 3060 5561 Mults
3092 5524 3255 5569 unum
3308 5525 3494 5579 corpus
3531 5522 3713 5562 sumus
3760 5506 3816 5558 in

2239 5597 2444 5654 Christo
2466 5598 2641 5668 (Rom.
2670 5614 2769 5663 xu,
2795 5597 2869 5669 5).
2898 5599 2962 5653 Et
2987 5596 3143 5653 alibi:
3170 5596 3346 5652 Unum
3378 5614 3586 5668 corpus,
3612 5606 3659 5650 et
3680 5611 3815 5648 unus

2237 5691 2469 5760 spiritus,
2498 5689 2626 5743 sicut
2650 5690 2814 5744 vocati
2838 5691 2958 5744 estis
2981 5690 3032 5742 iu
3060 5705 3167 5743 tum
3203 5707 3290 5758 spe
3321 5688 3600 5743 rurationis
3634 5694 3816 5740 vestrae
