4050 6302
246 313 317 366 77
1238 313 1598 372 opuscum
1636 313 2003 373 soveasus
2039 316 2474 374 AMALARIUM.
3417 341 3485 394 τε

247 429 413 501 (Eph.
442 444 517 494 IV,
543 427 651 500 14).
685 426 824 483 Vere
849 427 1010 482 unius
1055 427 1248 498 capitis
1294 427 1499 484 Christi
1545 443 1709 482 unum
1742 434 1826 482 est
1852 428 1902 489 Α
1927 440 2022 481 ore
2049 427 2428 498 contingimus,
2453 442 2587 498 pura
2618 437 2794 484 mente
2825 431 3118 501 capiamus.
3149 432 3339 492 Mentis
3367 453 3497 508 ergo

245 520 493 576 omnium
530 519 822 575 electorum
862 534 1094 590 corpus;
1137 535 1242 575 uno
1282 520 1473 590 spiritu
1497 529 1823 591 vegetatum,

242 624 348 664 suo
380 609 543 679 capiti
572 607 1007 680 inseparabiliter
1033 610 1264 676 unitum,
1297 627 1514 666 suorum
1557 612 1826 668 membro-

245 715 369 755 rum
391 698 751 756 indissolubili
783 701 1116 756 connexione
1154 700 1440 757 soiidatum
1480 711 1638 772 atque
1677 719 1827 759 com-

241 799 485 859 pactum,
531 788 644 844 sola
699 791 995 860 gratiarum
1041 791 1305 848 varietate
1335 793 1668 860 distinctum,
1724 809 1826 850 nec

244 881 578 936 mortalitate
605 881 858 946 divisum,
886 896 984 936 nec
1008 881 1122 943 ipsa
1151 890 1326 940 morte
1348 884 1682 940 solvendum.
1715 884 1824 941 Ne-

243 988 354 1042 que
379 971 523 1026 enim
551 973 676 1042 quia
702 973 884 1028 talium
917 972 1294 1044 figmentorum
1321 976 1530 1043 doctor,
1569 993 1691 1034 cum
1722 979 1824 1034 ad-

226 1063 356 1119 ,hnc
390 1063 694 1119 mortaliter
716 1065 868 1129 vivit,
901 1074 1056 1134 pater
1081 1074 1261 1121 autem
1297 1065 1476 1123 forsan
1501 1077 1746 1125 mortuus
1770 1055 1826 1126 et

239 1153 452 1223 pulveri
502 1154 744 1210 redditus
790 1164 894 1218 est,
930 1156 1132 1212 idcirco
1166 1157 1250 1212 vel
1289 1173 1320 1212 a
1368 1158 1602 1226 Christo,
1635 1160 1678 1215 si
1707 1158 1823 1229 ejus

239 1247 488 1301 membra
519 1259 851 1312 meruerunt,
876 1249 960 1304 vel
1004 1265 1035 1303 a
1070 1265 1131 1306 se
1162 1251 1416 1318 invicem,
1463 1261 1723 1324 quantum
1754 1253 1824 1308 ad

241 1336 474 1406 gratiam
506 1337 726 1394 unitatis
745 1339 988 1409 corporis
1015 1338 1215 1396 Christi
1246 1341 1823 1408 attinet,mortalitatis

240 1434 339 1482 aut
384 1428 573 1482 mortis
617 1428 895 1484 obstaculo
927 1429 1083 1485 divisi
1124 1439 1270 1496 sunt,
1301 1432 1556 1502 quoniam
1585 1433 1823 1490 conditio

238 1519 591 1575 mortalitatis
611 1528 665 1576 et
689 1521 881 1576 mortis
912 1522 979 1577 ad
1004 1536 1220 1593 ptenam
1243 1525 1478 1595 pertinet
1503 1526 1822 1596 praevarica-

237 1611 408 1666 tionis
435 1611 689 1682 antiquai,
720 1628 824 1668 non
853 1614 920 1668 ad
943 1615 1198 1685 spiritalis
1227 1617 1587 1675 innovationis
1629 1619 1819 1676 ineffa-

233 1701 406 1757 bilem
433 1704 715 1759 nnitatem.
749 1705 1020 1761 Unitatcm
1047 1708 1207 1763 istam
1249 1709 1361 1765 sola
1406 1711 1646 1766 charitas
1672 1725 1820 1768 com-

1926 527 2011 575 est
2050 519 2204 574 cibus
2233 519 2355 585 iste,
2398 536 2502 575 non
2547 523 2783 590 ventris;
2827 540 2932 580 non
2981 529 3365 600 corrumpitur,
3401 533 3497 588 sed

1925 617 2204 679 permanet
2232 610 2286 665 in
2312 611 2478 666 vitam
2504 620 2784 681 aeternam,
2815 617 3070 686 quoniam
3113 620 3200 690 pie
3238 623 3499 677 sumenti-

1919 691 2025 756 ibus
2050 701 2258 758 confert
2288 704 2452 758 vitam
2480 714 2760 762 aeternam.
2807 707 2900 764 Pie
2950 718 3127 766 autem
3176 714 3339 768 sumit
3385 716 3499 784 qui,
3565 751 3568 754 ~

1919 792 2117 866 _spiritu
2147 794 2268 848 fidei
2297 795 2626 852 illuminatus
2653 839 2666 862 ,
2698 799 2751 853 in
2793 799 2882 855 illo
2924 801 3044 858 cibo
3072 813 3128 858 et
3151 813 3278 874 potu
3305 805 3504 861 visibili

1915 881 2180 961 virtutem
2211 883 2558 956 intelligibilis
2586 889 2772 957 gratiae
2797 891 2967 945 esurit
2995 907 3058 947 ac
3082 893 3214 956 sitit;
3243 903 3296 948 et
3321 895 3501 951 minus

1926 971 2288 1042 indulgentize,
2334 985 2390 1030 et
2431 976 2619 1032 salutis
2649 979 2960 1048 spiritaliter
2985 984 3279 1054 percipit...
3328 985 3504 1040 nulla-

1924 1067 2079 1116 tenus
2107 1063 2389 1133 cogitanda
2431 1065 2514 1121 vel
2553 1069 2838 1123 metuenda
2885 1083 2969 1125 est
3014 1073 3068 1126 in
3113 1072 3214 1129 hoc
3245 1077 3503 1145 mysterio

1923 1151 2029 1207 ulla
2067 1153 2308 1223 pollutio.
2344 1154 2593 1213 Christus
2628 1159 2774 1214 enim
2807 1159 2902 1215 Dei
2931 1162 3126 1229 virtus,
3173 1173 3228 1219 et
3273 1165 3366 1220 Dei
3417 1181 3504 1221 sa-

1921 1243 2123 1314 pientia
2155 1245 2208 1300 in
2237 1260 2302 1302 eo
2344 1249 2606 1314 sumitur;
2655 1265 2776 1320 qua:
2814 1251 3100 1322 sapientia,
3128 1263 3187 1309 ut
3221 1253 3504 1325 Scriptura

1922 1343 2169 1403 testatur,
2189 1339 2476 1394 candorem
2500 1340 2632 1397 lueis
2652 1351 2889 1409 internae,
2905 1346 3238 1401 etemanatio
3256 1348 3504 1417 quaedam

1922 1426 2184 1485 claritatis
2214 1429 2306 1485 Dei
2350 1430 2578 1487 sinceris
2600 1473 2614 1498 ,
2661 1442 2715 1489 et
2757 1434 2877 1490 ideo
2915 1435 3046 1490 nihil
3077 1437 3412 1506 inquinatum
3446 1438 3502 1494 in

1923 1518 2069 1573 illam
2116 1519 2363 1586 incurrit,
2394 1523 2610 1594 attingit
2637 1531 2816 1579 autem
2846 1525 3043 1595 ubique
3087 1514 3240 1582 suam
3289 1528 3504 1583 mundi-

1924 1607 2073 1660 tiam.
2107 1606 2313 1679 Corpus
2357 1609 2521 1681 igitur
2548 1610 2781 1679 Christi,
2811 1623 2870 1668 ut
2900 1615 3214 1684 prmdictum
3244 1624 3359 1682 est,
3393 1631 3503 1673 non

1921 1704 2004 1752 est
2033 1697 2086 1752 in
2114 1699 2294 1764 specie
2317 1699 2533 1762 visibili,
2563 1702 2656 1757 sed
2683 1702 2736 1757 in
2761 1703 2962 1760 virtute
2997 1705 3260 1775 spiritali,
3290 1721 3389 1761 nec
3415 1707 3502 1761 in-

236 1795 484 1864 paginat,
515 1797 626 1852 sola
657 1797 916 1869 iniquitas
955 1800 1206 1864 dissecat,
1246 1811 1479 1859 testante
1521 1803 1814 1874 Apostolo:

1923 1791 2133 1860 quinari
2164 1800 2342 1860 potest
2372 1791 2502 1848 faece
2529 1808 2786 1863 corporea
2807 1836 2820 1861 ,
2851 1797 2994 1865 quod
3029 1805 3085 1852 et
3112 1797 3416 1852 animarum
3446 1805 3506 1853 et

239 1882 349 1949 Qui
380 1885 610 1940 adlurret
659 1885 903 1953 Domino,
946 1907 1083 1944 unus
1127 1892 1342 1962 spiritus
1387 1901 1464 1948 est
1509 1893 1563 1966 (Ι
1594 1892 1717 1950 Cor.
1742 1911 1818 1961 vi,

239 1976 356 2046 17),
385 1985 440 2032 et
468 1977 736 2048 Propheta
761 1995 792 2035 e
820 1981 1092 2038 contrario
1123 1982 1447 2040 inclamante
1495 1999 1511 2039 :
1562 1985 1823 2057 Iniquita-

236 2081 316 2126 tes
345 2081 526 2127 vestrm
557 2073 839 2129 diviserunt
869 2075 1004 2129 inter
1037 2092 1122 2131 vos
1148 2085 1197 2131 et
1232 2076 1401 2133 Deum
1429 2088 1652 2133 vestrum
1681 2078 1818 2151 (Isa.

233 2178 366 2227 ux,
415 2163 508 2231 2).

308 2253 363 2309 8.
423 2254 788 2324 Reprehendit
847 2266 1065 2314 sanctus
1117 2259 1449 2332 Augustinus
1498 2263 1818 2321 Tichonium

231 2345 404 2416 quod,
432 2346 485 2400 in
517 2347 654 2402 libro
696 2348 1042 2420 chularum,
1093 2367 1254 2407 unam
1281 2353 1346 2408 de
1370 2363 1572 2424 septem
1597 2356 1662 2411 de
1694 2371 1817 2411 cor-

230 2452 368 2508 pore
410 2437 620 2493 Domini
650 2439 906 2509 bipartito
950 2442 1327 2507 nominaverit,
1376 2453 1688 2516 mutatoque
1719 2461 1816 2502 no-

231 2528 384 2583 mine
414 2527 928 2599 irreligioso,potius
951 2545 1071 2584 eam
1095 2532 1162 2587 de
1189 2548 1413 2603 corpore
1439 2533 1647 2591 Domini
1689 2550 1817 2590 vero

232 2626 399 2687 atque
429 2617 700 2685 simulato,
728 2620 811 2676 vel
843 2621 908 2676 de
932 2636 1158 2691 corpore
1189 2623 1399 2678 Domini
1424 2626 1701 2695 permisto,
1725 2641 1816 2680 as-

231 2707 372 2762 serit
402 2709 848 2779 nuncupandam;
880 2710 950 2765 ita
982 2721 1202 2767 sanctus
1245 2712 1408 2767 Pater
1451 2714 1665 2770 edocuit
1695 2729 1816 2772 esse

230 2813 380 2853 nunc
406 2809 629 2870 propter
669 2815 831 2855 unam
875 2801 1138 2858 bonorum
1187 2813 1242 2858 et
1280 2803 1544 2858 malorum
1586 2805 1816 2874 piscium

231 2887 539 2958 captionem
584 2887 637 2943 in
677 2887 876 2944 Christi
911 2904 1137 2960 corpore
1165 2892 1588 2960 permistionem.

303 2979 360 3036 9.
393 2980 718 3036 Divisionem
747 2995 876 3036 vero
902 2982 1223 3050 repudiavit,
1249 2984 1500 3052 quoniam
1530 2984 1816 3040 indissolu-

228 3071 361 3127 bilis
386 3071 709 3126 sacramenti
730 3071 908 3128 unitas
933 3071 1132 3126 nullam
1155 3073 1368 3142 penitus
1395 3075 1583 3144 recipit
1618 3077 1813 3133 sectio-

230 3176 379 3216 nem.
431 3161 604 3229 Quam
635 3161 830 3217 misera
875 3171 1054 3216 autem
1100 3163 1373 3218 anxietate
1420 3165 1712 3219 ventilatur
1757 3175 1811 3222 et

225 3261 561 3317 coarctatur,
589 3267 711 3307 cum
739 3267 936 3322 corpus
952 3252 1150 3306 Christi
1172 3253 1422 3308 humana:
1448 3256 1811 3324 corruptionis

228 3324 485 3395 Sordibus
512 3340 781 3410 inquinari
809 3338 1085 3404 formidat,
1113 3349 1167 3395 et
1196 3341 1399 3396 idcirco
1423 3342 1503 3397 vel
1535 3343 1585 3397 iu
1610 3344 1808 3398 ccelum

227 3430 400 3499 recipi
425 3430 765 3486 invisibiliter
791 3430 874 3485 vel
907 3430 958 3484 in
984 3430 1227 3500 corporis
1260 3431 1426 3486 nostri
1455 3432 1600 3488 velut
1626 3434 1812 3488 condi-

226 3521 374 3575 torio
411 3520 596 3591 reponi
647 3520 784 3576 mira
828 3521 1068 3576 vanitate
1117 3521 1342 3578 delirat!
1392 3523 1556 3577 Addit
1597 3540 1811 3596 quoque

223 3628 396 3680 usque
424 3612 479 3664 in
516 3611 650 3665 diem
693 3611 991 3681 sepultum,
1031 3621 1278 3670 metuens
1320 3614 1570 3670 videlicet
1616 3631 1682 3670 ne
1727 3615 1810 3670 vel

224 3710 382 3766 tunc,
417 3700 518 3755 nisi
563 3701 746 3756 nescio
789 3716 896 3770 quo
934 3700 1187 3757 invisibili
1236 3704 1414 3766 modo,
1461 3719 1490 3758 a
1521 3705 1674 3759 nobis
1703 3705 1812 3759 dis-

219 3802 438 3848 cretum
469 3792 630 3847 fuerit
655 3808 847 3864 corpus
873 3793 1107 3860 Christi,
1143 3796 1316 3850 nostri
1351 3797 1594 3866 corporis
1623 3797 1810 3851 condi-

222 3885 380 3940 tione
420 3885 473 3939 in
500 3885 771 3954 pulverem
799 3885 1142 3940 dissolvatur.
1175 3885 1312 3953 Quid
1358 3896 1536 3942 autem
1588 3886 1811 3942 honoris

221 3977 277 4034 ei
309 3976 550 4035 confert.
578 3977 621 4032 si
658 3991 724 4030 ex
764 3992 913 4032 venae
959 3977 1236 4043 incisione,
1277 3978 1474 4032 mirum
1501 3994 1596 4032 cur
1621 3993 1726 4032 non
1756 3987 1812 4033 et

222 4072 442 4127 narium
493 4069 636 4125 ﬂuxu
685 4071 844 4126 simul
889 4071 1047 4127 simul
1084 4071 1250 4127 ﬂuere
1287 4074 1573 4143 opinatur?
1629 4088 1808 4128 annon

221 4163 476 4218 videmus
505 4162 699 4232 quibus
739 4171 794 4217 et
845 4177 1004 4232 quam
1053 4163 1284 4219 sordidis
1334 4164 1654 4219 animalibus
1697 4165 1808 4219 sive

223 4253 364 4308 locis
391 4253 544 4308 fusus
570 4261 754 4322 pateat
778 4253 993 4322 sanguis
1013 4253 1313 4308 humanus?
1331 4255 1508 4309 absint
1537 4254 1605 4308 ab
1629 4255 1809 4309 animo

222 4343 376 4399 fideli
403 4344 468 4399 de
496 4343 754 4416 mysterio
780 4343 1000 4398 salutari
1029 4352 1190 4412 atque
1218 4343 1422 4399 cmlesti
1461 4352 1568 4398 tam
1618 4345 1808 4413 inepta:

221 4445 284 4491 et
313 4434 547 4490 sordida:
575 4435 954 4505 cogitationes!
986 4434 1216 4491 Prorsus
1239 4436 1392 4505 panis
1419 4435 1508 4490 ille
1533 4451 1808 4491 sacrosan-

221 4521 334 4583 ctze
361 4525 647 4582 oblationis
673 4541 868 4597 corpus
913 4533 996 4581 est
1034 4525 1254 4592 Christi,
1297 4541 1402 4580 non
1455 4525 1680 4581 materie
1726 4527 1808 4581 vel

220 4619 412 4694 specie
441 4617 656 4683 visibili,
687 4619 779 4674 sed
810 4618 1007 4674 virtute
1036 4627 1090 4674 et
1115 4619 1350 4688 potentia
1378 4618 1664 4688 spirituali.
1709 4618 1810 4673 Ne-

222 4722 338 4780 que
367 4707 511 4761 enim
539 4707 592 4762 in
622 4722 752 4778 agro
778 4708 932 4763 nobis
958 4721 1153 4777 corpus
1189 4705 1388 4762 Christi
1427 4707 1682 4777 gignitur,
1719 4707 1814 4760 aut

224 4791 285 4854 in
312 4800 471 4853 vinea
500 4799 718 4870 sanguis
748 4798 860 4868 ejus
900 4799 1158 4865 exoritur,
1206 4799 1290 4854 vel
1329 4798 1579 4854 torculari
1624 4799 1807 4868 expri-

224 4883 420 4966 mitur.
447 4889 686 4959 Simplex
715 4903 747 4942 e
779 4889 1022 4960 frugibus
1057 4890 1214 4958 panis
1249 4888 1550 4950 conficitur,
1583 4889 1808 4959 simplex

223 4998 258 5036 e
293 4982 462 5037 botris
499 4981 680 5036 vinum
732 4981 986 5052 liquatur,
1022 4981 1231 5036 accedit
1273 4981 1340 5035 ad
1389 4982 1504 5035 haec
1538 4979 1810 5036 offerentis

223 5073 491 5129 Ecclesia:
530 5072 686 5137 fides,
712 5072 917 5128 accedit
962 5071 1203 5144 mystica
1227 5071 1403 5141 precis
1431 5071 1767 5126 consecratio
1794 5111 1808 5134 ,
1841 5114 1844 5122 .

227 5167 443 5222 accedit
467 5166 661 5221 divina:
687 5165 902 5220 virtutis
930 5165 1156 5229 infusio;
1187 5163 1373 5234 sicque
1392 5203 1406 5228 ,
1436 5162 1574 5218 miro
1599 5170 1654 5216 et
1679 5162 1825 5227 incf:

229 5256 383 5311 fabili
415 5256 592 5320 modo,
618 5255 761 5326 quod
787 5263 870 5310 est
891 5254 1210 5309 naturaliter
1235 5268 1300 5309 ex
1327 5253 1564 5325 germine
1595 5259 1812 5306 terreno

229 5349 390 5418 panis
419 5355 475 5401 et
497 5347 704 5410 vinum,
734 5346 961 5402 efficitur
985 5346 1335 5417 Spiritualiter
1362 5360 1557 5416 corpus
1586 5343 1808 5408 Christi,

229 5439 286 5494 id
311 5447 396 5493 est
423 5439 545 5492 vita:
569 5446 625 5492 et
652 5437 840 5493 salutis
869 5446 1066 5492 nostra:
1094 5437 1434 5508 mysterium,
1463 5436 1514 5490 in
1537 5451 1643 5505 quo
1667 5435 1810 5490 aliud

230 5529 403 5584 oculis
426 5530 690 5600 corporis,
727 5529 872 5583 aliud
904 5527 1028 5584 fidei
1064 5528 1308 5583 videmus
1346 5528 1730 5592 olitentuanec
1760 5526 1811 5580 id

233 5600 444 5672 tantum
482 5617 624 5687 quod
670 5633 763 5674 ore
800 5618 1156 5688 percipimus,
1189 5615 1282 5671 sed
1317 5617 1456 5686 quod
1490 5624 1667 5671 mente
1696 5631 1813 5669 crc-

234 5708 432 5779 dimus,
465 5708 712 5765 libamus.
750 5709 899 5766 Unde
933 5718 987 5765 et
1027 5708 1256 5764 fideliter
1297 5709 1528 5777 petimus
1570 5716 1630 5763 ut
1670 5708 1812 5775 quod

796 5798 813 5822 7

1923 1893 2206 1947 corporum
2238 1880 2366 1936 vitia
2393 1881 2654 1938 mundare
2679 1886 2979 1940 consuevit.

1992 1968 2078 2024 10.
2110 1969 2347 2026 Obsecro
2367 2010 2383 2038 ,
2424 1970 2617 2028 Patres
2646 1973 2965 2039 beatissimi,
2997 1984 3059 2031 ut
3084 1977 3504 2034 reminiscautur

1920 2058 2160 2128 piissima
2183 2061 2346 2116 corda
2376 2070 2553 2116 vestra
2573 2101 2589 2125 ,
2623 2070 2680 2117 et
2719 2078 2843 2120 cum
2885 2065 3031 2120 omni
3070 2065 3265 2122 timore
3289 2082 3355 2124 ac
3385 2076 3500 2126 tre-

1920 2167 2071 2207 more
2094 2152 2361 2223 cogitent,
2391 2163 2590 2224 quanta
2622 2156 2888 2212 exstiterit
2913 2157 2964 2213 in
2991 2160 3227 2232 antiquis
3250 2161 3504 2221 Patribus

1920 2244 2126 2299 cautela
2156 2244 2277 2301 fidei
2303 2255 2358 2301 et
2376 2261 2503 2301 cura
2531 2248 2799 2316 veritatis,
2821 2259 2878 2305 et
2893 2260 3105 2321 quanto
3127 2252 3241 2314 zelo
3264 2253 3504 2324 perﬁdiae

1919 2339 2123 2393 Semina
2139 2349 2192 2394 et
2209 2339 2500 2410 impietatis
2515 2342 2765 2397 scandala
2782 2345 3218 2415 exstirpaverint,
3235 2358 3504 2419 quatenus

1918 2428 2156 2484 Ecclesia
2185 2429 2387 2485 Christi
2419 2446 2615 2502 sponsa
2639 2473 2655 2496 ,
2687 2435 2819 2502 Agni
2849 2436 3030 2503 sponsi
3063 2452 3127 2492 ac
3159 2438 3371 2500 Domini
3413 2441 3501 2496 sui

1920 2522 2179 2592 sanguine
2203 2522 2476 2592 redempta
2516 2533 2570 2578 et
2597 2534 2813 2590 ornata,
2839 2527 2955 2582 sine
2985 2529 3192 2583 macula
3230 2530 3502 2586 invenit-eo

1921 2619 2008 2665 tur
2032 2620 2087 2666 et
2114 2627 2265 2682 ruga.
2297 2611 2476 2668 Taceo
2511 2613 2801 2669 Sabellium
2828 2624 2881 2670 et
2906 2616 3118 2682 Arium,
3147 2619 3238 2687 qui
3272 2620 3323 2672 in
3349 2635 3498 2674 sum-

1919 2716 2022 2755 mai
2068 2709 2231 2771 atque
2266 2702 2582 2766 individum,
2632 2713 2690 2757 et
2741 2713 3026 2761 coreternte
3073 2708 3355 2764 Trinitatis
3397 2710 3502 2765 fide

1921 2803 2312 2864 peccaverunt;
2344 2796 2694 2865 praetermitto
2724 2795 3049 2864 Nestorium,
3089 2809 3144 2854 et
3177 2801 3453 2872 Eutychen
3481 2843 3497 2868 ,

1919 2901 2056 2955 quos
2085 2887 2137 2940 in
2178 2886 2281 2942 fide
2313 2887 2699 2942 incarnationis
2745 2887 3012 2959 Uuigeniti
3055 2891 3217 2960 impia
3260 2894 3499 2949 sensisse

1919 2978 2192 3049 vulgatum
2223 2985 2329 3033 est.
2358 2978 2468 3034 Nec
2497 2977 2617 3034 illos
2643 2979 2898 3050 contingo
2923 2981 3050 3051 qui,
3083 2982 3208 3038 licet
3249 2984 3499 3040 eamdem

1920 3066 2079 3123 fidem
2128 3069 2406 3126 Trinitatis
2453 3078 2734 3137 tenentes,
2783 3073 3076 3129 schismate
3120 3077 3501 3133 obstinationis

1919 3157 2108 3227 spiritu
2138 3159 2207 3214 ab
2231 3159 2472 3216 Ecclesia
2505 3171 2865 3218 recesserunt.
2911 3163 2992 3218 Ad
3036 3180 3129 3220 eos
3158 3167 3312 3222 venio
3332 3156 3496 3239 quos,

1915 3248 1968 3303 in
1995 3250 2140 3304 cultu
2181 3259 2236 3305 et
2265 3252 2627 3309 celebratione
2665 3270 2941 3311 sacrorum
2980 3267 3287 3314 sanctorum
3318 3263 3500 3317 seuin

1913 3342 2300 3411 superstitiosis
2330 3345 2646 3414 quibusdam
2687 3347 3047 3406 observantiis
3072 3362 3456 3411 evanescentes
3480 3397 3498 3420 ,

1914 3433 2135 3511 antiqua
2163 3433 2450 3490 sinceritas
2476 3434 2619 3492 foras
2663 3439 2827 3494 misit.
2856 3440 2993 3496 Sunt
3015 3441 3382 3515 Cataphryges
3411 3445 3495 3499 fu-

1913 3532 2086 3588 nesta,
2118 3533 2173 3578 et
2200 3524 2475 3581 Manichaei
2503 3543 2695 3598 spurca
2725 3530 3060 3588 celebrantes
3085 3536 3341 3605 mysteria
3369 3536 3496 3605 jure

1913 3615 2182 3681 damnati;
2215 3615 2516 3673 habeantur
2543 3621 2704 3674 etiam
2732 3621 2994 3678 Adamita:
3013 3625 3083 3679 ob
3109 3627 3496 3696 impudentiam

1905 3703 2029 3774 jure
2059 3706 2127 3760 ab
2148 3707 2386 3762 Ecclesia
2422 3709 2582 3778 pulsi.
2617 3709 2756 3765 Nudi
2787 3712 2931 3766 enim
2955 3714 3078 3778 viri,
3104 3723 3158 3768 et
3185 3715 3398 3772 feminae
3423 3719 3494 3772 ad

1913 3794 2266 3852 imitationem
2292 3797 2420 3854 Adae
2444 3801 2700 3870 mysteria
2727 3803 3064 3864 exercebant,
3091 3803 3496 3876 Ecclesiamque

1915 3878 2067 3943 suam
2098 3889 2408 3958 paradisum
2434 3892 2741 3956 vocabant,
2769 3902 2824 3948 et
2855 3901 3033 3950 tamen
3073 3911 3102 3950 a
3132 3899 3496 3967 superstitiosi

1912 3977 2092 4033 cultus
2116 3979 2460 4034 observantia
2510 3989 2773 4050 quantum
2821 3981 3000 4038 differt
3041 3987 3353 4054 superstitio
3387 4004 3492 4043 nu-

1913 4070 2118 4126 ditatis.
2148 4071 2427 4137 Artonitze,
2453 4072 2544 4142 qui
2571 4088 2746 4143 graeco
2776 4073 2989 4143 eloquio
3014 4091 3080 4130 ex
3110 4091 3249 4146 pane
3283 4093 3491 4134 nuneu-

1912 4171 2110 4230 pantur
2137 4171 2195 4217 et
2232 4177 2423 4229 caseo,
2468 4164 2660 4218 merito
2699 4162 3008 4232 iudicentur
3049 4169 3327 4234 extranei,
3355 4185 3494 4240 quo-

1896 4246 2056 4304 niam
2085 4266 2181 4320 pro
2209 4266 2346 4320 pane
2375 4259 2430 4305 et
2459 4252 2582 4306 vino
2607 4253 2916 4324 evangelico
2958 4255 3007 4308 in
3040 4257 3314 4328 mysteriis
3339 4260 3451 4315 suis
3475 4301 3490 4324 ,

1911 4339 2058 4395 velut
2105 4340 2234 4395 Cain
2283 4349 2338 4396 et
2381 4341 2511 4396 Abel
2561 4342 2889 4407 imitatores,
2925 4360 3117 4414 panem
3167 4355 3222 4401 et
3268 4333 3519 4404 caseum,

1913 4431 2226 4487 offerebant.
2258 4432 2481 4502 Aquarii
2509 4448 2720 4504 quoque
2763 4434 3029 4499 similiter,
3072 4443 3255 4504 utpote
3293 4451 3488 4506 aquam

1911 4523 2084 4578 solam
2113 4532 2300 4579 contra
2325 4533 2647 4593 praeceptum
2680 4525 3054 4596 Evangelicum
3082 4525 3376 4579 offerebant
3394 4565 3408 4585 .
3439 4535 3492 4579 et

1920 4624 2098 4671 tamen
2136 4616 2223 4685 pie
2253 4615 2700 4670 considerandum
2727 4617 2871 4685 quod
2905 4624 2960 4670 et
2997 4615 3048 4668 lii
3083 4623 3138 4669 et
3173 4614 3244 4668 illi
3278 4613 3348 4667 ob
3389 4616 3491 4669 hoc

1916 4688 2250 4764 solummodo
2274 4707 2466 4776 abjecti
2494 4717 2636 4769 sunt,
2662 4707 2785 4774 quia
2820 4705 2872 4759 in
2915 4703 3173 4774 mysterio
3200 4703 3450 4759 sacriﬁcii
3473 4745 3489 4767 ,

1916 4808 2100 4855 contra
2131 4798 2497 4869 evangelicum
2527 4807 2582 4852 et
2612 4797 2963 4867 apostolicum
2991 4795 3340 4850 constitutum
3359 4835 3374 4860 ,
3405 4796 3493 4851 vel

1916 4897 2128 4944 mutare
2156 4888 2450 4959 quidpiam,
2494 4886 2578 4942 vel
2623 4887 2819 4940 addere
2859 4892 2952 4938 aut
2998 4884 3316 4940 subtrahere
3345 4900 3487 4954 prai-

1914 4992 2276 5054 sumpserunt.
2307 4983 2431 5037 [hnc
2455 4982 2614 5052 igitur
2640 4980 2692 5033 in
2719 4980 2890 5034 sacris
2920 4979 3020 5034 rite
3046 4979 3344 5047 improbata
3361 4978 3487 5047 jure
3515 4967 3517 4970 i

1914 5073 2164 5127 videntur
2193 5087 2310 5127 esse
2350 5072 2555 5140 punita,
2589 5078 2772 5138 utpote
2809 5069 3005 5138 quibus
3035 5078 3240 5123 tantum
3281 5077 3484 5141 mysteo

1914 5164 2053 5217 rium
2093 5163 2254 5232 impie
2278 5162 2527 5217 violatur.
2557 5161 2696 5224 Oro,
2740 5160 2867 5230 quid
2897 5169 3335 5215 commeruerunt
3375 5162 3483 5214 Eu-

1913 5254 2072 5307 chita:
2096 5293 2110 5316 ,
2152 5268 2325 5323 grazco
2355 5251 2612 5306 vocabulo
2641 5250 2708 5304 ab
2747 5251 2956 5305 orando
3004 5251 3330 5320 nuncupati?
3357 5251 3485 5327 quid
3512 5311 3517 5322 .

1916 5343 2166 5414 Dactyliei
2202 5361 2231 5397 a
2259 5345 2454 5410 digito,
2487 5342 2611 5410 quid
2641 5342 2838 5397 Ascita:
2865 5344 2932 5398 ab
2955 5353 3072 5396 utre
3109 5342 3322 5396 vocitati
3353 5341 3484 5396 deli-

1913 5445 2168 5506 querunt,
2199 5447 2256 5489 ut
2285 5433 2525 5488 Ecclesia
2551 5432 2963 5488 excluderetur?
2991 5434 3134 5488 Bona
3163 5438 3246 5486 est
3275 5430 3479 5494 oratio,

1914 5536 1968 5582 et
1999 5536 2175 5581 tamen
2206 5524 2362 5594 primi
2401 5524 2470 5579 ob
2517 5523 2741 5578 nimium
2780 5524 3038 5578 orationis
3073 5536 3350 5575 excessum
3397 5534 3481 5576 re-

1913 5617 2083 5688 pulsi:
2104 5616 2298 5670 bonum
2322 5623 2403 5669 est
2427 5623 2482 5669 et
2503 5614 2806 5679 silentium;
2834 5613 2924 5668 sed
2950 5613 3018 5665 ob
3049 5611 3265 5665 nimiam
3290 5607 3482 5663 silendi

1913 5706 2381 5776 superstitionem,
2430 5707 2502 5760 ita
2551 5715 2611 5761 ut
2656 5705 2883 5774 digitum
2931 5703 3086 5756 labiis
3130 5705 3482 5770 opponerent,
