4050 6302
549 358 618 418 79
850 436 855 441 ἢ
1669 352 1872 410 nom
1908 349 2180 409 DIACON!
2215 349 2696 409 LUGDUNENSIS
2794 326 2797 339 '
3747 352 3829 410 so

552 467 775 523 secundi
800 466 992 538 abiecti
1025 475 1167 523 sunt.
1196 463 1314 519 Jam
1340 476 1468 518 vero
1490 461 1686 518 Ascitze
1706 462 1833 532 quid
1865 461 2131 533 agebant?
2157 466 2206 526 Α
2233 462 2649 530 przecedentium
2673 461 2732 516 in
2764 460 2959 519 talibus
2984 458 3164 527 rebus,
3189 471 3246 517 ιιι
3268 476 3429 536 supra
3450 463 3822 534 ostendimus,

551 574 713 627 quam
748 556 863 613 leve
894 571 1056 621 nunc,
1089 571 1249 627 quam
1285 569 1389 608 non
1420 552 1742 618 curandum,
1780 568 1940 622 quam
1967 553 2132 608 etiam

549 650 820 705 ludicrum
871 647 1190 719 putaretur?
1234 653 1408 698 utrem
1463 641 1726 708 inﬂatum,
1778 652 1834 698 et
1881 651 2130 714 opertum

2233 551 2503 621 exempla,
2532 568 2761 624 quorum
2787 553 2964 607 exitus
2991 554 3361 623 pertimescat.

2881 644 3155 701 Eertcrr.

551 742 688 797 ebrii
725 739 1214 797 circumvenientes
1252 733 1370 807 [al.,
1397 734 1849 806 circumeuntes],
1894 750 1954 789 se
1983 744 2132 789 utres
2225 733 2230 737 ’

547 853 721 894 novos
746 835 1057 907 evangelieo
1099 834 1224 886 vino
1262 830 1493 901 repletos
1518 830 1787 885 dicebant.
1821 828 2129 884 Cavendum

552 943 705 999 ergo,
734 926 924 982 Patres
955 923 1295 985 Beatissimi,
1331 929 1385 976 et
1413 928 1638 991 paterna
1688 919 1959 990 vigilantia
2005 935 2132 991 pro-

548 1020 864 1083 videndum,
889 1032 956 1071 ne
979 1014 1119 1069 forte
1144 1025 1197 1067 et
1220 1028 1364 1068 nunc
1385 1011 1558 1066 hostis
1585 1011 1869 1081 antiquus,
1899 1010 1988 1080 qui
2015 1021 2132 1065 tan-

548 1126 711 1180 quam
740 1109 824 1163 leo
849 1107 1067 1174 rugiens
1093 1104 1289 1160 circuit
1317 1116 1568 1173 qumreus
1589 1116 1749 1171 quem
1778 1100 2021 1166 devoret,
2038 1102 2129 1172 qui

545 1213 802 1270 magnum
831 1198 897 1253 de
923 1196 1135 1251 modico
1162 1209 1303 1264 saepe
1332 1193 1533 1248 malum
1561 1192 1781 1257 excitat,
1807 1199 1863 1247 et
1886 1192 1952 1247 de
1984 1192 2130 1269 scin:

542 1291 672 1347 tillis
702 1287 898 1344 confiat
924 1286 1172 1343 incendia
1196 1301 1355 1351 nova,
1376 1297 1475 1355 per
1503 1285 1600 1339 has
1624 1298 1791 1338 novas
1812 1282 2128 1354 phantasias

546 1383 599 1436 in
636 1379 959 1450 simplicium
990 1387 1047 1433 et
1081 1377 1440 1449 ignorantium
1477 1374 1730 1431 cordibus
1758 1390 2006 1430 errorum
2046 1388 2128 1428 se-

545 1474 692 1528 mina
723 1473 951 1526 nutriat.
980 1469 1295 1525 Curandum
1323 1467 1486 1521 etiam
1522 1482 1589 1522 ne
1615 1481 1712 1537 per
1732 1479 1919 1520 earum
1962 1464 2127 1532 impe-

541 1565 858 1621 ritissimum
893 1571 1129 1618 actorem
1154 1561 1332 1617 divina
1361 1556 1631 1615 volumina
1652 1558 1922 1613 violentur
1952 1576 1964 1610 :
1995 1572 2125 1611 cou-

540 1658 648 1712 fert
677 1656 821 1711 enim
846 1670 911 1710 ea
938 1654 1154 1709 assidue
1183 1667 1304 1708 cum
1332 1650 1573 1707 Hebraeis
1593 1690 1609 1716 ,
1649 1658 1732 1714 et,
1764 1649 1889 1719 quia
1919 1648 2121 1703 nullam

539 1753 736 1822 linguae
770 1750 978 1816 eorum,
1011 1748 1211 1805 nullam
1244 1747 1550 1802 litterarum
1579 1744 2000 1800 familiaritatem
2027 1743 2123 1797 ha-

2966 886 3077 959 Π.

2230 1002 2313 1087 In
2346 1004 2592 1089 nomine
2616 1002 2880 1089 Domini
2910 1006 3353 1089 Jes_u_Chrisli_,
3394 1008 3620 1089 incipit
3658 1023 3827 1089 opu-

2310 1082 2551 1172 sculum
2587 1082 2659 1142 de
2716 1101 2901 1143 causa
2941 1083 3121 1175 fidei,
3177 1085 3349 1164 apud
3384 1082 3831 1175 _Ca_rj'siacc'nse

2312 1164 2749 1239 episcoporum
2778 1164 3111 1223 concilium
3148 1180 3350 1243 nuper
3377 1164 3613 1228 habita.

2302 1290 2352 1343 l.
2386 1289 2492 1345 Res
2526 1291 2835 1362 nuperrime
2871 1294 3008 1364 apud
3052 1294 3387 1351 Carisiacum
3425 1296 3687 1366 palatium
3709 1340 3726 1367 ,
3764 1301 3825 1356 in

2229 1381 2461 1451 generali
2492 1392 2546 1437 et
2578 1379 2730 1439 valde
2749 1385 2947 1440 celebri
2976 1387 3350 1457 episcoporum
3378 1389 3629 1455 concilio,
3654 1407 3828 1462 super

2227 1473 2548 1542 quibusdam
2573 1476 2752 1531 causis
2794 1468 3016 1531 fidei'et
3056 1478 3526 1534 observationibus
3560 1481 3828 1537 ecclesia-

2228 1564 2376 1619 sticis
2419 1574 2540 1619 acta
2580 1574 2667 1621 est
2690 1606 2705 1632 ,
2752 1567 2886 1623 adeo
2916 1567 3285 1624 memorabilis
3313 1578 3367 1624 et
3403 1570 3634 1625 salubris
3657 1613 3672 1637 ,
3717 1582 3822 1637 ut,

2226 1653 2350 1733 licet
2376 1657 2427 1711 in
2458 1658 2698 1713 omnium
2739 1658 2849 1713 fere
2886 1660 3133 1715 notitiam
3174 1661 3449 1732 propalata
3474 1663 3574 1726 sit,
3607 1663 3825 1736 dignis-

2226 1745 2362 1801 sima
2395 1755 2571 1802 tamen
2598 1749 2795 1803 existat
2831 1764 2950 1819 quae
2985 1749 3051 1804 ad
3081 1749 3365 1805 utilitatem
3407 1758 3463 1805 et
3499 1752 3830 1808 aedificatio—

540 1841 652 1904 bet,
684 1839 1013 1909 frequenter,
1043 1848 1104 1893 ut
1132 1837 1291 1892 audio
1315 1877 1329 1901 ,
1357 1851 1477 1905 quae
1515 1843 1639 1890 sunt
1664 1843 1808 1890 recta
1839 1834 2122 1903 pervertit.
2154 1823 2201 1883 Β
2229 1850 2351 1889 nem
2381 1835 2612 1890 fidelium
2634 1838 2832 1894 litteris
2857 1839 3122 1905 mandari,
3141 1849 3195 1893 et
3216 1848 3537 1896 cunctorum
3564 1826 3825 1900 sensibus

536 1928 674 1983 Nam
703 1937 759 1983 et
790 1930 844 1983 iu
877 1929 981 1983 hac
1009 1934 1161 1997 parte
1189 1934 1389 1981 tantam
1415 1924 1606 1979 Patres
1631 1924 1922 1979 adhibuere
1952 1930 2127 1977 caute-

536 2022 667 2085 lam,
693 2029 751 2075 ut
779 2018 1065 2091 Evangelia
1094 2034 1214 2089 qua:
1241 2018 1433 2074 beatus
1456 2016 1817 2088 Hieronymus
1844 2015 1913 2070 ab
1935 2014 2122 2078 Esitio,

536 2104 652 2166 sive
686 2110 926 2165 Luciano
955 2108 1148 2163 falsata
1182 2121 1303 2163 esse
1332 2114 1749 2170 commemorat,
1798 2104 1938 2159 inter
1964 2103 2125 2157 libros

536 2186 646 2258 non
696 2201 1033 2273 recipiendos
1085 2200 1399 2272 alijecerint.
1452 2198 1665 2266 Quanto
1702 2197 1899 2253 etenim
1954 2197 2124 2267 magis

533 2294 691 2350 istius
715 2293 1018 2348 emendatio
1060 2293 1218 2347 debet
1246 2306 1365 2347 esse
1393 2300 1641 2360 suspecta
1669 2331 1683 2356 ,
1713 2289 1804 2359 qui
1838 2289 1891 2343 iu
1926 2286 2120 2351 tantis,

526 2392 597 2439 ut
622 2398 711 2438 res
736 2383 862 2454 ipsa:
891 2383 1299 2446 demonstrant,
1330 2387 1656 2451 praeceptum
1681 2378 1852 2435 calcat
1883 2377 2124 2449 Scriptu-

532 2490 609 2530 ra:
646 2476 874 2531 dicentis
919 2494 932 2530 :
976 2473 1055 2529 Ne
1098 2473 1505 2544 transgrediaris
1550 2472 1798 2527 terminos
1839 2472 2119 2542 antiquos,

530 2584 661 2639 quos
684 2575 972 2638 posuerunt
1000 2576 1174 2637 putres
1201 2565 1278 2619 tui
1306 2563 1488 2634 (Prov.
1526 2579 1663 2629 xxn,
1692 2562 1807 2634 28).

604 2658 691 2712 ﬂ.
722 2657 853 2713 “me
889 2669 1033 2720 sunt,
1064 2671 1097 2711 o
1124 2653 1446 2711 sanctissimi
1491 2653 1708 2717 Patres,
1757 2666 1876 2722 qua)
1921 2667 2020 2722 pro
2052 2650 2119 2705 ti-

530 2762 683 2803 more
711 2747 835 2810 Dei,
871 2762 970 2817 pro
999 2747 1206 2801 honore
1247 2744 1367 2801 lidei
1388 2785 1402 2811 ,
1434 2759 1532 2815 pro
1557 2759 1742 2800 amore
1771 2752 1949 2799 vestro
1968 2784 1982 2809 ,
2014 2743 2121 2798 imo

529 2838 1009 2901 totiusEcclesi:e,
1062 2836 1460 2891 mansuetudini
1507 2843 1697 2890 vestrae
1743 2835 1943 2890 credidi
1990 2835 2119 2889 iuti-

531 2927 750 2981 manda.
770 2926 1151 2998 'Nuncpreeor
1182 2927 1451 2997 indignus,
1477 2936 1531 2981 et
1559 2928 1787 2982 obsecro
1809 2942 1907 2996 per
1934 2926 2118 2980 Domi-

532 3033 661 3072 num
687 3027 929 3073 nostrum
960 3017 1144 3072 Jesum
1170 3014 1467 3080 Christum,
1494 3006 1586 3085 qui
1617 3014 1803 3069 dilexit
1823 3014 2119 3069 Ecclesium

533 3125 727 3175 suam,
772 3118 828 3164 et
876 3109 1108 3179 seipsum
1164 3107 1390 3161 credidit
1423 3105 1544 3180 [al.,
1602 3103 1839 3176 tradidit]
1883 3119 1981 3175 pro
2020 3119 2115 3170 ea,

532 3201 800 3256 mundans
829 3176 1208 3254 eam-lavacro
1238 3213 1391 3267 aqua:
1425 3176 1482 3253 in
1514 3199 1700 3263 verbo,
1733 3205 1794 3251 ut
1838 3194 2122 3251 exhiberet
2147 3176 2191 3234 (ἶ

533 3297 650 3365 ipse
685 3293 787 3349 Sibi
814 3292 1096 3364 gloriosam
1114 3290 1420 3347 ‘Ecclesiam
1440 3330 1455 3356 ,
1487 3304 1593 3345 non
1620 3288 1903 3344 habentem
1931 3303 2119 3343 macu-

531 3385 641 3439 lam
673 3392 765 3438 aut
803 3398 990 3453 rugam
1018 3391 1110 3438 aut
1142 3381 1344 3451 aliquid
1376 3378 1712 3449 huiusmodi,
1738 3387 1797 3434 ut
1824 3378 2133 3455 iullamme-p

531 3476 666 3531 mini
696 3475 943 3529 veritatis
971 3473 1106 3537 zelo,
1138 3482 1193 3526 et
1217 3486 1323 3526 una
1343 3485 1466 3526 cum
1489 3477 1677 3525 sancto
1700 3468 1930 3525 concilio
1958 3483 2123 3538 expu-

535 3565 712 3637 gnetis
733 3563 1429 3631 erroreminsulsissimum
1452 3602 1467 3628 ,
1514 3575 1689 3631 neque
1718 3560 1783 3617 de
1811 3561 1914 3616 hac
1940 3559 2119 3614 solum

532 3667 742 3725 nostra,
782 3671 901 3728 qua:
948 3656 1139 3728 praedae
1184 3661 1239 3709 et
1282 3652 1571 3723 direptioni
1617 3660 1672 3707 et
1716 3651 2116 3709 conculcationi

530 3755 701 3815 patet,
731 3745 825 3800 sed
854 3752 908 3798 et
933 3757 1014 3798 ex
1044 3741 1165 3797 aliis
1200 3740 1401 3797 Christi
1448 3738 1706 3795 Eccles'iis
1742 3736 1902 3808 hujus
1930 3754 2117 3809 super-

532 3833 768 3889 stitionis
814 3831 1176 3903 pestilentiam
1222 3828 1615 3885 exterminetis.
1664 3827 1879 3883 Credite
1929 3828 2116 3893 enim,

533 3923 919 3989 domini,omni
951 3922 1082 3977 mihi
1104 3921 1451 3977 veneratione
1479 3919 1804 3991 dignissimi,
1830 3920 1956 3990 quia
1982 3918 2117 3973 nihil

532 4016 609 4070 ita
639 4015 752 4069 haec
781 4014 979 4069 misera
1015 4022 1071 4069 et
1098 4012 1421 4069 miserabilis
1458 4011 1665 4083 plangit
1706 4010 1943 4066 Ecclesia
1978 4011 2119 4065 sicut

532 4106 801 4177 veritatis,
826 4121 987 4177 quam
1033 4121 1139 4161 non
1181 4106 1349 4172 audit,
1380 4104 1742 4174 dispendium,
1771 4110 1827 4158 et
1862 4101 2119 4174 multipli-

532 4196 678 4250 cium
710 4210 974 4260 errorum,
1004 4208 1141 4265 quos
1170 4194 1401 4250 tolerare
1428 4192 1786 4263 compellitur,
1817 4193 2118 4248 incremen-

534 4299 669 4342 tum.
701 4284 924 4352 Videtis,
954 4284 1316 4350 sanctissimi,
1340 4298 1437 4355 pro
1461 4297 1565 4353 qua
1592 4292 1647 4337 et
1675 4282 1934 4337 adversus
1957 4297 2117 4352 quem

533 4378 829 4450 supplicem
860 4396 872 4431 :
898 4391 1004 4447 pro
1024 4375 1268 4430 Ecclesia
1304 4374 1554 4429 videlicet
1580 4373 1811 4441 Christi,
1846 4373 1932 4429 cui
1957 4373 2115 4429 fidem

532 4478 588 4525 et
621 4469 951 4526 eharitatem
1001 4481 1171 4536 usque
1222 4466 1288 4522 ad
1334 4472 1561 4522 mortem
1611 4465 1812 4531 debeo;
1858 4464 2115 4520 adversus

531 4557 913 4614 fabricatorem
971 4555 1271 4620 mendacii,
1327 4562 1384 4609 et
1430 4553 1691 4609 cultorem
1740 4569 2115 4625 perversorum

534 4654 877 4724 dogmatum,
909 4650 1000 4721 qui
1037 4648 1369 4719 temporibus
1398 4647 1943 4719 prudentissimorum
1972 4648 2116 4703 anti-

534 4746 754 4809 stitum,
794 4742 1127 4814 temporibus
1163 4740 1555 4811 religiosissimi
1596 4740 1875 4811 principis,
1928 4749 2115 4796 contra

537 4832 823 4886 veritatem
842 4831 1255 4903 Scripturarum
1282 4870 1298 4897 ,
1330 4838 1517 4885 contra
1541 4831 1918 4886 auctoritatem
1948 4830 2117 4886 eccle-

536 4918 882 4979 siasticorum
926 4933 1170 4992 patrum,
1215 4931 1403 4978 contra
1434 4937 1645 4977 omnem
1692 4923 1921 4978 rationis
1961 4923 2115 4977 ordi--

536 5027 681 5076 nem,
713 5012 968 5067 Ecclesiae
1012 5012 1108 5067 Dei
1147 5012 1274 5078 vivi,
1311 5012 1401 5082 qui
1431 5019 1514 5065 est
1540 5011 1788 5066 columna
1828 5019 1883 5065 et
1928 5010 2111 5064 ﬁrma-

538 5104 778 5154 mentum
826 5083 1104 5165 veritatis,
1141 5116 1273 5155 ausu
1306 5101 1591 5155 temerario
1619 5109 1781 5171 atque
1809 5100 2072 5169 sacrilego
2095 5139 2111 5164 ,

542 5200 688 5245 tanta
732 5204 977 5244 errorum
1025 5199 1080 5246 et
1136 5192 1575 5261 superstitionum
1613 5190 1861 5246 scandala
1916 5190 2115 5245 inferre

539 5287 766 5334 conatus
793 5288 906 5335 est:
931 5295 1049 5349 qua:
1077 5280 1262 5350 procul
1290 5282 1451 5336 dubio
1477 5281 1673 5335 habent
1708 5281 1920 5335 initium
1962 5290 2115 5335 trun-

538 5387 684 5435 cum,
715 5379 769 5424 et
799 5370 1029 5425 medium
1060 5373 1353 5442 putridum,
1380 5382 1435 5427 et
1462 5373 1620 5426 linem
1650 5373 1947 5427 ruinosum.
1979 5372 2112 5426 Nam

538 5470 634 5514 aut
662 5461 936 5517 humiliter
964 5463 1308 5517 conﬁtebitur
1331 5477 1593 5527 errorem,
1623 5471 1683 5516 ut
1704 5462 1877 5532 possit
1901 5461 2114 5532 dignam

539 5552 779 5621 prrebere
807 5552 1261 5619 satisfactionem;
1307 5563 1430 5617 aut,
1462 5554 1507 5607 si
1537 5553 1871 5607 insaniarum
1900 5568 2116 5608 suarum

541 5650 845 5696 commenta
896 5643 1244 5713 pertinaciter
1292 5652 1453 5712 atque
1494 5643 1833 5713 impudenter
1874 5659 2118 5699 asserere

542 5729 790 5786 maluerit
816 5733 978 5805 (quod
1008 5734 1053 5797 ci
1082 5749 1184 5788 non
1216 5732 1466 5803 expedit;
1485 5744 1582 5787 nec
1625 5733 1928 5804 optamus),
1961 5733 2121 5788 habet

2227 1924 2579 1981 solertissime
2603 1927 2795 1982 debeat
2823 1930 3208 1985 commendari.

2234 2016 2237 2019 ’
2292 2015 2349 2069 2.
2378 2015 2510 2071 Cum
2540 2019 2683 2072 enim
2718 2034 2770 2070 ιιι
2794 2028 3139 2073 sacrosancto
3168 2021 3489 2076 sacerdotali
3514 2034 3817 2079 conventu.

2225 2106 2524 2176 inspirante
2570 2109 2816 2171 Domino,
2857 2109 2946 2178 qui
2986 2109 3035 2162 in
3082 2110 3296 2164 nomine
3340 2127 3439 2167 suo
3468 2114 3823 2183 congregatis

2224 2201 2458 2255 medium
2485 2216 2543 2255 se
2573 2200 2864 2254 affuturum
2897 2200 3168 2270 promisit,
3197 2202 3376 2258 clarus
3403 2203 3525 2259 ﬁdei
3557 2219 3621 2261 ac
3665 2207 3821 2260 veri-

2224 2290 2353 2344 tatis
2379 2288 2550 2359 fnlgor
2572 2291 2829 2359 aperitur,
2862 2304 2966 2343 non
2996 2298 3208 2360 oportet
3233 2292 3473 2345 divinum
3502 2308 3695 2347 munus
3714 2296 3823 2347 ob-

2224 2380 2359 2450 tegi,
2413 2379 2541 2443 sed,
2592 2380 2657 2432 ad
2705 2377 3153 2433 illumiuatimtem
3200 2376 3453 2435 Ecclesia:
3493 2388 3549 2435 et
3590 2379 3821 2434 laudem

2222 2470 2455 2524 nominis
2490 2470 2614 2535 Del,
2664 2480 2847 2540 aperta
2898 2470 3015 2525 luce
3055 2470 3308 2525 omnibus
3357 2469 3656 2536 declarari,
3692 2473 3822 2542 ipso

2222 2558 2447 2615 Domino
2482 2560 2692 2615 dicente
2722 2578 2734 2614 :
2770 2558 2950 2630 Neque
2994 2562 3284 2615 accendunt
3328 2562 3595 2616 lucernam
3631 2574 3680 2617 et
3715 2581 3825 2633 po-

2222 2651 2348 2703 nunt
2373 2648 2492 2703 eum’
2518 2649 2613 2702 sub
2641 2649 2813 2703 modio
2837 2689 2852 2714 ,
2896 2649 2985 2703 sed
3019 2666 3174 2719 super
3203 2650 3571 2704 candelabrm
3590 2693 3606 2717 ,
3646 2662 3700 2705 ut
3725 2653 3822 2705 Iu-

2220 2750 2332 2795 ceat
2360 2740 2597 2795 omnibus
2624 2742 2710 2812 qui
2743 2742 2798 2794 in
2841 2742 2995 2795 domo
3021 2750 3162 2795 sunt.
3202 2738 3290 2795 Sic
3321 2742 3487 2796 luceat
3516 2744 3608 2797 lux
3636 2754 3821 2799 vestra

2220 2850 2395 2887 eorum
2425 2834 2743 2899 hominfbus,
2774 2844 2826 2887 ut
2849 2833 3054 2889 rideant
3078 2848 3233 2905 opera
3257 2845 3422 2888 restra
3446 2835 3595 2897 bona,
3621 2847 3668 2889 et
3692 2830 3820 2908 glo-

2220 2923 2421 2993 riﬁcent
2446 2921 2658 2978 Patrem
2681 2934 2906 2978 vestrum
2929 2924 3017 2995 qui
3040 2932 3114 2977 est
3137 2924 3189 2976 in
3211 2923 3349 2977 caelis
3369 2922 3583 2996 (Matth.
3612 2941 3663 2989 v,
3692 2926 3818 2994 15).

2220 3013 2333 3069 llac
2365 3015 2531 3086 igitur
2577 3016 2894 3080 intentione,
2938 3023 2999 3070 ut
3040 3014 3182 3070 Deus
3223 3013 3440 3086 inspicit
3466 3057 3481 3082 ,
3523 3017 3819 3087 prml'atam

2223 3121 2336 3161 rem
2382 3104 2725 3161 laudabiliter
2758 3113 2918 3175 atque
2970 3104 3178 3160 utiliter
3227 3115 3456 3177 gestam,
3496 3102 3640 3162 tenui
3680 3101 3821 3163 licet

2223 3194 2438 3264 eloquio
2457 3235 2470 3258 ,
2512 3193 2830 3249 brevissime
2850 3235 2865 3259 ,
2896 3201 3159 3264 quantum
3187 3205 3409 3264 potero,
3443 3198 3655 3251 exteris
3681 3195 3812 3268 [ul.,

2222 3283 2439 3356 litteris]
2470 3284 2700 3350 tradere,
2734 3292 2787 3339 et
2815 3284 3023 3355 piorum
3056 3284 3298 3351 auribus,
3322 3285 3540 3340 Christo
3577 3286 3819 3342 Domino

2222 3378 2540 3443 auxiliante,
2570 3378 2846 3433 inculcare
2871 3378 3094 3433 curabo.
3132 3376 3284 3444 Quod
3313 3380 3581 3450 prtecipue
3609 3379 3761 3434 nobis
3793 3422 3816 3447 ,

2223 3469 2275 3523 id
2303 3476 2388 3523 est
2421 3468 2674 3523 universo
2708 3468 2853 3523 clero
2881 3468 3133 3524 Ecclesia:
3157 3469 3529 3539 Lugdunensis
3557 3484 3817 3523 necessav

2221 3561 2363 3616 rium
2410 3560 2571 3626 duxi,
2610 3568 2668 3615 ut
2702 3575 2931 3630 quorum
2981 3559 3115 3615 lldes
3164 3560 3427 3615 hactenus
3478 3559 3698 3614 infausti
3747 3569 3814 3614 et

2223 3650 2492 3707 fantastici
2522 3652 2723 3707 erroris
2771 3650 2963 3706 fabulis
3008 3650 3249 3722 improbe
3293 3646 3493 3705 alllicta
3528 3659 3629 3715 est,
3661 3666 3813 3706 nunc

2219 3752 2446 3814 paterno
2474 3742 2653 3813 adjuta
2696 3759 2759 3798 ac
2804 3742 3053 3799 roborata
3081 3740 3354 3813 sud‘ragio,
3384 3751 3439 3796 et
3463 3742 3703 3797 evasisse
3745 3756 3811 3798 se

2220 3834 2455 3906 gaudeat
2474 3840 2526 3887 et
2560 3832 2773 3887 vicisse.

2289 3923 2344 3977 5.
2387 3920 2593 3976 Auctor
2639 3920 2798 3990 hujus
2846 3920 3075 3976 inauditi
3117 3917 3546 3990 exsecrandique
3598 3920 3809 3977 erroris

2217 4012 2524 4069 Amalarius
2563 4014 2815 4070 omnibus
2861 4023 3022 4069 notus
3065 4021 3167 4069 est.
3214 4012 3314 4068 llic
3339 4009 3393 4068 in
3425 4023 3634 4069 tantum
3662 4029 3807 4083 pra:-

2220 4101 2543 4172 sumptionis
2565 4103 2761 4174 erupit,
2792 4110 2871 4169 ut,
2903 4110 3084 4175 spreta
3111 4102 3519 4176 Seripturarum
3548 4103 3804 4170 veritate,

2220 4192 2427 4249 ealeata
2483 4203 2793 4248 sanctorum
2851 4192 3072 4248 Palmm
3131 4194 3493 4260 auctoritate,
3552 4193 3803 4249 doctrina

2220 4282 2511 4338 damnabili
2538 4284 2903 4339 sinceritatem
2942 4282 3064 4339 fidei
3110 4284 3388 4340 catholica:
3416 4283 3719 4349 violaverit,
3748 4292 3806 4339 et

2219 4374 2521 4445 simplicem
2550 4376 2931 4432 ecclesiasticae
2959 4376 3357 4432 observationis
3397 4375 3602 4432 cultum
3645 4374 3802 4430 falla-

2208 4465 2424 4520 ciarum
2469 4465 2679 4520 nebulis
2724 4464 2997 4521 involvere
3044 4480 3107 4520 ac
3144 4464 3460 4521 decolorare
3499 4479 3664 4520 ausus
3704 4468 3802 4519 sit.

2219 4554 2390 4623 Quam
2428 4556 2724 4610 vanitatum
2751 4571 2971 4611 suarum
3004 4553 3316 4626 pestiferam
3344 4555 3662 4621 vanitatem,
3691 4570 3805 4611 non

2196 4652 2330 4725 _tam
2354 4644 2475 4699 viva
2507 4659 2669 4714 quam
2698 4654 2908 4699 mortua
2935 4659 3090 4711 voce,
3130 4645 3225 4701 sed
3253 4657 3309 4699 et
3333 4644 3592 4701 librorum
3619 4644 3808 4700 multi-

2217 4733 2436 4804 plicium
2471 4734 2835 4789 monumentis
2858 4734 3020 4805 longo
3036 4734 3149 4803 jam
3175 4744 3433 4806 tempore,
3451 4734 3540 4789 ubi
3563 4744 3806 4805 poterat,
3826 4732 3835 4735 ’

2218 4823 2362 4878 velut
2408 4832 2558 4879 sator
2604 4832 2899 4878 nocturnus
2949 4825 3129 4879 tritico
3174 4824 3289 4894 agri
3327 4824 3542 4879 Domini
3592 4824 3808 4881 zizania

2218 4913 2567 4978 interserens,
2610 4913 2773 4984 longe
2817 4914 3027 4984 lateque
3069 4913 3462 4978 disseminavit,
3490 4912 3811 4984 Scriptura-

2217 5018 2339 5057 rum
2369 5002 2691 5058 testimoniis
2728 5006 2958 5060 abutens
2985 5004 3050 5059 ad
3092 5003 3261 5058 aniles
3299 5003 3528 5074 ineptias
3557 5020 3718 5072 suas,
3746 5015 3810 5062 et

2217 5096 2637 5152 orthodoxorum
2676 5095 2902 5152 Patrum
2953 5096 3249 5153 sententias
3292 5105 3553 5167 coeptans
3605 5096 3808 5154 fabulis

2214 5188 2349 5242 suis.

2286 5276 2338 5329 4.
2371 5275 2570 5339 Sensit,
2592 5277 2699 5330 imo
2722 5276 2983 5346 ingemuit
3004 5277 3107 5332 hoc
3132 5276 3329 5331 malum
3353 5291 3589 5346 pnesens
3618 5276 3809 5333 Eccle-

2220 5368 2329 5432 sia,
2374 5382 2495 5420 cum
2546 5367 2600 5420 in
2648 5367 3001 5421 celeberrimo
3030 5368 3467 5440 presbyterorum
3508 5379 3806 5433 conventu,

2222 5456 2576 5525 prmsentibus
2606 5456 3010 5526 chorepiscopis
3044 5465 3096 5510 et
3130 5440 3635 5522 archidtaconibus,
3667 5471 3808 5525 pra}.

2221 5547 2464 5601 sentibus
2490 5547 2654 5600 etiam
2703 5547 2975 5602 nonnullis
3014 5548 3133 5603 aliis
3159 5565 3222 5602 ex
3256 5550 3424 5613 clero,
3458 5557 3569 5603 tam
3617 5547 3804 5616 inepta

2220 5647 2276 5693 et
2325 5638 2444 5693 fidei
2491 5644 2766 5693 contraria
2809 5639 3005 5694 docere
3043 5639 3407 5708 pra-sumpsit,
3455 5646 3513 5692 ut
3557 5640 3806 5691 omnium

2222 5731 2466 5787 horreret
2498 5731 2743 5797 auditus;
2784 5746 2903 5785 cum
2946 5730 3281 5800 postmodum
3324 5729 3490 5785 etiam
3522 5728 3831 5783 detestan-‘
