4050 6302
233 328 297 385 81
1230 329 1593 405 OPUSCULA
1628 329 1999 389 ADVERSUS
2037 330 2472 390 AMALARIUM.
3426 335 3500 393 82

233 450 366 499 dum
394 441 778 515 opusculorum
806 459 1024 503 suorum
1069 444 1311 500 codicem
1358 447 1503 500 omni
1545 445 1815 516 parochim
1844 450 1890 507 Α
1918 454 2213 514 praesente;
2245 455 2299 503 et
2330 424 2420 504 res
2437 446 2782 519 blasphemas
2810 447 3095 521 religiosus
3126 450 3367 524 horreret
3399 467 3498 506 au.-

231 544 438 591 nostraa
467 535 613 589 velut
639 534 918 606 legendum
948 538 1525 607 transcribendumque
1564 538 1814 608 ingessit;

231 627 331 683 sed
361 634 417 681 et
438 635 565 681 ante
599 642 798 696 paucos
820 628 933 682 dies
961 644 1084 683 cum
1113 628 1276 683 alium
1308 628 1502 683 librum
1531 645 1691 684 suum
1712 630 1819 686 huc

231 718 429 775 detulit
454 719 913 783 dementissimus,
945 720 1381 776 adinveutionum
1409 737 1623 775 suarum
1655 722 1819 790 phan-

229 811 561 868 tasmatibus
587 811 823 882 plenum.
857 811 986 879 Quae
1011 814 1189 867 omnia
1207 854 1222 878 ,
1256 813 1427 884 magis
1450 813 1573 867 odio
1600 825 1655 868 et
1677 814 1816 868 obli-

228 901 396 958 vione
420 916 582 987 quam
614 902 787 957 relatu
813 904 996 974 digna,
1027 903 1255 959 libenter
1279 920 1421 959 nunc
1439 904 1653 959 silentio
1680 921 1820 975 pra:-

226 983 478 1058 terirem,
508 993 613 1051 nisi
657 993 776 1049 haec
815 993 899 1049 vel
940 994 1088 1049 tenui
1133 995 1648 1051 commemoratione
1680 983 1840 1065 prae?

226 1084 518 1156 stringere,
544 1084 621 1139 rei
654 1093 823 1155 gestae
852 1099 1014 1155 quam
1044 1084 1417 1156 explicandam
1447 1083 1657 1153 suscepi
1682 1083 1818 1138 ordo

224 1184 288 1232 et
331 1191 496 1233 causa
535 1175 868 1244 deposceret.
912 1174 1098 1245 Neque
1140 1175 1285 1231 enim
1334 1174 1457 1229 linis
1504 1173 1817 1243 quaestionis

226 1276 416 1340 potest
445 1267 549 1324 rite
570 1266 829 1338 agnosci,
854 1266 959 1322 nisi
982 1275 1108 1322 ante
1142 1266 1354 1322 initium
1376 1263 1662 1321 sollicitius
1681 1279 1817 1335 pra:-

228 1368 512 1415 mscatur.

296 1446 354 1502 5.
383 1445 595 1501 Asserit
637 1445 824 1518 itaque
846 1446 1038 1503 doctor
1068 1445 1344 1518 praefatus,
1379 1446 1519 1502 inter
1548 1444 1671 1510 alia,
1697 1458 1818 1499 cor.-

220 1537 552 1609 pusChristi
592 1538 834 1595 triforme
877 1546 932 1593 et
977 1538 1306 1609 tripartitum
1363 1552 1505 1601 esse,
1558 1536 1666 1590 imo
1713 1534 1837 1623 tria.

221 1640 346 1682 esse
371 1624 576 1682 Christi
609 1642 855 1696 corpora.
900 1626 1111 1698 Corpus
1152 1626 1353 1682 Christi
1381 1624 1524 1695 quod
1554 1625 1608 1679 in
1630 1637 1817 1688 sacra-

220 1727 412 1774 mento
436 1733 469 1772 a
500 1717 748 1774 ﬁdelibus
773 1719 1029 1784 sumitur,
1058 1719 1140 1773 vel
1171 1720 1222 1773 in
1249 1718 1446 1774 coelum
1475 1715 1816 1772 invisibiliter

1922 530 2093 604 ditus;
2142 537 2383 607 exigunt
2415 539 2484 593 ab
2529 554 2617 604 eo,
2674 539 2720 594 si
2768 555 2894 595 vere
2933 555 3028 594 sua
3055 528 3203 596 esset
3227 541 3493 595 doctrina.
3530 542 3538 551 ’

1920 626 2126 698 Negare
2148 642 2256 681 non
2289 629 2484 698 potuit,
2514 637 2698 699 utpote
2727 644 2845 699 quae
2885 630 2940 684 in
2966 629 3119 686 libris
3164 631 3498 700 quampluri-

1920 718 2023 799 mis
2049 720 2117 772 ah
2144 718 2260 789 ipso
2289 719 2449 774 editis
2477 719 2590 776 fere
2626 722 2820 792 ubique
2861 721 3072 794 vulgata
3126 723 3215 776 sit.
3255 710 3498 778 Interro-

1919 819 2047 880 gant
2095 808 2185 863 ubi
2240 809 2354 864 haec
2405 809 2611 880 legerit.
2641 812 2793 867 Tunc
2832 812 2947 877 ille,
2982 808 3219 867 maximo
3268 815 3498 869 constri-

1918 908 2039 954 ctus
2059 899 2307 966 articulo,
2357 914 2473 955 rem
2505 916 2625 970 quae
2651 918 2824 972 neque
2852 904 2917 957 de
2946 902 3244 974 Scripturis
3281 914 3499 975 sumpta

1918 996 2022 1054 est,
2046 1003 2222 1059 neque
2249 989 2316 1044 de
2350 989 2739 1071 catholicorum~
2763 991 2983 1046 Patrum
3019 993 3358 1063 dogmatibus
3387 1004 3498 1049 υειρ

1918 1071 2025 1143 cta,
2074 1080 2170 1135 sed
2216 1095 2315 1136 nec
2357 1082 2426 1136 ab
2477 1082 2606 1152 ipsis
2654 1084 2820 1138 etiam
2866 1084 3134 1141 haereticis
3170 1095 3517 1158 praesumpta

1918 1169 2069 1242 (quia
2095 1170 2239 1226 aliud
2263 1172 2407 1241 quod
2436 1172 2641 1229 diceret
2667 1173 2883 1245 penitus
2906 1189 3014 1230 non
3042 1176 3295 1246 habebat)
3320 1177 3375 1231 in
3398 1193 3497 1232 suo

1919 1259 2114 1329 spiritu
2140 1274 2199 1315 se
2218 1260 2414 1331 legisse
2437 1263 2733 1333 respondit.
2767 1263 2875 1318 Sed
2900 1278 3027 1319 mox
3064 1273 3174 1320 tam
3206 1267 3496 1337 superbam

1917 1357 1971 1406 et
1997 1352 2198 1406 fatuam
2250 1354 2654 1422 responsionem
2704 1356 3010 1411 veneranda
3060 1358 3296 1429 synodus
3342 1373 3498 1413 exse-

1882 1488 1885 1489 ν
1916 1457 2096 1509 crans,
2121 1443 2257 1499 dixit
2282 1460 2298 1497 :
2328 1443 2468 1501 Vere
2488 1445 2577 1501 ille
2606 1445 2706 1501 fuit
2732 1445 2956 1517 spiritus
2977 1447 3199 1513 erroris.
3231 1445 3495 1503 Memine-

1916 1546 2041 1593 rant
2092 1538 2236 1593 enim
2279 1539 2498 1595 beatum
2535 1539 2736 1595 dixisse
2775 1538 3092 1611 Apostolum
3133 1553 3149 1594 :
3182 1537 3501 1595 Novissimis

1914 1630 2228 1700 temporibus
2251 1630 2510 1686 discedam
2523 1631 2736 1702 quidam
2765 1648 2797 1684 a
2819 1631 2946 1701 ﬁde,
2978 1629 3306 1685 attendentes
3341 1632 3508 1700 spiri-

1916 1723 2053 1778 tibus
2075 1724 2268 1778 erroris
2300 1733 2346 1779 et
2372 1723 2623 1778 doctrinis
2649 1723 3027 1778 dwmoniorum
3049 1722 3103 1776 in
3130 1722 3391 1793 hypocrisi
3402 1723 3507 1776 ‘lo~

221 1809 416 1877 recipi,
450 1807 536 1863 vel
584 1809 638 1864 in
668 1810 984 1879 corporibus
1027 1810 1351 1864 sumentium
1391 1821 1611 1862 manere
1642 1820 1810 1875 usque
1838 1808 1885 1867 Β
1911 1813 2177 1884 quentittm
2208 1812 2539 1880 mendacium
2580 1812 2633 1881 (I
2674 1810 2806 1867 Tim.
2833 1828 2909 1877 tv,
2942 1813 3016 1884 l).
3048 1813 3124 1868 De
3151 1812 3399 1885 qualibus
3440 1822 3503 1868 et

223 1898 281 1953 in
327 1898 470 1953 diem
521 1897 827 1968 sepulturae,
882 1898 961 1953 vel
1001 1914 1067 1954 ex
1101 1898 1362 1953 incisione
1401 1914 1660 1954 venarum
1687 1914 1808 1953 cum

222 1988 489 2059 sanguine
517 1986 704 2053 fluere,
733 1987 816 2042 vel
837 1988 891 2042 in
918 2002 1190 2044 secessum
1221 1987 1324 2042 labi
1360 1987 1636 2057 opinatur.
1689 1987 1811 2040 Dia-

222 2095 414 2143 conos,
439 2078 597 2133 altari
639 2093 761 2133 cum
809 2078 1069 2133 assistunt
1107 2078 1354 2144 inclines,
1383 2078 1576 2134 asserit
1604 2077 1810 2148 signiﬁ-

221 2186 355 2227 care
378 2171 648 2243 apostolos
680 2172 730 2225 in
762 2172 1010 2242 passione
1047 2172 1258 2227 Domini
1300 2179 1602 2227 metuentes
1647 2180 1809 2241 atque

221 2261 533 2329 latitantes;
562 2262 936 2325 subdiacouos,
967 2261 1220 2318 mulieres
1239 2262 1385 2318 cruci
1416 2261 1684 2331 intrepide
1722 2276 1813 2317 as-

218 2355 514 2418 sistcntes;
543 2356 937 2426 presbyterum,
960 2353 1159 2424 Ioseph
1186 2356 1254 2411 ab
1273 2355 1606 2421 Arimathia;
1633 2355 1819 2410 archi-s

218 2445 531 2508 diaconum,
575 2444 958 2508 Nicodemum;
1005 2445 1250 2509 calicem,
1287 2444 1624 2515 sepulcrum;
1660 2445 1809 2499 obla-

221 2534 429 2589 tionem
485 2533 749 2589 Domiuici
779 2534 1023 2604 corporis
1073 2535 1204 2591 dicit
1248 2535 1691 2607 crucilixionem;
1740 2535 1811 2589 li-

216 2639 390 2694 gnum
429 2624 602 2694 ipsum
633 2624 913 2695 designare
943 2624 1072 2680 dicit
1123 2626 1404 2689 doctores;
1438 2625 1639 2697 lignum
1671 2626 1810 2681 unde

216 2715 442 2784 pendet,
491 2729 708 2771 crucem
733 2731 747 2780 ;
785 2714 967 2770 funem
996 2730 1103 2785 quo
1131 2716 1449 2780 attrahitur,
1477 2715 1673 2781 fidem;
1707 2698 1811 2770 tiri-

214 2806 560 2883 tinnahulum
587 2821 696 2876 quo
739 2816 977 2871 resonat,
1014 2807 1287 2878 linguam;
1328 2822 1547 2862 manum
1587 2808 1807 2862 trahen-

217 2897 291 2954 tis
312 2914 439 2954 cum
462 2898 698 2967 levatur,
732 2899 907 2967 vitam
945 2890 1418 2970 contemplativam
1444 2915 1459 2964 ;
1489 2914 1614 2954 eum
1640 2900 1808 2970 depo-

216 2989 392 3054 nitur,
446 2989 698 3063 activam.
750 2990 1097 3045 Exorcismos
1146 2992 1681 3054 catechumenorum,
1738 2992 1806 3045 ad

215 3078 524 3148 spiritalem
552 3079 952 3135 emundationis
985 3079 1233 3135 allectum
1274 3079 1590 3149 simpliciter
1617 3080 1809 3149 depro-

1913 1904 2160 1960 Ezechicl
2187 1904 2363 1959 dicit:
2427 1901 2516 1958 Va:
2560 1904 2821 1975 prophetis
2864 1903 3225 1973 insipientibus
3270 1905 3360 1972 qui
3415 1920 3497 1958 se-

1911 2004 2144 2064 quuntur
2162 1992 2404 2063 spiritum
2424 2009 2600 2060 suum,
2622 2001 2671 2047 et
2694 1992 2825 2047 nihil
2855 1992 3060 2047 vident!
3108 1992 3326 2064 (Ezech.
3367 2006 3493 2056 stu.

1911 2081 1989 2150 5.)
2016 2083 2080 2137 Et
2102 2083 2294 2137 iterum
2315 2100 2328 2135 :
2362 2081 2603 2137 Videntes
2621 2099 2753 2138 vana
2776 2092 2823 2137 et
2838 2083 3127 2137 divinantes
3143 2084 3492 2145 mendacium,

1911 2173 2335 2230 dicentes:ch
2358 2174 2495 2228 dicit
2510 2173 2789 2238 Dominus,
2839 2190 2956 2229 cum
3002 2173 3257 2229 Dominus
3297 2192 3401 2229 non
3425 2177 3491 2229 sit

1911 2267 2114 2322 locutus
2157 2266 2350 2339 (Ezeclt
2392 2281 2535 2331 ut),
2574 2265 2686 2337 2.8).
2726 2264 2879 2322 Unde
2921 2274 2973 2320 et
3015 2265 3316 2321 istiusmodi
3350 2282 3490 2337 pra:-

1912 2369 2218 2428 sumptores
2255 2359 2396 2414 Deus
2427 2372 2525 2430 per
2566 2358 2813 2414 eumdem
2842 2358 3162 2428 prophetam
3212 2373 3310 2411 suo
3335 2359 3495 2413 dece-

1911 2455 2030 2515 ptos
2066 2461 2185 2503 esse
2205 2445 2410 2516 judicio
2440 2455 2693 2512 testatur,
2728 2447 2915 2503 dicens
2943 2461 2958 2500 :
3000 2444 3070 2499 Et
3097 2447 3347 2516 prapheta
3371 2462 3491 2500 cum

1909 2538 2161 2591 erraverit
2203 2553 2237 2591 τι
2285 2553 2388 2603 me,
2417 2546 2467 2592 et
2513 2535 2718 2592 locutus
2765 2537 2921 2607 fuerit
2949 2534 3158 2589 verbum
3198 2536 3251 2589 in
3284 2537 3492 2589 nomine

1912 2640 2022 2681 meo
2051 2628 2190 2698 quod
2212 2644 2316 2682 non
2350 2628 2573 2699 prtrcepi
2608 2628 2679 2694 ei,
2722 2644 2815 2699 ego
2863 2625 3116 2681 Dominus
3147 2625 3323 2694 decepi
3364 2642 3488 2695 pro-

1909 2719 2118 2788 phetam
2150 2716 2301 2772 illum
2336 2717 2551 2789 (Ezech.
2604 2716 2721 2786 xw,
2758 2718 2833 2791 9).
2882 2719 3027 2785 Quas
3053 2731 3240 2771 omnes
3285 2714 3492 2787 Spiritu

1911 2809 2003 2863 Dei
2031 2823 2252 2873 vacuos,
2276 2816 2332 2863 et
2360 2808 2547 2878 spiritu
2576 2808 2794 2881 proprio
2817 2806 3050 2872 inﬂatos,
3073 2806 3383 2861 alienandos
3404 2818 3492 2874 pe-

1911 2900 2055 2954 nitus
2083 2915 2112 2953 a
2154 2908 2464 2954 sanctorum
2512 2908 2659 2953 coetu
2712 2897 3031 2954 terribiliter
3060 2897 3384 2952 denuntians
3433 2896 3491 2950 in

1910 2988 2157 3052 concilio,
2181 2989 2257 3042 ait
2286 3009 2299 3042 ;
2332 2988 2525 3059 Populi
2564 2989 2665 3043 mei
2696 3006 2800 3042 non
2823 2997 2995 3052 erunt,
3019 2996 3066 3041 et
3104 2988 3157 3041 in
3186 2985 3488 3057 Scripturas

1909 3080 2094 3134 domus
2124 3078 2295 3135 Israel
2337 3097 2440 3135 non
2491 3081 2803 3147 scribentur,
2846 3096 2938 3135 nec
2972 3089 3165 3133 terram
3207 3077 3375 3133 Israel
3407 3079 3489 3132 in-

214 3170 469 3235 mendos,
493 3168 561 3224 ad
590 3169 831 3240 quinque
857 3184 1047 3226 sensus
1071 3184 1362 3240 corporcos
1385 3169 1546 3226 nimia
1573 3169 1803 3226 carnali-
1830 3161 1874 3223 C
1904 3171 2204 3240 gredientur
2229 3168 2445 3242 (Ezech.
2494 3187 2555 3238 ll,
2587 3170 2706 3244 l0);
2737 3186 2987 3241 cumque,
3023 3169 3116 3235 illo
3145 3168 3402 3224 reticente
3425 3183 3493 3223 ac

215 3271 333 3318 tate
365 3262 658 3318 convertit.
1738 3315 1745 3319 .

288 3352 347 3406 6.
374 3351 590 3409 Hisdem
622 3353 772 3423 ipsis,
796 3355 937 3410 sicut
978 3350 1217 3413 aures'et
1242 3371 1421 3423 nares,
1462 3357 1535 3411 ita
1580 3363 1637 3411 et
1669 3371 1801 3413 ocu-

212 3441 301 3497 los
326 3443 622 3514 tangendos
644 3444 835 3501 melius
861 3446 1080 3501 indicat.
1109 3447 1558 3525 Autiphonarium
1579 3446 1801 3502 Joannis

211 3534 541 3605 Apocalypsi
585 3545 884 3606 comparat.
910 3538 1098 3607 ,Atque
1130 3539 1228 3593 has
1264 3553 1452 3595 omnes
1480 3548 1534 3594 et
1562 3539 1803 3595 innume-

214 3625 422 3681 rabiles
447 3625 580 3680 alias
609 3627 812 3681 naenias
842 3642 938 3697 per
968 3614 1215 3683 sanctum
1243 3629 1389 3685 dicit.
1411 3628 1669 3700 Spiritum
1715 3644 1802 3684 re-

209 3716 411 3780 velari,
440 3716 542 3771 sibi
581 3731 848 3785 usurpans
900 3718 1263 3774 testimonium
1290 3719 1437 3775 Petri
1468 3720 1695 3791 apostoli
1720 3720 1801 3775 di-

208 3809 431 3864 centis:
467 3806 589 3863 Non
628 3809 776 3865 enim
806 3809 1068 3866 uoluntate
1111 3812 1345 3866 humana
1383 3811 1548 3866 allata
1593 3796 1665 3866 est
1695 3811 1799 3866 ali-

207 3901 429 3971 quando
458 3901 749 3977 propitetia,
775 3902 863 3956 sed
893 3901 1096 3969 Spiritu
1133 3914 1315 3959 sancto
1357 3904 1601 3975 inspirati
1639 3904 1799 3959 locuti

207 4001 336 4044 sunt
359 3991 529 4045 sancti
543 3989 641 4045 Dei
655 3990 887 4053 homines
902 3990 987 4063 (II
1003 3989 1148 4053 Petr.
1166 4009 1204 4060 ι,
1222 3994 1284 4048 21
1298 3996 1337 4065 ).
1363 3994 1441 4049 Ex
1455 4009 1562 4065 quo
1577 3993 1800 4050 manife-

209 4090 299 4135 ste
343 4089 401 4139 et
443 4095 503 4135 se
530 4082 867 4151 prophetam,
914 4089 970 4137 et
1017 4083 1315 4148 doctrinam
1366 4084 1714 4141 vanissimam
1743 4094 1801 4142 et

211 4170 330 4225 risu
363 4170 603 4241 dignam,
629 4172 763 4247 heu!
792 4172 1172 4229 miserabiliter
1197 4175 1478 4246 deceptus,
1503 4176 1617 4231 vult
1647 4177 1797 4232 credi

209 4261 577 4331 prophetiam.
632 4261 855 4328 Verum,
893 4272 952 4319 ut
997 4267 1139 4334 quod
1174 4276 1410 4336 emptum
1446 4276 1531 4323 est
1559 4268 1798 4324 breviter

208 4354 543 4424 explicetur,
592 4356 684 4411 ubi
737 4356 1000 4413 doctrinae
1034 4359 1339 4429 huiusmodi
1387 4361 1694 4432 contagium
1728 4362 1800 4417 ad

210 4443 623 4498 subversionem
653 4444 974 4517 simplicium
1002 4447 1056 4502 in
1080 4448 1181 4503 hac
1199 4448 1438 4505 Ecclesia
1457 4449 1801 4506 disseminari

211 4533 406 4601 erepit,
434 4542 618 4601 pastor
646 4533 711 4590 de
740 4537 1016 4595 commissi
1068 4541 1247 4610 gregis
1294 4540 1479 4595 salute
1516 4534 1799 4607 sollicitus,

208 4641 343 4680 cum
377 4625 529 4680 uutlti
564 4628 814 4683 mmroris
859 4630 1219 4689 amaritudine
1271 4632 1522 4704 religioso
1573 4634 1800 4706 principi

209 4728 439 4769 causam
468 4715 721 4780 innotuit,
750 4732 1090 4788 conquerens
1118 4735 1183 4776 ac
1220 4721 1502 4790 deplorans
1547 4739 1799 4794 magnum

209 4803 477 4860 Ecclesia:
500 4805 712 4871 vulnus,
742 4818 797 4863 et
819 4811 1203 4866 exsecrandum
1235 4812 1355 4868 fidei
1388 4814 1674 4878 maculam,
1699 4816 1811 4871 sub.

208 4894 522 4951 istiusmodi
555 4897 850 4953 novitatum
882 4901 1298 4971 praesumptione
1326 4903 1543 4968 nutriri,
1572 4904 1673 4959 nisi
1694 4902 1813 4967 p've-.

210 4987 390 5044 tocius
421 4986 532 5042 Deo
558 4988 754 5061 debita
797 4989 916 5060 eius
962 4991 1298 5062 providentia
1339 4993 1670 5048 subveniret.
1720 4995 1801 5052 Pii

210 5078 481 5150 principis
510 5080 918 5139 cura-ardenter
943 5096 1008 5138 ac
1034 5082 1382 5139 laudabiliter
1411 5083 1463 5138 in
1506 5084 1597 5138 Dei
1640 5085 1802 5141 rebus

207 5168 471 5235 sollicita,
497 5169 721 5227 cumob
754 5169 1008 5241 pleraque
1037 5172 1291 5230 Ecclesim
1321 5175 1534 5239 negotia
1575 5175 1626 5229 iu
1665 5190 1803 5244 pne-

207 5259 422 5315 dictum
455 5259 639 5330 palatii
693 5261 871 5319 locum
921 5265 1244 5319 reverendus
1284 5265 1473 5321 Patres
1520 5266 1800 5336 episcopos

207 5350 512 5407 convenire
555 5351 828 5423 iussisset,
873 5368 1091 5410 causam
1123 5355 1189 5410 ad
1227 5358 1587 5428 cognitionem
1635 5368 1798 5429 atque

208 5459 444 5517 examen
471 5444 684 5501 concilii
711 5460 898 5501 eorum
930 5446 1159 5516 proferri
1198 5446 1345 5514 fecit,
1375 5464 1605 5519 cumque
1632 5450 1685 5504 in
1710 5466 1797 5505 eo-

208 5548 337 5587 rum
365 5532 610 5598 auribus,
642 5542 751 5588 tam
786 5534 964 5606 inepta
986 5545 1036 5591 et
1063 5537 1285 5606 profana
1330 5554 1590 5594 novarum
1639 5538 1794 5593 adiu-

208 5626 528 5681 veutionum
552 5635 859 5682 commenta
890 5630 1269 5698 recitarentur,
1299 5630 1416 5702 ipso
1449 5644 1665 5703 quoque
1701 5631 1797 5703 qui

210 5731 278 5774 ea
331 5715 399 5774 de
449 5716 632 5775 cordis
686 5717 768 5775 sui
813 5719 1170 5778 audacissima
1215 5722 1450 5779 vanitate
1495 5722 1792 5790 protulerat

1906 3260 1974 3317 de
1998 3261 2397 3317 mendaciorum
2430 3277 2649 3317 suorum
2679 3261 3029 3333 deprehensis
3078 3259 3307 3315 fallaciis
3354 3275 3491 3316 con-

1904 3352 2044 3419 fuso,
2075 3354 2384 3409 veneranda
2416 3353 2651 3425 synodus
2682 3351 2910 3422 plurima
2934 3352 3263 3421 loqueretur,
3286 3349 3485 3405 delibe-

1904 3449 2081 3496 ratum
2104 3449 2188 3497 est
2209 3441 2511 3498 doctrinam
2535 3442 2676 3497 hanc
2698 3456 2819 3497 esse
2847 3441 3066 3516 omnino
3097 3439 3482 3514 damnabilem,

1904 3541 1959 3588 et
1987 3533 2055 3588 ab
2084 3533 2337 3589 omnibus
2363 3533 2643 3589 catholica:
2668 3532 2793 3589 fidei
2819 3532 3120 3588 cultoribus
3142 3531 3383 3586 funditus
3400 3545 3485 3586 re-

1902 3612 2223 3697 spuendam,
2250 3626 2597 3697 praecipiente
2622 3627 2777 3681 nobis
2806 3625 3086 3698 Apostolo,
3127 3640 3192 3679 ac
3221 3624 3435 3679 dicente
3464 3642 3479 3677 :

1902 3715 2170 3771 Doctrinis
2210 3718 2367 3772 variis
2418 3727 2467 3772 et
2510 3717 2794 3787 peregrinis
2837 3716 2996 3771 nolite
3042 3713 3234 3769 abduci
3277 3713 3481 3785 (Hebr.

1903 3824 1997 3863 xm
2020 3848 2037 3872 ,
2072 3807 2149 3877 9).
2194 3808 2475 3863 Diversam
2501 3820 2624 3863 esse
2668 3807 2825 3861 istam
2865 3804 3226 3863 doctrinama
3256 3805 3489 3859 sinceri-

1901 3904 2013 3951 tate
2049 3910 2189 3952 verae
2217 3894 2367 3962 fidei,
2409 3904 2467 3951 et
2508 3895 2728 3951 omnino
2758 3897 2824 3950 ab
2850 3894 3091 3951 Ecclesia
3115 3894 3482 3965 peregrinam,

1899 3987 2098 4057 quippe
2145 4000 2310 4057 quam
2354 4001 2515 4042 nemo
2561 3987 2987 4042 orthodoxorum
3032 3985 3252 4041 Patrum
3310 3985 3482 4051 novit,

1901 4075 2047 4130 nulla
2091 4075 2335 4131 veritatis
2385 4075 2527 4130 ratio
2567 4075 2743 4142 fulcit,
2789 4079 2884 4132 sed
2931 4075 3166 4133 novitius
3193 4084 3357 4147 atque
3379 4075 3477 4130 ad-

1899 4167 2156 4223 ventitius
2182 4182 2338 4223 error
2362 4167 2607 4233 induxit;
2634 4168 2857 4225 umbras
2895 4175 2951 4223 et
2978 4165 3181 4238 ﬁguras
3222 4167 3277 4221 in
3312 4180 3485 4223 ciere-

1905 4259 2100 4313 moniis
2146 4257 2478 4313 Testamenti
2518 4256 2731 4315 Veteris
2783 4257 3091 4324 eXStitisse;
3150 4272 3348 4312 novum
3387 4256 3482 4311 ad-

1903 4359 2121 4406 ventum
2147 4349 2349 4405 Christi
2378 4349 2605 4405 veritate
2635 4334 2854 4421 fulgere,
2888 4358 2944 4404 et
2972 4349 3095 4405 fidei
3142 4349 3378 4419 puritate
3402 4356 3485 4401 at-

1906 4456 2011 4513 que
2061 4441 2420 4498 observantiae
2468 4442 2815 4514 simplicitate
2876 4444 3194 4506 consistere,
3253 4450 3484 4499 testante
3544 4455 3552 4475 ν

1832 4507 1886 4567 D
1907 4507 2213 4603 Apostolo:
2257 4531 2438 4587 Vetera
2463 4507 2807 4599 transierunt,
2855 4549 2971 4588 ecce
2998 4532 3139 4601 facta
3162 4540 3282 4585 sunt
3324 4546 3481 4586 noua.

1908 4624 2097 4679 Omnia
2129 4633 2305 4679 autem
2345 4640 2422 4681 ex.
2457 4624 2699 4691 Domino,
2731 4626 2821 4696 qui
2863 4621 3213 4679 reconciliavit
3255 4637 3348 4675 nos
3379 4622 3487 4680 sibi

1900 4732 1995 4785 per
2020 4715 2286 4771 Christum
2307 4714 2389 4786 (11
2418 4715 2540 4771 Cor.
2568 4733 2620 4783 v,
2652 4714 2762 4788 l8).
2806 4715 2998 4771 Omnia
3027 4713 3207 4783 igitur,
3236 4711 3289 4766 id
3316 4722 3486 4769 estet

1904 4815 2083 4861 vetera
2113 4815 2167 4861 et
2189 4822 2350 4872 nova,
2381 4816 2436 4861 et
2464 4816 2649 4878 typum
2673 4806 2828 4877 legis
2873 4815 2930 4860 et
2975 4805 3251 4876 Evangelii
3283 4806 3481 4860 verita-
3527 4790 3533 4796 ’

1902 4901 2031 4960 tem,
2062 4895 2223 4950 unius
2249 4904 2306 4950 et
2323 4895 2492 4952 solius
2514 4896 2635 4962 Dei,
2665 4910 2770 4951 non
2792 4895 3108 4966 cujusquam
3130 4893 3373 4952 hominis.
3386 4904 3481 4951 aut

1905 4984 2099 5056 angeli,
2138 4986 2459 5042 auctoritate
2499 4994 2767 5041 constare.
2804 4985 2957 5041 Unde
3004 4986 3211 5041 nemini
3234 4986 3478 5051 omnino,

1902 5090 2023 5151 post
2056 5080 2340 5151 utriusque
2386 5079 2715 5137 Testamenti
2746 5078 3042 5137 ministros.
3074 5078 3263 5135 divino
3285 5080 3483 5153 spiritu

1903 5172 2221 5240 illustratos,
2247 5173 2427 5229 divina
2452 5171 2770 5227 auctoritate
2795 5172 3072 5237 subnixos,
3104 5171 3383 5245 iu.quihus
3400 5216 3403 5221 .
3420 5182 3478 5227 et

1900 5282 1999 5337 per
2027 5282 2164 5337 quos
2190 5281 2253 5321 ea
2276 5280 2398 5335 quae
2423 5262 2652 5320 diversis
2680 5263 3012 5334 temporibus
3039 5264 3104 5317 ad
3135 5262 3360 5319 salutem
3385 5279 3479 5332 po-

1901 5358 2013 5430 puli
2034 5358 2120 5415 sui
2142 5371 2382 5427 congrua
2418 5354 3001 5424 iudicavit,evidenter
3040 5356 3182 5410 Deus
3208 5365 3262 5410 et
3286 5370 3480 5427 opera-

1904 5458 1990 5506 tus
2015 5458 2097 5506 est
2118 5455 2173 5504 et
2201 5447 2433 5511 loeutus,
2464 5445 2680 5502 licuisse
2707 5456 2800 5503 aut
2829 5446 2992 5503 licere
3018 5461 3155 5517 nova
3170 5445 3474 5518 figurarum

1901 5554 2099 5610 genera
2122 5537 2203 5593 vel
2231 5544 2612 5609 mysteriorum
2637 5547 2976 5596 sacramenta
3010 5540 3247 5613 sancire,
3277 5546 3334 5593 et
3360 5538 3480 5592 ideo

1902 5627 2222 5686 rationabile
2249 5627 2567 5699 obsequium
2592 5628 2851 5705 Ecclesiae.
2874 5630 2990 5687 sive
3038 5626 3092 5686 in
3141 5635 3347 5703 ornatu
3385 5646 3478 5685 ve-

1900 5721 2081 5786 stium,
2135 5720 2249 5776 sive
2303 5719 2357 5777 in
2408 5720 2691 5795 multiplici
2738 5737 2992 5780 vasorum
3039 5720 3361 5785 ministerio,
3420 5722 3476 5777 in
