4050 6302
553 319 622 376 3-,
1642 309 1856 368 ’FLont
1899 309 2117 369 DIACOI

2218 310 2684 368 LUCDUNENSIS
3747 321 3814 375 δι

553 431 891 503 simplicitate
918 428 1163 484 veritatis
1212 437 1264 484 et
1303 428 1423 483 ﬁdei
1453 426 1707 498 puritate,
1756 426 1942 496 procul
1977 426 2121 480 omni
2154 429 2200 487 Α
2229 426 2500 480 scientiam
2524 435 2742 480 vestram
2767 426 2830 479 ab
2861 426 3098 496 operibus
3125 429 3366 494 mortuis,
3393 430 3463 483 ad
3482 433 3813 488 serviendum

553 521 951 592 superstitionis
993 519 1391 590 phantasmate,
1430 525 1632 572 remota
1683 517 1830 571 omni
1884 515 2127 570 nebulosi

553 612 820 685 dogmatis
844 609 1104 674 vanitate,
1144 623 1276 678 pure
1298 607 1408 662 Deo
1435 616 1490 662 et
1518 606 1834 676 simpliciter
1878 605 2129 661 exhiben-

551 707 679 761 dum
709 718 861 767 esse;
889 703 946 758 in
976 701 1062 755 his
1103 701 1364 755 honorem
1413 698 1708 768 religionis,
1764 698 2125 753 reverentiam

550 794 718 849 divini
748 792 944 857 cultus,
988 789 1226 846 laetitiam
1278 788 1600 844 Christianae
1651 789 1972 855 devotionis,
2019 805 2126 844 non

549 886 754 954 ﬁguras
782 882 990 952 aliquas
1019 880 1104 936 vel
1130 879 1386 951 mysteria
1417 879 1690 932 vanitatis.
1729 879 1848 934 Jam
1890 894 2020 934 vero
2059 880 2128 934 il-

547 975 640 1031 lud
671 975 814 1046 quod
845 988 1040 1043 corpus
1069 972 1269 1028 Christi
1296 971 1542 1028 triforme
1567 980 1620 1026 et
1665 972 1994 1043 tripartitum
2042 975 2128 1029 di-

546 1077 693 1130 cere,
728 1065 835 1118 imo
867 1062 972 1117 tria
999 1061 1200 1131 Christi
1246 1077 1471 1130 corpora
1522 1063 1776 1117 inauditae
1803 1064 2128 1119 temeritatis

547 1154 772 1211 audacia
819 1167 1065 1208 asserere
1094 1153 1456 1223 praesumpsit,
1495 1155 1548 1207 in
1580 1163 1784 1208 tantum
1817 1159 2126 1210 sacerdotes

543 1247 759 1302 Domini
785 1246 1054 1301 exsecrati
1091 1255 1237 1310 sunt,
1265 1255 1324 1299 ut
1345 1247 1470 1308 hoc,
1492 1246 1633 1301 sicut
1663 1261 1823 1316 supra
1848 1257 2124 1302 ostensum

541 1347 648 1400 est,
678 1336 744 1390 de
774 1335 1052 1404 spiritibus
1095 1337 1319 1402 erroris,
1363 1346 1418 1391 et
1445 1337 1709 1392 doctrinis
1737 1338 2123 1392 daemoniorum

535 1433 818 1497 Sumptum
852 1427 1034 1483 dicere
1068 1427 1290 1482 minime
1337 1427 1660 1493 dubitarint,
1706 1436 1962 1497 tanquam
2001 1445 2124 1484 cum

539 1516 735 1586 angelo
777 1515 987 1571 Domini
1039 1515 1366 1571 detestantes
1402 1514 1587 1581 Satan,
1640 1517 1730 1586 qui
1764 1517 1967 1572 dextris
1995 1517 2125 1572 Jesu

540 1607 725 1678 magni
754 1617 810 1662 et
831 1607 944 1662 veri
973 1606 1272 1662 sacerdotis
1294 1607 1568 1662 adversari
1593 1616 1841 1671 conatur,
1865 1616 1920 1662 et
1941 1607 2124 1662 exsuf-

541 1695 734 1752 flantes
758 1697 1001 1752 dicerent
1026 1713 1038 1748 :
1067 1694 1303 1764 Increpet
1346 1694 1603 1750 Dominus
1625 1696 1679 1750 in
1721 1707 1789 1762 te,
1839 1695 2027 1764 Satan,
2071 1707 2120 1751 et

541 1787 770 1856 increpet
802 1788 856 1840 in
881 1796 929 1840 te
949 1786 1038 1855 qui
1073 1784 1222 1854 elegit
1247 1784 1544 1840 Jerusalem
1573 1784 1759 1855 (Zach.
1803 1801 1884 1850 Ill,
1910 1787 1989 1855 2).

617 1879 669 1932 7.
708 1877 915 1946 Corpus
941 1886 1122 1932 autem
1153 1878 1383 1940 Domini,
1415 1878 1556 1946 quod
1581 1877 1634 1930 in
1660 1877 1917 1948 mysterio
1943 1894 1971 1931 a
1997 1878 2126 1933 ﬁde-

540 1967 686 2023 libus
715 1967 966 2032 sumitur,
996 1966 1229 2021 absit-ut
1259 1974 1366 2020 tam
1399 1967 1612 2021 sordida
1640 1966 1720 2021 vel
1751 1968 2121 2036 superstitiosa

541 2067 730 2114 mente
753 2057 874 2128 quis
902 2066 1141 2127 appetat,
1188 2066 1245 2112 ut
1275 2058 1474 2127 aliquid
1507 2059 1697 2112 borum
1727 2073 1846 2127 qum
1889 2059 2124 2114 immun-

544 2149 766 2204 dissime
813 2157 1000 2204 auctor
1026 2148 1286 2204 doctrina:
1315 2148 1605 2215 confinxit,
1650 2149 1704 2204 in
1732 2164 1830 2204 suo
1859 2150 2038 2206 animo
2070 2160 2126 2206 et

540 2240 963 2310 cogitationibus
1010 2240 1214 2294 versari
1259 2239 1575 2310 permittat!
1622 2237 1962 2310 Quapropter
2000 2256 2122 2295 cum

538 2333 686 2386 omni
715 2331 984 2387 desiderio
1009 2341 1064 2387 et
1085 2331 1474 2402 supplicatione
1503 2331 1722 2401 pietatis
1756 2331 1990 2385 divinam
2023 2334 2123 2386 mi-

541 2422 894 2477 sericordiam
918 2421 1334 2492 implorandum,
1364 2430 1424 2475 ut
1449 2436 1554 2476 non
1580 2421 1752 2476 solum
1781 2421 1849 2475 ab
1877 2423 2120 2488 auribus,

539 2528 727 2568 verum
743 2514 907 2568 etiam
924 2528 954 2567 a
967 2512 1218 2568 cordibus
1249 2511 1470 2575 nostris,
1486 2509 1669 2564 talium
1684 2511 2120 2580 phantasmatmn

534 2617 599 2658 ac
623 2601 862 2658 sordium
890 2600 1013 2657 labe
1043 2609 1250 2657 remota
1281 2638 1297 2655 .
1327 2639 1342 2654 .
1377 2640 1391 2654 .
1425 2598 1813 2669 sempiternum
1844 2599 2120 2654 munditim

531 2709 667 2760 suae,
700 2703 916 2749 mentes
961 2701 1179 2749 nostras
1205 2692 1480 2756 emundet,
1508 2695 1781 2761 quatenus
1827 2698 1935 2745 tam
1980 2691 2117 2745 divi-

531 2799 664 2838 num
694 2784 1098 2852 gloriosumque
1135 2783 1452 2854 mysterium
1486 2796 1622 2852 puro
1666 2796 1830 2836 sensu
1879 2781 2119 2851 cogitan-

533 2882 640 2938 tes,
677 2888 809 2940 pura
845 2873 1048 2940 pietate
1093 2881 1388 2937 sumentes,
1437 2873 1762 2942 incorruptae
1785 2872 2118 2943 puriﬁcatio-

532 2964 621 3017 nis
699 2961 927 3031 gratiam
986 2975 1402 3030 consequamur.
1456 2959 1592 3015 Cum
1657 2962 1802 3016 enim
1860 2962 2118 3016 Dominus

534 3053 716 3108 dicat:
753 3050 865 3124 Ego
911 3067 1026 3104 sum
1057 3051 1174 3105 vitis
1214 3066 1333 3105 vera
1378 3050 1560 3120 (Joan.
1590 3066 1677 3114 xv,
1705 3050 1758 3121 l)
1785 3067 1800 3116 ;
1826 3060 1918 3104 et:
1956 3048 2121 3104 Pater

2231 515 2342 569 Deo
2363 517 2546 569 viventi
2579 515 2763 587 (Ilebr.
2798 532 2851 570 Ix
2877 557 2890 580 ,
2919 517 3029 588 Η).
3063 516 3167 572 Sed
3189 526 3244 573 et
3269 521 3523 591 princeps
3546 525 3816 590 apostolo-

2230 623 2351 661 rum
2379 607 2608 661 Petrus:
2643 605 2895 673 Scientes,
2932 608 3024 672 ait,
3064 609 3204 679 quod
3251 627 3354 664 non
3394 614 3817 682 corruptibilibu,

2231 694 2362 752 auro
2403 707 2451 750 et
2480 706 2693 767 argento
2721 699 2971 768 redempti
2994 701 3117 753 estis
3143 700 3207 754 de
3245 717 3381 754 vana
3422 706 3818 759 conversatione

2228 798 2459 858 paterna:
2501 789 2820 855 traditionis,
2865 790 2955 843 sed
2997 792 3223 860 pretioso
3263 793 3519 861 sanguine
3562 803 3818 864 tanquam

2229 878 2365 948 Agni
2390 877 2787 931 incontaminati
2807 887 2854 931 et
2875 879 3114 932 inviolati
3138 877 3334 934 Christi
3359 879 3408 952 (Ι
3433 878 3579 935 Petr.
3602 898 3620 936 ι
3641 923 3656 948 ,
3697 884 3814 953 18).

2229 967 2346 1025 Νοη
2377 983 2505 1038 ergo
2546 971 2885 1039 corruptibili
2932 971 3195 1042 redempti
3225 988 3431 1029 sumus.
3477 972 3594 1030 Hoc
3641 974 3817 1031 fidelis

2231 1061 2394 1116 sumit
2419 1061 2482 1114 ad
2508 1061 2694 1127 vitam,
2745 1061 2996 1132 indignus
3042 1066 3107 1118 ad
3145 1081 3395 1135 poenam;
3445 1066 3546 1122 hoc
3576 1069 3817 1137 pretium

2231 1150 2616 1218 redemptionis
2648 1158 2702 1205 et
2739 1151 2995 1207 viaticum
3031 1153 3221 1208 salutis
3261 1156 3632 1225 unusquisque
3674 1157 3813 1212 ﬁde-

2229 1239 2358 1294 lium
2402 1241 2500 1295 sub
2536 1242 2669 1296 hora
2699 1243 2886 1297 mortis
2915 1243 3056 1298 ﬁdeli
3099 1244 3300 1313 pietate
3327 1245 3585 1314 exposcit.
3617 1246 3732 1302 Hoc
3758 1261 3818 1302 se

2228 1341 2571 1401 peccatorum
2607 1333 2822 1387 veniam
2863 1333 3202 1403 adepturum,
3238 1351 3270 1388 a
3301 1336 3662 1405 malignorum
3699 1339 3814 1408 spi-

2227 1424 2428 1478 rituum
2454 1424 2669 1479 incursu
2703 1425 2757 1478 in
2795 1424 2909 1495 ipsa
2939 1433 3112 1480 morte
3142 1425 3418 1492 tuendum,
3467 1427 3533 1481 ad
3574 1428 3819 1497 paradisi

2227 1528 2443 1568 amoena
2473 1515 2753 1585 praesumit
2791 1514 3202 1570 admittendum.
3248 1515 3492 1586 Cumque
3519 1518 3696 1586 pulvis
3732 1534 3819 1574 re-

2225 1604 2454 1658 vertitur
2483 1605 2539 1658 in
2589 1614 2790 1660 terram
2833 1620 2985 1660 suam
3012 1607 3153 1661 unde
3187 1615 3326 1672 erat,
3355 1607 3577 1678 spiritus
3607 1617 3816 1676 tamen,

2225 1693 2386 1763 hujus
2428 1695 2672 1750 muneris
2717 1695 2907 1751 solatio
2935 1696 3125 1760 fretus,
3155 1696 3314 1767 hujus
3345 1697 3530 1768 gratiae
3558 1700 3819 1767 praesidio

2149 1776 2196 1836 B
2225 1785 2488 1849 munitus,
2533 1785 2673 1838 redit
2699 1785 2766 1839 ad
2818 1786 3101 1851 Dominum
3127 1786 3218 1854 qui
3250 1785 3398 1840 dedit
3426 1786 3596 1850 illum,
3632 1805 3733 1843 nec
3759 1791 3816 1844 in

2225 1864 2972 1944 depositionecorruptibilis
3018 1877 3263 1945 corporis
3316 1878 3397 1931 sui
3429 1880 3686 1934 amittens
3732 1881 3819 1935 in-

2225 1963 2628 2033 corruptibilem
2673 1966 2902 2035 gratiam
2927 1967 3172 2035 corporis
3199 1965 3419 2022 Christi.
3454 1967 3596 2034 Hmc,
3649 1980 3818 2039 prout

2224 2054 2334 2108 Deo
2366 2063 2635 2109 annuente
2653 2055 2824 2125 potui,
2855 2059 2924 2110 de
2966 2055 3198 2110 concilio
3237 2058 3626 2113 venerabilium
3672 2063 3817 2130 epis-

2223 2157 2503 2211 coporum,
2540 2143 2607 2197 ad
2632 2143 3042 2199 aediﬁcationem
3073 2145 3326 2201 Ecclesiae
3358 2145 3477 2212 Dei,
3517 2157 3572 2202 et
3602 2150 3816 2204 conﬁr-

2225 2233 2516 2287 mationem
2545 2233 2825 2290 catholicae
2852 2235 2976 2290 ﬁdei
3006 2251 3178 2305 nuper
3219 2237 3428 2304 habito,
3471 2240 3621 2295 brevi
3654 2243 3818 2314 pagi-

2225 2323 2350 2378 nula
2380 2333 2640 2379 annotare
2670 2325 2882 2391 curavi,
2906 2327 3067 2387 verba
3093 2343 3278 2383 eorum
3311 2339 3365 2383 et
3391 2345 3585 2386 sensus
3609 2333 3816 2401 quibus

2223 2415 2364 2468 valui
2397 2415 2596 2480 verbis,
2625 2424 2680 2469 et
2707 2414 3109 2485 Scripturarum
3153 2420 3473 2476 testimoniis
3501 2424 3809 2492 explicans,

2221 2515 2277 2560 et
2300 2507 2587 2575 excogitati
2623 2523 2793 2578 nuper
2817 2511 3208 2565 etexsecrandi
3244 2512 3446 2566 erroris
3475 2512 3816 2569 confutatio-

2225 2613 2369 2652 nem.
2400 2597 2457 2652 ln
2482 2600 2720 2653 omnium
2744 2601 2835 2670 qui
2868 2601 2982 2656 hmo
3011 2601 3192 2671 legere
3219 2603 3304 2657 vel
3321 2604 3510 2659 audire
3533 2605 3815 2660 voluerint

2221 2687 2467 2741 notitiam
2517 2685 2832 2756 perferens,
2885 2698 2962 2754 ut,
3013 2691 3293 2760 repudiata
3337 2701 3496 2761 atque
3545 2694 3814 2750 damnata

2221 2775 2431 2844 profani
2472 2777 2736 2846 dogmatis
2781 2778 3176 2834 fabulosissima
3228 2782 3468 2836 vanitate
3516 2792 3573 2838 et
3615 2784 3812 2839 vanis-

2221 2867 2359 2920 sima
2398 2866 2761 2932 fabulositate,
2799 2868 2983 2937 procul
3010 2869 3235 2938 abjectis
3273 2877 3327 2924 ct
3364 2871 3519 2926 libris
3545 2880 3598 2927 et
3622 2872 3816 2929 verbis

2220 2956 2650 3012 mendacissimis
2704 2958 2974 3026 vaniloqui
3051 2958 3308 3024 doctoris,
3378 2962 3444 3015 de
3509 2963 3817 3030 purissimo

2225 3045 2625 3114 Scripturarum
2669 3047 2838 3113 fonte,
2889 3049 2954 3103 de
3007 3049 3372 3104 sincerissima
3419 3051 3640 3106 Patrum
3699 3052 3813 3107 do-

534 3160 679 3199 meus
711 3144 801 3197 dat
831 3141 971 3196 vobis
995 3157 1180 3211 panem
1206 3140 1270 3194 de
1294 3140 1420 3196 caelo
1457 3157 1632 3194 verum
1660 3139 1842 3210 (Joan.
1873 3157 1948 3206 vt,
1982 3141 2115 3211 52);
2147 3128 2192 3190 C
2223 3136 2413 3197 ctrina,
2456 3136 2524 3190 de
2558 3137 2885 3192 venerabilis
2934 3138 3149 3192 concilii
3199 3140 3541 3204 auctoritate,
3585 3141 3706 3195 ﬁdei
3745 3149 3816 3197 et

534 3240 592 3287 et
621 3249 634 3285 :
665 3230 802 3284 Caro
839 3246 951 3284 mea
979 3246 1092 3284 vere
1117 3239 1192 3284 est
1222 3229 1387 3294 cibus,
1419 3239 1466 3283 et
1492 3230 1703 3300 sanguis
1733 3246 1878 3284 meus
1900 3247 2015 3284 vere
2043 3240 2119 3284 est

531 3332 686 3378 notus
737 3321 944 3387 (Ibid.,
987 3320 1108 3392 56);
1163 3329 1219 3376 et
1265 3340 1276 3374 :
1331 3320 1435 3386 Qui
1479 3322 1762 3375 manducat
1807 3339 1908 3386 me,
1933 3333 1978 3375 et
2010 3323 2119 3391 ipse

533 3421 664 3466 vivet
711 3421 920 3481 propter
962 3427 1045 3465 me
1087 3410 1275 3482 (lbid.,
1309 3411 1433 3481 58);
1462 3412 1601 3466 sicut
1645 3412 1778 3467 nihil
1812 3413 1937 3468 vita:
1961 3422 2118 3468 teter-

535 3517 619 3557 n:e
667 3501 786 3557 cibo
841 3500 945 3556 nisi
988 3515 1114 3556 vera
1169 3502 1362 3555 animae
1415 3501 1637 3556 refectio
1667 3503 1964 3572 appetenda
1994 3509 2113 3568 est,

538 3593 616 3646 ita
684 3590 817 3646 nihil
895 3591 1109 3661 penitus
1161 3591 1540 3661 cogitandum,
1607 3590 1712 3645 nisi
1757 3589 1899 3660 quod
1957 3592 2115 3660 spiri-

534 3683 642 3738 tale
673 3691 727 3736 et
773 3681 1080 3738 immortale
1132 3692 1234 3738 est.
1270 3681 1408 3749 Quid
1439 3691 1617 3737 autem
1649 3682 1844 3737 mirum
1883 3683 1951 3747 si,
1988 3682 2112 3738 ﬁdei

533 3772 706 3842 gratia
735 3780 790 3827 et
815 3771 1016 3826 virtute
1053 3771 1252 3836 divina,
1300 3771 1421 3827 talis
1461 3771 1615 3826 cibus
1662 3773 1741 3826 sic
1783 3774 2018 3827 sumitur
2056 3781 2116 3828 ut

535 3861 889 3918 absorbeatur
927 3861 1071 3931 quod
1112 3862 1339 3917 mortale
1392 3871 1476 3918 est
1516 3876 1548 3916 a
1578 3862 1720 3916 vita?
1748 3863 1850 3917 Hic
1893 3873 1988 3929 est,
2038 3865 2114 3919 ait

535 3951 818 4018 Dominus,
846 3955 997 4021 panis
1021 3953 1086 4006 de
1112 3953 1236 4006 caelo
1258 3953 1604 4018 descendens;
1630 3963 1685 4006 ut
1706 3954 1751 4007 si
1772 3955 1887 4024 quis
1913 3971 1978 4008 ex
2000 3955 2112 4024 ipso

536 4039 952 4103 manducauerit,
1003 4055 1105 4093 non
1155 4040 1413 4094 moriatur
1434 4039 1624 4109 (Ibid.,
1657 4041 1772 4110 50).
1830 4040 1937 4096 Sed
1985 4043 2113 4112 quid

535 4127 773 4196 pertinet
799 4127 868 4182 ad
896 4127 1151 4184 virtutem
1197 4131 1546 4195 sacramenti,
1587 4131 1727 4200 quod
1772 4133 2005 4202 pertinet
2044 4133 2111 4187 ad

533 4215 748 4270 visibile
777 4217 1214 4272 sacramentum?
1247 4216 1349 4284 Qui
1382 4219 1671 4274 manducat
1699 4219 1862 4285 intus,
1896 4236 2000 4275 non
2033 4221 2111 4276 fo-

535 4307 640 4372 ris;
673 4306 762 4376 qui
794 4306 1082 4362 manducat
1108 4309 1160 4363 in
1191 4310 1376 4373 corde,
1427 4325 1532 4364 non
1564 4311 1654 4381 qui
1694 4313 1893 4381 premit
1928 4314 2106 4369 dente.

538 4397 772 4453 Credere
819 4398 963 4452 enim
1004 4398 1060 4453 in
1104 4414 1247 4466 cum,
1280 4399 1381 4455 hoc
1425 4411 1507 4456 est
1556 4401 1885 4457 manducare
1915 4418 2107 4473 panem

2221 3224 2460 3279 scientiae
2483 3225 2799 3280 hauriamus
2825 3225 3049 3292 fluenta,
3077 3238 3353 3283 servantes
3380 3229 3608 3285 sollicite
3633 3231 3813 3286 semel

2223 3314 2476 3367 traditum
2526 3314 2682 3368 nobis
2722 3315 2844 3370 ﬁdei
2888 3317 3223 3381 thesaurum,
3255 3326 3312 3372 et
3340 3318 3606 3389 fugientes
3633 3335 3811 3391 oppo-

2218 3405 2443 3461 sitiones
2472 3407 2708 3462 scientiae
2755 3407 2876 3463 falsi
2906 3409 3168 3474 nominis,
3218 3421 3274 3464 et
3318 3412 3575 3480 profanas
3601 3427 3805 3467 vocum

2218 3495 2510 3561 novitates,
2537 3497 2602 3551 de
2629 3498 2825 3567 quibus
2850 3499 3136 3569 Apostolus
3182 3500 3321 3554 ﬁdeli
3369 3503 3631 3573 discipulo
3675 3505 3750 3558 ait
3785 3522 3800 3560 :

2219 3584 2263 3638 0
2307 3583 2602 3652 Timothee,
2651 3587 2940 3656 depositum
2989 3589 3213 3654 custodi,
3268 3590 3502 3644 devitem
3542 3593 3806 3662 profanas

2215 3691 2395 3731 vocum
2420 3677 2691 3743 novitates,
2732 3687 2779 3731 et
2804 3680 3148 3748 oppositiones
3171 3679 3296 3749 falsi
3318 3682 3541 3736 nominis
3565 3684 3805 3737 scientiae

2212 3783 2370 3837 quam
2421 3767 2634 3836 quidam
2689 3770 3042 3838 promittentes
3095 3771 3234 3823 circa
3284 3770 3442 3839 ﬁdem
3490 3773 3805 3828 exciderunt

2215 3855 2269 3927 (l
2298 3855 2430 3910 Tim.
2468 3871 2516 3910 vr
2537 3898 2551 3922 ,
2579 3857 2693 3927 20),
2726 3873 2848 3913 cum
2875 3872 3005 3930 ergo
3053 3860 3355 3917 istiusmodi
3411 3864 3805 3934 pseudoscien—

2215 3945 2288 3998 tia
2346 3955 2402 3999 et
2448 3946 2674 4015 profana
2736 3963 2928 4003 vocum
2991 3950 3202 4005 novitas
3245 3951 3367 4006 ﬁdei
3422 3955 3691 4009 excidium
3741 3967 3805 4012 et

2212 4032 2552 4104 naufragium
2637 4035 2843 4104 faciat,
2904 4038 3052 4093 velut
3114 4039 3335 4111 scyllam
3401 4047 3688 4111 quamdam
3740 4056 3802 4100 et

2211 4121 2523 4194 Charybdim
2555 4139 2674 4179 eam
2712 4126 2962 4192 vitemus,
3006 4136 3414 4201 metuamusque
3455 4133 3642 4187 intima
3673 4149 3801 4189 cor-

2211 4211 2294 4266 dis
2314 4210 2618 4279 formidine,
2669 4230 2737 4270 ne
2779 4215 2918 4270 forte
2955 4215 3069 4284 jam
3122 4218 3175 4271 in
3237 4218 3326 4273 illo
3377 4227 3620 4291 tempore
3671 4238 3800 4278 esse

2209 4301 2533 4370 coeperimus
2591 4304 2657 4358 de
2687 4319 2792 4376 quo
2823 4305 2962 4360 idem
2999 4306 3223 4360 terribili
3250 4309 3652 4365 denuntiatione
3683 4313 3797 4367 cla-

2210 4402 2322 4446 mat
2363 4392 2689 4462 Apostolus:
2743 4397 2860 4450 Erit
2900 4399 3036 4451 enim
3078 4409 3277 4470 tempus
3313 4418 3429 4455 cum
3476 4419 3657 4456 sanam
3698 4407 3797 4460 do-

533 4487 748 4551 vivum;
783 4487 873 4558 qui
909 4487 1102 4553 credit,
1147 4489 1466 4555 manducat;
1518 4490 1859 4548 invisibiliter
1896 4471 2108 4565 sagina-

2218 4477 2440 4538 ctrinam'
2472 4501 2576 4539 non
2603 4487 2925 4541 sustinebunt
2952 4505 2970 4553 ;
2997 4489 3086 4542 sed
3133 4489 3202 4542 ad
3230 4507 3326 4543 sua
3369 4492 3624 4546 desideria
3669 4511 3796 4550 coa-

537 4583 644 4636 tur,
693 4575 817 4643 quia
864 4582 920 4628 et
976 4575 1318 4632 invisibiliter
1370 4578 1690 4634 renascitur.
1763 4579 2110 4637 Sacramenta

538 4671 665 4715 sunt
688 4662 785 4718 ista
811 4679 825 4730 ;
859 4663 980 4718 ideo
1006 4671 1184 4720 autem
1225 4665 1477 4720 dicuntur
1509 4679 1874 4736 sacramenta,
1906 4672 2031 4740 quia
2056 4673 2110 4726 in

536 4749 616 4804 eis
663 4750 806 4805 aliud
832 4751 1064 4819 videtur,
1117 4753 1261 4810 aliud
1306 4754 1640 4827 intelligitur.
1678 4757 1830 4825 Quod
1875 4761 2106 4828 videtur,

540 4841 774 4910 speciem
793 4841 954 4897 habet
966 4843 1299 4915 corporalem
1320 4862 1335 4913 ;
1363 4847 1504 4916 quod
1525 4848 1859 4920 intelligitur,
1877 4851 2107 4908 fructum

540 4930 704 4985 habet
723 4931 1038 5002 spiritalem.
1065 4933 1243 4992 Manet
1272 4937 1435 5006 igitur
1469 4936 1522 4991 in
1553 4949 1734 4995 mente
1761 4941 1996 4997 ﬁdelium
2027 4943 2108 4997 in-

538 5029 790 5092 corrupta
817 5024 1137 5080 venerabilis
1160 5027 1402 5096 mysterii
1424 5029 1615 5094 virtus,
1648 5038 1703 5086 et
1741 5030 2109 5087 efﬁcacissima

537 5111 799 5180 potentia,
840 5126 1077 5182 purgans
1111 5115 1326 5183 delicta,
1386 5121 1686 5175 emundans
1729 5121 2111 5188 conscientias,

539 5203 826 5272 perticiens
851 5204 1079 5272 gratiam
1111 5209 1490 5279 redemptionis
1531 5220 1586 5267 et
1613 5211 1821 5266 salutis.
1855 5213 2008 5268 Unde
2037 5215 2115 5269 ait

543 5297 886 5354 beatissimus
939 5297 1209 5355 Joannes:
1265 5299 1331 5356 Et
1379 5305 1591 5372 sanguis
1641 5301 1770 5356 Filii
1823 5303 1937 5372 ejus
1979 5302 2107 5357 Iesu

542 5386 738 5442 Christi
775 5391 1022 5445 emundat
1061 5409 1154 5446 nos
1184 5393 1246 5446 ab
1276 5395 1416 5446 omni
1435 5405 1644 5464 peccato
1685 5393 1738 5463 (I
1763 5393 1922 5446 .loan.
1951 5410 1998 5458 ι,
2029 5393 2104 5462 7).

543 5475 652 5533 Vas
678 5493 888 5550 quoque
915 5481 1194 5537 electionis
1237 5482 1432 5537 Paulus
1469 5498 1482 5536 :
1527 5483 1734 5547 Quanto
1785 5483 1972 5551 magis,
2029 5483 2108 5535 in-

541 5569 676 5637 quit,
717 5559 928 5641 sanguis
957 5572 1172 5636 Christi,
1211 5574 1298 5642 qui
1341 5589 1432 5642 pcr
1469 5573 1722 5641 Spiritum
1762 5583 1998 5626 sanctum
2028 5589 2109 5626 se-

542 5662 809 5733 metipsum
854 5665 1032 5716 obtulit
1075 5664 1463 5717 immaculatum
1497 5663 1622 5729 Deo,
1656 5665 1951 5720 emundavit
1986 5681 2108 5719 con-

2215 4575 2489 4629 ccrvabunt
2543 4576 2640 4630 sibi
2705 4579 3022 4648 magistros,
3072 4581 3362 4650 prurientes
3431 4584 3646 4638 auribus
3676 4626 3691 4649 ,
3741 4597 3794 4641 et

2213 4668 2480 4722 averitate
2555 4670 2762 4740 quidem
2837 4671 3074 4725 auditum
3127 4685 3396 4742 avertent,
3456 4678 3526 4729 ad
3579 4677 3796 4746 fabulas

2214 4768 2387 4814 autem
2414 4771 2771 4814 convertentur
2800 4760 2886 4831 (II
2911 4761 3044 4816 Tim.
3077 4779 3164 4829 Ill,
3199 4764 3255 4835 4)
3281 4806 3297 4830 ,
3337 4767 3592 4838 statimqu
3663 4770 3797 4828 stibi-

2204 4845 2384 4918 jungit
2423 4867 2436 4902 :
2471 4848 2549 4902 Tu
2591 4866 2706 4903 vero
2747 4850 2928 4921 vigila,
2977 4853 3222 4910 videlicet
3263 4871 3352 4923 ne,
3394 4858 3794 4918 dormientibus

2211 4937 2599 5008 patrisfamiliae
2639 4941 2828 5005 servis,
2879 4942 3131 5000 inimicus
3180 4946 3341 5000 homo
3392 4953 3793 5018 superseminet

2214 5029 2419 5084 zizania
2446 5030 2499 5085 in
2525 5031 2701 5087 medio
2731 5033 2916 5089 tritici.
2946 5036 3244 5092 Audiamus
3275 5040 3522 5094 eumdem
3555 5044 3791 5111 Aposto—

2213 5118 2321 5172 lum
2346 5120 2500 5174 alteri
2523 5122 2841 5177 charissima
2864 5125 3122 5196 discipulo
3145 5129 3410 5185 dicentem
3427 5149 3441 5186 :
3461 5128 3660 5185 Stultas
3683 5152 3789 5188 au-

2214 5221 2313 5264 tem
2337 5212 2642 5280 qua'stiones
2661 5254 2674 5278 ,
2701 5224 2748 5267 et
2776 5218 3124 5288 genealogias,
3149 5229 3196 5273 et
3222 5223 3593 5288 contentiones,
3614 5236 3663 5278 et
3685 5243 3790 5294 pu-

2216 5318 2343 5373 gnas
2366 5301 2490 5371 legis
2515 5304 2718 5368 devita;
2747 5318 2864 5361 sunt
2893 5311 3030 5364 enim
3053 5311 3262 5365 inutiles
3289 5322 3337 5366 et
3367 5328 3515 5368 vante
3541 5313 3666 5385 (Tit.
3696 5331 3787 5381 tu,

2215 5393 2290 5464 9).
2326 5392 2392 5448 Et
2427 5395 2674 5463 protinus
2701 5397 2941 5469 adjungit
2970 5417 2984 5458 :
3023 5400 3340 5456 llwreticum
3379 5404 3640 5459 hominem
3667 5419 3790 5475 post

2215 5501 2372 5537 unam
2417 5495 2464 5538 et
2499 5489 2777 5542 secundam
2819 5493 3188 5562 correptionem
3229 5494 3630 5558 devita;-sciens
3659 5499 3788 5568 quia

2215 5575 2491 5630 subversas
2520 5589 2593 5631 est
2617 5579 2896 5648 ejusmodi,
2921 5594 2968 5636 et
2994 5593 3169 5652 peccat
3206 5587 3415 5654 proprio
3429 5586 3635 5656 judicio
3661 5604 3791 5641 con-

2215 5666 2488 5723 demnatus
2530 5669 2714 5740 (lbid.,
2753 5672 2838 5740 10,
2872 5674 2978 5745 Η).
3006 5672 3109 5730 Sed
3150 5675 3332 5731 etalio
3377 5677 3492 5732 loco
3522 5679 3690 5734 dicit:
3725 5680 3787 5736 Si
