4050 6302
238 360 314 418 85
1226 351 1588 410 OPUSCULA
1626 349 1812 406 ADVE

1911 350 1996 408 US
2034 346 2470 406 AMALARIUM.
3438 340 3508 396 86
3536 400 3542 407 η

240 472 365 544 quis
401 476 595 524 autent-
620 466 769 521 docet
810 474 856 521 et
885 474 987 521 non
1014 466 1462 537 acquiescit'sanis
1487 463 1815 519 sermonibus
1845 466 1895 525 Α
1920 476 1979 516 se
2029 462 2302 531 loquente,
2362 459 2656 529 Apostolus
2682 458 2826 513 hunc
2873 471 3116 513 errorem
3146 473 3160 510 :
3194 453 3349 509 Calix
3371 493 3386 518 ,
3432 454 3484 508 in

240 562 459 620 Domini
478 559 643 614 nostri
665 558 792 613 Jesu
811 557 1027 623 Christi,
1053 567 1099 612 et
1124 559 1172 612 ei
1201 574 1317 629 quae
1344 558 1629 613 secundum
1649 556 1818 626 pieta-

242 662 405 708 tatem
431 660 508 705 est
536 650 810 713 doctrinm,
833 648 1082 718 superbus
1107 658 1204 713 est,
1235 646 1366 702 nihil
1394 649 1564 702 sciens
1583 646 1672 701 sed
1701 645 1821 700 lan-
1850 670 1853 673 -

240 757 408 814 gneus
442 739 496 812 (I
534 738 673 793 Tim.
697 754 773 803 v1,
802 739 837 794 5
856 778 872 803 ,
898 738 976 809 4).
1004 738 1160 794 Circa
1184 740 1510 808 quaestiones
1533 747 1589 794 et
1614 753 1821 809 pugnas
1881 790 1884 795 .

240 831 536 887 verborum
560 842 738 884 nonne
764 829 976 883 videtur
1009 828 1299 898 Apostolus
1332 828 1385 882 in
1414 828 1501 884 his
1519 829 1700 884 verbis
1726 843 1821 885 ve-
1848 864 1849 871 η

241 922 327 978 ιυι
353 921 523 992 digito
548 928 854 976 monstrare
874 917 1158 991 praefatum
1186 920 1356 975 nostri
1388 919 1644 990 temporis
1668 920 1820 975 vani-

242 1012 468 1083 loquum
488 1006 954 1081 praesumptorem',
975 1009 1065 1080 qui
1083 1024 1346 1080 spernens
1365 1025 1526 1067 sanos
1546 1024 1824 1066 sermones

241 1100 459 1157 Domini
497 1099 623 1156 Jesu
651 1098 876 1165 Christi,
907 1099 1234 1156 conculcans
1267 1100 1563 1156 doctrinam
1585 1098 1851 1171 pietatisy

242 1198 392 1245 totus
427 1187 573 1245 circa
601 1202 772 1243 novas
797 1188 1123 1259 quaestiones
1156 1197 1213 1244 et
1243 1189 1459 1246 inutiles
1483 1190 1824 1246 adinventio-

243 1286 348 1334 nes
372 1277 659 1348 languidus
685 1286 741 1334 et
767 1277 1043 1347 inquietus
1086 1278 1339 1334 oberrat?
1381 1279 1640 1336 Dominus
1677 1281 1821 1337 enim

243 1376 425 1423 noster
450 1366 609 1423 Jesus
627 1365 898 1434 Christus,
919 1368 1011 1438 qui
1033 1377 1119 1424 est
1142 1383 1303 1424 verus
1325 1378 1382 1424 et
1399 1369 1630 1435 Veritas,
1655 1372 1823 1426 veris-

242 1457 448 1521 simum
465 1456 713 1527 corporis
734 1465 791 1512 et
817 1457 1098 1529 sanguinis
1126 1457 1211 1513 sui
1230 1459 1544 1530 mysterium
1572 1460 1625 1515 in
1649 1461 1822 1516 Evan-

243 1549 388 1621 gelio
408 1564 678 1620 exponere
697 1549 949 1621 dignatus
978 1549 1056 1605 ait
1085 1568 1098 1605 :
1136 1549 1322 1616 Amen,
1346 1568 1498 1607 amen
1520 1553 1636 1607 dico
1655 1553 1821 1620 uobis,

242 1641 350 1696 nisi
388 1640 821 1695 manducaveritis
847 1657 1058 1696 carnem
1082 1638 1212 1695 Filii
1235 1642 1491 1707 hominis,
1523 1653 1570 1697 et
1595 1643 1823 1699 biberitis

239 1732 361 1801 ejus
386 1732 712 1802 sanguinem,
762 1747 869 1786 non
911 1731 1163 1787 habebitis
1188 1735 1342 1788 vitam
1384 1734 1440 1788 in
1477 1733 1635 1790 vobis.
1684 1733 1837 1790 Caro.

1922 556 2135 626 quiens,
2162 555 2529 610 benedictionis
2571 555 2655 607 cui
2683 552 3051 613 benedicimus,
3081 565 3249 605 nonne
3275 564 3511 602 commu—
3540 606 3543 607 ν

1924 645 2115 699 nicatio
2137 644 2405 715 sanguinis
2432 642 2665 697 Christi?
2706 650 2753 695 et
2804 641 2955 710 panis
2994 656 3145 709 quem
3192 637 3516 708 frangimus,

1924 752 2093 790 nonne
2118 734 2516 789 communicatio
2558 733 2789 804 corporis
2811 731 3004 809 Christi
3043 731 3156 785 est?
3199 728 3250 797 (I
3279 727 3402 784 Cor.
3436 744 3469 782 ι
3494 768 3539 812 ,⁴

1923 824 2036 896 16.)
2075 825 2181 882 Iste
2207 834 2384 881 autem
2412 839 2443 880 e
2468 825 2740 880 contrario
2768 824 2820 879 in
2848 825 3287 895 presbyterorum
3324 822 3511 877 conci-

1921 919 1994 976 lio
2018 919 2211 975 docet:
2245 916 2478 988 Sanguis
2514 916 2602 972 ille
2635 917 2817 972 anima
2847 916 3044 971 Christi
3077 925 3178 970 est.
3221 914 3360 982 Quid
3408 914 3517 968 hac

1922 1006 2157 1062 novitate
2186 1005 2499 1078 prolanius?
2524 1007 2815 1077 Apostolus
2841 1007 2987 1061 omni
3017 1006 3298 1061 divisionis
3327 1006 3506 1076 suspi-

1921 1097 2076 1154 cione
2102 1098 2332 1163 sublata,
2381 1097 2582 1154 clamat
2609 1098 2865 1155 assidue:
2901 1097 3059 1152 Multi
3104 1115 3266 1153 unum
3321 1114 3510 1166 corpus

1920 1205 2099 1244 sumus
2124 1189 2180 1244 in
2208 1187 2417 1244 Christo
2443 1188 2623 1261 (Rom.
2650 1190 2808 1260 3,5).
2861 1190 2929 1245 Et
2978 1191 3173 1245 iterum
3225 1207 3238 1242 :
3283 1187 3511 1245 Solliciti

1919 1294 2124 1333 servare
2152 1279 2405 1333 unitatem
2427 1278 2641 1348 spiritus
2664 1279 2719 1334 in
2744 1278 2952 1334 vinculo
2990 1280 3157 1349 pacis,
3187 1295 3345 1333 rnum
3391 1296 3509 1356 cor-
3538 1334 3541 1339 ,

1919 1387 2041 1441 pus,
2070 1380 2117 1425 et
2140 1387 2276 1426 unus
2296 1371 2537 1442 spiritus,
2562 1372 2696 1426 sicut
2717 1372 2886 1426 vocati
2917 1373 3039 1427 estis
3065 1373 3119 1426 in
3147 1389 3253 1427 una
3299 1389 3388 1441 spe
3420 1389 3489 1426 vo-

1921 1461 2143 1514 cationis
2194 1470 2377 1516 vestrm
2432 1460 2649 1532 (Ephes.
2681 1477 2767 1526 Iv,
2796 1460 2876 1532 4).
2933 1462 2975 1516 Ε
3029 1477 3235 1527 rursus,
3264 1469 3430 1531 caput
3455 1470 3537 1516 ct.

1920 1565 2116 1621 corpus
2139 1549 2413 1606 Christum
2452 1560 2508 1607 et
2536 1551 2833 1607 Eeclesiam
2873 1568 3039 1607 unum
3081 1552 3356 1608 Christum
3380 1570 3519 1608 esse

1920 1647 2265 1705 contestans,
2295 1640 2466 1696 dicit:
2500 1640 2650 1697 Sicut
2699 1642 2836 1696 enim
2884 1658 3073 1712 corpus
3128 1660 3289 1698 unum
3337 1655 3432 1707 est,
3460 1656 3510 1699 et
3538 1686 3541 1691 .

1924 1728 2153 1784 membra
2184 1730 2371 1796 multa,
2421 1731 2597 1785 omnia
2626 1741 2801 1785 autem
2851 1732 3080 1787 membra
3109 1735 3340 1801 corporis
3389 1752 3510 1790 etim

241 1822 383 1876 enim
412 1838 526 1877 mea
546 1839 663 1878 vere
679 1831 755 1878 est
779 1822 926 1878 cibus
947 1833 995 1878 et
1017 1825 1231 1895 sanguis
1254 1842 1399 1881 meus
1420 1844 1533 1883 uere
1555 1838 1629 1882 est
1648 1838 1813 1898 potus.

1926 1820 2030 1873 sint
2056 1820 2252 1887 multa;
2277 1837 2438 1875 unum
2461 1838 2649 1891 corpus
2676 1832 2816 1877 sunt.
2850 1822 2936 1876 Ita
2958 1834 3006 1878 et
3034 1821 3275 1879 Christus
3304 1824 3356 1895 (Ι
3382 1825 3507 1879 Cor.

241 1912 352 1979 Qui
404 1913 687 1967 manducat
732 1929 902 1968 meum
940 1930 1187 1981 carnem,
1245 1926 1293 1970 et
1336 1916 1460 1971 bibit
1514 1919 1821 1988 sanguinem

239 2018 447 2066 meum,
472 2003 526 2057 in
548 2020 628 2057 me
658 2012 828 2058 manet
858 2014 907 2059 et
935 2020 1027 2075 ego
1067 2007 1122 2060 in
1143 2023 1223 2062 eo.
1261 2006 1412 2063 Sicut
1446 2010 1587 2064 misit
1626 2027 1707 2065 me
1747 2013 1823 2066 υἰ-
1850 2046 1853 2053 -

244 2107 370 2146 rens
407 2090 593 2157 Pater,
625 2102 677 2149 et
700 2110 793 2164 ego
819 2093 932 2147 vivo
960 2105 1170 2166 propter
1204 2094 1452 2164 Patrem;
1483 2109 1532 2154 et
1558 2099 1648 2171 qui
1673 2116 1822 2154 man-

239 2178 404 2234 ducat
434 2197 547 2245 me,
576 2192 623 2236 et
649 2183 758 2252 ipse
780 2184 900 2238 vivit
926 2194 1135 2254 propter
1161 2202 1241 2241 me
1273 2186 1452 2255 (Joan.
1486 2204 1537 2243 vt
1560 2229 1574 2254 ,
1598 2188 1698 2255 5.1,
1728 2189 1818 2255 56,

238 2269 358 2341 57).
382 2270 544 2329 Panis
564 2274 706 2328 enim
732 2273 824 2330 Dei
849 2284 931 2330 est
950 2275 1040 2345 qui
1064 2276 1344 2333 descendit
1368 2279 1434 2334 de
1457 2279 1616 2343 caelo,
1649 2288 1705 2335 et
1729 2280 1821 2336 dat

240 2364 413 2418 vitam
440 2365 675 2431 mundo;
715 2374 765 2419 et
800 2367 953 2436 panis
973 2384 1124 2438 quem
1145 2385 1237 2440 ego
1267 2370 1423 2436 dabo,
1453 2388 1578 2426 caro
1606 2388 1719 2427 mea
1744 2382 1821 2427 est
1844 2396 1847 2399 ·

237 2471 338 2524 pro
365 2458 548 2512 mundi
578 2459 699 2513 vita.
736 2459 873 2515 Ecce
901 2475 1060 2516 sanos
1084 2475 1359 2518 sermones
1392 2464 1603 2521 Domini
1646 2466 1818 2522 nostri

237 2544 372 2603 Jesu
406 2546 627 2616 Christi,
671 2565 799 2608 ecce
845 2551 1145 2608 doctrinam
1179 2554 1413 2624 pietatis.
1466 2556 1607 2612 Ecce
1647 2557 1813 2613 verba

240 2636 372 2693 vita:
398 2650 637 2707 aeternae,
666 2643 730 2697 de
755 2644 950 2712 quibus
980 2644 1094 2714 ipse
1118 2645 1194 2700 ait
1221 2663 1235 2700 :
1279 2646 1442 2702 Verba
1466 2664 1585 2717 qua:
1610 2648 1815 2704 locutus

234 2744 360 2783 sum
390 2733 551 2799 vobis,
572 2736 787 2804 spiritus
807 2745 856 2791 et
885 2736 989 2792 vita
1022 2748 1142 2792 sunt
1174 2737 1358 2808 (Ibid.,
1393 2738 1505 2811 64).
1527 2740 1596 2796 Et
1623 2739 1818 2796 Petrus

236 2818 309 2872 ad
334 2818 482 2874 illuni
514 2838 526 2874 :
560 2821 1046 2894 Domine,'inquit,
1082 2825 1237 2880 verba
1269 2827 1390 2881 vita:
1420 2837 1628 2883 aeterna:
1657 2829 1815 2883 habes

239 2907 434 2977 (lbid.,
458 2909 567 2981 69).
597 2912 898 2970 Audiamus
923 2927 1054 2984 ergo
1096 2916 1263 2971 verba
1293 2914 1415 2970 vitae
1444 2931 1512 2972 ex
1540 2931 1635 2972 ore
1670 2918 1812 2973 vitte.

233 2998 473 3053 Carnem
502 3015 655 3055 suam
677 3001 809 3058 dicit
833 3018 864 3057 a
896 3002 1140 3059 ﬁdelibus
1162 3005 1495 3072 manducari,
1522 3015 1578 3061 et
1599 3006 1817 3077 sangui-

236 3103 366 3143 nent
388 3104 544 3144 suum
585 3092 794 3162 putari;
823 3106 950 3148 vere
992 3093 1142 3150 illum
1188 3095 1367 3151 cibum
1409 3111 1628 3152 carnem
1659 3113 1812 3153 suam

1926 1924 2032 1973 xu,
2065 1910 2170 1980 l2).
2208 1909 2361 1966 Unde
2385 1919 2438 1965 et
2459 1910 2773 1966 Corinthios
2802 1912 2942 1966 male
2967 1913 3201 1977 divisos,
3237 1924 3293 1967 et
3335 1923 3513 1968 textu-

1925 2014 2039 2053 ram
2090 1999 2352 2055 Dominici
2389 2001 2634 2071 corporis
2680 2002 3066 2074 sclijsmatihus
3111 2005 3513 2073 disrumpentes

1921 2093 2212 2165 obiurgans
2237 2094 2433 2150 clamat
2455 2095 2694 2149 :Dieisus
2714 2104 2788 2149 est
2804 2092 3084 2150 Christus?
3104 2095 3152 2168 (Ι
3183 2094 3306 2150 Cor.
3334 2112 3375 2161 ι,
3397 2097 3505 2167 13.)
3538 2158 3543 2165 ε

1923 2180 2073 2238 llanc
2110 2198 2324 2253 quoque
2372 2185 2634 2240 unitatem
2684 2185 2736 2240 in
2792 2187 3064 2242 sacriﬁcio
3108 2202 3265 2243 sacro
3319 2198 3544 2265 sancto.

1919 2276 2180 2347 mysterio
2228 2291 2478 2332 asserens
2527 2277 2823 2348 designari.
2887 2276 3034 2333 Unus
3081 2280 3249 2349 panis,
3309 2278 3505 2348 inquit,

1920 2385 2081 2423 unum
2111 2385 2333 2439 corpus;
2361 2369 2513 2424 multi
2552 2386 2753 2435 sumus,
2785 2387 3064 2441 omnesque
3114 2373 3179 2424 de
3222 2387 3327 2424 uno
3372 2387 3506 2440 pane

1915 2462 2289 2530 participantus
2319 2461 2368 2533 (ι
2396 2461 2517 2517 Cor.
2545 2478 2600 2527 ι,
2628 2463 2736 2532 17).
2760 2463 2838 2519 Ita
2869 2463 3031 2532 igitur
3055 2478 3243 2519 omnes
3274 2472 3383 2519 tam
3410 2478 3505 2517 an-

1918 2548 2053 2618 tiqui
2078 2565 2242 2619 quam
2266 2550 2532 2616 moderni,
2557 2563 2666 2607 tam
2696 2553 2937 2626 viventes
2960 2568 3122 2623 quam
3148 2553 3500 2618 dormientes,
3536 2620 3541 2629 ,

1918 2637 1971 2692 in
1997 2637 2213 2695 Christo
2247 2656 2388 2697 unus
2416 2641 2572 2710 panis
2591 2657 2800 2706 sumus,
2823 2640 3042 2697 Christo
3091 2641 3420 2712 incorporati
3446 2652 3502 2696 et
3536 2712 3540 2721 ῃ

1916 2727 2076 2794 uniti,
2105 2739 2163 2782 ut
2193 2738 2370 2785 tamen
2393 2745 2581 2786 omnes
2609 2731 2677 2785 ad
2707 2732 2828 2787 vita:
2849 2741 2904 2787 et
2925 2732 3118 2788 salutis
3140 2732 3372 2805 gratiam
3406 2746 3501 2787 ca-

1916 2816 2166 2887 piendam
2189 2819 2256 2875 de
2276 2835 2384 2876 uno
2415 2821 2802 2891 participemur
2828 2840 2842 2875 :
2877 2821 2967 2876 illo
2994 2822 3245 2877 videlicet
3278 2821 3373 2892 qui
3411 2822 3500 2878 de-

1916 2908 2124 2964 scendit
2162 2909 2229 2965 de
2252 2911 2431 2976 cmlo,
2475 2921 2530 2966 et
2576 2912 2669 2966 dat
2701 2913 2862 2967 vitam
2896 2913 3117 2967 mundo.
3178 2911 3269 2967 Sic
3310 2927 3499 2967 omnes

1916 2999 2087 3054 sancti
2119 3008 2247 3056 sunt
2276 3000 2480 3071 lapides
2500 3001 2628 3066 vivi,
2662 3003 2756 3058 sed
2799 3018 2897 3074 per
2943 3018 3069 3058 eum
3098 3001 3386 3067 viviﬁcati;
3432 3001 3500 3058 de

1918 3103 2026 3156 quo
2051 3088 2155 3145 illis
2197 3104 2297 3160 per
2338 3090 2556 3146 Petrum
2594 3091 2896 3161 apostolum
2943 3086 3183 3147 dicitur:
3220 3091 3303 3145 Ad
3346 3108 3499 3163 quem

234 3193 383 3245 esse,
432 3196 559 3237 γει-ο
586 3156 755 3238 quam
790 3192 973 3252 porum
1008 3186 1324 3258 sanguine“.
1372 3204 1527 3243 suum
1572 3189 1808 3246 existere
1842 3156 1887 3218 (ἶ
1916 3180 2215 3235 accedentes
2238 3180 2465 3253 lapidem
2491 3184 2679 3247 vivum,
2704 3194 2750 3237 et
2775 3185 2873 3252 ipsi
2893 3194 3145 3254 tanquam
3178 3184 3376 3253 lapides
3397 3186 3499 3239 viri

234 3269 559 3337 conﬁrmat;
587 3272 822 3342 seipsum
852 3275 1048 3331 asserit
1082 3291 1113 3331 a
1155 3275 1403 3333 ﬁdelibus
1432 3278 1547 3335 suis
1573 3280 1802 3345 comedi,

233 3369 293 3416 et
333 3360 451 3417 sine
493 3362 595 3418 hoc
633 3363 754 3420 cibo
782 3365 1051 3421 neminem
1094 3381 1223 3422 vere
1250 3383 1349 3438 per
1376 3368 1519 3425 hunc
1548 3370 1804 3425 mundum

233 3449 424 3507 vivere
450 3459 710 3519 testatur;
758 3454 902 3517 hunc
929 3469 1050 3511 esse
1083 3471 1274 3527 panem
1313 3456 1381 3513 de
1414 3458 1553 3514 cmlo
1575 3460 1804 3515 descen-

232 3540 479 3605 dentem,
502 3542 556 3597 id
581 3551 666 3598 cst
684 3557 901 3599 carnem
932 3560 1092 3614 quam
1116 3546 1230 3615 ipse
1250 3547 1471 3603 tradidit
1498 3564 1596 3618 pro
1621 3549 1804 3605 mundi

230 3628 367 3682 vita.
397 3628 495 3685 llic
516 3632 669 3701 panis
688 3632 946 3700 caelestis,
970 3635 1095 3704 quia
1122 3636 1360 3701 eteleste,
1383 3637 1491 3692 imo
1510 3653 1671 3708 super
1696 3655 1806 3696 cm-

229 3716 371 3773 leste
407 3716 660 3786 Verbum,
683 3722 850 3777 nostri
890 3724 1106 3793 quidem
1140 3725 1372 3795 generis,
1420 3726 1512 3783 sed
1557 3730 1795 3786 caelestis

227 3809 482 3880 originis,
503 3826 630 3866 caro
654 3810 851 3867 factum
874 3823 979 3879 est,
1005 3823 1061 3869 et
1081 3815 1341 3870 habitavit
1358 3817 1409 3871 in
1438 3818 1609 3883 nobis,
1627 3835 1801 3890 neque

229 3913 460 3954 carnem
519 3899 663 3955 illam
731 3901 823 3958 Dei
886 3903 1118 3973 genitrix
1185 3918 1252 3960 ex
1322 3905 1594 3962 voluntate
1659 3908 1803 3976 viri,

228 3988 330 4042 sed
372 4004 443 4044 ex
492 3999 814 4059 superventu
863 3992 1097 4063 Spiritus
1150 3996 1324 4050 sancti
1391 4006 1446 4052 et
1511 3999 1802 4059 obumbra—

227 4079 383 4135 tione
431 4081 677 4151 concepit
726 4082 944 4139 virtutis
981 4082 1266 4140 Altissimi.
1317 4086 1441 4143 Ideo
1490 4095 1546 4143 et
1590 4088 1658 4144 de
1702 4088 1805 4146 hoc

228 4184 373 4239 pane
433 4170 564 4226 olim
635 4170 811 4227 fuerat
883 4174 1268 4245 prophetarum
1333 4194 1347 4232 :
1422 4175 1627 4234 Panem
1689 4180 1805 4236 ctuti

224 4257 374 4312 dedit
418 4259 491 4313 eis
509 4300 524 4324 ,
553 4277 739 4330 panem
763 4261 1062 4333 angelorum
1090 4266 1419 4323 manducavit
1442 4268 1596 4325 homo
1627 4269 1798 4342 (Psal.

226 4360 438 4411 uxvu,
458 4347 571 4417 25).
602 4347 835 4405 Verbum
868 4352 1013 4407 enim
1042 4351 1139 4408 Dei
1159 4370 1382 4412 manens
1411 4356 1464 4412 in
1496 4359 1805 4418 coelcstihus

225 4438 481 4511 supernis
504 4439 659 4508 panis
693 4440 1000 4512 angelorum
1025 4458 1151 4499 caro
1174 4444 1368 4501 factum
1393 4454 1504 4514 est,
1528 4457 1588 4503 ut
1608 4465 1799 4519 panem

1907 3272 2399 3341 supertediﬁcamini
2428 3274 2479 3345 (I
2514 3273 2659 3330 Petr.
2690 3292 2754 3341 ιι,
2783 3276 2860 3347 ι).
2893 3276 2985 3332 Sic
3033 3292 3221 3333 omnes
3254 3275 3496 3332 elﬁciun-

1908 3367 1995 3415 tur
2025 3361 2137 3428 lux,
2162 3362 2372 3419 dicente
2400 3354 2659 3421 Domino:
2691 3365 2794 3421 Vos
2820 3367 2942 3421 estis
2969 3366 3062 3421 tua:
3081 3365 3491 3439 mundi(Matth.
3526 3430 3531 3435 .

1906 3467 1959 3514 v,
1986 3452 2096 3523 l4),
2129 3454 2223 3509 sed
2248 3470 2314 3509 ex
2347 3454 2437 3509 illo
2459 3455 2743 3511 illuminati
2766 3457 2831 3511 de
2869 3472 2975 3527 quo
2997 3455 3337 3527 Evangelism
3369 3456 3446 3510 ait
3475 3472 3492 3509 :

1907 3539 2044 3596 Ecce
2071 3542 2164 3598 lux
2187 3561 2305 3598 uera
2326 3562 2443 3616 qua:
2473 3546 2735 3601 illuminat
2766 3564 2969 3602 omnem
2989 3548 3251 3601 hominem
3280 3548 3493 3602 venien-

1905 3642 2007 3687 tem
2038 3635 2091 3688 in
2118 3635 2255 3691 hunc
2276 3637 2526 3692 mundum
2556 3637 2738 3707 (Joan.
2773 3655 2811 3703 ι,
2838 3639 2916 3708 9).
2962 3637 3055 3693 Sic
3098 3652 3228 3709 ergo
3262 3648 3319 3693 et
3355 3654 3495 3694 unus

1904 3731 2060 3796 panis
2092 3731 2348 3796 existunt,
2380 3731 2473 3787 sed
2504 3732 2649 3788 illius
2677 3733 3093 3803 participatione
3114 3732 3331 3787 vitalem
3368 3734 3495 3788 sub-

1906 3821 2158 3875 stantiam
2190 3822 2494 3888 trahentes;
2524 3825 2616 3893 qui
2640 3824 2772 3879 dicit
2801 3841 2816 3877 :
2849 3823 2964 3894 Ego
2996 3841 3113 3879 sum
3153 3823 3303 3893 panis
3342 3826 3489 3879 virus

1903 3910 2069 3980 quide
2089 3911 2213 3967 caelo
2231 3912 2471 3968 descendi
2488 3913 2668 3981 (Joan.
2690 3930 2741 3968 vr
2765 3955 2780 3978 ,
2800 3913 2912 3986 41).
2946 3914 3344 3987 Participantur
3368 3917 3493 3988 qui-

1908 4000 2027 4055 dem
2058 4008 2113 4056 et
2140 4000 2541 4058 communicant
2567 4003 2667 4058 sibi
2700 4004 2930 4060 invicem
2952 4020 3141 4062 omnes
3172 4005 3358 4062 ﬁdeles
3391 4020 3489 4076 per
3519 4064 3527 4073 ,

1904 4089 2214 4146 societatem
2240 4098 2297 4146 et
2332 4092 2873 4148 communicationem
2895 4094 3152 4163 spiritus,
3181 4109 3278 4166 per
3312 4095 3480 4151 unita-
3522 4158 3525 4161 ,

1905 4185 2013 4232 tem
2039 4177 2181 4245 lidei,
2213 4179 2325 4250 spei
2347 4187 2404 4235 et
2428 4181 2735 4247 charitatis,
2764 4183 2979 4239 dicente
3006 4185 3262 4255 Apostolo
3302 4204 3316 4240 :
3352 4183 3486 4240 Cra-
3524 4177 3528 4182 ’

1904 4268 1980 4322 tia
2026 4267 2238 4323 Domini
2285 4270 2447 4324 nostri
2502 4270 2629 4325 Jesu
2654 4269 2869 4337 Christi,
2919 4283 2968 4328 et
3015 4274 3244 4330 charitas
3292 4273 3409 4341 Dei,
3434 4286 3486 4331 et

1902 4359 2299 4414 communicatio
2325 4362 2493 4415 sancti
2544 4359 2772 4432 Spiritus
2798 4404 2813 4430 ,
2837 4366 2904 4419 sit
2934 4382 3050 4420 cum
3079 4366 3316 4422 omnibus
3340 4367 3483 4423 vobis

1904 4446 1991 4519 (Il
2018 4448 2140 4504 Cor.
2169 4466 2287 4514 xm,
2312 4450 2421 4524 15).
2456 4450 2644 4510 Omnis
2691 4463 2869 4512 tamen
2908 4456 3024 4513 inec
3057 4458 3401 4529 participatio
3428 4467 3484 4511 et

223 4510 544 4597 angelorum
592 4509 944 4587 manducaret
980 4531 1159 4588 homo.
1209 4509 1673 4608 Quomodo'igitur
1699 4539 1801 4597 iste
1834 4509 1884 4572 θ
1904 4509 2351 4607 communicatio,
2380 4509 2506 4613 qua:
2533 4543 2639 4600 illis
2669 4560 2775 4600 non
2808 4547 2991 4617 utique
3016 4509 3084 4602 de
3114 4509 3340 4603 invicEm
3384 4552 3478 4604 sed

220 4615 469 4686 profante
491 4618 742 4675 novitatis
767 4630 1138 4690 praesumptor,
1167 4632 1223 4679 et
1249 4633 1505 4694 quantum
1542 4627 1595 4683 in
1617 4644 1675 4685 se
1695 4639 1797 4697 est,

222 4714 393 4761 tanta:
412 4706 629 4776 pietatis
652 4707 902 4774 violator,
928 4723 1022 4778 per
1049 4726 1209 4781 quam
1248 4712 1301 4766 in
1338 4711 1554 4783 Christo
1593 4717 1796 4784 ﬁdeles,

221 4800 284 4847 et
313 4792 365 4847 in
396 4793 508 4849 suis
531 4793 774 4851 ﬁdelibus
802 4797 1049 4853 Christus
1088 4815 1339 4867 manens,
1372 4812 1531 4874 caput
1556 4807 1798 4876 corporis

220 4882 483 4939 Ecclesia:
505 4884 724 4940 existit?
743 4885 1037 4954 Quomodo,
1070 4888 1307 4959 inquam,
1337 4909 1498 4949 unum
1521 4896 1792 4953 cmlestem
1830 4968 1833 4971 Α

219 4989 420 5045 panem
449 4974 500 5030 in
521 4976 625 5031 tria
660 4977 883 5033 dividit?
907 4979 1052 5036 aliud
1086 4981 1193 5038 illic
1216 4998 1464 5040 asserens
1493 5002 1613 5044 esse
1631 4989 1791 5045 Chri-

220 5075 392 5131 stum,
424 5065 567 5122 aliud
591 5069 828 5127 viventes
855 5070 1060 5139 ﬁdeles,
1089 5073 1231 5130 aliud
1262 5075 1373 5142 jam
1404 5077 1697 5136 defunctos.
1726 5085 1794 5139 Et

218 5154 504 5212 Christum
531 5158 745 5228 quidem
773 5160 959 5217 calicis
996 5163 1255 5237 particula
1291 5168 1571 5235 contineri,
1609 5172 1792 5229 viven-

217 5255 311 5305 tes
337 5250 391 5304 in
417 5258 623 5320 patente
668 5251 982 5323 fragmentis
1004 5295 1020 5320 ,
1044 5255 1324 5314 defunctos
1351 5270 1527 5316 autem
1559 5263 1610 5318 in
1635 5267 1788 5322 tertia

216 5338 455 5408 quadam
479 5339 663 5397 altaris
688 5342 947 5412 particula
971 5347 1197 5401 censeri.
1223 5347 1297 5403 Ita
1325 5364 1509 5408 errore
1532 5355 1791 5426 sacrilego

217 5427 535 5498 implicatur
571 5431 663 5487 ubi
707 5431 963 5489 Dominus
990 5433 1147 5491 Jesus
1188 5435 1433 5495 Christus
1460 5444 1656 5499 asserit
1700 5461 1787 5501 se-

215 5518 512 5589 metipsum
560 5534 591 5574 a
634 5519 878 5576 ﬁdelibus
919 5523 1265 5592 manducari,
1303 5537 1357 5583 et
1401 5543 1525 5586 vere
1571 5547 1787 5589 carnem

216 5624 373 5664 suam
399 5624 519 5665 esse
546 5611 745 5677 cibum,
773 5627 898 5668 vere
925 5615 1241 5687 sanguinem
1268 5633 1422 5673 suum
1447 5627 1628 5689 potum
1647 5662 1661 5685 ,
1686 5622 1787 5679 istc

213 5699 497 5754 contendit
521 5700 669 5757 vivos
691 5701 919 5769 comedi,
946 5712 999 5759 ct
1019 5703 1313 5764 defunctos.
1341 5707 1548 5779 Arguit,
1584 5709 1697 5781 ipso
1732 5714 1783 5768 in

1905 4629 1972 4684 ad
2002 4629 2230 4686 invicem
2279 4633 2499 4700 existat,
2528 4636 2594 4690 ad
2625 4635 2772 4691 illum
2804 4638 2973 4693 tendit
3018 4646 3074 4691 et
3111 4652 3177 4692 ex
3229 4637 3321 4692 illo
3363 4639 3477 4694 solo

1903 4709 2182 4788 vegetatur
2204 4723 2291 4791 qui
2321 4731 2406 4778 est
2434 4723 2552 4780 fons
2578 4724 2701 4779 vitm
2726 4765 2741 4789 ,
2770 4726 2835 4780 de
2863 4741 2967 4795 quo
3009 4725 3199 4780 beatus
3242 4725 3480 4784 Joannes

1902 4808 2033 4864 dicit
2061 4810 2259 4882 {Quod
2286 4813 2506 4868 vidimus
2531 4826 2577 4868 et
2605 4815 2896 4869 audivimus
2920 4855 2935 4879 ,
2978 4817 3351 4871 annuntiamus
3385 4834 3475 4872 vo-

1902 4898 2017 4965 bis,
2044 4911 2099 4954 ut
2149 4912 2195 4956 et
2232 4919 2316 4957 uos
2360 4906 2767 4958 communionem
2819 4904 3050 4959 habeatis
3095 4907 3378 4970 nobiscum,
3424 4920 3476 4963 et

1899 4991 2191 5044 communio
2215 5004 2391 5047 nostra
2412 4995 2475 5048 sit
2504 5010 2620 5047 cum
2650 4991 2806 5047 Patre
2831 5003 2878 5048 et
2906 5010 3022 5048 cum
3050 4994 3192 5050 Filio
3210 4998 3325 5067 ejus
3344 4996 3473 5054 Iesu
3514 4984 3515 4987 η
3553 5050 3556 5053 .

1899 5077 2103 5134 Christo
2128 5079 2180 5150 (1
2199 5080 2358 5136 Joan.
2392 5100 2445 5149 ι,
2474 5083 2550 5153 3).
2583 5081 2829 5137 Christus
2853 5084 2995 5138 enim
3024 5083 3182 5141 Jesns
3212 5099 3370 5158 caput
3416 5100 3473 5147 et

1896 5177 2077 5224 vertex
2118 5170 2389 5236 Ecclesiae,
2412 5171 2681 5226 etidcireo
2709 5171 2779 5226 ad
2806 5172 2928 5226 vita:
2961 5184 3173 5230 (eterna:
3209 5191 3471 5231 commer-
3545 5186 3555 5197 ‘

1895 5259 2037 5316 cium
2087 5261 2160 5316 illi
2208 5263 2546 5319 connectitur
2596 5272 2650 5318 et
2693 5265 2957 5329 cohaeret,
2988 5269 3123 5323 etin
3164 5268 3311 5323 illum
3356 5278 3475 5323 tota.

1898 5352 2171 5406 concurrit
2195 5351 2452 5416 Ecclesia,
2479 5360 2536 5406 ut
2567 5351 2711 5409 fonte
2737 5357 2930 5426 capitis
2967 5366 3131 5413 totum
3162 5375 3358 5430 corpus
3394 5361 3473 5415 ir-

1896 5440 2101 5513 rigetur
2137 5451 2192 5500 et
2217 5445 2380 5504 vivat,
2408 5444 2616 5500 dicente
2644 5446 2935 5517 Apostolo:
2968 5448 3250 5505 Veritatem
3288 5462 3469 5506 autem

1896 5530 2142 5599 facientes
2165 5534 2217 5584 in
2241 5532 2511 5600 charitate,
2538 5552 2828 5593 crescamus
2849 5538 2900 5592 in
2926 5538 3016 5594 illo
3034 5557 3126 5610 per
3148 5544 3344 5607 omnia,
3373 5545 3467 5612 qui

1891 5634 1965 5678 est
1999 5635 2149 5694 caput
2174 5624 2449 5681 Christus:
2474 5627 2559 5683 Ea:
2597 5647 2698 5699 quo
2731 5641 2892 5686 totum
2923 5649 3107 5704 corpus
3139 5647 3459 5704 compactum

1890 5725 1936 5769 et
1959 5732 2241 5770 connexum
2265 5734 2355 5787 per
2382 5736 2579 5775 omnem
2612 5722 2917 5792 juncturam
2947 5724 3460 5791 subministrationis,
