4050 6302
542 328 611 385 87
1653 322 1854 387 FLORI
1895 327 2166 387 DlACONl
2202 329 2707 390 LUGDUNENSIS'
3743 346 3821 405 83

540 448 828 505 secundum
877 444 1228 531 operationem
1274 450 1331 504 in
1375 433 1674 503 mensuram
1722 445 2137 519 uniuscujusque
2160 448 2207 509 Α
2234 455 2328 508 est,
2361 457 2412 502 et
2443 450 2530 503 hic
2566 460 2646 504 est
2683 450 3046 508 antichristus.
3090 453 3390 512 Audiamus
3414 460 3823 532 etrapostolum

540 540 792 607 membri,
816 552 1149 612 augmentum
1196 540 1426 611 corporis
1453 541 1582 621 facit
1627 541 1681 595 in
1728 540 2127 610 wdiﬁcationem

542 636 627 691 sui
653 636 707 690 in
732 635 986 690 charitate
1015 634 1173 706 (Eph.
1203 650 1274 699 tv,
1310 634 1398 698 15,
1428 633 1536 705 16).
1567 634 1634 688 Et
1672 634 1867 688 iterum
1909 651 1923 688 :
1958 632 2126 688 Nemo

545 741 632 781 θος
661 724 874 779 seducat
897 723 1057 795 (Eph.
1085 740 1140 791 v,
1175 722 1254 796 6),
1282 723 1469 779 volens
1516 724 1569 779 in
1616 724 1921 800 humilitate
1950 733 2008 780 et
2041 740 2129 781 re-

538 815 742 889 ligione
767 816 1105 887 angelorum,
1130 829 1248 884 quae
1274 828 1382 869 non
1407 813 1541 870 vidit
1588 815 1891 883 ambulans,
1920 814 2125 871 frustra

541 900 760 961 inﬂatus
787 920 947 962 sensu
979 905 1159 961 carnis
1185 920 1325 971 suae,
1356 912 1413 960 et
1454 920 1561 960 non
1604 913 1794 961 tenens
1846 914 2033 977 caput,
2058 922 2126 962 ex

539 1011 651 1068 quo
696 1005 868 1053 totum
893 1012 1093 1066 corpus
1122 1011 1220 1067 per
1245 1011 1549 1053 connexum
1574 1005 1648 1053 'et
1688 997 2127 1069 coniunctionem

536 1086 1005 1143 subministratum
1024 1126 1040 1153 ,
1066 1093 1122 1141 et
1144 1085 1520 1165 constructum
1552 1087 1750 1143 crescit
1782 1087 1838 1141 in
1865 1103 2128 1159 augmen-

537 1187 656 1234 tum
680 1177 794 1234 Dei.
824 1176 974 1234 Hane
998 1178 1261 1233 unitatem
1304 1177 1626 1233 ineﬁ‘abilem
1650 1177 1927 1243 Ecclesiae,
1955 1177 2009 1233 id
2045 1184 2129 1233 est

536 1266 786 1337 corporis
811 1266 917 1332 sui,
937 1266 1051 1337 ipse
1078 1267 1339 1323 Dominus
1360 1266 1516 1322 Iesus
1559 1280 1719 1337 quem
1759 1267 2003 1323 omnium
2031 1282 2126 1322 ca-

532 1366 634 1428 put
661 1356 1004 1428 signiﬁcabat
1033 1356 1265 1413 dicens:
1319 1357 1388 1412 Et
1436 1358 1573 1412 alias
1635 1375 1754 1413 oves
1798 1358 1984 1423 habeo,
2009 1374 2127 1430 qua:

519 1438 641 1519 ,non
658 1459 781 1504 sunt
809 1464 876 1504 ea:
900 1449 997 1504 hoc
1023 1449 1165 1514 ovili,
1189 1458 1239 1504 et
1267 1449 1390 1504 illas
1424 1459 1621 1521 oportet
1651 1467 1734 1505 me
1761 1450 2050 1517 adducere,
2077 1458 2128 1505 et

524 1553 706 1600 pacem
727 1553 897 1592 meam
919 1538 1159 1603 audient,
1174 1547 1221 1592 et
1243 1538 1333 1607 ﬁet
1360 1555 1525 1593 unum
1546 1539 1693 1605 ovile,
1720 1550 1768 1595 et
1788 1557 1923 1595 unus
1946 1550 2129 1612 pastor

531 1624 720 1698 (loan.
747 1643 804 1693 x,
832 1626 941 1699 l6).
973 1626 1081 1683 Pro
1114 1628 1218 1685 hac
1246 1629 1575 1686 adunalione
1599 1640 1655 1687 et
1680 1632 1886 1688 unitate
1933 1647 2127 1703 corpo-
2152 1646 2156 1653 ‘

530 1717 610 1775 ris
645 1718 729 1774 sui
772 1718 1010 1789 suscepit
1038 1727 1303 1786 mortem,
1328 1728 1566 1777 testante
1593 1722 1956 1794 Evangelista.
1987 1722 2124 1791 Quia

2230 536 2474 604 Paulum,
2504 541 2687 597 nos-in
2723 542 2891 597 semel
2919 544 3117 599 tradita
3146 546 3266 601 ﬁdei
3296 549 3526 605 veritate
3568 552 3819 609 solidan-

2230 637 2339 684 tem
2383 637 2548 700 atque
2593 630 2862 687 dicentem
2892 651 2905 686 :
2934 631 2995 686 Si
3029 635 3147 704 quis
3192 637 3338 692 vobis
3375 641 3815 711 euangelizaverit

2227 729 2419 790 prwter
2467 737 2627 792 quam
2675 724 2816 794 quod
2861 724 3169 797 accepistis,
3212 730 3492 786 anathema
3542 734 3611 788 sit
3664 733 3817 807 (Gal.

2230 825 2285 876 ι,
2330 809 2406 879 9).

2298 898 2351 965 8.
2391 898 2639 970 Ignoscat
2670 900 2804 957 mihi
2838 902 3082 975 indigno,
3126 920 3161 961 ο
3198 906 3415 964 Domini
3443 913 3819 982 venerabiles,

2228 998 2407 1046 vestra
2434 985 2673 1061 dilectio,
2721 995 2847 1065 quia
2893 996 3010 1052 inec
3046 992 3160 1053 non
3199 1000 3468 1070 superbiat
3514 1001 3680 1069 fastu,
3708 1019 3823 1062 nec

2228 1081 2450 1137 malitiae
2473 1082 2698 1152 alicujus
2725 1085 3006 1151 instinctu,
3034 1088 3128 1146 sed
3151 1104 3338 1147 amore
3364 1090 3621 1149 Ecclesiae
3651 1093 3828 1166 hujus

2230 1174 2462 1230 dominae
2510 1184 2566 1232 et
2610 1177 2840 1234 nutricis
2881 1194 3017 1236 meae
3063 1179 3277 1251 loquor,
3329 1184 3418 1239 cui
3461 1201 3569 1241 non
3613 1197 3816 1252 solum,

2226 1274 2390 1321 orout
2430 1265 2574 1322 Deus
2618 1267 2884 1337 inspirare
2925 1270 3212 1342 dignatur,
3258 1276 3658 1335 exhortationis
3690 1295 3825 1336 ver-

2227 1354 2354 1412 bum
2373 1399 2387 1424 ,
2421 1360 2514 1415 sed
2540 1368 2595 1416 et
2620 1376 2781 1418 omne
2807 1363 2983 1419 debeo
3003 1365 3283 1424 charitatis
3308 1377 3365 1424 et
3392 1371 3614 1440 pietatis
3637 1371 3816 1428 obse-

2224 1449 2448 1523 quium;
2496 1454 2801 1521 praasertim
2841 1455 2956 1511 hoc
2990 1465 3235 1530 tempore
3261 1475 3366 1529 quo
3398 1471 3508 1518 tam
3537 1462 3821 1536 lacryma-

2228 1538 2321 1595 bili
2350 1540 2677 1608 calamitate,
2700 1546 2938 1615 peccatis
2969 1549 3172 1604 nostris
3197 1552 3559 1622 exigentibus,
3596 1555 3821 1613 aﬁlicta

2227 1638 2331 1697 est,
2362 1640 2425 1687 ut
2459 1632 2655 1690 habeat
2684 1636 2996 1708 episcopum
3026 1639 3144 1697 sine
3164 1651 3454 1712 potestate,
3484 1648 3822 1718 magistrum

2228 1720 2347 1776 sine
2372 1723 2620 1779 veritate.
2661 1724 2817 1781 Nune
2858 1729 2928 1782 ad
2963 1728 3126 1784 ﬁnem
3170 1735 3435 1791 sermonis
3462 1739 3817 1795 commodum

527 1810 661 1869 Iesu
688 1813 985 1869 moriturus
1020 1822 1140 1869 erat
1172 1829 1273 1885 pro
1301 1822 1462 1885 gente
1484 1855 1500 1880 ,
1531 1822 1587 1868 et
1616 1829 1724 1870 non
1759 1824 1968 1871 tantum
2019 1831 2120 1886 pro
2148 1796 2194 1856 Β
2222 1812 2349 1867 duxi
2380 1828 2580 1884 paucas
2609 1816 3105 1876 ecclesiasticarum
3131 1821 3354 1880 Patrum
3384 1830 3687 1886 sententias
3713 1846 3823 1901 po-

532 1911 717 1975 gente,
746 1904 842 1959 sed
880 1911 939 1958 ut
969 1904 1109 1959 ﬁlios
1154 1905 1245 1977 qui
1282 1914 1437 1959 erant
1489 1906 1719 1976 dispersi
1767 1918 2124 1980 congregaret

532 1998 588 2052 in
620 2011 808 2061 unum,
836 2011 936 2067 pro
969 1996 1073 2052 hac
1099 1996 1268 2062 Deum
1300 1998 1538 2063 Patrem,
1565 1998 1620 2052 in
1665 2014 1773 2068 qua
1807 2007 1965 2054 nocte
2011 2011 2122 2054 tra-

530 2085 782 2152 debatur,
814 2100 1044 2141 exorare
1068 2086 1319 2156 dignatus
1346 2097 1451 2153 est,
1475 2085 1698 2142 dicens:
1738 2085 1902 2142 Pater
1923 2099 2117 2154 sancte,

529 2194 678 2233 serva
698 2194 785 2233 eos
804 2178 859 2234 in
882 2180 1088 2234 nomine
1106 2189 1197 2234 tuo
1222 2197 1351 2251 quos
1371 2179 1559 2235 dedisti
1581 2181 1730 2247 mihi,
1756 2190 1811 2235 ut
1832 2181 1941 2236 sint
1957 2198 2124 2236 unum

528 2272 665 2325 sicut
687 2280 734 2325 et
767 2287 861 2326 nos
890 2269 1074 2344 (Joan.
1097 2289 1235 2339 xvn,
1260 2273 1370 2345 ll).
1395 2274 1461 2328 Et
1484 2282 1606 2344 post
1631 2289 1799 2343 pauca
1832 2293 1844 2328 ε
1874 2274 1998 2329 Νοη
2024 2292 2117 2345 pro

528 2352 613 2416 his
637 2371 813 2417 autem
843 2379 969 2433 rogo
994 2373 1219 2429 tantum,
1244 2365 1335 2418 sed
1370 2381 1465 2433 pro
1493 2367 1568 2419 eis
1593 2366 1683 2436 qui
1724 2366 1970 2420 credituri
1996 2376 2117 2420 sunt

525 2457 622 2523 per
639 2453 850 2509 verbum
872 2470 1054 2508 eorum
1074 2453 1130 2509 in
1153 2471 1236 2510 me
1259 2496 1275 2522 ,
1302 2465 1360 2509 ut
1407 2472 1582 2510 omnes
1629 2472 1790 2510 unum
1817 2458 1941 2521 sint,
1982 2459 2117 2510 sicut

527 2553 586 2597 tu
616 2540 783 2598 Pater
801 2544 858 2599 in
886 2560 989 2611 me,
1012 2553 1060 2599 et
1081 2560 1175 2616 ego
1204 2545 1261 2599 in
1286 2555 1338 2599 te
1360 2585 1376 2611 ,
1404 2554 1461 2599 ut
1489 2554 1537 2600 et
1569 2547 1669 2616 ipsi
1696 2547 1750 2600 in
1777 2546 1923 2602 nobis
1950 2563 2116 2601 unum

526 2638 633 2691 sint
663 2636 847 2708 (Joan.
874 2653 970 2705 xx,
997 2638 1113 2710 2|);
1143 2647 1201 2695 et
1224 2656 1239 2695 :
1265 2637 1379 2711 Ego
1411 2639 1703 2695 claritatem
1727 2657 1885 2711 quam
1925 2642 2115 2695 dedisti

524 2725 659 2780 mihi
683 2725 807 2782 dedi
828 2726 925 2792 eis,
974 2736 1033 2781 ut
1068 2728 1171 2783 sint
1196 2744 1358 2783 unum
1386 2729 1522 2783 sicut
1561 2745 1654 2784 nos
1697 2746 1861 2784 unum
1908 2747 2111 2795 sumus,

525 2834 619 2889 ego
648 2817 702 2873 in
728 2818 804 2873 eis
827 2826 877 2873 et
922 2828 979 2873 tu
1006 2804 1189 2885 inme,
1222 2814 1278 2874 ut
1319 2820 1425 2875 sint
1472 2821 1820 2874 consummati
1850 2822 1905 2874 in
1952 2838 2111 2875 unum

526 2914 714 2986 (Iona.
743 2914 1003 2988 xxu,‘25).
1029 2915 1156 2971 llaac
1174 2925 1260 2972 est
1281 2914 1623 2972 iueﬁ‘abiliter
1642 2916 1904 2971 mirabilis
1932 2917 2112 2972 unitas

525 3006 741 3062 Domini
770 3004 919 3072 Jesu,
946 3016 1002 3062 et
1026 3008 1271 3077 corporis
1298 3008 1415 3078 ejus
1436 3047 1451 3073 ,
1486 3022 1646 3077 quam
1675 3008 1876 3062 nemini
1905 3007 2111 3063 licitum

527 3106 613 3156 est
644 3092 851 3156 violare
879 3109 972 3155 aut
995 3100 1235 3156 dividere
1257 3141 1273 3167 ,
1301 3100 1649 3171 praecipiente
1696 3101 1813 3172 lege
1852 3101 1920 3155 de
1971 3117 2110 3172 agno

517 3186 769 3260 paschali
795 3205 809 3244 :
838 3187 912 3244 0s
940 3206 1042 3245 non
1071 3191 1430 3245 contminuetis
1452 3206 1517 3245 ea:
1549 3206 1610 3244 eo
1639 3190 1968 3269 (Joan.7x1x,
1993 3190 2106 3261 36).

527 3280 670 3339 Vere
696 3281 864 3348 enim,
887 3290 1149 3353 quantum
1176 3282 1232 3337 in
1261 3297 1320 3339 se
1339 3289 1441 3347 est,
1467 3295 1531 3338 os
1574 3283 1712 3351 Agni
1748 3282 1922 3338 nostri
1964 3297 2111 3339 com-

528 3370 728 3442 minuit
771 3372 864 3442 qui
920 3371 1178 3428 virtutem
1231 3379 1286 3427 et
1338 3373 1506 3428 robur
1558 3380 1721 3427 tantae
1778 3372 2112 3442 compaginis

526 3461 793 3532 infringit.
861 3460 1029 3532 Huius
1087 3463 1313 3518 unitatis
1365 3463 1706 3534 mysterium,
1740 3462 1853 3534 jam
1899 3462 2027 3517 olim
2056 3463 2110 3516 in

526 3554 700 3610 Adam
769 3562 826 3610 et
888 3554 1001 3610 Eva
1062 3553 1464 3626 praeﬁguratum
1499 3594 1516 3620 ,
1579 3562 1635 3609 et
1688 3553 1742 3608 in
1803 3553 2112 3610 novissimis

527 3644 861 3716 temporibus
911 3645 965 3701 in
1019 3644 1278 3713 Christo,
1328 3653 1385 3701 et
1450 3645 1501 3700 in
1552 3642 1850 3701 Ecclesiam
1911 3644 2113 3699 revela-

526 3746 644 3791 tum
670 3736 841 3792 Adam
870 3737 1243 3808 prophetavit;
1277 3733 1567 3807 Apostolus
1587 3734 1857 3805 exposuit,
1886 3734 2108 3790 dicens:

527 3827 753 3900 Propter
779 3829 878 3884 hoc
913 3829 1163 3900 relinquet
1193 3833 1348 3884 homo
1367 3836 1568 3899 patrem
1593 3836 1640 3880 et
1669 3835 1910 3890 matrem,
1939 3834 1987 3879 et
2015 3825 2111 3879 ad-

526 3915 743 3971 haerebit
762 3918 917 3972 uxori
940 3933 1074 3982 sure,
1097 3928 1144 3971 et
1175 3928 1328 3973 erunt
1352 3917 1459 3971 duo
1496 3917 1550 3971 in
1580 3931 1738 3971 carne
1760 3932 1865 3969 una
1891 3912 2105 3987 (Ephes.

524 4021 583 4070 v,
612 4006 725 4077 3l).
757 4006 1165 4064 Sacramentum
1184 4050 1199 4074 ,
1226 4009 1429 4079 inquit,
1458 4009 1563 4064 hoc
1592 4024 1843 4080 magnum
1876 4019 1981 4070 est,
2010 4023 2111 4073 ego

527 4107 710 4150 autem
735 4096 856 4153 dico
883 4096 937 4151 in
968 4097 1185 4153 Christo
1213 4108 1268 4152 et
1307 4099 1361 4153 in
1402 4098 1667 4164 Ecclesia,
1689 4099 1830 4169 quod
1858 4100 1973 4169 ipse
2006 4100 2111 4154 Do-

527 4187 709 4244 minus
728 4185 885 4244 Jesus
908 4189 959 4243 in
981 4189 1270 4261 Evangelio
1291 4206 1601 4247 memorans
1619 4191 1886 4262 adjunxit,
1902 4191 2106 4247 dicens:

527 4276 719 4350 Itaque
755 4279 872 4350 jam
902 4296 1005 4335 non
1042 4293 1164 4335 sunt
1202 4280 1330 4347 duo,
1365 4283 1456 4336 sed
1493 4298 1602 4336 una
1623 4300 1767 4337 caro.
1807 4282 1962 4350 Quod
1986 4300 2109 4354 ergo

530 4364 674 4423 Deus
691 4368 903 4440 junxit,
951 4370 1105 4425 homo
1137 4387 1242 4426 non
1267 4382 1468 4442 separet
1494 4370 1709 4442 (Matth.
1740 4389 1866 4438 xu,
1894 4373 1970 4445 6).
2005 4374 2110 4429 Vo-
2143 4364 2147 4368 ’

527 4461 708 4519 lumus
727 4462 870 4519 scire
893 4473 1094 4535 quanta
1118 4464 1395 4537 vigilantia
1417 4469 1688 4522 cavendus
1710 4468 1799 4534 sit,
1823 4478 2109 4538 quantum-
2137 4506 2187 4567 υ

527 4568 634 4624 que
660 4555 812 4612 nefas
846 4565 1168 4627 praesumat,
1210 4557 1303 4627 qui
1346 4557 1485 4613 hanc
1511 4558 1774 4614 unitatem
1821 4561 2022 4616 violare
2047 4578 2112 4618 ac

527 4646 825 4703 dissolvere
858 4648 1122 4703 conatur?
1142 4647 1436 4703 Audiamus
1461 4649 1675 4703 beatum
1701 4647 1960 4705 Joannem
1984 4666 2112 4720 apo-

530 4737 725 4791 stolum
748 4738 1014 4794 dicentem
1036 4758 1048 4793 :
1067 4738 1398 4803 Charissimi,
1422 4738 1581 4794 nolite
1602 4741 1743 4794 omni
1764 4742 1970 4813 spiritui
1996 4759 2109 4797 cre-

529 4824 674 4891 d'ere,
701 4827 790 4881 sed
820 4830 1033 4898 probate
1058 4830 1294 4900 spiritus,
1327 4830 1373 4884 si
1398 4847 1463 4885 ea:
1490 4830 1596 4885 Deo
1620 4842 1761 4886 sunt.
1792 4831 1859 4885 In
1883 4840 1980 4887 hoc
2025 4851 2110 4888 co-

529 4916 800 4986 gnoscitur
827 4920 1040 4984 spiritus
1080 4920 1196 4975 Dei.
1240 4919 1423 4975 Omnis
1463 4921 1676 4991 spiritus
1704 4922 1793 4991 qui
1831 4924 2112 4992 conﬁtetur

531 5006 715 5061 Jcsum
749 5004 1014 5063 Christum
1044 5012 1096 5066 in
1126 5030 1285 5067 carne
1311 5016 1529 5075 venisse,
1561 5032 1626 5068 ex
1654 5013 1762 5069 Deo
1784 5026 1893 5083 est;
1929 5028 1976 5072 et
2001 5035 2112 5071 om-

533 5097 616 5151 nis
639 5098 855 5168 spiritus
885 5100 972 5169 qui
1013 5101 1162 5156 solvit
1191 5102 1371 5158 Iesum
1392 5144 1407 5169 ,
1438 5121 1502 5158 ea:
1529 5104 1640 5157 Deo
1672 5122 1775 5159 non
1802 5116 1876 5160 est
1898 5147 1912 5171 ,
1953 5118 1999 5161 et
2029 5108 2113 5161 hic

532 5198 610 5242 est
635 5188 974 5245 antichristus
996 5191 1045 5261 (1
1072 5192 1229 5248 Ιοαη.
1258 5213 1342 5260 Iv,
1375 5197 1448 5265 l).
1476 5197 1811 5269 Audiatergo
1834 5199 2111 5254 hocetiam

533 5281 658 5346 iste,
689 5280 780 5351 qui
801 5280 1085 5338 ambulans
1110 5282 1331 5350 frustra,
1360 5286 1574 5343 inﬂatus
1595 5301 1755 5342 sensu
1781 5288 1960 5342 carnis
1981 5304 2110 5353 suae,

512 5382 591 5426 νει
621 5387 728 5427 non
764 5373 1012 5444 spiritum
1063 5376 1154 5431 Dei
1206 5392 1458 5449 sequens,
1491 5380 1587 5436 sed
1628 5379 1880 5451 spiritum
1928 5394 2109 5446 suum,

522 5454 717 5517 desum
739 5504 754 5528 ,
778 5473 1037 5536 quantum
1071 5466 1123 5522 in
1161 5483 1219 5523 se
1241 5476 1325 5525 est
1344 5508 1359 5534 ,
1386 5470 1546 5527 solvit
1587 5487 1652 5528 ac
1688 5460 1948 5543 dissipat,
1977 5472 2116 5528 divi-

538 5552 672 5606 dens
695 5566 817 5608 eum
855 5553 908 5609 in
942 5562 1053 5612 tres
1092 5566 1295 5628 partes,
1329 5558 1382 5613 in
1428 5567 1540 5616 tres
1587 5560 1791 5618 formas
1831 5570 1887 5618 et
1927 5560 1981 5617 in
2010 5562 2113 5617 tria

537 5657 786 5711 corpora.
815 5646 1049 5714 Audiat,
1084 5651 1325 5721 inquam,
1369 5660 1425 5708 et
1468 5661 1674 5709 aeterno
1696 5654 1915 5711 silentio
1942 5656 2114 5711 conli-

525 5745 713 5805 cescat
747 5755 759 5791 :
796 5736 978 5797 Omnis
1008 5743 1350 5814 spiritus,qui
1385 5743 1535 5799 solvit
1556 5744 1852 5817 lesum,'e.r
1884 5745 1987 5801 Deo
2012 5763 2112 5801 non
2144 5740 2151 5741 ί

2221 1917 2371 1965 nere,
2401 1905 2598 1974 quibus
2622 1908 2882 1965 adversus
2903 1912 3083 1966 omnia
3116 1913 3446 1973 fallaciarum
3475 1930 3821 1989 commenta,

2221 2008 2342 2062 qua:
2373 1994 2496 2050 huic
2531 1995 2787 2053 Ecclesiae
2825 2000 3041 2071 ineptus
3081 2002 3352 2061 fabulator
3391 2019 3619 2066 conatur
3659 2013 3820 2085 inge-

2222 2097 2380 2150 rere,
2424 2087 2574 2140 velut
2621 2089 2860 2146 turribus
2902 2100 2958 2146 et
3006 2097 3424 2166 propugnaculis
3469 2102 3817 2169 muniamur,

2221 2172 2421 2243 ﬁatque
2446 2172 2501 2230 in
2528 2179 2703 2244 nobis,
2733 2180 2913 2235 divina
2938 2182 3154 2240 favente
3179 2188 3376 2257 gratia,
3407 2190 3550 2259 quod
3575 2190 3819 2261 Aposto-

2220 2265 2473 2336 lusop’at
2502 2276 2558 2323 et
2578 2271 2832 2326 obsecrat
2853 2273 3039 2329 (licens
3071 2293 3085 2327 :
3120 2274 3347 2337 Obsecro
3373 2288 3546 2335 autem
3568 2298 3676 2349 vos,
3694 2285 3817 2353 Ira-

2219 2366 2343 2423 tres,
2390 2370 2445 2413 ut
2475 2370 2529 2415 et
2548 2362 2778 2432 idipsum
2815 2365 3004 2418 dicatis
3034 2383 3229 2430 omnes,
3252 2378 3301 2423 et
3323 2386 3426 2424 non
3454 2370 3557 2425 sint
3584 2374 3639 2427 in
3662 2375 3815 2429 vobis

2216 2450 2528 2514 schismata,
2557 2453 2672 2507 sitis
2697 2463 2869 2508 autem
2894 2456 3110 2525 perfecti
3134 2458 3190 2512 in
3225 2459 3405 2513 eodem
3450 2478 3606 2516 sensu
3650 2472 3703 2518 et
3748 2465 3816 2519 in

2216 2539 2398 2594 eadem
2424 2543 2676 2597 sententia
2701 2540 2753 2611 (I
2780 2540 2904 2598 cor.
2942 2561 2982 2609 ι,
3011 2546 3131 2617 10);
3156 2559 3212 2603 et
3238 2548 3434 2604 iterum
3461 2568 3474 2607 :
3503 2550 3652 2607 Sicut
3679 2570 3819 2624 ergo

2218 2632 2489 2701 accepistis
2525 2632 2706 2687 Jesum
2731 2632 3000 2690 Christum
3036 2637 3356 2706 Dominum,
3382 2641 3436 2695 in
3470 2643 3582 2712 ipso
3611 2645 3809 2699 ambu-

2215 2721 2320 2774 late
2343 2723 2589 2789 radicati,
2626 2735 2675 2778 et
2710 2728 3122 2796 supertediﬁcati
3160 2731 3218 2785 in
3243 2731 3376 2799 ipso,
3421 2742 3471 2788 et
3498 2735 3817 2804 conﬁrmati

2214 2812 2320 2881 ﬁde
2345 2812 2398 2884 (I
2423 2813 2538 2868 Col.
2571 2832 2632 2880 ﬂ,
2663 2816 2738 2886 7).
2764 2817 2957 2887 Itaque
2978 2819 3085 2874 alio
3115 2819 3233 2876 loco
3262 2839 3276 2875 :
3309 2822 3496 2895 Siqua
3524 2841 3646 2895 ergo
3674 2843 3810 2881 con-

2213 2905 2400 2960 solatio
2422 2908 2475 2961 in
2505 2907 2733 2972 Christo,
2769 2910 2821 2963 si
2838 2910 2977 2978 quod
3002 2910 3248 2966 solatium
3273 2916 3571 2981 charitatis,
3603 2918 3651 2970 si
3680 2934 3817 2988 quia

2213 2997 2432 3050 societas
2461 2999 2696 3067 spiritus,
2737 2999 2785 3052 si
2816 3016 2933 3070 qua:
2960 3001 3156 3055 viscera
3189 3012 3238 3056 et
3268 3006 3651 3071 miserationes,
3698 3009 3809 3062 im-

2156 3086 2181 3162 ‘_
2212 3084 2345 3154 plete
2372 3088 2625 3155 gaudium
2644 3102 2836 3152 meum,
2859 3098 2913 3142 ut
2940 3090 3079 3143 idem
3100 3093 3340 3162 sapiatis,
3361 3096 3597 3149 eamdem
3622 3098 3809 3153 chari-

2214 3186 2371 3231 tatem
2393 3178 2656 3244 habentes,
2681 3181 2954 3236 unanimes
2978 3182 3204 3253 idipsum
3228 3186 3524 3251 sentientes,
3555 3188 3688 3242 nihil
3706 3206 3810 3260 per

2215 3268 2593 3322 contentionem
2613 3285 2775 3340 neque
2792 3286 2887 3339 per
2900 3271 3109 3325 inanem
3131 3274 3355 3343 gloriam
3378 3274 3544 3347 (Phil.
3570 3292 3632 3343 ll,
3662 3279 3717 3344 Ι,
3738 3280 3805 3345 2,

2213 3357 2289 3427 5);
2317 3367 2372 3411 et
2396 3356 2523 3412 alibi
2550 3375 2563 3412 :
2596 3358 2665 3412 Et
2685 3359 2731 3413 si
2758 3361 2904 3430 quid,
2932 3362 3028 3427 ait,
3052 3362 3209 3417 aliter
3229 3365 3433 3434 sapitis,
3456 3376 3504 3420 et
3527 3367 3625 3421 hoc
3652 3370 3810 3424 vobis

2214 3450 2453 3506 reuelauit
2493 3452 2631 3510 Deus
2661 3453 2828 3526 (Phil.
2870 3472 2953 3522 m,
2998 3457 3108 3530 15).
3147 3458 3533 3518 Verumtamen
3558 3463 3625 3518 ad
3650 3467 3813 3534 quod

2210 3542 2592 3611 pervenimus,
2622 3555 2684 3600 ut
2716 3546 2858 3601 idem
2881 3548 3183 3627 sapiamus,
3204 3561 3261 3607 et
3285 3552 3339 3608 in
3364 3554 3551 3610 eadem
3582 3571 3807 3626 perma-

2212 3647 2439 3690 ncamus
2455 3636 2656 3708 regula.
2681 3638 2881 3694 Panem
2909 3641 3006 3711 qui
3027 3642 3079 3696 in
3108 3646 3368 3711 mysterio
3393 3647 3643 3713 sumitur,
3671 3664 3806 3704 cor-

2212 3736 2312 3791 pus
2326 3732 2383 3780 et
2407 3738 2627 3783 carnem
2646 3727 2848 3785 Christi
2878 3745 3018 3809 esse,
3046 3732 3156 3787 imo
3176 3734 3350 3804 ipsum
3373 3750 3495 3792 esse
3516 3737 3808 3799 Christum

2212 3822 2266 3870 et
2294 3815 2603 3886 Dominum,
2640 3835 2709 3877 ex
2744 3820 2882 3877 libro
2921 3825 3093 3880 sancti
3139 3824 3394 3898 Cypriani
3436 3829 3504 3884 de
3546 3832 3807 3888 oratione

2212 3904 2528 3976 Dominiea,
2584 3925 2780 3981 panem
2835 3921 3080 3968 nostrum
3142 3918 3517 3987 quotidianum
3594 3919 3803 3993 [inve-

2212 3997 2436 4071 nimus].

2281 4089 2336 4144 9.
2373 4090 2536 4147 Panis
2564 4094 2689 4149 vitae
2716 4094 2965 4175 Christus
2997 4106 3101 4165 est,
3141 4109 3197 4155 et
3235 4101 3392 4171 panis
3421 4102 3510 4158 hic
3549 4103 3804 4160 omnium

2210 4195 2319 4235 non
2348 4190 2451 4247 est,
2477 4184 2570 4238 sed
2608 4183 2867 4242 Dominus
2895 4196 3082 4245 noster
3107 4198 3223 4257 est;
3259 4200 3317 4247 et
3357 4193 3628 4263 quomodo
3661 4194 3803 4249 dici-

2211 4286 2331 4327 mus
2356 4272 2520 4329 Pater
2546 4286 2754 4343 noster,
2779 4279 2906 4348 quia
2946 4280 3356 4349 intelligentium
3377 4290 3433 4338 et
3455 4283 3799 4339 credentium

2211 4373 2366 4433 pater
2411 4373 2525 4432 est;
2574 4367 2653 4423 sic
2699 4377 2754 4423 et
2794 4384 2988 4439 panem
3033 4380 3278 4428 nostrum
3332 4389 3611 4439 vocamus,
3666 4377 3803 4445 quia

2212 4452 2461 4511 Christus
2484 4448 2695 4523 eorum,
2724 4460 2814 4529 qui
2837 4475 3033 4530 corpus
3059 4476 3249 4516 eorum
3268 4463 3611 4533 contigimus,
3639 4465 3803 4534 panis

2215 4554 2318 4600 est.
2345 4544 2499 4603 Hunc
2530 4557 2710 4603 autem
2750 4565 2943 4620 panem
2969 4552 3085 4607 dari
3119 4554 3298 4621 nobis,
3345 4554 3584 4626 quotidie
3610 4564 3804 4625 postu-

2214 4634 2407 4703 lamus,
2461 4653 2529 4692 ne
2582 4640 2673 4709 qui
2721 4641 2774 4695 in
2810 4642 3024 4697 Christo
3068 4659 3273 4710 sumus,
3310 4654 3366 4700 et
3404 4646 3801 4702 eucharistiam

2214 4725 2332 4795 ejus
2370 4729 2608 4797 quotidie
2642 4731 2709 4785 ad
2755 4732 2934 4787 cibum
2973 4733 3162 4790 salutis
3197 4736 3518 4806 accipimus,
3565 4736 3802 4793 interce-

2219 4817 2382 4871 dente
2409 4817 2590 4889 aliquo
2622 4822 2854 4892 graviori
2900 4823 3119 4890 delicto,
3159 4824 3286 4879 dum
3330 4827 3565 4883 abstenti
3604 4836 3659 4881 et
3688 4840 3800 4884 non

2214 4909 2673 4967 communicantes
2699 4928 2729 4967 a
2759 4914 2966 4970 cmlesti
2998 4930 3134 4985 pane
3170 4917 3543 4986 prohibemur,
3574 4934 3604 4973 a
3631 4916 3798 4973 Chri-

2216 4998 2283 5051 sti
2314 5014 2541 5069 corpore
2565 5017 2895 5072 separemur,
2940 5004 3056 5081 ipso
3093 5007 3421 5076 praedicante
3452 5016 3505 5062 et
3540 5007 3754 5062 dicente
3780 5024 3794 5062 :

2216 5091 2329 5161 Ego
2353 5109 2469 5146 sum
2493 5096 2644 5163 panis
2667 5097 2781 5150 vita:
2805 5096 2893 5167 qui
2915 5098 2979 5151 dc
3006 5098 3132 5152 caelo
3158 5098 3432 5165 descendi;
3459 5100 3505 5152 si
3532 5101 3645 5169 quis
3673 5100 3801 5153 ede-

2216 5185 2283 5237 rit
2312 5186 2377 5239 de
2404 5187 2500 5239 hoc
2529 5204 2684 5257 pane,
2716 5189 2842 5241 vivet
2865 5189 2921 5241 in
2949 5199 3221 5243 mternum.
3252 5189 3420 5244 Panis
3448 5201 3621 5243 autem
3643 5206 3798 5255 quem

2213 5295 2306 5348 ego
2336 5279 2547 5343 dedero,
2592 5296 2715 5333 caro
2757 5296 2872 5334 mea
2901 5291 2976 5335 est
3008 5286 3102 5350 pro
3136 5281 3319 5336 sa’culi
3355 5283 3459 5336 vita
3504 5281 3683 5338 (Joan.
3720 5297 3795 5346 vr,

2216 5370 2330 5443 il).
2371 5370 2595 5437 Quando
2624 5387 2753 5443 ergo
2798 5372 2929 5428 dicit
2973 5374 3026 5428 in
3072 5384 3337 5429 aeternum
3372 5374 3557 5428 vivere
3600 5373 3645 5428 si
3674 5375 3799 5441 quis

2216 5462 2393 5518 ederit
2435 5463 2501 5517 de
2547 5462 2663 5534 ejus
2698 5478 2854 5535 pane,
2895 5472 2956 5520 ut
2993 5465 3337 5521 manifestum
3376 5466 3447 5520 sit
3493 5479 3587 5519 eos
3614 5464 3798 5518 vivere

2216 5555 2307 5625 qui
2337 5544 2533 5624 corpus
2575 5553 2694 5625 ejus
2722 5557 3019 5627 attingunt,
3050 5557 3123 5610 ita
3156 5566 3346 5611 contra
3385 5550 3680 5610 timendum
3711 5560 3798 5608 est

2216 5656 2270 5701 ct
2315 5645 2579 5700 orandum
2628 5662 2727 5712 ne,
2779 5648 2906 5703 dum
2940 5647 3063 5717 quis
3111 5647 3392 5701 abstcntus
3432 5652 3717 5716 separatur
3764 5661 3794 5696 a

2216 5738 2416 5796 Christi
2454 5754 2703 5812 corpore,
2748 5748 3038 5796 extraneos
3067 5747 3343 5795 remaneat
3370 5754 3399 5794 a
3427 5737 3619 5803 salute,
3651 5751 3797 5792 eom-
