4050 6302
262 337 333 395 89
1267 331 1632 390 OPUSCULA
1668 332 2039 391 ADVERSUS
2073 333 2512 392 AMALARIUM.
3460 346 3534 403 90

261 452 508 508 minante
543 449 661 521 ipso
699 454 756 504 et
782 444 997 503 dicente
1035 463 1049 499 :
1093 445 1214 501 Nisi
1240 445 1452 501 oderitis
1481 462 1692 501 carnem
1722 443 1852 500 Filii
1877 451 1927 509 A
1954 451 2087 506 suis.
2121 449 2270 505 Fecit
2296 451 2441 520 quod
2469 451 2699 517 monuit,
2720 452 2958 509 ostendit
2987 455 3130 524 quod
3153 453 3334 524 jussit,
3356 455 3534 513 borius

261 542 512 607 hominis,
557 548 608 595 et
648 538 880 593 biberitis
922 536 1035 608 ejus
1078 537 1405 607 sanguinem,
1448 552 1554 590 non
1597 535 1851 590 habebitis

263 636 424 691 vitam
452 635 508 687 in
537 632 677 688 vobis
708 631 888 703 (Joan.
909 645 984 696 vi,
1010 629 1126 699 54),
1148 638 1203 685 et
1223 629 1344 685 ideo
1361 643 1556 700 panem
1583 640 1848 693 nostrum,

264 724 319 780 id
351 731 438 778 est
455 721 753 786 Christum,
783 718 903 774 dari
930 718 1090 774 nobis
1120 719 1361 788 quotidie
1388 717 1645 789 petimus,
1673 725 1734 771 ut
1758 717 1852 788 qui

263 819 320 874 in
347 817 564 874 Christo
612 822 895 871 manemus
937 822 993 868 et
1039 814 1296 880 vivimus,
1348 828 1379 868 a
1425 812 1855 869 sanctiﬁcatione

263 911 384 982 ejus
415 919 472 967 et
507 922 738 978 corpore
771 923 880 963 non
907 907 1246 963 recedamus.

407 1020 544 1077 Item
569 1036 634 1076 ex
663 1027 890 1074 tractatu
919 1017 1054 1090 psal.
1094 1034 1238 1074 Lxxx
1270 1018 1333 1075 S.
1373 1017 1706 1089 Hieronymi.

335 1137 424 1193 to.
463 1134 560 1192 Vis
614 1135 862 1205 accipere
906 1133 1118 1190 Domini
1180 1120 1368 1190 cibos?
1426 1133 1510 1188 vis
1567 1133 1853 1192 comedere

263 1229 443 1299 ipsum
470 1226 756 1283 Dominum
781 1234 931 1281 tuum
966 1233 1020 1281 et
1048 1225 1424 1281 Salvatorem?
1448 1224 1585 1282 Audi
1615 1225 1744 1298 quid
1771 1227 1853 1281 di-

262 1327 356 1375 cat
375 1337 389 1374 :
409 1318 587 1372 Dilata
612 1333 669 1372 os
694 1325 864 1382 tuum,
884 1325 932 1371 et
954 1314 1174 1386 implebo
1200 1316 1334 1370 illud
1352 1314 1526 1387 (Psal.
1553 1333 1718 1382 ωαχ,
1737 1316 1848 1387 ll).

263 1408 501 1463 Dilatate
543 1421 640 1462 ora
682 1415 885 1471 vestra,
921 1405 1035 1475 ipse
1068 1415 1153 1461 est
1193 1414 1251 1462 et
1298 1406 1558 1462 Dominus
1585 1415 1642 1462 et
1668 1407 1847 1476 panis.

261 1497 386 1567 Ipse
409 1498 656 1552 hortatur
701 1512 802 1552 nos
836 1505 896 1552 ut
923 1498 1296 1564 comedamus,
1326 1507 1382 1554 et
1412 1499 1528 1568 ipse
1559 1506 1744 1554 noster
1771 1499 1852 1554 ci-

259 1587 369 1644 bus
402 1597 514 1655 est;
555 1595 1032 1660 quantumcunque
1076 1589 1405 1657 dilataveris,
1454 1599 1665 1646 tantum
1702 1592 1850 1647 acci-

305 1693 406 1733 tes.

262 1693 406 1749 μηδ’
559 1747 694 1802 Item
719 1762 785 1803 ea:
808 1747 1028 1803 bomilia
1055 1750 1224 1804 sancti
1251 1749 1550 1822 Augustini.

336 1854 424 1908 il.
461 1852 522 1909 In
560 1853 746 1910 altaris
768 1857 1024 1926 mysterio
1051 1857 1334 1912 Dominum
1361 1858 1525 1924 sumi,
1546 1873 1649 1915 nec
1669 1859 1848 1930 aliqua

261 1956 426 2011 posse
451 1943 714 1997 divisione
754 1944 963 2013 partiri,
1009 1945 1223 2014 qualem
1277 1962 1464 2001 vocem
1496 1948 1708 2002 Domini
1753 1965 1850 2002 au-

178 2026 190 2031 ’
262 2033 422 2087 distis
452 2034 732 2090 invitantis
776 2049 896 2090 nos.
929 2035 1061 2102 Quis
1103 2037 1384 2092 invitavit?
1409 2053 1545 2107 quos
1569 2038 1847 2094 invitavit?

261 2134 323 2179 et
363 2126 490 2194 quid
540 2127 900 2196 prieparavit?
942 2126 1193 2182 Invitavit
1239 2129 1500 2185 Dominus
1541 2143 1750 2196 servos,
1794 2138 1850 2186 et

265 2217 590 2286 praeparavit
617 2219 696 2272 eis
721 2217 899 2272 cibum
938 2219 1194 2287 seipsum.
1225 2219 1356 2286 Quis
1387 2220 1582 2275 audeat
1615 2221 1846 2276 mandu-

263 2323 396 2363 care
419 2307 704 2362 Dominum
732 2309 925 2362 suum?
954 2317 1008 2364 et
1043 2317 1220 2364 tamen
1252 2312 1330 2364 ait
1375 2329 1387 2364 :
1437 2309 1540 2375 Qui
1564 2313 1846 2365 manducat

265 2415 375 2464 me,
410 2399 529 2452 vivit
552 2408 762 2468 propter
786 2415 866 2452 me
892 2398 1072 2470 (Joan.
1104 2414 1178 2466 vi,
1207 2384 1318 2471 57):
1349 2400 1575 2468 Quando
1601 2401 1848 2456 Christus

261 2492 644 2557 manducatur,
669 2493 776 2547 vita
807 2491 1182 2558 manducatur,
1212 2507 1313 2547 nec
1333 2493 1599 2548 occiditur
1618 2501 1676 2546 ut
1697 2508 1850 2546 man-

264 2582 518 2650 ducetur,
550 2584 641 2639 sed
681 2593 924 2638 mortuos
964 2584 1196 2640 viviﬁcat
1223 2585 1435 2654 quando
1469 2585 1844 2640 manducatur.
1879 2637 1882 2642 .

265 2675 484 2738 Reﬁcit,
537 2675 630 2729 sed
662 2690 770 2728 non
814 2675 1012 2730 deﬁcit.
1055 2675 1167 2729 Non
1209 2691 1337 2746 ergo
1376 2675 1688 2740 timeamus,
1731 2675 1844 2729 fra-

263 2773 400 2829 tres,
444 2765 772 2819 manducare
809 2779 1004 2834 panem
1054 2764 1213 2818 istum
1242 2806 1255 2830 ,
1305 2779 1373 2819 ne
1418 2763 1560 2820 forte
1599 2763 1847 2818 ﬁniamus

264 2856 436 2919 illum,
485 2863 541 2910 et
562 2863 745 2925 postea
765 2869 928 2923 quem
948 2855 1336 2909 manducemus
1358 2869 1462 2909 non
1489 2854 1844 2909 inveniamus.

264 2947 620 3003 Manducatur
671 2945 952 3011 Christus;
993 2945 1126 2999 vivit
1174 2946 1549 3011 manducatus,
1593 2945 1719 3014 quia
1763 2959 1848 3000 re—

264 3041 505 3095 surrexit
545 3039 790 3103 occisus;
833 3054 934 3093 nec
964 3039 1180 3108 quando
1221 3038 1628 3100 manducamus,
1664 3043 1845 3107 partes

267 3130 338 3185 de
363 3131 456 3184 illo
492 3129 739 3185 facimus.
770 3129 837 3184 Et
870 3129 1086 3199 quidem
1127 3130 1178 3183 in
1208 3139 1547 3206 sacramento
1577 3130 1654 3184 sic
1684 3129 1762 3194 ﬁt,
1790 3137 1845 3183 ct

1935 529 2140 616 Opastor
2165 561 2265 617 pro
2294 545 2482 601 ovibus
2506 545 2742 600 animam
2770 561 2924 601 suam
2962 547 3162 616 posuit,
3185 556 3245 602 ut
3269 549 3321 604 in
3353 565 3536 606 sacra-

1953 644 2138 693 mento
2185 640 2372 691 nostro
2395 650 2592 704 corpus
2630 650 2786 689 suum
2829 644 2885 690 et
2923 637 3242 707 sanguinem
3276 647 3532 708 verteret,

1954 736 2010 784 et
2048 741 2178 782 oves
2217 740 2352 796 quas
2395 725 2701 781 redemerat
2751 725 2935 780 carnis
2989 741 3102 781 sua:
3151 727 3409 784 alimento
3448 745 3536 786 sa-

1953 820 2135 877 tiaret.

2168 931 2422 1004 Ejusdem
2447 932 2512 986 de
2534 948 2596 986 ea
2620 948 2674 985 re
2695 948 2760 986 ex
2785 930 3132 1003 Dialogorum
3157 932 3324 989 libris.

1984 1115 1987 1118 _
2027 1068 2116 1122 i4.
2158 1064 2286 1122 Haec
2331 1079 2565 1134 namque
2603 1063 2951 1134 singulariter
2976 1065 3196 1120 victima
3237 1067 3305 1121 ab
3331 1073 3541 1124 eterna

1953 1156 2174 1214 interitu
2199 1155 2435 1210 animam
2458 1151 2650 1215 salvat,
2683 1167 2804 1221 quae
2841 1152 2985 1207 illam
3009 1154 3165 1229 nobis
3191 1162 3366 1210 morte
3397 1154 3532 1211 Uni-

1954 1249 2119 1320 geniti
2149 1263 2246 1318 per
2267 1249 2585 1320 mysterium
2633 1257 2853 1318 reparat
2891 1267 2904 1303 :
2947 1250 3038 1320 qui
3076 1250 3205 1305 licet
3242 1265 3470 1321 surgens
3500 1267 3534 1306 a

1952 1340 2205 1406 mortuis,
2231 1338 2344 1410 jam
2376 1355 2485 1394 non
2509 1339 2762 1405 moritur,
2786 1348 2840 1393 et
2870 1355 3018 1396 mors
3044 1342 3095 1396 ei
3123 1341 3265 1396 ultra
3296 1358 3404 1396 non
3434 1343 3532 1399 do-

1951 1432 2236 1488 minatur:
2285 1438 2464 1484 tamen
2508 1429 2562 1483 in
2609 1429 2900 1500 semetipso
2940 1429 3322 1486 immortaliter
3370 1439 3536 1501 atque

1949 1521 2434 1592 incorruptibiliter
2476 1519 2665 1576 vivens
2714 1536 2814 1591 pro
2871 1521 3028 1576 nobis
3086 1521 3280 1576 iterum
3332 1522 3384 1576 in
3431 1523 3536 1577 hoc

1929 1615 2212 1686 'mysterio
2240 1629 2410 1669 sacrae
2455 1613 2747 1669 oblationis
2791 1613 3122 1667 immolatur.
3169 1613 3299 1684 Ejus
3333 1613 3535 1684 quippe

1950 1707 2024 1762 ibi
2052 1721 2249 1776 corpus
2275 1705 2529 1770 sumitur,
2555 1705 2673 1775 ejus
2701 1719 2830 1759 caro
2862 1704 2917 1758 in
2945 1703 3126 1774 populi
3166 1704 3339 1759 salute
3363 1703 3535 1774 parti—

1879 1811 1928 1870 B
1958 1804 2066 1862 tur,
2093 1796 2210 1866 ejus
2238 1797 2458 1866 sanguis
2487 1810 2592 1850 non
2619 1793 2735 1863 jam
2767 1795 2821 1850 in
2851 1809 3044 1850 manus
3086 1794 3403 1862 inﬁdelium,
3434 1795 3532 1851 sed

1950 1890 2006 1944 in
2031 1903 2126 1944 ora
2155 1887 2391 1943 ﬁdelium
2422 1887 2675 1940 sumitur.

1950 2021 2263 2092 Mysterium
2293 2021 2443 2075 vestis
2484 2019 2699 2085 Christi,
2729 2021 3154 2092 id_cst_corporis
3190 2022 3329 2092 ejus,
3360 2020 3536 2092 scindi

2018 2089 2124 2215 rion.
2167 2101 2440 2162 oportere;
2487 2107 2552 2145 ea:
2598 2091 2730 2145 libro
2765 2090 2825 2146 S.
2874 2089 3126 2162 Cypriani
3165 2089 3230 2146 de
3277 2090 3531 2145 Ecclesite

2071 2172 2253 2217 nitate.

2020 2295 2108 2349 15.
2149 2295 2409 2350 Dominus
2456 2294 2585 2350 dicit
2635 2312 2647 2347 :
2699 2293 2812 2365 Ego
2846 2307 2893 2349 et
2940 2294 3105 2349 Pater
3143 2313 3305 2350 unum
3347 2292 3530 2352 sumus

1949 2384 2130 2458 (Joan.
2165 2402 2220 2450 x,
2251 2385 2364 2455 '50).
2391 2381 2460 2438 Et
2488 2385 2683 2438 iterum
2707 2385 2772 2438 de
2798 2384 2959 2439 Patre
2997 2393 3052 2439 et
3078 2384 3214 2439 Filio
3242 2393 3296 2439 et
3325 2383 3533 2455 Spiritu

1947 2485 2140 2533 sancto
2170 2478 2431 2546 scriptum
2462 2485 2546 2531 est
2575 2490 2589 2528 :
2626 2475 2751 2530 Tres
2788 2492 2953 2529 unum
2989 2485 3110 2530 sunt
3153 2475 3336 2548 (Joan.
3362 2493 3417 2541 v,
3443 2477 3530 2547 7);

1946 2577 2001 2624 et
2027 2568 2273 2638 quisquis
2297 2567 2470 2622 credit
2497 2567 2637 2621 hanc
2662 2566 2945 2621 veritatem
2967 2567 3034 2622 'de
3063 2566 3239 2621 divina
3275 2567 3532 2621 ﬁrmitate

1946 2657 2274 2718 venientem,
2305 2656 2658 2711 sacramentis
2681 2654 2992 2710 caelestibus
3015 2655 3332 2720 inerentem,
3355 2656 3529 2710 scindi

1947 2748 2002 2801 in
2033 2747 2271 2802 Ecclesia
2321 2765 2427 2802 non
2473 2763 2633 2817 posse
2684 2749 2787 2803 hoc
2837 2749 3062 2802 unitatis
3101 2757 3527 2814 sacramentum,

1946 2838 2048 2894 hoc
2074 2839 2343 2893 vinculum
2375 2839 2680 2894 concordire
2716 2838 3153 2908 inseparabiliter
3179 2840 3531 2912 cohaerentis,

1948 2932 2269 2997 ostenditur,
2295 2932 2510 3001 quando
2540 2931 2594 2985 in
2633 2930 2922 3001 Evangelio
2961 2929 3145 2985 tunica
3181 2930 3393 2985 Domini
3425 2947 3528 2987 no-

1949 3022 2046 3076 stri
2069 3020 2193 3076 Jcsu
2221 3021 2421 3076 Christi
2449 3036 2555 3074 non
2585 3020 2844 3075 dividitur
2864 3021 3085 3075 omnino
3116 3035 3216 3076 nec
3238 3021 3526 3087 scinditur,

1949 3112 2042 3167 sed
2069 3111 2422 3166 sortientibus
2449 3110 2516 3164 de
2542 3118 2692 3164 veste
2732 3107 2957 3175 Christi,
2982 3110 3103 3179 quis
3128 3109 3401 3165 Christum
3433 3126 3528 3180 po-

265 3230 472 3299 norunt
509 3219 695 3274 ﬁdeles
743 3219 1192 3289 quemadmodum
1245 3195 1568 3277 manducent
1621 3236 1840 3276 carnem

1949 3201 2058 3255 tius
2079 3200 2348 3265 indueret,
2375 3200 2587 3270 integra
2619 3199 2788 3253 vestis
2811 3198 3097 3268 accipitur,
3134 3205 3188 3253 et
3215 3198 3527 3268 incorrupta

266 3311 489 3367 Christi.
518 3310 897 3382 Unusquisque
926 3311 1122 3381 accipit
1149 3320 1354 3382 partem
1396 3328 1578 3378 suam;
1618 3313 1758 3368 unde
1786 3322 1842 3367 et

267 3401 382 3471 ipsa
405 3401 578 3472 gratia
613 3411 795 3471 partes
832 3409 1108 3456 vocantur.
1138 3401 1242 3457 Per
1281 3410 1462 3472 partes
1491 3403 1846 3457 manducatur

266 3494 322 3548 in
354 3503 717 3560 sacramento,
748 3503 803 3550 et
822 3506 997 3551 manet
1031 3497 1238 3567 integer
1277 3505 1420 3552 totus
1453 3497 1504 3552 in
1543 3498 1704 3564 caelo,
1731 3514 1846 3553 ma-

265 3593 358 3639 net
387 3585 599 3656 integer
627 3593 770 3640 totus
798 3585 851 3639 in
882 3587 1043 3641 corde
1073 3595 1195 3652 tuo;
1233 3596 1374 3643 totus
1399 3587 1541 3643 enim
1564 3598 1679 3644 erat
1703 3590 1844 3658 apud

264 3671 509 3740 Patrem,
538 3675 754 3744 quando
783 3676 926 3731 venit
968 3677 1021 3731 in
1078 3676 1373 3746 Virginem.
1407 3678 1649 3750 Implevit
1674 3679 1843 3744 illam,

263 3782 370 3822 nec
389 3767 616 3822 recessit
637 3765 707 3822 ab
735 3766 859 3834 illo;
895 3767 1145 3823 veniebat
1173 3769 1225 3822 in
1255 3784 1494 3835 carnem,
1518 3777 1578 3825 ut
1599 3784 1721 3824 eum
1751 3772 1848 3825 lio-

263 3857 442 3911 mines
471 3857 890 3922 manducarent;
943 3866 998 3913 et
1034 3859 1288 3914 manebat
1324 3859 1533 3930 integer
1570 3859 1710 3928 apud
1740 3859 1845 3914 Pa-

265 3955 433 4013 trem,
463 3954 522 4002 ut
550 3949 770 4018 angelos
799 3957 1066 4017 pasceret.
1096 3948 1249 4015 Quod
1286 3949 1430 4004 enim
1459 3949 1631 4013 scitis,
1664 3958 1720 4003 et
1755 3950 1847 4020 qui

265 4040 423 4096 scitis
451 4049 506 4094 et
525 4041 619 4110 qui
649 4041 868 4097 nescitis
914 4042 1054 4096 scire
1082 4041 1310 4096 debetis.
1345 4040 1569 4109 Quando
1599 4041 1848 4098 Christus

265 4129 444 4186 factus
491 4139 577 4186 est
630 4131 790 4187 homo
821 4172 837 4197 ,
887 4147 1080 4202 panem
1135 4133 1447 4204 angelorum
1504 4135 1850 4190 manducavit

264 4225 452 4280 homo.
487 4224 657 4290 Unde,
681 4225 968 4294 quomodo,
993 4239 1097 4294 qua
1124 4225 1234 4290 via,
1264 4225 1461 4294 quibus
1489 4225 1718 4291 meritis,
1742 4240 1872 4294 qua,

266 4317 533 4388 dignitate
563 4330 756 4388 panem
782 4315 1094 4387 angelorum
1138 4317 1490 4373 manducaret
1530 4317 1713 4386 homo,
1746 4318 1850 4374 nisi

265 4417 485 4465 creator
511 4409 826 4481 angelorum
858 4407 1011 4464 ﬁeret
1035 4409 1230 4464 homo?

269 4519 405 4577 Item
434 4531 603 4576 sancti
629 4508 866 4592 Gregorii
895 4539 963 4592 ae
985 4538 1164 4576 eaaem
1197 4539 1274 4588 re,
1301 4538 1366 4577 ea:
1386 4523 1604 4578 homilia
1631 4522 1846 4580 Natalis
1871 4527 1925 4586 D

942 4591 1176 4646 Domini.

339 4703 428 4758 12.
469 4701 573 4770 Qui
603 4718 752 4775 ergo,
777 4710 1015 4758 aeternus
1042 4717 1386 4780 permanens,
1414 4705 1722 4775 temporalis
1751 4721 1842 4777 ap-

262 4796 465 4866 paruit,
493 4795 726 4850 alienum
757 4804 842 4850 est
871 4795 964 4850 ubi
988 4794 1296 4861 descendit;
1329 4804 1404 4858 et.
1441 4795 1566 4865 quia
1598 4812 1695 4867 per
1722 4812 1845 4867 pro-

263 4887 486 4958 phetam
515 4884 714 4941 dicitur
742 4903 756 4939 :
787 4884 972 4940 Omnis
1001 4888 1135 4940 caro
1163 4885 1338 4955 fenum
1369 4884 1508 4958 (Isa.
1537 4902 1628 4950 xc,
1659 4885 1737 4957 6),
1768 4887 1846 4942 fa-

263 4985 390 5030 ctus
427 4975 609 5039 homo,
658 4973 840 5030 fenum
889 4982 1136 5029 nostrum
1177 4975 1339 5030 vertit
1388 4975 1440 5030 in
1493 4975 1842 5040 frumentum,

263 5066 358 5134 qui
387 5065 454 5120 de
485 5065 664 5134 seipso
693 5064 794 5119 ait
823 5082 837 5119 :
892 5063 1015 5119 Nisi
1050 5080 1274 5135 granum
1303 5065 1552 5134 frumenti
1575 5067 1764 5120 cadens
1792 5069 1846 5121 in

262 5166 463 5211 terram
505 5167 768 5211 mortuum
809 5154 988 5225 fuerit,
1035 5155 1206 5226 ipsum
1245 5154 1412 5208 solum
1455 5164 1628 5208 manet
1660 5154 1842 5225 (Joan.

263 5258 366 5312 χιι,
391 5247 507 5317 24).
540 5246 695 5302 Unde
715 5254 770 5301 et
798 5253 958 5300 natus
985 5246 1036 5300 in
1074 5245 1338 5315 prtesepio
1364 5245 1659 5301 reclinatus
1688 5246 1845 5316 poni-

263 5347 378 5396 tur.
403 5336 669 5392 ut'ﬁdeles
687 5349 895 5398 omnes,
918 5334 1167 5390 videlicet
1202 5342 1386 5390 sancta
1424 5336 1698 5400 animalia,
1723 5352 1844 5390 car-

260 5429 349 5482 nis
379 5443 489 5482 suae
516 5427 788 5482 frumento
817 5429 1084 5491 reﬁceret,
1109 5442 1176 5481 ne
1209 5427 1276 5482 ah
1297 5427 1520 5482 internae
1551 5418 1849 5497 intelligen-

262 5519 353 5575 the
376 5510 572 5590 pabulo
595 5517 778 5588 jejuna
807 5528 1174 5575 remanerent.

429 5632 563 5686 Item
586 5649 824 5703 ejusacm
853 5651 907 5688 tn
934 5632 1043 5688 alia
1069 5633 1286 5688 homilia
1317 5635 1381 5689 de
1403 5635 1585 5689 eadem
1608 5652 1680 5690 re.

337 5743 421 5798 i3.
467 5742 646 5799 Bonus
677 5753 864 5814 pastor
899 5745 1132 5801 animam
1174 5761 1323 5802 suam
1360 5747 1512 5816 ponit
1539 5763 1637 5817 pro
1659 5748 1850 5806 ovibus

1947 3301 2109 3363 atque
2137 3290 2368 3346 indivisa
2413 3291 2597 3348 tunica
2634 3289 2966 3361 possidetur.
3010 3289 3275 3359 Loquitur
3301 3304 3369 3344 ac
3395 3288 3526 3344 dicit

1947 3381 2225 3452 Scriptura
2255 3399 2270 3435 :
2308 3380 2380 3435 De
2409 3381 2589 3434 tunica
2619 3389 2815 3444 autem,
2842 3380 2966 3450 quia
2997 3379 3060 3433 de
3080 3379 3339 3449 superiori
3376 3388 3526 3448 parte

1948 3491 2051 3529 non
2073 3473 2370 3538 consmilis,
2395 3473 2486 3527 sed
2523 3489 2615 3543 per
2642 3481 2809 3526 totum
2840 3472 3036 3526 textilis
3065 3470 3258 3540 fuerat,
3281 3471 3526 3524 dixerunt

1947 3564 2016 3617 ad
2053 3564 2271 3617 invicem
2307 3582 2320 3616 :
2355 3561 2476 3617 Non
2505 3562 2807 3617 scindamus
2831 3561 3000 3626 illam,
3035 3562 3124 3616 sed
3153 3563 3440 3616 sortiantur
3461 3561 3529 3616 de

1947 3670 2007 3707 ea
2031 3654 2181 3723 cujus
2203 3654 2268 3706 sit
2295 3653 2476 3723 (Joan.
2517 3667 2635 3714 nx,
2683 3651 2801 3724 25).
2831 3652 3104 3725 Unitatem
3147 3652 3238 3707 ille
3277 3653 3530 3723 portabat

1947 3746 2015 3800 de
2047 3746 2322 3814 superiore
2361 3752 2535 3814 parte,
2580 3744 2632 3798 id
2659 3753 2743 3799 est
2771 3744 2838 3799 de
2869 3744 3008 3798 caelo
3034 3753 3087 3798 et
3111 3744 3270 3798 Patre
3300 3746 3525 3798 venien-

1949 3843 2082 3899 tem,
2111 3849 2230 3902 quae
2254 3833 2322 3887 ab
2351 3834 2652 3902 accipiente
2689 3833 2860 3889 scindi
2891 3833 3110 3887 omnino
3144 3848 3248 3886 non
3289 3842 3528 3902 poterat,

1948 3927 2043 3983 sed
2069 3935 2238 3982 totam
2263 3924 2430 3980 semel
2455 3933 2510 3979 ct
2542 3925 2772 3979 solidam
2808 3924 3121 3996 ﬁrmitatem
3153 3923 3529 3994 inseparabili-

1953 4026 2036 4072 ter
2079 4015 2378 4071 obtinebat.
2423 4013 2708 4070 Possidere
2762 4030 2868 4071 non
2919 4023 3100 4085 potest
3156 4014 3531 4071 indumentum

1949 4106 2172 4172 Christi,
2210 4106 2303 4176 qui
2349 4105 2547 4160 scindit
2602 4115 2658 4160 ct
2706 4105 2899 4161 dividit
2949 4089 3250 4161 Ecclesiam
3305 4107 3530 4163 Christi.

1951 4201 2155 4259 Contra
2185 4201 2436 4272 denique,
2488 4216 2611 4257 cum
2663 4187 3261 4285 Salomone'moricnte
3305 4218 3532 4274 regnum

1951 4293 2070 4364 ejus
2092 4300 2148 4348 et
2181 4292 2410 4363 populus
2453 4292 2814 4358 scinderetur,
2855 4292 3056 4348 Acliias
3087 4295 3349 4364 propheta
3377 4293 3530 4348 Jero-

1951 4385 2110 4440 boam
2133 4384 2245 4455 regi
2275 4383 2467 4438 obvius
2493 4385 2667 4438 factus
2701 4385 2755 4439 in
2786 4368 2979 4455 campo
3007 4385 3060 4439 in
3085 4385 3366 4440 duodecim
3391 4385 3529 4439 scis-

1955 4489 2112 4528 suras
2139 4473 2516 4528 vestimentum
2557 4489 2712 4527 suum
2743 4473 2960 4528 discidit
2985 4473 3172 4550 dicens
3204 4492 3216 4526 :
3252 4471 3409 4526 Sume
3435 4473 3532 4525 tibi

1952 4567 2127 4620 decem
2153 4559 2432 4631 scissuras,
2454 4567 2579 4637 quia
2600 4567 2712 4620 lucc
2726 4565 2853 4619 dicit
2870 4565 3127 4619 Dominus
3151 4580 3169 4618 :
3195 4563 3328 4616 Ecce
3347 4563 3530 4616 scindo

1953 4671 2168 4726 regnum
2196 4655 2261 4710 de
2287 4672 2448 4709 manu
2480 4654 2806 4719 Salomonis,
2837 4665 2884 4709 et
2918 4655 3054 4708 dabo
3090 4653 3183 4706 tibi
3219 4652 3394 4706 decem
3420 4670 3530 4706 sce-

1950 4756 2090 4817 ptra,
2105 4757 2152 4801 et
2167 4745 2272 4799 duo
2286 4756 2488 4816 sceptra
2501 4755 2649 4799 erunt
2663 4747 2710 4798 ei
2725 4755 2934 4815 propter
2945 4759 3147 4798 servum
3163 4758 3331 4796 meum
3342 4741 3530 4806 David,

1951 4848 2001 4893 et
2025 4848 2236 4908 prapter
2271 4837 2569 4892 Jerusalem
2597 4839 2858 4892 civitatem
2888 4852 3045 4906 quam
3075 4834 3225 4905 elegi,
3255 4845 3309 4888 ut
3336 4851 3530 4906 ponam

1953 4946 2138 4984 nomen
2168 4946 2337 4984 meum
2363 4929 2487 4983 illuc
2512 4929 2629 5000 (III
2667 4928 2795 4998 Reg.
2829 4944 2905 4989 x1,
2944 4928 3056 4999 51).
3082 4927 3216 4983 Cum
3243 4928 3527 4984 duodecim

1954 5020 2128 5074 tribus
2155 5019 2317 5075 Israel
2360 5019 2761 5083 scindereutur,
2786 5018 3169 5073 vestimentum
3220 5035 3374 5074 suum
3402 5036 3532 5090 pro-

1952 5112 2112 5180 pheta
2137 5111 2336 5165 Achias
2360 5110 2594 5165 discidit.
2635 5109 2706 5163 At
2735 5124 2882 5175 vero,
2911 5110 3039 5180 quia
3067 5109 3266 5166 Christi
3296 5112 3527 5182 populus

1953 5215 2059 5255 non
2083 5209 2259 5269 potest
2301 5200 2495 5263 scindi,
2549 5199 2731 5254 tunica
2772 5198 2888 5268 ejus
2917 5215 3015 5271 per
3046 5208 3215 5255 totum
3245 5203 3445 5256 textilis
3475 5211 3530 5258 et

1954 5291 2231 5345 cohairens
2259 5290 2429 5344 divisa
2460 5305 2490 5343 a
2518 5289 2920 5359 possidentibus
2946 5307 3055 5347 non
3085 5299 3198 5358 est;
3232 5292 3530 5359 individua,

1955 5381 2220 5450 copulata,
2252 5388 2526 5444 contexta,
2559 5381 2796 5436 ostendit
2822 5382 3001 5452 populi
3043 5383 3234 5448 nostri,
3263 5399 3352 5453 qui
3377 5383 3535 5438 Chri-

1954 5483 2096 5528 slum
2123 5474 2414 5538 induimus,
2439 5474 2815 5541 concordiam;
2853 5477 3159 5532 cohterente
3192 5487 3533 5532 sacramento

1954 5565 2123 5621 vestis
2149 5574 2205 5619 et
2247 5563 2423 5634 signo,
2467 5565 2766 5621 declaravit
2809 5567 3064 5622 Ecclesia:
3095 5567 3376 5621 unitatem.
3401 5567 3533 5635 Quis

1955 5672 2084 5728 ergo
2135 5656 2212 5711 sic
2258 5655 2554 5716 sceleratus
2585 5669 2640 5715 et
2667 5654 2948 5731 'perﬁdus,
2990 5660 3111 5730 quis
3146 5659 3224 5715 sic
3250 5660 3531 5714 discordia:

1957 5748 2140 5807 furore
2170 5764 2419 5816 vesanus,
2466 5761 2524 5806 ut
2565 5761 2654 5809 aut
2693 5753 2874 5809 credat
2912 5753 3080 5808 scindi
3109 5768 3285 5822 posse,
3318 5760 3411 5806 aut
3434 5766 3528 5805 au-
