4050 6302
507 314 570 370 9|
1553 357 1556 360 ,
1605 300 1808 357 FLOR!
1843 299 2112 357 DlACOM
2154 299 2638 357 LUGDUNENSIS
3702 310 3772 368 95‘

510 419 640 474 deat
663 417 912 473 scindere
939 415 1204 470 unitatem
1243 413 1357 476 Dei.
1402 421 1602 468 vestem
1639 413 1870 475 Domini,
1904 412 2089 466 Eccle-
2119 419 2165 474 Α
2195 411 2397 463 datum.
2434 411 2646 465 Etcum
2697 411 2763 464 de
2789 411 2939 467 ferite
2980 429 3088 468 uno
3119 414 3218 470 rivi
3261 416 3482 487 plurimi
3509 420 3763 479 deﬂuunt.

511 509 645 562 siam
674 507 875 562 Christi
900 507 922 559 ἲ

585 595 671 650 16.
714 595 804 648 Ille
833 593 1086 648 sacerdos
1115 595 1232 648 vice
1263 593 1464 649 Christi
1490 609 1610 647 vere
1641 592 1898 664 fungitur,
1929 594 2085 663 quid-

509 687 638 758 quid
665 686 918 744 Christus
955 685 1079 740 l‘ecit
1112 686 1368 749 imitatur,
1390 694 1445 739 et
1474 687 1796 739 sacriﬁcium
1822 703 2006 740 verum
2030 695 2087 740 et

507 778 725 848 plenum
764 785 889 828 tunc
914 773 1072 829 oll‘ert
1103 774 1154 826 in
1188 773 1422 826 Ecclesia
1469 774 1576 826 Deo
1602 773 1772 837 Patri,
1807 775 1848 827 si
1892 775 1969 828 sic
1999 775 2082 828 in-

509 866 678 935 cipiat
707 863 904 918 ol'ferre
941 864 1208 934 quomodo
1241 863 1412 931 ipsum
1452 863 1722 916 Christum
1754 865 1897 917 videt
1927 864 2082 917 obtu-

508 958 658 1012 lisse.
703 955 819 1010 Non
848 963 930 1010 est
975 970 1103 1024 ergo
1135 955 1275 1022 quod
1317 953 1513 1024 aliquis
1542 955 1813 1008 existimet
1858 970 2083 1023 sequen-

514 1048 644 1102 dam
689 1061 810 1101 esse
851 1045 1204 1114 quorumdam
1241 1045 1710 1108 consuetudinem;
1736 1046 2081 1113 qua‘rendum

507 1148 592 1194 est
623 1138 766 1193 enim
803 1137 900 1205 ipsi
947 1151 1104 1204 quem
1147 1137 1258 1191 sint
1293 1137 1464 1191 secuti
1495 1153 1508 1189 :
1547 1151 1690 1200 nam,
1735 1137 1786 1190 in
1816 1136 2082 1190 sacriﬁcio

508 1229 650 1298 quod
675 1228 925 1282 Christus
960 1225 1172 1286 obtulit,
1217 1225 1430 1280 nonnisi
1461 1224 1708 1279 Christus
1739 1225 2077 1294 sequendus;

506 1321 692 1388 utique
721 1320 772 1372 id
804 1334 902 1372 nos
931 1317 1192 1371 obaudire
1223 1323 1278 1370 et
1304 1317 1483 1370 facere
1523 1325 1739 1385 oportet
1759 1315 1902 1384 quod
1927 1314 2085 1369 Chri-

506 1420 624 1466 stus
649 1410 797 1472 fecit,
827 1418 881 1463 et
903 1408 1045 1478 quod
1069 1405 1370 1461 faciendum
1394 1422 1514 1462 esse
1549 1407 1846 1470 mandavit,
1868 1404 2083 1474 quando

506 1503 622 1572 ipse
649 1503 702 1556 in
739 1499 1024 1569 Evangelio
1052 1499 1198 1554 dicat
1228 1517 1240 1552 :
1271 1499 1332 1554 Si
1356 1499 1581 1567 feceritis
1604 1498 1744 1568 quod
1771 1498 1960 1551 mando
1990 1514 2080 1551 vo-

506 1595 606 1658 bis,
620 1594 736 1664 jam
770 1609 872 1647 non
895 1594 1065 1646 dicam
1089 1609 1175 1646 vos
1204 1607 1396 1655 servos,
1428 1591 1520 1645 sed
1547 1592 1746 1644 amicos
1779 1590 1962 1652 (Joan.
1988 1608 2077 1657 xv,

507 1685 619 1756 15).
667 1684 733 1739 Ει
783 1685 936 1753 quod
975 1683 1222 1738 Christus
1263 1684 1453 1738 debeat
1496 1683 1641 1738 solus
1683 1684 1878 1737 audiri.
1922 1683 2082 1737 Pater

2193 502 2551 555 numerositas
2593 501 2712 574 [al.,
2751 504 3099 577 universitas]
3140 506 3268 561 licet
3308 508 3499 564 dillusa
3530 512 3762 568 videatu.

2189 593 2515 647 estuulantis
2559 595 2727 662 copia:
2781 594 3049 665 largitate,
3103 597 3281 652 unitas
3313 607 3492 654 tamen
3521 612 3777 658 servatur

2188 681 2241 736 in
2263 683 2488 752 origine.
2520 683 2700 738 Avelle
2725 686 2931 739 radium
2957 687 3086 742 solis
3116 703 3147 740 a
3174 703 3421 758 corpore,
3447 692 3772 750 divisionem

2187 771 2321 827 lucis
2361 774 2540 827 unitas
2584 789 2687 828 non
2736 777 2906 846 capit;
2948 777 3017 832 ab
3042 777 3234 833 arbore
3281 780 3471 851 frange
3523 798 3766 849 ramum,

2187 863 2394 917 fructus
2417 865 2718 934 germinare
2741 882 2847 920 non
2878 877 3084 936 potest;
3106 885 3135 923 a
3152 869 3297 925 fonte
3311 874 3539 940 prtccide
3559 875 3761 938 rivum.

2185 955 2441 1023 praecisus
2456 957 2672 1010 arescit.
2690 956 2780 1010 Sic
2799 958 3040 1014 Ecclesia
3066 959 3276 1014 Domini
3296 961 3412 1015 luce
3432 963 3647 1032 perfusa
3669 982 3769 1034 per

2185 1045 2369 1098 orbem
2399 1053 2566 1098 totum
2594 1047 2772 1101 radios
2796 1063 2922 1102 suos
2936 1049 3180 1119 porrigit,
3199 1067 3361 1104 unum
3379 1060 3557 1107 tamen
3578 1055 3766 1110 lumen

2183 1141 2286 1198 est,
2315 1136 2455 1203 quod
2478 1135 2672 1206 ubique
2701 1135 3034 1203 diffunditur,
3067 1153 3166 1194 nec
3192 1141 3369 1196 unitas
3393 1145 3642 1212 corporis
3670 1160 3766 1200 se—
3790 1208 3796 1212 _

2182 1237 2421 1298 paratur.
2453 1229 2652 1286 Ramos
2673 1247 2798 1286 suos
2815 1233 2866 1286 in
2893 1233 3198 1289 universam
3214 1243 3412 1291 terram
3428 1240 3580 1308 copia
3599 1242 3770 1295 uber-

2184 1320 2310 1373 tatis
2333 1322 2593 1386 extendit,
2620 1323 2942 1392 proﬁuentes
2968 1326 3186 1394 largiter
3199 1327 3519 1385 rivoslatius
3549 1333 3763 1400 pandit,

2185 1425 2347 1463 unum
2385 1423 2560 1464 tamen
2592 1423 2872 1482 caputest,
2913 1425 2968 1470 et
2998 1418 3149 1486 origo
3175 1434 3298 1483 una,
3341 1428 3396 1474 et
3432 1435 3536 1474 una
3580 1430 3770 1474 mater

2183 1502 2528 1559 fecunditatis
2544 1507 2882 1561 successibus
2900 1509 3136 1576 copiosa,
3154 1509 3294 1564 illius
3326 1510 3432 1565 fetu
3457 1513 3762 1577 nascimur,

2183 1591 2324 1646 illius
2364 1593 2498 1647 lacte
2548 1597 2835 1658 nutrimur,
2887 1599 3078 1666 spiritu
3131 1599 3248 1668 ejus
3293 1600 3618 1654 animamur.

2188 1701 2308 1754 Non
2334 1719 2425 1775 pro
2452 1703 2576 1775 locis
2607 1721 2720 1775 (res,
2753 1707 2844 1758 sed
2869 1723 2962 1774 pro
3017 1706 3162 1761 bonis
3188 1709 3338 1762 rebus
3363 1713 3476 1760 loca
3505 1711 3770 1775 amanda,

504 1777 667 1828 etiam
713 1775 781 1828 de
830 1773 984 1828 cwlis
1024 1782 1362 1828 contestatur
1414 1774 1598 1827 dicens
1643 1791 1656 1826 :
1689 1772 1789 1826 Hic
1829 1783 1900 1826 est
1937 1774 2079 1841 [ilius
2114 1769 2156 1827 Β
2253 1788 2318 1848 ex
2336 1769 2558 1848 epistola
2593 1769 2944 1848 S._Cregron'i
2984 1778 3052 1830 ad
3075 1779 3420 1848 Augustinum
3464 1769 3770 1848 episcopum

504 1881 650 1918 meus
679 1864 1043 1916 dilectisstmus
1111 1866 1166 1916 in
1207 1881 1308 1934 quo
1341 1865 1462 1916 bene
1489 1865 1645 1917 sensi.
1682 1879 1850 1920 lusum
1900 1865 2078 1917 audite

506 1952 724 2023 (Matth.
759 1968 888 2013 xvn,
915 1951 990 2020 5).
1025 1952 1204 2018 Quare
1233 1953 1275 2004 si
1322 1951 1468 2006 solus
1506 1951 1754 2006 Christus
1781 1953 2080 2006 audiendus

505 2051 614 2105 est,
641 2056 746 2094 non
772 2041 1029 2095 debemus
1060 2042 1337 2095 attendere
1362 2042 1488 2109 quid
1528 2042 1665 2095 alius
1697 2053 1822 2097 ante
1864 2059 1960 2098 nos
1999 2043 2079 2095 fa-

505 2132 755 2186 ciendum
785 2146 906 2185 esse
943 2131 1230 2200 putaverit,
1281 2129 1372 2184 sed
1414 2131 1574 2198 quod,
1617 2131 1705 2200 qui
1737 2142 1862 2186 ante
1889 2147 2079 2186 onmes

505 2231 611 2280 est.
659 2220 907 2276 Christus
956 2221 1105 2288 prior
1154 2218 1362 2274 fecerit.
1412 2218 1594 2288 Neque
1641 2221 1785 2273 enim
1843 2221 2077 2276 hominis

505 2312 945 2366 consuetudinem
998 2310 1149 2378 sequi
1207 2318 1441 2378 oportet,
1504 2310 1596 2364 sed
1655 2308 1746 2364 Dei
1797 2311 2068 2364 virtutem.

508 2403 642 2456 Cum
669 2418 761 2471 per
779 2401 972 2456 Isaiam
1014 2401 1328 2470 prophetam
1361 2401 1499 2455 Deus
1523 2400 1794 2470 loquatur,
1817 2411 1870 2454 et
1892 2402 2033 2455 dicat
2057 2416 2072 2454 :

507 2497 634 2550 Sine
663 2512 824 2548 causa
859 2503 1032 2548 autem
1075 2493 1249 2546 colunt
1291 2509 1392 2556 me,
1436 2493 1683 2546 mandata
1725 2503 1771 2546 et
1809 2494 2072 2548 doctrinas

502 2585 772 2636 hominum
805 2583 1042 2637 docentes
1076 2581 1291 2652 (Matth.
1336 2597 1425 2647 xv,
1457 2582 1534 2652 9).
1571 2582 1638 2635 Et
1676 2583 1867 2636 iterum
1893 2582 2076 2636 Domi-

508 2690 611 2729 nus
639 2675 689 2728 in
721 2674 1011 2743 Evangelio
1053 2674 1154 2728 hoc
1181 2673 1320 2727 idem
1364 2673 1554 2742 repetit
1576 2673 1760 2726 dicens
1793 2690 1804 2726 :
1841 2672 2071 2741 Ilejicitis

501 2766 809 2819 mandatum
868 2765 1003 2831 Dei,
1060 2777 1113 2818 ut
1169 2765 1504 2818 traditionem
1557 2776 1776 2818 vestram
1829 2767 2072 2818 statuatis

503 2856 698 2925 (Marc.
765 2872 861 2918 vn,
917 2857 994 2926 9).
1045 2855 1151 2910 Sed
1197 2865 1252 2910 et
1288 2855 1392 2908 alio
1443 2855 1562 2909 loco
1617 2855 1767 2922 ponit
1799 2863 1852 2908 et
1892 2855 2068 2910 dicit:

505 2947 609 3012 Qui
653 2947 859 3002 solverit
896 2965 1054 3002 unum
1083 2949 1146 3002 de
1193 2947 1454 3002 mandatis
1499 2947 1611 3000 istis
1643 2947 1886 3009 minimis,
1914 2957 1961 3000 et
1997 2949 2072 3002 sic

503 3037 737 3089 docuerit
778 3037 1032 3099 homines,
1062 3037 1305 3090 minimus
1354 3036 1619 3089 vocabitur
1658 3037 1712 3089 in
1745 3052 1898 3104 regno
1921 3035 2072 3089 cwlo-

505 3142 621 3178 rum
645 3123 858 3196 (Matth.
885 3140 938 3188 v,
966 3125 1073 3187 l9).
1102 3125 1252 3191 Quod
1281 3123 1324 3178 si
1351 3140 1449 3178 nec
1472 3123 1686 3176 minima
1715 3124 1779 3178 de
1809 3123 2074 3177 mandatis
2103 3113 2148 3174 C

505 3215 798 3269 Dominicis
828 3214 954 3269 licet
980 3214 1208 3274 solvere.
1258 3221 1457 3281 quanto
1489 3214 1650 3282 magis
1703 3222 1811 3266 tam
1855 3229 2070 3281 magna,

507 3315 617 3358 tam
649 3304 892 3375 grandia,
928 3314 1036 3358 tam
1067 3305 1132 3357 ad
1177 3307 1348 3374 ipsum
1382 3303 1670 3358 Dominica:
1701 3304 1989 3372 passionis,
2019 3313 2074 3357 et

506 3403 707 3448 nostra:
763 3393 1148 3463 redemptionis
1199 3401 1594 3448 sacramentum
1645 3393 1963 3462 pertinentia
1991 3392 2074 3447 fas

507 3499 614 3536 non
639 3491 721 3538 est
742 3483 1052 3554 infringere,
1085 3492 1178 3536 ant
1209 3483 1260 3537 in
1289 3483 1430 3536 aliud
1460 3498 1620 3552 quam
1647 3483 1788 3551 quod
1822 3482 2076 3538 divinitus

508 3575 814 3628 institutum
839 3575 931 3638 sit,
963 3575 1193 3628 humana
1225 3574 1510 3628 traditione
1539 3574 1780 3627 mutare?
1804 3573 1937 3627 Tota
1961 3573 2076 3643 ipsa

510 3665 787 3732 redempta
813 3664 1025 3728 civitas,
1076 3663 1179 3718 hoc
1225 3672 1310 3718 est
1347 3665 1692 3734 congregatio
1742 3663 2077 3732 societasque

509 3764 838 3819 sanctorum,
870 3753 1174 3808 universale
1218 3753 1546 3808 sacriﬁcium
1587 3751 1811 3806 oll'ertur
1840 3753 1948 3807 Deo
1985 3768 2079 3821 per

509 3847 842 3902 sacerdotem
901 3863 1152 3916 magnum
1196 3845 1333 3916 :qui
1379 3844 1542 3899 etiam
1601 3845 1836 3914 seipsum
1884 3844 2079 3900 obtulit

509 3937 564 3992 in
597 3939 846 4007 passione
887 3953 987 4006 pro
1031 3938 1204 4001 nobis,
1232 3945 1290 3990 ut
1321 3936 1453 3990 tanti
1485 3935 1679 4004 capitis
1709 3950 1904 4005 corpus
1933 3949 2080 3989 esse-

509 4041 654 4089 mus,
681 4023 975 4079 secundnm
1030 4023 1260 4078 formam
1303 4024 1470 4078 servi.
1516 4022 1667 4078 Hanc
1694 4023 1838 4076 enim
1863 4021 2075 4077 obtulit.

510 4115 566 4168 in
595 4115 695 4169 hac
733 4115 945 4169 oblatus
987 4122 1092 4179 est,
1143 4115 1266 4184 quia
1304 4114 1597 4169 secundum
1637 4115 1778 4168 hanc
1817 4114 2082 4169 mediator

512 4213 616 4260 est.
662 4204 722 4258 In
768 4205 871 4262 hac
913 4205 1188 4268 sacerdos,
1221 4204 1272 4258 in
1302 4203 1402 4259 hac
1449 4203 1771 4258 sacriﬁcium
1815 4212 1916 4257 est.
1948 4201 2080 4257 Cum

514 4296 696 4364 itaque
725 4309 821 4349 nos
848 4295 1096 4349 hortatus
1139 4303 1284 4348 esset
1328 4292 1636 4364 Apostolus,
1663 4303 1717 4345 ut
1749 4293 2079 4345 exhibeamus

515 4401 733 4453 corpora
768 4393 947 4438 nostra
991 4383 1214 4438 hostium
1253 4383 1418 4437 vivam
1450 4381 1626 4452 (Rom.
1669 4398 1764 4446 ΧΠ,
1798 4383 1872 4450 l),
1903 4381 2081 4436 intulit

514 4484 637 4546 post
666 4474 939 4543 aliquanta
991 4491 1005 4527 :
1057 4474 1204 4528 Sicut
1247 4475 1384 4528 enim
1423 4475 1476 4528 in
1527 4491 1630 4526 uno
1669 4489 1882 4542 corpore
1917 4471 2082 4526 multa

514 4562 745 4616 membra
773 4563 1041 4628 habemus,
1067 4563 1241 4615 omnia
1279 4572 1451 4616 autem
1480 4562 1707 4615 membra
1752 4579 1852 4615 non
1879 4561 2082 4614 eosdem

517 4661 665 4704 actus
693 4650 912 4706 habent:
942 4653 1014 4704 ita
1053 4650 1204 4704 multi
1235 4668 1394 4704 unum
1436 4666 1622 4719 corpus
1645 4667 1823 4704 sumus
1849 4652 1902 4704 in
1933 4648 2085 4703 Chri-

517 4750 596 4796 sto
621 4779 636 4804 ,
663 4739 853 4809 singuli
873 4750 1042 4792 autem
1069 4739 1202 4792 alter
1221 4740 1436 4792 alterius
1458 4739 1686 4792 membra
1713 4739 1873 4806 (Ibid.
1900 4740 1933 4792 4
1951 4781 1965 4804 ,
1991 4740 2079 4810 5);

521 4830 625 4884 hoc
646 4837 729 4883 est
750 4829 1070 4883 sacriﬁcium
1093 4827 1546 4891 Christianorum,
1577 4827 1729 4880 multi
1765 4843 1928 4881 unum
1963 4844 2083 4882 cor-

521 4932 624 4971 uus
671 4916 722 4972 in
770 4915 1006 4979 Christo,
1049 4916 1454 4971 demonstratur
1499 4917 1641 4984 quod
1688 4917 1740 4970 in
1781 4917 1972 4971 eadem
2025 4933 2083 4972 re

521 5023 683 5076 quam
712 5005 869 5061 offert
897 5007 1008 5074 ipsa
1032 5006 1310 5060 olleratur.

523 5121 879 5178 Ecclesiarum
924 5119 1244 5172 diversitates
1289 5117 1411 5184 fidei
1456 5117 1655 5171 unitate
1703 5129 1976 5185 constare,
2024 5134 2088 5172 ea:

751 5189 896 5242 libris
926 5189 1093 5242 sancti
1119 5187 1366 5258 Cypriani
1393 5189 1456 5240 de
1486 5189 1682 5241 unitate
1706 5188 1848 5252 fidei.

595 5303 683 5360 l7.
724 5302 1077 5373 Episcopatus
1105 5317 1242 5355 unus
1266 5311 1367 5365 est,
1391 5302 1544 5370 cujus
1568 5318 1596 5354 a
1625 5301 1847 5371 singulis
1880 5301 1932 5354 in
1962 5301 2090 5356 soli-

527 5393 652 5453 dum
680 5407 808 5462 pars
838 5399 1067 5445 tenetur.
1103 5389 1336 5444 Ecclesia
1371 5405 1474 5442 una
1507 5399 1609 5452 est,
1645 5405 1764 5458 qua:
1812 5389 1864 5442 in
1903 5389 2087 5442 multi-

528 5483 766 5538 tudinem
807 5481 966 5536 latins
1014 5483 1347 5536 incremento
1389 5479 1729 5534 fecunditatis
1759 5481 2087 5546 extenditur,

529 5572 798 5643 quomodo
825 5573 952 5628 solis
975 5573 1123 5627 multi
1157 5572 1312 5638 radii,
1337 5573 1428 5626 sed
1455 5571 1632 5625 lumen
1664 5586 1848 5631 unum,
1879 5581 1932 5624 et
1955 5558 2102 5624 rami

531 5666 739 5722 arboris
765 5664 935 5731 multi,
968 5665 1059 5722 scd
1092 5665 1255 5720 robur
1281 5678 1442 5717 unum
1483 5662 1656 5716 tenaci
1681 5663 1945 5718 cbaritate
1973 5661 2090 5718 fun-

2253 1842 2538 1909 Anglorum
2562 1844 2774 1912 scripta.

2253 1951 2338 2006 l8.
2367 1951 2523 2007 Novit
2553 1954 2862 2010 fraternitas
2919 1965 3005 2010 tua
3047 1956 3301 2012 Romanae
3329 1959 3581 2016 Ecclesia:
3629 1977 3770 2016 con-

2181 2044 2540 2108 suetudinem,
2588 2045 2639 2098 in
2665 2062 2769 2115 qua
2798 2062 2856 2101 se
2884 2049 3126 2102 meminit
3168 2051 3448 2106 nutritum.
3481 2052 3587 2106 Sed
3629 2055 3768 2108 mihi

2179 2133 2354 2201 placet
2381 2141 2459 2196 ut,
2493 2135 2603 2187 sive
2634 2135 2683 2188 in
2716 2135 2974 2202 Romana,
3005 2138 3118 2192 sive
3149 2140 3199 2192 in
3230 2139 3542 2205 Galliarum,
3573 2148 3686 2197 sive
3709 2133 3782 2198 in.

2179 2223 2414 2293 qualibet
2457 2224 2689 2280 Ecclesia
2717 2227 2915 2296 aliquid
2957 2229 3202 2283 invenisti
3233 2233 3375 2299 quod
3425 2232 3543 2300 plus
3571 2234 3764 2288 omni-

2177 2317 2384 2385 potenti
2416 2317 2523 2370 Deo
2553 2319 2719 2386 possit
2741 2318 2974 2388 placere,
3023 2320 3250 2374 sollicite
3286 2322 3442 2392 elige,
3473 2333 3527 2378 et
3550 2323 3603 2377 in
3645 2324 3768 2378 An-

2176 2408 2383 2478 glorum
2417 2409 2675 2473 Ecclesia,
2701 2427 2822 2480 qua:
2859 2412 3034 2465 adhuc
3074 2413 3139 2466 ad
3168 2412 3323 2466 ﬁdem
3376 2429 3510 2467 nova
3539 2423 3642 2479 est,
3673 2415 3768 2468 in-

2177 2499 2455 2554 stitutione
2506 2501 2773 2570 praecipua
2817 2503 3070 2570 quamde
3101 2501 3280 2555 inultis
3310 2502 3566 2556 Ecclesiis
3603 2502 3767 2556 colli-

2176 2602 2301 2659 gere
2325 2591 2570 2660 potuisti,
2622 2590 2882 2655 infunde;
2932 2606 3034 2643 non
3061 2590 3204 2643 enim
3237 2607 3332 2659 pro
3362 2590 3494 2645 locis
3525 2606 3630 2654 res,
3665 2591 3766 2646 sed

2173 2693 2272 2748 pro
2301 2680 2455 2735 bonis
2503 2681 2662 2734 rebus
2691 2680 2807 2734 loca
2832 2679 3055 2733 amanda
3085 2689 3227 2733 sunt.
3259 2679 3336 2732 Ex
3384 2679 3606 2750 singulis
3625 2693 3766 2749 ergo

2174 2769 2474 2838 quibusque
2503 2769 2778 2834 Ecclesiis,
2831 2784 2949 2838 qua:
2995 2769 3102 2836 pia,
3149 2783 3269 2836 quae
3321 2767 3592 2837 religiosa,
3635 2783 3765 2837 qua:

2175 2870 2322 2915 recta
2353 2871 2476 2915 sunt
2505 2861 2656 2931 elige,
2683 2873 2738 2915 et
2763 2861 2879 2915 haec
2909 2859 3060 2929 quasi
3091 2859 3142 2912 in
3171 2859 3486 2913 fasciculum
3528 2860 3763 2914 collecta

2173 2950 2310 3018 apud
2337 2950 2628 3020 Anglorum
2664 2958 2872 3005 mentes
2906 2950 2958 3002 in
2993 2948 3428 3002 consuetudinem
3453 2947 3682 3018 depone.

2181 3058 2246 3112 In
2272 3060 2488 3113 vestibus
2534 3073 2580 3114 et
2632 3061 2774 3115 cultu
2821 3061 3164 3115 ecclesiastico
3191 3076 3294 3128 non
3337 3059 3760 3128 superstitiosum

2249 3131 2548 3198 mysterium
2577 3130 2834 3199 pra'ferri,
2888 3148 2952 3184 ex
2997 3129 3210 3198 epistola
3261 3127 3764 3198 S.Celestinipapa:

2249 3199 2319 3251 ad
2347 3198 2608 3268 episcopos
2637 3198 2929 3253 Galliarum
2951 3202 3160 3269 scripta.

2260 3309 2345 3364 l9.
2380 3309 2676 3364 Didicimus
2705 3309 2963 3379 quosdam
2993 3308 3202 3364 Domini
3233 3307 3540 3363 sacerdotes
3565 3321 3764 3376 super-

2176 3403 2391 3458 stitioso
2437 3409 2616 3469 potius
2667 3399 2830 3453 cultui
2877 3397 3156 3461 inservire,
3206 3412 3365 3466 quam
3425 3396 3623 3450 mentis
3669 3396 3763 3450 vel

2177 3497 2299 3553 ﬁdei
2330 3495 2568 3566 puritati.
2612 3492 2676 3546 Et
2708 3503 2819 3562 post
2857 3503 3066 3561 pauca:
3108 3489 3301 3543 Amicti
3330 3487 3490 3557 pallio
3518 3495 3574 3542 et
3617 3486 3764 3541 lum-

2178 3591 2275 3645 bos
2310 3584 2584 3656 praecincti
2631 3583 2857 3637 credunt
2891 3595 2949 3635 se
3001 3587 3201 3633 sanctae
3253 3577 3552 3647 Scriptura:
3591 3575 3760 3630 ﬁdem

2178 3693 2283 3730 non
2305 3690 2402 3745 per
2424 3673 2696 3742 spiritum,
2713 3671 2806 3724 sed
2832 3684 2927 3739 per
2951 3668 3184 3722 litteram
3209 3665 3590 3734 completurOs.
3617 3664 3761 3719 Nam

2179 3767 2224 3822 si
2255 3765 2322 3818 ad
2345 3764 2449 3818 hoc
2476 3762 2578 3816 ista
2607 3768 2870 3830 prmeepta
2899 3765 3044 3821 sunt,
3076 3764 3134 3809 ut
3179 3755 3358 3809 taliter
3383 3763 3760 3819 servarentur,

2179 3873 2276 3911 cur
2322 3869 2429 3908 non
2475 3853 2614 3907 ﬁunt
2641 3851 2842 3921 pariter
2870 3862 2988 3916 qua
3038 3856 3355 3915 sequuntur,
3408 3854 3467 3899 ut
3519 3844 3761 3899 lucernae

2180 3943 2431 4012 ardentes
2457 3955 2563 3994 una
2597 3954 2718 3994 cum
2767 3935 2961 3992 baculo
3016 3935 3069 3988 iu
3117 3934 3366 3988 manibus
3421 3940 3706 3986 teneantur
3735 3933 3762 3986 τ

2180 4031 2391 4087 Habent
2423 4044 2578 4084 suum
2604 4027 2942 4098 mysterium,
2976 4033 3032 4079 et
3069 4021 3486 4092 intelligentibus
3513 4022 3586 4075 ita
3607 4020 3762 4077 clara

2181 4130 2326 4186 sunt,
2357 4129 2417 4174 ut
2442 4135 2505 4175 ea
2550 4119 2722 4189 magis
2741 4131 2903 4186 quam
2927 4116 3084 4170 decet
3111 4114 3501 4184 significatione
3529 4127 3759 4168 serven-

2182 4221 2292 4266 tur.
2322 4211 2454 4265 Nam
2485 4211 2537 4265 in
2567 4210 2872 4264 lumborum
2900 4205 3280 4277 praicinctione
3299 4205 3542 4268 castitas,
3571 4204 3626 4258 in
3658 4203 3760 4258 ba-

2182 4303 2302 4358 culo
2325 4302 2559 4372 regimen
2588 4299 2877 4370 pastorale,
2903 4299 2957 4351 in
2998 4296 3234 4351 lucernis
3284 4295 3596 4351 ardentibus
3624 4293 3757 4348 boni

2185 4391 2362 4462 fulgor
2386 4391 2584 4460 operis,
2614 4390 2680 4444 de
2723 4404 2830 4458 quo
2875 4387 3072 4442 dicitur
3103 4385 3184 4440 sic
3205 4403 3225 4440 ες
3266 4401 3424 4456 opera
3471 4393 3643 4438 vestra
3669 4383 3758 4436 lu-

2189 4491 2356 4547 ceant,
2386 4481 2668 4536 indicatur.
2695 4479 2907 4534 Habent
2959 4487 3138 4534 tamen
3195 4477 3357 4533 istum
3384 4475 3611 4532 forsitan
3642 4474 3760 4530 cul-

2193 4581 2324 4636 tum,
2356 4586 2559 4626 morem
2585 4569 2764 4640 potius
2807 4583 2966 4637 quam
2996 4568 3260 4623 rationem
3307 4575 3614 4637 sequentes,
3662 4566 3761 4636 qui

2189 4663 2566 4718 remotioribus
2597 4660 2842 4714 habitant
2875 4659 3028 4724 locis,
3057 4665 3112 4713 et
3135 4657 3321 4728 procul
3347 4673 3377 4712 a
3414 4657 3626 4712 caeteris
3663 4656 3763 4710 de-

2189 4761 2338 4825 gunt.
2381 4751 2531 4807 Unde
2551 4751 2640 4805 hic
2665 4749 2878 4804 habitus
2899 4749 2952 4804 in
2977 4748 3232 4804 Ecclesiis
3255 4747 3564 4810 Gallicanis,
3587 4755 3648 4802 ut
3677 4756 3760 4802 tot
3791 4790 3798 4800 .

2191 4861 2455 4902 annorum
2502 4853 2883 4913 tantorumque
2924 4841 3236 4913 pontiﬁcum
3266 4842 3319 4896 in
3349 4841 3576 4895 alterum
3607 4841 3763 4896 babi-

2191 4946 2301 4990 tum
2327 4933 2659 4990 consuetudo
2698 4941 2965 4987 versatur.
2998 4929 3350 4986 Discernendi
3399 4945 3431 4983 a
3478 4927 3635 4999 plebe
3674 4927 3761 4983 vel

2190 5027 2401 5082 cieteris
2423 5040 2608 5080 sumus
2638 5023 2906 5087 doctrina,
2947 5038 3055 5078 non
3091 5029 3280 5085 veste;
3323 5020 3758 5085 conversatione,

2190 5132 2294 5171 non
2327 5116 2510 5170 habitu
2535 5132 2549 5179 ;
2587 5113 2783 5168 mentis
2818 5113 3070 5183 puritate,
3097 5127 3200 5165 non
3220 5110 3386 5165 cultu.
3411 5109 3543 5164 Nam
3567 5109 3612 5164 si
3639 5117 3763 5164 stu-

2192 5206 2320 5260 dere
2349 5204 2667 5273 incipiamus
2697 5201 2938 5266 novitati,
2994 5201 3248 5255 traditum
3279 5200 3434 5255 nobis
3461 5214 3490 5253 a
3517 5197 3762 5268 patribus

2191 5297 2433 5351 ordinem
2465 5294 2810 5358 calcabimus,
2853 5303 2914 5348 ut
2955 5293 3131 5348 locum
3175 5293 3522 5363 supervacuis
3570 5306 3760 5362 super-

2193 5387 2499 5444 stitionibus
2524 5387 2804 5442 faciamus.
2838 5386 3020 5442 Rudes
3040 5401 3170 5452 ergo
3201 5383 3433 5440 ﬁdelium
3457 5393 3666 5440 mentes
3689 5384 3758 5438 ad

2194 5482 2319 5536 talia
2374 5497 2480 5537 non
2529 5480 2784 5536 debemus
2834 5481 3107 5543 inducere.
3158 5478 3392 5534 Docendi
3437 5478 3579 5532 enim
3634 5483 3792 5538 sunt,

2191 5573 2368 5643 potius
2397 5588 2554 5642 quam
2587 5572 2822 5630 ludendi.
2871 5587 2971 5626 nec
3018 5570 3396 5640 imponendum
3439 5579 3525 5624 est
3567 5583 3758 5624 eorum

2193 5661 2380 5728 oculis,
2409 5662 2501 5718 sed
2526 5662 2792 5717 mentibus
2819 5659 3139 5716 infundenda
3171 5668 3436 5730 prrecepta
3467 5667 3609 5714 sunt.
