4050 6302
306 335 376 392 95
1294 331 1660 390 OPUSCULA
1696 334 2062 393 ADVERSUS
2098 335 2526 395 AMALARIUM.
3469 346 3553 402 94'

285 446 522 532 Ἦθῖπδ·
562 445 871 532 meram?
891 444 972 532 df,
994 445 1215 532 δῗῖηῑῖζίεί
1246 445 1604 532 Ψίηεεινιξιῖξιμη,
1624 457 1674 532 ες
1693 464 1868 532 δίεςεζ-
1898 454 1944 512 Α
1971 448 2083 520 85).
2110 450 2285 520 Atque
2324 453 2680 524 intelligamus
2700 468 2860 525 quam
2885 472 3069 512 verum
3096 458 3166 514 sit
3193 460 3334 531 quod
3361 458 3537 532 Spiri-

369 520 550 570 dotum
572 514 781 580 ornatu,
809 531 873 569 ea:
914 514 1061 570 libris
1087 514 1414 585 dialogorum
1445 516 1604 571 Attici
1629 527 1674 570 et
1711 516 1867 572 Citri-

369 585 576 640 stoboli.

369 696 456 750 20.
487 695 747 767 Adjungis
794 695 1021 766 gloriam
1071 695 1300 751 vestium
1330 706 1386 752 et
1432 707 1872 756 ornamentorum

301 789 558 843 Decesse
609 786 960 841 contrarium.
1012 785 1142 852 Quae
1183 795 1333 851 sunt,
1379 802 1525 857 rogo,
1577 789 1872 844 inimicitiae

303 889 489 938 contra
525 880 725 946 Deum,
751 879 797 934 si
829 880 1063 934 tunicam
1115 881 1353 935 habuero
1406 884 1783 938 mundiorem?
1825 884 1871 938 si

299 969 561 1041 episcopi,
590 969 634 1024 si
662 968 990 1045 presbyteri,
1038 970 1084 1024 si
1116 970 1326 1025 diaconi
1353 980 1410 1026 et
1459 971 1696 1040 reliquus
1739 975 1873 1029 ordo

297 1062 700 1119 ecclesiasticus
727 1061 781 1115 in
812 1061 1276 1116 administratione
1321 1062 1711 1118 sacriﬁciorum
1739 1078 1871 1118 can-

299 1153 425 1208 dida
455 1161 604 1208 veste
639 1152 1002 1221 processerit?
1033 1151 1252 1217 Cavete,
1283 1152 1486 1217 clerici,
1515 1162 1724 1218 cavete,
1755 1168 1870 1206 mo-

298 1242 482 1302 nachi,
512 1241 688 1296 vidua:
727 1249 781 1296 et
804 1241 1059 1312 virgines,
1086 1241 1462 1310 periclitamini
1498 1242 1600 1296 nisi
1631 1242 1874 1296 sordidas

297 1349 398 1389 vos
423 1342 584 1403 atque
605 1348 874 1403 pannosas
916 1333 1107 1402 vulgus
1134 1334 1423 1404 aspexerit.
1451 1332 1625 1388 Taceo
1673 1333 1740 1388 de
1768 1334 1868 1387 ho-

295 1425 536 1479 minibus
563 1419 768 1490 saeculi,
819 1425 1014 1494 quibus
1051 1433 1236 1496 aperte
1277 1424 1479 1480 bellum
1517 1424 1791 1489 indicitur,
1819 1433 1875 1479 et

298 1513 600 1569 inimicitia:
642 1522 828 1569 contra
873 1514 1066 1579 Deum,
1116 1515 1162 1568 si
1202 1515 1455 1584 pretiosis
1501 1523 1664 1584 atque
1699 1515 1876 1570 niten-

300 1604 448 1659 tibus
494 1612 715 1659 utuntur
741 1603 969 1660 exuviis.
1020 1603 1080 1659 In
1127 1605 1426 1661 sacerdotio
1463 1604 1719 1661 Ecclesiae
1766 1619 1872 1659 non

299 1697 591 1768 mysticum
632 1696 866 1752 vestium
909 1704 1180 1762 ornatum,
1221 1697 1315 1752 sed
1362 1696 1700 1767 splendorem
1729 1712 1877 1767 quae-

1902 615 1904 618 ,
1971 547 2061 593 tus
2091 549 2308 596 sanctus
2338 541 2641 598 Salomonis
2664 558 2760 599 ore
2779 547 3108 613 prtececinit,
3127 549 3310 604 dicens
3337 567 3350 603 :
3379 550 3538 606 Multi

1969 628 2068 682 sibi
2087 629 2141 682 in
2167 630 2435 685 novalibus
2454 642 2662 701 patrum
2683 643 2730 687 et
2759 634 2880 689 aliis
2917 649 3298 708 congregantur
3342 642 3538 712 absque

1960 717 2164 788 judicio
2200 717 2382 789 (Prov.
2409 735 2530 786 xnI,
2558 719 2674 789 23),
2703 737 2880 791 neque
2924 726 3068 778 enim
3115 727 3193 781 sic
3239 738 3423 784 nostra
3450 746 3540 784 ca-

1972 806 2213 864 lamitate
2235 818 2289 864 et
2319 811 2623 866 humilitate
2647 812 2791 866 abuti
2833 814 3010 878 debet,
3037 826 3096 870 ut
3135 818 3374 873 imitator
3398 821 3542 876 inso-

1971 900 2278 956 lentissima:
2301 900 2577 970 jactantite
2597 903 2740 960 Naas
2763 907 2901 978 regis
2925 908 3152 964 ﬁliorum
3177 911 3430 978 Ammon,
3447 915 3541 984 qui

1972 988 2361 1060 interpretatur
2385 1009 2613 1062 serpens,
2637 993 2816 1048 dicere
2841 996 3009 1059 nobis,
3041 998 3186 1052 velut
3227 1001 3542 1058 habitatori-

1971 1077 2074 1132 bus
2115 1077 2276 1132 Jabcs
2319 1078 2520 1136 Galaad
2541 1119 2555 1145 ,
2587 1092 2922 1150 oppugnator
2949 1085 3194 1142 veritatis
3217 1088 3315 1143 iste
3341 1105 3545 1159 prmsu-

1973 1176 2114 1222 mat:
2135 1167 2201 1222 In
2224 1170 2321 1223 hoc
2341 1169 2527 1238 feriam
2549 1172 2808 1226 vobiscum
2831 1174 2998 1242 [trdus
3022 1186 3076 1230 ut
3105 1193 3282 1232 emam
3313 1181 3551 1236 omnin-rt

1973 1267 2198 1312 vestrum
2252 1259 2430 1314 oculos
2483 1261 2712 1324 dextros,
2759 1280 3049 1336 ponamque
3097 1283 3183 1321 vos
3212 1269 3557 1338 opprobrium

1973 1348 2143 1405 Israel
2187 1351 2238 1422 (Ι
2266 1351 2390 1423 Reg.
2433 1369 2514 1419 ιι,
2551 1355 2630 1425 2).
2669 1354 2801 1420 Vere
2841 1357 2984 1412 enim
3035 1357 3284 1414 dextrum
3330 1361 3558 1416 oculum

1975 1451 2202 1497 conatur
2244 1459 2454 1510 eruere,
2502 1447 2592 1516 qui
2633 1447 2812 1503 lumen
2861 1459 3022 1508 rectm
3061 1450 3183 1509 ﬁdei
3214 1451 3422 1507 laborat
3447 1468 3548 1507 ex-

1975 1537 2269 1608 stinguere.
2303 1538 2497 1594 Utilius
2527 1540 2601 1594 illi
2649 1556 2680 1595 a
2727 1541 2883 1598 nobis
2920 1544 3214 1613 optandum
3249 1551 3353 1610 est,
3404 1545 3549 1615 quod

1976 1628 2282 1694 parabolice
2300 1644 2398 1699 per
2424 1629 2766 1686 Salomonem
2789 1633 2985 1688 dicitur
3017 1652 3030 1688 :
3071 1633 3293 1692 Oculum
3313 1636 3403 1706 qui
3428 1638 3550 1690 sub-

1976 1729 2162 1773 sannat
2181 1730 2400 1790 patrem,
2415 1731 2462 1775 et
2484 1722 2697 1792 despicit
2719 1733 2928 1793 partum
2948 1726 3133 1779 matris
3153 1742 3281 1789 suat,
3298 1726 3550 1795 eﬁ'odiant

300 1789 528 1885 ξειξάιιξη
556 1788 882 1885 εῐιίωξπξηηι
907 1789 1021 1858 ipsa
1039 1789 1685 1885 f0'lsecra_li9_m0“5lrf“
1706 1788 1876 1885 Pqn‘i'
1905 1807 1949 1868 Β
1976 1826 2094 1864 eum
2117 1788 2255 1864 corvi
2277 1810 2342 1864 de
2362 1788 2699 1877 torrentibus,
2719 1788 2768 1866 et
2794 1814 3061 1868 comedunt
3091 1832 3207 1870 eum
3233 1788 3550 1885 ﬁlii-aquila:

300 1877 441 1942 ﬁcis,
484 1877 558 1931 ita
602 1891 661 1932 se
701 1877 941 1933 habens:
971 1897 990 1930 ‹
1039 1879 1180 1933 Deus
1229 1879 1320 1948 qui
1369 1877 1585 1950 Moysen
1617 1877 1874 1932 famulum

307 1977 460 2022 tuum
489 1968 683 2024 secreti
707 1967 986 2025 familiaris
1009 1968 1195 2034 affatu,
1224 1969 1365 2023 inter
1396 1979 1590 2024 cratera
1636 1969 1876 2024 caelestis

303 2056 626 2112 documenta
679 2056 927 2123 culturae,
969 2058 1036 2113 de
1081 2058 1266 2112 habitu
1313 2072 1527 2127 quoque
1577 2057 1876 2113 indumenti

300 2146 654 2200 sacerdotalis
687 2146 996 2214 instituens,
1023 2147 1252 2202 electum
1279 2148 1459 2202 Aaron
1489 2148 1713 2219 mystico
1738 2147 1876 2201 ami-

299 2244 392 2290 ctu
419 2237 602 2292 vestiri
630 2237 772 2292 inter
813 2254 965 2293 sacra
999 2238 1208 2308 jossisti
1229 2279 1244 2304 ,
1274 2248 1334 2293 ut
1359 2239 1727 2310 intelligentia:
1754 2254 1877 2293 sen-

299 2340 424 2379 sum
442 2325 506 2379 de
525 2325 785 2395 exemplis
804 2327 1040 2396 priorum
1058 2335 1272 2396 caperet
1290 2336 1540 2382 secutura
1561 2329 1875 2396 pOSteritas,

302 2430 376 2470 ne
401 2416 632 2470 eruditio
667 2417 925 2471 doctrinae
951 2428 1054 2471 tua:
1084 2417 1176 2470 ulli
1209 2418 1422 2471 deesset
1462 2417 1638 2483 aetati,
1669 2433 1790 2472 cum
1822 2425 1877 2472 et

299 2504 443 2573 apud
478 2513 685 2559 veteres
723 2506 1075 2560 reverentiam
1115 2506 1226 2575 ipsa
1263 2504 1712 2576 signiﬁcationum
1751 2523 1874 2576 spe-

299 2596 414 2652 cies
458 2596 754 2658 obtineret;
803 2605 859 2650 et
902 2597 1036 2666 apud
1070 2612 1168 2650 nos
1198 2596 1428 2651 certiora
1456 2604 1637 2652 essent
1661 2598 1876 2666 experi-

301 2695 486 2740 tnent-a
543 2701 763 2751 rerum,
815 2701 977 2755 quam
1025 2686 1309 2756 {enigmata
1365 2685 1678 2754 ﬁgurarum.
1732 2685 1878 2740 Illius

305 2789 542 2842 namque
567 2773 853 2828 sacerdotii
885 2775 1175 2828 anterioris
1200 2774 1418 2829 habitus
1448 2772 1654 2830 'nostra:
1684 2775 1880 2829 mentis

300 2873 527 2918 ornatus
571 2872 685 2929 est,
715 2871 770 2918 et
796 2863 1157 2932 pontiﬁcalem
1189 2863 1416 2934 gloriam
1453 2879 1558 2919 non
1581 2866 1696 2933 jam
1723 2864 1881 2920 nobis

301 2955 480 3009 bonor
499 2955 840 3018 commendat
867 2955 1116 3019 vestium,
1147 2956 1238 3010 sed
1264 2955 1517 3025 splendor
1555 2956 1876 3012 animarum.

302 3043 440 3110 Quia
471 3053 526 3098 et
552 3043 639 3107 illa
663 3059 780 3113 qute
808 3055 932 3098 tunc
959 3043 1264 3099 carnalibus
1287 3045 1698 3100 blandiebantur
1725 3045 1881 3100 obtu-

304 3133 473 3196 tibus,
500 3148 560 3187 ea
599 3135 776 3203 potius
811 3149 929 3202 quae
952 3133 1005 3187 in
1037 3133 1163 3203 ipsis
1185 3143 1342 3188 erant
1363 3133 1728 3204 intelligenda,

308 3226 525 3278 cebant.
558 3224 624 3277 Et
654 3224 854 3278 idcirco
885 3224 1010 3278 huic
1046 3223 1245 3278 famulo
1273 3233 1384 3289 tuo,
1408 3240 1568 3294 quem
1595 3225 1661 3279 ad
1688 3224 1883 3279 summi

306 3316 598 3371 sacerdotii
659 3317 1016 3370 ministerium
1072 3317 1304 3387 elegisti,
1355 3318 1497 3373 hanc
1545 3331 1881 3387 quaesumus.

306 3407 551 3474 Domine,
578 3409 802 3479 gratiam
827 3407 1076 3478 largiaris
1105 3417 1183 3473 ut,
1209 3407 1468 3477 quidquid
1501 3408 1588 3462 illa
1616 3408 1881 3462 velamina

305 3500 362 3553 in
393 3497 599 3569 fulgore
624 3499 762 3563 auri,
791 3499 843 3552 in
872 3498 1045 3552 nitore
1071 3512 1433 3566 gemmarum,
1481 3497 1534 3551 in
1582 3495 1880 3550 multimodi

300 3590 487 3658 operis
513 3591 779 3644 varietate
798 3589 1102 3658 signabant,
1129 3589 1233 3643 hoc
1265 3588 1318 3642 in
1344 3588 1462 3658 ejus
1488 3585 1726 3641 moribus
1749 3587 1882 3640 acti-

301 3681 517 3748 bnsque
544 3679 823 3733 clarescat.
868 3697 884 3729 ι

301 3809 500 3865 Falsas
521 3810 745 3874 codices,
767 3820 814 3864 et
840 3828 870 3863 a
893 3809 1017 3877 ﬁdei
1044 3807 1339 3862 sinceritate
1359 3807 1710 3872 discordes,in
1734 3806 1879 3860 nullo

377 3897 479 3934 usu
502 3880 735 3933 lectionis
765 3879 1025 3948 habendos
1050 3879 1212 3948 :quin
1237 3879 1408 3948 potius
1428 3878 1547 3948 quni
1572 3877 1872 3948 tradendos,

375 3967 443 4032 ea:
467 3949 682 4019 epistola
711 3950 879 4004 sancti
909 3945 1108 4002 Leonis
1125 3945 1274 4018 papa:
1311 3947 1379 4000 ad
1423 3945 1694 4001 Turibium
1720 3945 1879 3999 Astu-

377 4037 406 4073 Ι·
407 4035 647 4074 recusem.

373 4150 465 4204 2|.
501 4149 809 4208 Curandum
850 4164 979 4220 ergo
1011 4157 1113 4214 est,
1140 4157 1194 4205 et
1225 4149 1547 4204 sacerdotali
1591 4148 1875 4221 diligentiae

299 4243 540 4298 maxime
574 4242 986 4312 providendum,
1012 4249 1072 4295 ut
1097 4240 1216 4296 falsi
1253 4241 1489 4306 codices,
1521 4250 1578 4296 et
1601 4257 1631 4295 a
1660 4242 1872 4298 sincera

299 4333 535 4386 veritate
564 4331 862 4393 discordes,
886 4330 938 4384 in
965 4331 1108 4386 nullo
1137 4347 1234 4385 usu
1266 4331 1515 4386 lectionis
1546 4333 1868 4386 habeantur.

299 4422 636 4492 Apocryphaa
659 4429 837 4476 autem
858 4421 1138 4492 scripturae
1158 4437 1275 4491 qua:
1296 4422 1395 4477 sub
1418 4423 1725 4477 nominibus
1744 4437 1870 4492 apo-

1980 1898 2161 1969 (Prov.
2192 1917 2320 1965 xxx,
2351 1901 2461 1968 17).
2496 1902 2634 1956 Vere
2665 1903 2862 1956 etenim
2887 1905 3186 1960 subsannat
3208 1905 3550 1975 Patrem,qni

1977 1988 2096 2042 Filii
2124 1989 2315 2044 dividit
2341 1990 2627 2053 unitatem,
2658 1999 2889 2046 testante
2936 1992 3092 2062 ipso:
3121 1994 3211 2063 qui
3249 2010 3352 2049 non
3389 1995 3556 2048 Itono-

1979 2078 2148 2146 riﬁcat
2210 2077 2431 2144 Filium,
2479 2095 2583 2132 non
2632 2080 2946 2148 Itonoriﬁcat
2994 2078 3233 2148 Patrem,
3281 2084 3371 2152 qui
3414 2084 3555 2138 misit

1976 2167 2125 2221 illum
2176 2167 2356 2239 (Joan.
2393 2184 2448 2233 v,
2475 2168 2567 2239 25)
2585 2209 2598 2230 ,
2624 2178 2678 2222 et
2703 2184 2926 2237 prorsus
2949 2169 3176 2241 despicit
3198 2181 3408 2242 partum
3434 2189 3554 2228 mae

1981 2257 2076 2312 tris
2113 2273 2223 2312 sua:
2247 2257 2523 2323 Ecclesiaa,
2548 2259 2640 2327 qui
2671 2261 2990 2330 mysterium
3025 2261 3430 2332 redemptionis,
3447 2279 3557 2333 quo

1977 2361 2044 2400 ex
2080 2346 2196 2416 ejus
2238 2355 2390 2401 utero
2416 2348 2482 2402 ad
2525 2349 2694 2401 vitam
2745 2348 3003 2418 gignitur,
3047 2351 3281 2420 puritate
3341 2354 3551 2407 sincera

1978 2439 2226 2493 venerari
2249 2440 2566 2493 contemnit.
2602 2439 2831 2510 Expedit
2859 2441 3014 2496 nobis
3043 2442 3097 2496 in
3125 2442 3287 2498 talem
3315 2444 3552 2508 oculum,

1978 2530 2070 2598 qui
2116 2530 2370 2584 ducatum
2403 2530 2664 2598 promittit
2702 2530 2941 2595 luminis,
2966 2538 3016 2586 et
3042 2547 3073 2586 e
3103 2534 3378 2590 contrario
3401 2543 3552 2588 tene-

1977 2621 2092 2677 bris
2119 2621 2316 2692 caligat
2357 2622 2582 2687 erroris,
2626 2633 2955 2691 praeceptum
3007 2625 3376 2694 evangelicum
3429 2644 3442 2680 :
3491 2625 3558 2681 Si

1979 2717 2162 2772 oculus
2213 2727 2335 2770 tuus
2361 2717 2539 2771 dexter
2574 2716 2898 2771 scandalizat
2924 2728 2993 2782 te,
3018 2735 3140 2773 erue
3163 2736 3280 2774 eum
3298 2759 3312 2785 ,
3336 2729 3384 2774 et
3429 2738 3552 2790 pro-

1971 2806 2077 2875 jice
2100 2805 2190 2859 abs
2215 2815 2264 2859 te
2296 2805 2513 2877 (Matth.
2541 2821 2592 2869 v,
2619 2805 2732 2875 29).
2764 2805 2923 2876 Cupit
2948 2821 3179 2877 nequam
3227 2809 3327 2864 iste
3367 2809 3554 2864 oculus

1981 2896 2351 2952 haereditatem
2367 2904 2579 2965 patrum
2600 2895 2811 2950 auferre
2835 2914 2847 2949 :
2875 2897 3066 2951 nititur
3085 2897 3296 2952 vineam
3315 2899 3553 2968 ipsorum

1980 2986 2035 3040 in
2064 2986 2280 3041 hortum
2309 2985 2514 3042 olerum
2542 2995 2896 3050 commutare,
2925 2987 2977 3042 id
3005 2997 3112 3053 est,
3145 2987 3304 3042 fortia
3351 2995 3408 3042 et
3444 2987 3559 3044 fru-

1983 3085 2166 3133 ctuosa
2196 3094 2258 3134 ac
2287 3080 2653 3135 meracissima
2679 3095 2865 3135 eorum
2900 3081 3040 3136 dicta
3087 3077 3285 3136 vilibus
3335 3091 3391 3137 et
3445 3084 3556 3136 cito

1759 3147 1880 3235 post
1907 3145 1952 3207 (ἶ
1983 3170 2354 3225 arescentibus
2382 3185 2446 3226 ac
2473 3171 2843 3227 decidentibus
2873 3171 3070 3228 fabulis
3105 3187 3400 3238 enervare;
3454 3174 3551 3227 sed

1985 3261 2079 3315 ﬁlii
2108 3264 2360 3334 martyris
2385 3262 2604 3334 lapidati
2631 3265 2992 3334 respondeant
3033 3266 3082 3320 ei
3133 3281 3255 3320 cum
3300 3264 3508 3320 Naboth
3537 3281 3560 3318 :~

1977 3351 2257 3421 Propitius
2302 3353 2428 3407 milii
2484 3353 2551 3407 sit
2602 3353 2878 3418 Dominus,
2933 3370 2996 3408 ne
3047 3353 3161 3407 dem
3200 3354 3561 3408 hmreditatem‘

1980 3452 2187 3512 patrum
2214 3460 2446 3497 meorum
2479 3443 2597 3515 (IIl
2629 3444 2752 3514 Reg.
2785 3461 2900 3510 χχι,
2926 3444 3003 3515 5).
3025 3508 3030 3512 ,
3055 3445 3112 3498 Si
3149 3445 3216 3499 ob
3263 3445 3421 3513 hujus
3469 3459 3558 3498 re-

1981 3533 2282 3600 sponsionis
2311 3532 2591 3590 honestam
2624 3533 2928 3587 libertatem
2956 3533 3036 3588 vel
3063 3532 3355 3587 inl'amandi
3403 3531 3554 3586 falsis

1983 3623 2224 3684 testibus,
2257 3623 2339 3678 vel
2366 3625 2530 3678 etiam
2559 3625 2825 3695 lapidibus
2853 3627 3113 3681 obrueudi
3157 3643 3416 3691 essemus,
3456 3627 3555 3680 ha-

1980 3711 2198 3766 beamus
2230 3712 2394 3766 Deum
2423 3714 2901 3770 clementissimum
2941 3715 3334 3771 consolatorem
3380 3724 3542 3783 atque

1979 3799 2206 3854 ultorem
2253 3801 2517 3857 dicentem
2548 3821 2560 3857 :
2593 3802 2651 3856 Si
2679 3820 2780 3857 non
2815 3821 2909 3872 pro
2957 3806 3210 3874 sanguine
3256 3804 3462 3856 Nabotlt
3491 3815 3541 3857 et

1975 3888 2203 3956 ﬁliorum
2239 3890 2362 3960 ejus»
2390 3908 2540 3961 quem
2579 3894 2684 3947 vidi
2707 3894 2835 3957 lteri,
2867 3895 2992 3949 dicit
3022 3895 3300 3959 Dominus,
3328 3895 3544 3948 reddata

1975 3979 2067 4033 tibi
2098 3980 2152 4034 in
2181 3997 2307 4051 agro
2332 3982 2450 4049 isto,
2479 3983 2604 4037 dicit
2640 3984 2912 4040 Dominus.

2673 4111 2838 4151 FINIT.

2692 4290 2850 4364 ΙΠ.

1975 4417 2266 4498 Ερξειοια
2294 4421 2488 4498 From
2517 4420 2940 4498 Lugdunensis
2964 4421 3214 4481 diaconi
3247 4419 3328 4478 ad
3352 4420 3546 4478 Theo-

301 4514 566 4566 stolorum
609 4512 896 4566 multarum
924 4513 1122 4568 habent
1160 4513 1506 4568 seminarium
1552 4512 1867 4577 falsitatum,
1896 4484 1948 4544 D
2029 4484 2238 4577 ’ᾀοηίε
2275 4496 2438 4560 villa:
2461 4484 2795 4560 concilium
2823 4499 3117 4562 adversus
3149 4499 3343 4559 libros
3362 4498 3546 4556 Ama-

300 4621 413 4660 non
456 4602 626 4658 solum
662 4602 1040 4657 interdicendae
1065 4612 1210 4668 sunt,
1232 4603 1324 4657 sed
1349 4603 1511 4656 etiam
1539 4602 1754 4672 penitus
1781 4616 1876 4654 au-

299 4693 539 4748 ferenda:
563 4703 721 4762 atque
747 4693 959 4762 ignibus
999 4693 1429 4757 concremanda,
1452 4692 1601 4761 quia,
1624 4692 1870 4760 quamvis

300 4783 415 4839 sint
441 4783 494 4837 in
523 4782 626 4837 illis
655 4783 897 4852 quaedam
928 4798 1047 4853 qua:
1074 4783 1360 4837 videantur
1399 4783 1635 4852 speciem
1673 4781 1876 4836 habere

299 4872 543 4942 pietatis,
568 4887 842 4942 nunquam
870 4880 1047 4927 tamen
1073 4888 1238 4927 vacua
1262 4881 1388 4928 sunt
1415 4872 1655 4951 venenis.

373 4960 465 5015 22.
496 4960 640 5028 Haec,
669 4961 868 5017 domini
909 4961 1277 5026 venerabiles,
1309 4970 1414 5015 tam
1463 4961 1530 5016 de
1583 4960 1876 5031 Scripturis

303 5051 506 5116 sacris,
539 5067 700 5122 quam
754 5053 821 5108 de
874 5051 1279 5123 Scripturarum
1331 5062 1640 5107 sanctarum
1692 5054 1871 5120 dictis,

301 5142 488 5198 sedula
517 5144 813 5200 intentione
853 5146 1064 5216 collegi,
1100 5161 1164 5200 ac
1202 5146 1514 5200 reverentia:
1543 5154 1736 5202 vestrm
1775 5163 1871 5201 au-

300 5238 496 5293 dienda
541 5252 636 5294 seu
684 5248 741 5294 et
788 5240 1010 5310 legenda
1058 5239 1335 5310 proposui,
1388 5247 1673 5309 quatenus,
1715 5255 1776 5295 ea
1818 5249 1874 5295 et

299 5326 610 5396 hujusmodi
635 5328 974 5392 meditantes,
993 5337 1178 5384 contra
1201 5329 1422 5384 novellae
1441 5331 1873 5401 prazsumptionis

299 5424 600 5482 auctorem,
615 5419 727 5488 qui,
749 5420 801 5473 in
825 5418 1226 5474 similitudinem
1247 5420 1438 5475 harioli
1461 5429 1515 5475 et
1529 5420 1868 5489 conjectoris,

296 5506 533 5561 testimat
558 5521 676 5575 quae
701 5508 928 5578 ignorat,
965 5507 1086 5563 ﬁdei
1117 5518 1170 5564 et
1205 5511 1445 5565 veritatis
1479 5511 1728 5566 ﬁrmitate
1755 5529 1872 5567 mu-

299 5594 415 5648 nita
436 5595 688 5650 dicamus
707 5612 827 5651 cum
849 5597 1084 5653 Ecclesia
1116 5615 1129 5651 :
1167 5597 1527 5654 Narrarerunt
1551 5602 1677 5655 milii
1704 5603 1871 5672 iniqui

301 5684 670 5754 fabulationes,
692 5689 781 5742 sed
805 5705 905 5744 non
929 5700 980 5744 ut
1003 5689 1086 5746 lex
1110 5699 1222 5757 tua,
1249 5690 1466 5746 Domine
1493 5690 1663 5759 (Psal.
1681 5708 1867 5758 cxvm,

2055 4573 2226 4637 larit'.

2049 4691 2246 4749 Sancto
2284 4704 2341 4750 et
2394 4696 2688 4752 venerabili
2736 4693 2985 4762 concilio,
3043 4695 3181 4766 apud
3237 4693 3545 4748 Thcodonis

1974 4783 2153 4838 villam
2176 4785 2378 4841 habito.

2047 4872 2257 4939 Audite,
2280 4874 2466 4931 Patres
2495 4875 2794 4932 beatissimi
2817 4883 2871 4930 et
2898 4874 3346 4936 reverendissimi,
3374 4890 3402 4929 a
3429 4875 3544 4930 Deo

1978 4964 2258 5020 convocati
2287 4965 2424 5021 etin
2453 4967 2563 5022 Deo
2584 4967 2741 5031 uniti,
2785 4973 3002 5036 propter
3044 4966 3208 5021 Deum
3251 4967 3547 5022 auxiliante

1980 5057 2096 5126 ipso
2122 5056 2425 5113 laborantes
2445 5067 2498 5113 et
2522 5058 2838 5123 laboraturi,
2862 5067 3021 5127 atque
3044 5058 3098 5113 in
3125 5059 3214 5113 illo
3235 5069 3426 5113 etcum
3452 5059 3548 5114 illo

1978 5157 2100 5216 post
2125 5148 2337 5202 beatum
2361 5149 2598 5203 laborem
2629 5149 2941 5218 requieturi,
2965 5150 3146 5204 audite
3175 5150 3246 5204 ita
3276 5159 3335 5203 ut
3360 5149 3543 5204 audiat

1977 5251 2074 5290 vos
2102 5238 2260 5300 Deus,
2279 5251 2342 5293 ac
2370 5246 2692 5294 mementote
2720 5237 2978 5308 Apostoli,
3001 5247 3238 5294 rectores
3263 5238 3543 5306 Ecclesiae,

1979 5327 2315 5381 exhortantis
2357 5335 2412 5380 ct
2447 5326 2679 5382 dicentis
2708 5345 2721 5381 :
2759 5328 3021 5383 Attendite
3067 5329 3206 5383 vobis
3229 5338 3276 5383 et
3305 5328 3560 5383 universo

1973 5423 2114 5491 gregi
2154 5421 2208 5473 in
2234 5435 2336 5488 quo
2364 5435 2450 5472 vos
2487 5418 2709 5488 Spiritus
2731 5431 2940 5476 sanctus
2964 5422 3133 5491 posuit
3170 5423 3432 5491 episcopos
3457 5437 3542 5474 re-

1973 5529 2092 5583 gere
2125 5510 2411 5566 Ecclesiam
2439 5511 2650 5566 Domini
2674 5530 2829 5585 quam
2871 5514 3138 5584 acquisivit
3167 5512 3418 5584 sanguine
3447 5526 3541 5564 suo

1975 5605 2112 5675 (Act.
2148 5621 2239 5668 xx,
2267 5603 2379 5674 28).
2413 5604 2602 5660 Sermo
2624 5607 2689 5661 de
2717 5607 2820 5662 ﬁde
2845 5607 3023 5677 agitur
3041 5647 3056 5672 ,
3087 5616 3139 5660 et
3165 5603 3427 5659 catholica
3455 5617 3546 5658 ve»

1977 5696 2156 5759 ritate,
2185 5711 2342 5765 quam
2371 5698 2622 5766 praelatus
2655 5698 2895 5754 ecclesia:
2937 5696 3307 5768 Lugdunensis
3352 5695 3539 5763 depra-
