4050 6302
506 288 578 345 95
1628 263 1831 340 nom
1869 280 2145 339 DlACONl
2181 280 2673 343 LUGDUNENSIS
3620 319 3627 325 ε
3710 297 3785 353 95

509 418 639 460 vare
664 410 721 458 et
747 402 1060 459 subvertere
1104 399 1285 472 lingua
1337 406 1393 455 et
1436 399 1647 456 calamo
1672 415 1807 455 non
1851 399 2083 465 desistit,
2114 399 2162 459 A
2188 400 2458 457 insaniora
2488 402 2940 470 legeritis,‘testes
2974 412 3099 460 sunt
3124 406 3317 460 horum
3364 404 3779 482 cborep'iscopi,

510 496 820 567 errorisque
851 509 917 549 ac
946 493 1349 548 mendaciorum
1380 506 1599 546 suorum
1628 508 1726 548 vos
1756 494 1903 564 ipsos
1930 508 2094 549 veueé

511 586 711 641 rabiles
741 584 995 641 Ecclesia:
1021 584 1224 639 Christi
1248 583 1435 639 oculos
1490 583 1758 639 iutantum
1810 585 1987 641 socios
2034 592 2093 640 et

511 674 804 745 complices
846 688 967 729 esse
1005 673 1312 750 confirmat,
1361 679 1420 725 ut
1473 671 1528 726 in
1572 673 1788 741 publico
1836 674 2094 730 Ecclesiae

511 774 714 821 nostrae
742 773 1011 821 conventu
1036 762 1246 833 jactare
1277 778 1441 819 ausus
1469 764 1559 826 sit,
1593 765 1660 819 ad
1688 764 1792 820 hoc
1838 782 1937 821 vos
1981 760 2095 822 suis

508 858 951 928 persuasionibus
977 857 1029 911 in
1055 856 1289 928 generali
1323 856 1528 928 synodo
1554 856 1722 913 fuisse
1769 850 2089 931 perductos,

512 956 574 1005 ιιι
603 963 794 1004 omnes
834 962 993 1003 manu
1024 945 1242 1017 propria
1268 948 1380 1003 suis
1405 947 1755 1017 ineptissimis
1781 949 1934 1004 libris
1959 950 2092 1007 sub-

508 1041 771 1106 scribere,
797 1049 852 1096 ot
875 1040 955 1096 sic
980 1040 1308 1095 unanimiter
1341 1041 1542 1095 sentire
1586 1051 1751 1112 atque
1798 1043 2095 1099 observare

509 1131 739 1188 velletis.
770 1131 868 1189 Cui
901 1145 1003 1203 ego
1048 1145 1148 1201 per
1194 1130 1431 1201 majores
1482 1140 1613 1187 natu
1663 1133 1935 1201 respondi,
1985 1148 2094 1188 non

509 1222 684 1277 solum
718 1236 803 1277 me
825 1223 892 1277 de
912 1221 1080 1277 tantis
1101 1221 1235 1277 viris
1254 1221 1307 1275 id
1332 1220 1555 1280 credere
1576 1222 1882 1279 nullatenus
1902 1237 2091 1293 posse;

507 1313 606 1379 sed
631 1312 797 1368 etiam
821 1312 956 1368 mihi
982 1312 1228 1385 indigno,
1250 1314 1343 1385 qui
1372 1329 1492 1370 sum
1532 1316 1683 1370 canis
1730 1326 1996 1380 mortuus,
2039 1325 2097 1373 ct

390 1470 407 1477 _
507 1402 668 1474 pulex
691 1403 940 1474 exiguus,
975 1412 1084 1459 tres
1126 1404 1278 1474 prius
1317 1404 1516 1474 digitos
1563 1406 1761 1475 quibus
1807 1405 2096 1462 scribimus

507 1492 772 1557 radicitus
794 1493 1063 1564 amputari
1101 1492 1318 1557 vellem,
1342 1509 1505 1563 quam
1541 1510 1757 1551 errores
1784 1495 2094 1566 hujusmOdi

2199 499 2366 546 testes
2394 493 2780 558 archidiaconi,
2811 501 2978 549 testes
3005 510 3197 552 omnes
3224 498 3316 567 qui
3361 499 3591 555 aderant
3618 517 3786 570 pres.

2195 581 2370 652 byteri
2422 582 2826 653 Lugdunenses,
2852 599 2882 638 a
2918 584 3117 654 quibus
3155 586 3271 641 hate
3314 589 3574 644 continuo
3614 591 3785 648 irrisa

2195 685 2260 725 ac
2291 670 2590 742 repudiata,
2628 672 2736 726 imo
2778 672 2991 742 plancta
3028 682 3085 729 et
3110 673 3320 743 plorata
3350 677 3600 746 cognovi,
3625 693 3783 743 cum,

2194 762 2390 818 divinis
2431 764 2634 818 assueti
2684 762 2922 829 nitentis,
2949 765 3016 820 de
3063 765 3255 820 lacuna
3291 766 3559 823 lutulenta
3585 769 3787 826 bibere

2195 863 2537 923 cogerentur,
2570 863 2974 911 murmurantes
3006 856 3059 910 in
3105 857 3438 927 nequissimo
3492 873 3635 928 pane
3686 860 3787 915 do-

2195 942 2402 1006 ctrinae,
2427 941 2494 997 de
2522 957 2631 1012 quo
2659 942 3074 999 Ecclesiasticus
3102 928 3344 1015 loquitur
3363 945 3504 1001 liber
3531 964 3544 999 :
3576 945 3646 1001 In
3694 965 3787 1002 ne.

2193 1032 2444 1103 quissimo
2460 1050 2595 1102 pane
2623 1034 2974 1089 murmurabit
3021 1034 3206 1089 civitas
3254 1032 3445 1105 (Eccli.
3478 1050 3630 1101 xxn,
3661 1035 3784 1106 29).

2194 1121 2264 1177 Et
2288 1122 2653 1177 testimonium
2682 1123 2942 1193 nequitia:
2984 1122 3132 1179 illius
3173 1138 3360 1179 verum
3387 1132 3492 1191 est,
3518 1139 3620 1180 nec
3653 1139 3789 1180 vero

2194 1213 2286 1269 ille
2311 1213 2494 1269 divina
2520 1214 2695 1278 docet,
2723 1213 2816 1270 sed
2846 1229 2943 1270 sua
2988 1215 3283 1270 concinnat
3323 1223 3380 1270 et
3414 1214 3687 1281 fabricat,
3733 1226 3791 1272 et

2188 1304 2344 1377 juxta
2373 1305 2739 1370 Salomonem,
2762 1306 2818 1361 in
2858 1305 3255 1361 similitudinem
3288 1305 3481 1385 harioli
3526 1316 3577 1362 et
3604 1308 3790 1378 conje-

2194 1398 2353 1453 ctoris
2379 1399 2603 1453 (ratith
2625 1397 2765 1467 quod
2784 1398 2992 1468 ignorat
3030 1396 3218 1467 (Prov.
3248 1396 3430 1469 nm).
3461 1396 3789 1455 Succurrite

2195 1489 2381 1559 igitur,
2408 1489 2599 1567 Patres
2628 1488 2877 1560 piissimi,
2912 1489 3211 1545 succurrite
3244 1490 3533 1547 animabus
3554 1492 3787 1548 nostris.

507 1598 703 1640 manus
720 1584 955 1653 propria:
976 1583 1374 1656 subscriptione
1396 1586 1904 1641 ﬁrmarem.Adtlidi
1927 1586 2092 1642 etiam
2196 1581 2467 1637 Modicum
2500 1582 2636 1637 enim
2672 1581 2983 1646 fermentum
3020 1590 3181 1636 totam
3217 1598 3457 1637 massam
3492 1584 3791 1653 corrumpit

507 1674 653 1743 quod
680 1674 725 1729 si
753 1673 880 1729 libri-
906 1674 981 1729 illi
1018 1675 1072 1729 in
1100 1675 1244 1731 bono
1278 1675 1510 1731 concilio
1541 1677 1744 1732 fuerint
1780 1677 2007 1733 discussi
2039 1686 2095 1732 et

2198 1670 2249 1743 (1
2278 1670 2402 1727 Cor.
2426 1687 2482 1738 v,
2509 1671 2590 1740 6),
2616 1670 2869 1739 et,-juxta
2896 1672 3185 1741 quemdam
3223 1681 3434 1744 patrem
3475 1673 3787 1742 antiquum,

508 1762 814 1831 dijudicati,
839 1772 1000 1819 erunt
1029 1764 1216 1834 procul
1244 1766 1407 1820 dubio
1429 1768 1870 1822 anathematizati
1901 1785 1914 1821 :
1953 1783 2089 1837 quos
2120 1751 2165 1813 Β
2193 1762 2237 1816 si
2269 1763 2397 1832 quid
2427 1763 2478 1817 in
2510 1762 2615 1817 ﬁde
2646 1761 2763 1817 falsi
2792 1762 3117 1828 admittitur,
3142 1763 3310 1818 intrat
3338 1764 3566 1835 putredo
3592 1764 3666 1818 de
3690 1779 3788 1818 ve-

507 1851 675 1906 etiam
697 1852 1084 1923 chorepisc0po
1114 1854 1369 1909 Ecclesiae
1396 1865 1593 1910 nostra:
1626 1857 1770 1911 velut
1803 1858 1959 1914 valde
1989 1860 2094 1912 uti-

507 1940 594 1996 les
618 1941 1044 2011 omnibusjussit
1074 1943 1479 2022 transcribere;
1529 1960 1665 2013 quos
1709 1962 1832 2000 cum
1879 1962 1981 2018 ego
2026 1962 2094 2002 ex

507 2040 666 2102 parte
694 2032 872 2102 aliqua
906 2033 1243 2104 relegissem,
1271 2043 1325 2089 et
1375 2037 1679 2092 mendaciis
1724 2038 1913 2108 plenos
1963 2039 2097 2094 deli-

510 2120 880 2204 rantentisque
893 2123 1171 2187 vidissem,
1190 2126 1507 2181 dehortatus
1523 2142 1642 2181 sum
1666 2143 1732 2182 nc
1757 2130 1859 2184 hoc
1880 2129 2097 2199 penitus

511 2213 688 2280 fieret,
717 2213 992 2284 librosque
1022 2232 1121 2271 suo
1149 2218 1476 2286 quantocius
1502 2219 1711 2273 auctori
1736 2220 2099 2275 restituendos

510 2306 788 2373 admonui,
821 2302 1068 2363 metuens
1094 2309 1343 2365 videlicet
1384 2325 1453 2364 ne
1484 2326 1615 2366 oves
1643 2312 1870 2377 Christi,
1916 2312 1969 2368 id
2016 2322 2102 2368 est

508 2397 1079 2470 simplicesquosque,
1110 2416 1178 2455 ex
1206 2415 1394 2456 eorum
1444 2401 1677 2457 lectione
1715 2403 1961 2473 quaedam
2003 2420 2099 2458 va-

511 2487 735 2543 nissima
760 2490 1094 2546 curiositatis
1142 2491 1355 2547 scabies
1385 2502 1715 2564 aspergeret,
1752 2503 1809 2549 et
1844 2497 2098 2552 ardentes

510 2578 722 2650 papula:
750 2580 853 2636 diri
885 2582 1088 2637 erroris
1113 2592 1426 2638 exurerent.
1449 2584 1651 2654 Collegi
1685 2593 1865 2640 autem
1890 2585 2006 2654 ipse
2033 2600 2101 2640 ac

513 2674 712 2743 digessi
757 2674 811 2729 in
870 2676 1139 2740 ordinem,
1169 2678 1512 2747 propriisque
1558 2678 1900 2733 sermonibus
1924 2677 2100 2747 expli-

511 2762 631 2817 cavi
658 2764 913 2819 nonnulla
941 2781 1061 2835 qua:
1089 2766 1143 2819 in
1173 2766 1410 2835 generali
1449 2766 1886 2840 presbyterorum
1915 2768 2099 2824 conci-

509 2850 584 2937 lio
635 2855 936 2924 proposuit,
984 2854 1262 2921 disseruit,
1319 2859 1740 2925 commendavit,
1788 2874 1856 2914 ex
1902 2858 2099 2928 quibus

512 2940 634 3009 ejus
674 2943 885 2999 vanitas
936 2947 1291 3016 contemptui,
1341 2948 1451 3004 imo
1486 2949 1849 3006 exsecrationi
1894 2951 2096 3019 pateat.

514 3032 626 3090 Sed
652 3048 722 3089 ne
753 3036 875 3104 quis
912 3051 999 3091 me
1034 3036 1167 3092 falsa
1194 3048 1349 3108 putet
1403 3053 1681 3101 asserere.
1730 3041 1914 3096 veniat
1961 3042 2100 3097 liber

515 3121 663 3183 illius
684 3123 740 3193 in
769 3124 1101 3193 medium,et
1126 3126 1425 3195 fmdjtatem
1449 3130 1532 3185 sui
1562 3131 1778 3199 publice
1797 3131 2098 3201 legentibus

514 3220 680 3285 atque
722 3216 1069 3275 audientibus
1115 3219 1529 3284 denudabitrex
1576 3237 1682 3292 quo
1728 3231 1785 3278 et
1827 3224 1952 3289 isua,
1979 3238 2100 3294 quae

514 3304 890 3362 sincerissimo
932 3309 1169 3364 examini
1218 3318 1399 3365 vestro
1422 3310 1764 3378 dijudicanda
1792 3311 1979 3377 offero,
2005 3320 2100 3369 ve-

514 3395 734 3454 rissime
779 3398 849 3455 ab
893 3399 984 3456 illo
1030 3401 1245 3472 prolata
1292 3402 1619 3472 probabitis,
1643 3419 1765 3460 cum
1798 3404 1905 3460 illic
1932 3404 2100 3460 multa

2197 1869 2337 1909 neno
2382 1853 2672 1922 serpentis,
2700 1862 2999 1907 nascuntur
3039 1867 3252 1909 vermes
3298 1852 3692 1931 corruptionis,
3724 1862 3785 1908 et

2196 1946 2332 2001 nihil
2386 1947 2652 2015 integrum
2704 1945 3024 1999 remanebit.
3053 1944 3233 2001 Testis
3262 1930 3504 2001 est‘mibi
3534 1946 3792 2016 omnipo-

2198 2045 2319 2092 tens
2351 2036 2514 2101 Deus,
2550 2036 2675 2106 quia
2707 2036 2823 2091 haec
2868 2052 2974 2091 non
3032 2035 3265 2107 impulsu
3318 2034 3612 2091 iracundia:
3666 2045 3790 2089 tan-

2198 2142 2360 2196 quam
2393 2126 2551 2181 kusus
2585 2142 2874 2197 cxaggero,
2901 2142 3022 2196 quae
3046 2128 3114 2181 ab
3142 2126 3260 2195 ipso
3301 2127 3484 2181 statim
3526 2125 3790 2190 exordio,

2199 2218 2324 2273 dum
2355 2218 2534 2273 adhuc
2556 2231 2615 2271 se
2637 2218 2770 2271 mihi
2797 2225 3071 2287 utcunque
3116 2217 3431 2273 blandulum
3477 2216 3786 2277 exhiberet.

2198 2309 2381 2365 dolere
2409 2326 2473 2365 ac
2510 2310 2764 2365 detestari
2791 2310 2948 2380 cmpi,
2982 2325 3083 2364 nec
3108 2310 3303 2364 divinae
3328 2309 3663 2364 ordinatioui
3693 2323 3788 2362 seu

2199 2401 2462 2470 imperiali
2496 2402 2598 2470 piae
2643 2401 2960 2471 provisioni,
3016 2401 3159 2470 quod
3200 2400 3291 2455 ille
3336 2399 3519 2454 forsan
3564 2398 3792 2469 jactim

2197 2493 2345 2549 velut
2368 2494 2597 2551 rebellis
2633 2495 2895 2557 existens,
2928 2508 3052 2548 cum
3098 2493 3150 2547 id
3199 2507 3317 2547 mea
3365 2491 3637 2561 exiguitas
3695 2503 3798 2544 nec

2200 2586 2440 2656 cogitare
2469 2601 2704 2655 unquam
2739 2586 2957 2655 poterit,
2989 2585 3083 2641 sed
3115 2586 3319 2640 erroris
3342 2584 3490 2649 odio,
3514 2591 3571 2636 et
3596 2595 3788 2637 amore

2201 2677 2465 2740 veritatis,
2510 2677 2766 2731 Ecclesiae
2808 2691 3020 2745 quoque
3070 2676 3261 2730 matris
3293 2690 3428 2729 mea:
3472 2672 3794 2727 vulneribus

2200 2768 2511 2833 condolcns,
2544 2766 2696 2837 cujus
2732 2767 2988 2821 uberibus
3019 2765 3345 2829 abinfantia
3368 2764 3531 2819 alitus
3558 2777 3710 2827 sum,
3737 2762 3790 2816 in

2201 2874 2308 2930 qua
2336 2867 2390 2913 et
2410 2857 2894 2913 administrationis
2923 2857 3129 2920 locum,
3157 2865 3213 2911 et
3238 2854 3497 2911 doctrinm
3544 2868 3609 2909 ac
3655 2868 3793 2924 pra:-

2203 2948 2490 3003 dicatiouis
2535 2946 2769 3003 cilicium
2819 2947 3069 3018 indignus
3121 2945 3364 3001 exercui.
3416 2943 3578 2999 Certe
3611 2944 3789 2998 vivant

2204 3036 2305 3107 ego
2336 3040 2733 3111 egentissimus,
2756 3038 2839 3093 vel
2871 3040 3034 3093 etiam
3064 3038 3284 3103 moriar,
3334 3037 3380 3092 si
3406 3036 3583 3108 placet
3614 3053 3630 3089 :
3674 3044 3793 3089 tan-

2128 3106 2174 3168 c
2207 3106 2319 3183 tum
2343 3106 2526 3200 pateat
2548 3128 2740 3183 vulnus
2768 3129 3065 3199 putridum,
3092 3135 3273 3199 pateat
3320 3106 3504 3183 sanies
3538 3125 3789 3196 putrida;

2204 3230 2260 3276 et
2278 3235 2468 3277 omnes
2496 3220 2588 3291 qui
2620 3221 2721 3275 hoc
2765 3219 3360 3301 tabescunt'contagio,
3409 3217 3564 3271 vobis
3613 3215 3794 3289 opitu-

2201 3311 2353 3371 laute
2381 3310 2598 3366 Christo
2629 3309 3037 3374 medicantibus,
3072 3309 3224 3380 gravi
3268 3316 3495 3363 veterno
3538 3304 3795 3376 depulso,

2206 3413 2390 3475 Optata
2414 3404 2684 3476 gaudeant
2706 3402 2961 3456 sanitate.

523 3550 3779 3585 MM

1229 3696 1538 3824 ηοω
1633 3695 2047 3860 DIAGONI
2136 3692 3069 3827 MARTYMLOGIUM.

594 3877 614 3958 (
640 3878 787 3940 Vide
814 3863 1349 3960 Martyrologium
1390 3880 1758 3945 venerabilis
1788 3858 1985 3953 Bedes,
2040 3882 2294 3962 hujusce
2328 3882 2714 3962 Potrologiaa
2759 3858 3162 3962 tom‘oXQlV,
3193 3894 3339 3962 pag.
3372 3877 3511 3962 798,
3550 3883 3605 3937 et
3633 3875 3719 3940 ad

860 3947 1091 4019 annum
1114 3947 1255 4032 8'76,
1297 3962 1566 4024 Usuardi
1598 3947 2158 4043 Martyrologium,
2192 3964 2259 4021 in
2288 3960 2512 4040 quibus
2540 3947 2809 4019 eduntur
2844 3948 3027 4018 Fieri
3055 3947 3437 4035 Auci‘anta.)

519 4108 662 4140 ’ππ

661 4113 2239 4146 Ἢ

2249 4105 3782 4144 mm

1238 4314 1245 4321 .
1410 4232 2061 4385 non!
2130 4218 2898 4389 nucem
3188 4288 3195 4295 ς

997 4441 1466 4560 SERMO
1559 4442 1740 4556 DE
1834 4420 3307 4607 PRAZDESTINATIONE'T.

1883 4643 1901 4704 ί
1925 4644 2048 4701 Bibl.
2085 4643 2222 4695 Patr.
2244 4658 2371 4694 max.
2398 4645 2421 4708 )
3046 4684 3047 4687 η

2105 4785 2236 4806 .-

546 4876 553 4887 ί
590 4893 944 4964 Omnipotens
985 4894 1149 4960 Deus,
1191 4872 1318 4965 quia
1358 4878 1641 4970 Verissime
1681 4904 1849 4946 verus
1870 4896 1926 4944 et
1956 4880 2103 4946 Solus
2133 4892 2183 4951 D
2210 4872 2491 4958 Scriptura
2542 4897 2802 4954 testatur,
2859 4889 3047 4947 dicens
3084 4908 3098 4945 :
3150 4872 3293 4967 Deus
3350 4876 3586 4967 ceterae,
3739 4903 3792 4943 es

519 4986 666 5061 Deus
691 4993 793 5052 est,
839 4986 1059 5041 omnino
1106 4987 1160 5041 in
1199 5001 1297 5041 sua
1341 4993 1543 5040 acterna
1574 4992 1630 5037 et
1678 4979 2106 5038 incommutabili

2212 4977 2630 5034 absconditorum
2677 4980 2931 5049 cognitor,
2978 4981 3069 5059 qui
3113 4982 3251 5036 nosti
3293 4981 3470 5036 omnia
3516 4990 3790 5053 antequam

521 5058 746 5133 scientia
804 5076 1077 5147 praescivit
1120 5076 1302 5132 omnia
1356 5064 1647 5146 antequam
1701 5074 1913 5139 ﬁerent,
1967 5073 2111 5131 sicut
2210 5067 2343 5136 ﬁunt
2369 5058 2544 5140 (Dan.
2582 5086 2703 5139 xm,
2742 5071 2880 5151 42)..
2907 5071 3187 5159 Praescivit
3215 5087 3349 5144 ergo
3386 5073 3505 5129 sine
3539 5073 3705 5129 dubio
3739 5078 3793 5126 et

594 5240 621 5270 ι
656 5227 945 5302 ΔΒεζξθιοιιοΔ
960 5228 1183 5302 ejusque
1208 5246 1460 5288 sermone
1508 5231 1622 5286 hac
1653 5230 1815 5286 habet
1858 5229 2110 5302 Hiucma-

522 5312 630 5372 rus
653 5299 706 5353 in
737 5298 876 5372 libro
914 5298 1505 5372 deVPrEedesliuatione
1559 5318 1693 5372 cap.—
1724 5317 1797 5366 vi,
1848 5298 2108 5372 pagLQ'I.

528 5387 549 5440 ᾳ
589 5369 701 5433 Hoc
728 5370 1020 5440 capitulum
1039 5412 1055 5436 ,
1076 5372 1225 5433 sicut
1249 5374 1595 5430 conferentes
1621 5369 2102 5440 exscriptoFlori,

528 5387 549 5419 ε
589 5387 701 5433 "QC
728 5387 789 5424 ca
833 5387 1020 5426 uuutm
1039 5412 1055 5436 ,
1076 5387 1225 5433 sicut
1249 5387 1595 5430 conterentes
1621 5387 1914 5440 exscripta
1937 5387 2102 5433 rion,

525 5439 777 5495 Ecclesia:
795 5387 1175 5512 Lugdunensis
1203 5444 1459 5509 ministri,
1482 5445 1623 5513 quod
1650 5442 1779 5498 olim
1801 5442 1854 5497 in
1885 5439 2106 5513 Bonoilo

525 5527 556 5585 a_
585 5511 904 5567 venerandae
930 5515 1213 5570 memoria!
1232 5511 1522 5571 Hcriboldo
1550 5514 1800 5585 episcopo
1835 5511 2103 5585 Autissio-

524 5580 752 5656 durense
781 5584 1106 5655 accepimus,
1137 5594 1451 5656 excerptum
1478 5600 1541 5639 ex
1574 5580 1807 5638 maxima
1838 5591 1992 5656 parte
2032 5582 2108 5637 in-

522 5652 788 5709 Venituus.
842 5652 1181 5728 Quapropter
1211 5652 1485 5726 utcunque
1514 5672 1543 5709 a
1573 5656 1778 5709 ratione
1817 5670 1922 5723 non
1959 5653 2108 5709 iuve-

2211 5223 2360 5298 nitur
2377 5222 2590 5298 penitus
2613 5219 2867 5298 alienum.
2920 5224 2997 5298 De
3021 5224 3361 5298 praescientia
3389 5223 3534 5280 enim
3571 5222 3667 5279 Dei
3700 5236 3788 5277 ca-

2215 5294 2424 5373 tholica:
2446 5294 2825 5373 ﬁ_dei_adversa
2853 5294 3242 5373 nonloquitur,
3273 5316 3291 5349 ι
3333 5303 3439 5373 etc.
3515 5363 3535 5373 _
3628 5312 3637 5325 θ
3722 5359 3734 5373 _

2282 5363 2425 5439 idem
2474 5363 2526 5419 in
2574 5362 2895 5439 Prmfatione
2933 5362 3174 5439 ejusdem
3212 5362 3412 5438 operis.
3434 5382 3493 5439 -ε
3515 5363 3575 5439 In
3618 5362 3790 5433 capite

2213 5433 2569 5491 indiculorum
2596 5437 2872 5506 sequentis
2894 5433 3077 5508 operis
3097 5433 3404 5494 sermonem
3434 5434 3604 5500 Flori,
3631 5444 3807 5512 quem.

2286 5580 2314 5621 δ
2335 5578 2486 5655 Δγωδ
2525 5581 2591 5637 de
2628 5582 2733 5655 hoc
2752 5598 2915 5655 opere
2946 5581 3008 5638 L.
3042 5581 3324 5655 Cellotium
3371 5581 3429 5637 S.
3456 5580 3498 5636 l.
3524 5579 3584 5635 Ρ.
3616 5579 3668 5634 iu
3696 5574 3785 5632 Hi-

2214 5653 2380 5709 storia
2410 5653 2797 5721 Gotteschalri,
2832 5653 2967 5710 libro
3002 5670 3040 5721 ι,
3078 5668 3195 5724 cap.
3223 5652 3314 5706 26.
