4050 6302
294 339 362 395 9’}
1393 339 1625 401 SERMO
1656 343 1742 399 DE
1769 344 2464 405 PRIEDESTINATIONE.
3486 358 3557 415 98

290 461 432 515 bona
461 471 580 527 qua:
608 454 732 511 boni
758 463 915 511 erant
941 454 1152 518 facturi,
1180 461 1236 510 et
1257 454 1396 510 mala
1423 470 1542 526 qum
1568 457 1691 511 mali
1718 466 1874 512 erant
1902 463 1948 520 Λ
1977 472 2081 527 qua
2124 456 2177 511 in
2203 458 2390 513 eodem
2417 455 2626 529 psalmo
2653 458 2929 530 Subiunxit
2960 478 2973 516 :
3006 460 3294 518 Deleantur
3328 466 3394 521 de
3420 467 3555 524 libro

289 554 516 623 gesturi.
570 548 680 605 Sed
716 547 770 605 in
804 549 962 605 bonis
986 546 1103 620 ipse
1135 546 1263 605 fecit
1304 562 1399 606 sua
1436 550 1607 621 gratia
1648 560 1709 605 ιιι
1743 550 1870 606 boni

286 650 503 706 essent;
533 641 587 696 in
614 640 774 696 malis
800 656 930 697 vero
968 656 1077 696 non
1116 641 1231 711 ipse
1259 638 1387 696 fecit
1411 650 1470 696 ut
1498 649 1679 696 essent
1721 639 1869 709 mali,

286 732 432 803 quod
447 731 617 797 absit;
641 731 734 787 sed
749 738 957 786 tantum
971 731 1241 802 prtescivit
1254 748 1346 788 eos
1360 732 1578 804 proprio
1594 730 1721 788 vitio
1736 731 1872 791 tales

285 824 515 879 futuros.
559 821 744 892 Neque
780 822 923 877 enim
969 822 1311 893 prmscientia
1356 818 1452 879 Dei
1494 824 1749 893 imposuit
1791 822 1870 879 eis

283 914 665 969 necessitatem
694 921 755 967 ut
782 912 924 967 aliud
959 927 1080 968 esse
1109 929 1215 968 non
1245 923 1494 985 possent,
1539 916 1632 971 sed
1661 925 1873 971 tantum

282 1004 426 1075 quod
468 1002 540 1059 illi
571 1003 733 1058 futuri
772 1011 930 1058 erant
968 1018 1033 1059 ex
1054 1006 1287 1075 .proprin
1335 1005 1628 1071 voluntate,
1676 1002 1766 1061 ille
1809 1015 1869 1061 ut

281 1099 429 1154 Deus
455 1098 701 1170 prmvidit
724 1113 792 1153 ex
831 1113 926 1152 sua
956 1100 1312 1169 omnipotenti
1352 1097 1653 1167 majestate.
1714 1099 1868 1155 Unde

282 1188 571 1259 Scriptura
644 1187 1177 1244 incontaminabilem
1231 1188 1496 1257 justitiam
1548 1188 1666 1259 ejus
1714 1186 1868 1244 nobis

276 1280 584 1345 insinuans,
618 1280 694 1334 all
719 1280 784 1334 de
808 1280 898 1335 illo
930 1297 943 1334 :
979 1277 1191 1334 Nemini
1218 1280 1483 1335 mandavit
1508 1280 1665 1351 impie
1689 1297 1862 1351 agere,

274 1383 326 1427 et
360 1372 553 1426 nemini
583 1371 727 1425 dedit
763 1374 989 1442 spatium
1033 1373 1303 1441 peccandi.
1342 1371 1493 1439 Quod
1524 1387 1656 1443 ergo
1701 1371 1863 1442 impie

274 1472 447 1531 agunt
476 1461 623 1532 impii
653 1469 705 1516 et
732 1461 922 1532 iniqui,
961 1469 1015 1515 et
1049 1461 1282 1532 spatium
1317 1462 1575 1531 temporis
1606 1462 1728 1516 vita:
1758 1461 1863 1515 hu-

267 1553 380 1622 jus,
422 1553 564 1623 quod
603 1553 683 1607 eis
731 1553 873 1607 Deus
923 1553 1072 1607 dedit
1120 1552 1187 1607 ad
1234 1555 1371 1609 bene
1421 1554 1705 1625 agendum,
1759 1553 1860 1623 ipsi

271 1659 306 1697 e
334 1644 612 1699 contrario
652 1652 975 1699 convertunt
1002 1646 1072 1699 ad
1099 1644 1296 1699 malum
1335 1647 1717 1710 exercendum,
1755 1663 1859 1700 nou

272 1735 397 1800 Dei,
422 1735 514 1790 sed
538 1736 776 1806 ipsorum
804 1746 888 1791 est
912 1736 1087 1805 culpa,
1121 1746 1175 1790 et
1211 1737 1331 1792 ideo
1360 1747 1507 1792 recte
1533 1738 1862 1792 damnantur

1975 548 2275 612 viventium,
2304 558 2351 601 et
2379 565 2494 602 cum
2521 549 2682 619 justis
2716 566 2817 605 non
2852 552 3149 606 scribantur
3196 553 3392 625 (Ibid.,
3428 557 3553 629 29).

1975 634 2083 690 Sed
2137 636 2190 691 in
2233 637 2350 694 istis
2390 646 2445 692 et
2480 639 2532 692 in
2566 640 2817 696 omnibus
2870 641 3072 712 iniquis
3126 643 3255 698 illud
3294 646 3447 716 prius
3487 665 3558 705 ex

1964 724 2187 797 propria
2218 736 2302 782 est
2328 729 2615 798 pravitate,
2644 730 2787 786 istud
2814 746 3048 802 sequens
3072 751 3140 790 ex
3179 736 3358 792 divina
3388 740 3557 808 tequi-

1973 827 2099 873 tate.
2145 818 2258 875 Hoc
2300 822 2459 877 modo
2500 833 2555 877 et
2594 824 2662 879 de
2702 825 3170 895 praedestinatione
3199 828 3293 885 Dei
3335 832 3557 887 omnino

1970 910 2309 965 sentiendum
2361 921 2474 975 est,
2515 913 2640 982 quia
2698 915 2753 969 in
2807 915 2964 971 bonis
3009 918 3445 987 prtedestinavit,
3500 927 3558 976 et

1970 1000 2139 1071 ipsam
2191 1017 2377 1057 eorum
2424 1003 2722 1060 bonitatem
2778 1005 3014 1062 futuram
3059 1024 3126 1063 ex
3174 1010 3316 1067 dono
3360 1012 3553 1082 gratiae

1968 1107 2100 1157 sum,
2138 1104 2192 1147 et
2214 1108 2312 1163 pro
2333 1094 2520 1149 eadem
2551 1095 2790 1151 bonitate
2817 1106 3075 1155 aeternam
3106 1100 3343 1171 ipsorum
3368 1118 3553 1159 remu-

1967 1185 2324 1251 nerationem,
2358 1197 2417 1240 ut
2444 1186 2611 1257 ipsius
2644 1189 2785 1244 dono
2812 1190 3004 1246 tierent
3034 1192 3182 1258 boni,
3208 1193 3376 1264 ipsius
3406 1196 3550 1253 dono

1965 1284 2147 1330 essent
2179 1278 2528 1331 remunerati.
2570 1276 2720 1333 Unde
2747 1280 2824 1333 ait
2848 1279 3138 1349 Apostolus
3167 1301 3181 1337 :
3212 1283 3317 1349 Qui
3354 1287 3557 1355 praede-

1963 1367 2171 1422 stiuavit
2205 1385 2297 1422 nos
2322 1369 2375 1422 in
2406 1370 2733 1439 adoptionem
2774 1371 3005 1440 ﬁliorum
3047 1391 3141 1444 per
3178 1376 3359 1431 Iesum
3400 1377 3554 1432 Chri-

1962 1468 2099 1512 stum
2128 1460 2184 1513 in
2212 1459 2380 1529 ipsum
2408 1460 2625 1531 (Ephes.
2660 1478 2699 1525 ι,
2728 1461 2805 1534 5).
2864 1463 2931 1518 Et
2968 1465 3022 1519 in
3066 1465 3171 1521 alio
3214 1466 3335 1522 loco
3364 1485 3379 1522 :
3407 1467 3552 1533 Quos

1962 1551 2219 1619 pra'scivit
2260 1561 2307 1604 et
2352 1552 2745 1621 prwdestinavit
2795 1554 3090 1623 conformes
3137 1558 3256 1627 ﬁeri
3304 1560 3552 1630 imaginis

1962 1637 2093 1692 Filii
2123 1640 2206 1693 sui
2233 1640 2404 1713 (Rom.
2441 1657 2558 1707 vm,
2593 1643 2708 1714 29).
2750 1643 3159 1701 PrsedeStiuavit
3202 1647 3387 1719 itaque
3433 1649 3547 1704 ele-

1964 1742 2080 1787 ctos
2109 1748 2256 1797 suos,
2290 1742 2347 1788 ut
2377 1743 2431 1788 et
2469 1750 2611 1791 nunc
2651 1747 3056 1793 assumerentur
3104 1739 3156 1793 in
3206 1740 3553 1810 adoptionem

274 1824 447 1893 ipsius
492 1823 726 1894 iustitia.
784 1826 1064 1882 Prmscivit
1111 1836 1290 1882 autem
1340 1829 1477 1882 idem
1519 1829 1862 1899 omnipotens
1893 1808 1938 1866 Β
1966 1822 2199 1878 ﬁliorum
2234 1824 2325 1879 Dei
2357 1840 2454 1893 per
2480 1827 2710 1897 gratiam
2739 1828 3013 1897 baptismi,
3048 1838 3104 1884 et
3132 1830 3185 1884 in
3218 1808 3401 1884 futuro
3442 1829 3553 1886 eiii-

271 1918 421 1973 Deus
452 1919 614 1973 etiam
660 1927 915 1973 aeternam
965 1919 1175 1974 illorum
1219 1919 1643 1982 damnationem,
1673 1920 1765 1974 sed
1793 1934 1861 1973 ex

271 2007 471 2063 merito
507 2009 767 2078 ipsorum,
804 2024 939 2078 quos
979 2009 1032 2063 in
1072 2010 1289 2081 propria
1319 2010 1519 2064 malitia
1549 2026 1862 2082 persevera.

270 2104 425 2153 turos
449 2096 714 2167 praevidit,
743 2114 849 2153 non
885 2113 949 2152 ex
990 2114 1107 2163 sua,
1154 2100 1295 2169 quod
1344 2101 1504 2165 absit,
1553 2102 1855 2171 iniquitate,

268 2186 365 2257 qui
403 2187 539 2242 nihil
582 2187 779 2257 injuste
818 2187 1130 2255 constituit,
1162 2198 1216 2243 et
1244 2190 1333 2256 qui
1369 2190 1542 2243 reddet
1580 2191 1859 2261 unicuique

266 2277 558 2331 secundum
582 2294 737 2349 opera
758 2294 854 2331 sua
879 2276 1047 2349 (Rom.
1075 2294 1133 2344 ιι,
1160 2278 1235 2348 6),
1262 2278 1312 2333 id
1334 2287 1435 2344 est,
1460 2288 1513 2333 et
1535 2278 1669 2334 bene
1693 2295 1857 2349 agen-

265 2370 418 2424 tibus
443 2371 580 2424 bona
606 2381 825 2429 teterna.
849 2381 903 2426 et
932 2371 1072 2427 male
1100 2373 1381 2442 agentibus
1410 2373 1544 2426 mala
1575 2382 1854 2444 perpetua.

265 2460 415 2530 Ergo
440 2462 610 2517 bonos
636 2463 905 2534 prtescivit
934 2464 1179 2528 omnino,
1224 2472 1277 2519 et
1307 2480 1404 2534 per
1430 2465 1658 2535 gratiam
1704 2481 1856 2520 suam

262 2555 440 2610 bonos
462 2552 700 2615 futuros.
728 2564 780 2610 et
811 2570 907 2618 per
932 2554 1176 2610 eamdem
1205 2557 1433 2627 gratiam
1474 2564 1676 2610 aeterna
1722 2572 1859 2627 pra:-

262 2648 378 2702 mia
410 2656 747 2719 accepturos,
779 2647 830 2701 id
859 2656 965 2712 est,
1002 2659 1055 2701 et
1096 2648 1146 2701 in
1173 2649 1425 2718 prmsenti
1476 2647 1673 2703 swculo
1718 2649 1857 2705 bene

259 2739 527 2803 victuros,
557 2747 614 2793 et
639 2738 693 2792 in
722 2737 903 2793 futuro
930 2737 1157 2791 feliciter
1180 2737 1621 2801 remunerandos,
1645 2747 1854 2792 utrum-

262 2842 372 2896 que
414 2837 595 2881 tamen
642 2842 705 2882 ex
749 2828 889 2882 dono
931 2827 1316 2881 misericordia:
1355 2826 1468 2880 Dei.
1536 2826 1688 2881 Unde
1716 2826 1857 2899 Apo-

260 2920 485 2975 stolus:
528 2918 673 2973 Vasa
727 2918 1102 2972 misericordia:
1147 2914 1265 2987 ejus
1314 2918 1580 2997 appellat,
1638 2918 1851 2973 dicens:

260 3021 319 3063 ut
337 3008 635 3063 ostenderet
658 3009 869 3062 divitias
889 3009 1075 3079 gratia:
1103 3025 1213 3062 sua:
1236 3009 1290 3062 in
1311 3026 1433 3063 vasa
1459 3009 1851 3075 misericordiu',

259 3116 381 3169 qua-
407 3084 722 3169 pra’pararit
749 3098 802 3150 in
831 3098 1052 3167 gloriam
1086 3090 1262 3156 (Rom.
1299 3082 1373 3159 Ix,
1402 3098 1516 3170 23).
1536 3082 1544 3089 ’
1565 3099 1606 3153 Ε
1636 3107 1855 3154 contra-

1962 1913 2174 1966 ciantur
2204 1913 2512 1969 conformes
2559 1915 2810 1985 imaginis
2852 1916 2974 1971 Filii
3018 1917 3135 1981 Dei,
3179 1933 3277 1989 per
3303 1921 3551 1973 eamdem

1960 2002 2056 2056 Dei
2101 2003 2329 2073 gratiam
2367 2003 2663 2058 secundum
2715 2006 3000 2076 imaginem
3045 2007 3163 2077 ejus
3210 2008 3456 2062 renovati
3494 2016 3553 2062 et

1960 2092 2263 2162 glorilieati.
2318 2093 2730 2149 Praedestinavit
2766 2096 2988 2151 omnino
3026 2106 3088 2151 ut
3124 2105 3181 2152 et
3229 2098 3318 2153 hic
3365 2107 3551 2154 essent

1958 2182 2106 2243 boni,
2137 2198 2243 2237 non
2270 2199 2335 2237 ex
2356 2196 2435 2247 se,
2462 2183 2556 2238 sed
2571 2198 2638 2238 ex
2662 2184 2782 2250 illo;
2815 2195 2871 2240 et
2897 2185 3007 2241 illic
3034 2186 3179 2241 beati
3204 2202 3310 2242 non
3342 2205 3439 2258 per
3466 2204 3548 2255 se,

1958 2276 2053 2331 sed
2084 2289 2179 2344 per
2208 2275 2378 2329 illum.
2422 2276 2478 2330 ln
2512 2286 2740 2347 utroque
2766 2291 2895 2348 ergo
2925 2278 3064 2333 bona
3093 2294 3189 2333 sua
3219 2279 3271 2334 in
3302 2280 3382 2336 eis
3406 2291 3462 2336 et
3483 2284 3550 2337 de

1960 2363 2041 2417 eis
2066 2364 2244 2417 futura
2267 2365 2541 2435 przescivit
2563 2374 2617 2420 et
2638 2367 3060 2436 praedestinavit.
3086 2370 3141 2423 lu
3163 2371 3320 2425 malis
3340 2385 3472 2426 vero
3495 2382 3553 2426 et

1959 2454 2138 2525 impiis
2173 2470 2278 2509 non
2314 2457 2720 2525 praedestinavit
2749 2459 3094 2529 omnipotens
3118 2460 3259 2516 Deus
3286 2463 3549 2518 malitiam

1958 2557 2014 2601 et
2045 2548 2400 2617 impietatem,
2425 2549 2476 2603 id
2499 2558 2581 2604 est
2606 2559 2666 2604 ιιι
2689 2550 2815 2605 mali
2841 2560 2895 2605 et
2917 2552 3066 2623 impii
3090 2562 3289 2619 essent,
3320 2561 3377 2610 et
3404 2554 3550 2610 aliud

1958 2653 2077 2694 esse
2113 2654 2217 2692 non
2264 2648 2504 2709 possent.
2561 2639 2669 2697 Sed
2707 2657 2843 2711 quos
2883 2645 3155 2713 prrescivit
3198 2644 3337 2717 [cod.
3387 2645 3548 2712 lien,

1956 2730 2050 2785 sed
2072 2732 2199 2799 quia
2226 2746 2322 2784 eos
2348 2731 2641 2804 praescivit]
2668 2741 2721 2785 et
2745 2734 3148 2800 praedestinavit
3178 2734 3350 2790 malos
3383 2743 3549 2806 atque

1955 2824 2151 2895 impios
2184 2825 2390 2881 futuros
2418 2827 2638 2897 proprio
2666 2827 2821 2891 vitio,
2849 2828 2963 2897 ipse
3004 2843 3099 2882 eos
3138 2828 3550 2899 prtedestinavit

1956 2917 2023 2970 ad
2056 2928 2314 2971 teter-nam
2345 2918 2745 2972 damnationem
2792 2919 2940 2989 justo
2979 2918 3188 2986 judicio
3217 2937 3231 2973 :
3265 2935 3371 2974 non
3420 2921 3549 2989 quia

1955 3006 2099 3061 aliud
2127 3023 2247 3063 esse
2276 3024 2381 3063 nou
2406 3016 2719 3079 potuerunt,
2750 3010 2845 3064 sed
2874 3010 2999 3079 quia
3027 3010 3175 3065 aliud
3204 3025 3325 3067 esse
3359 3012 3549 3067 nolue-

1956 3107 2103 3152 runt.
2163 3099 2263 3169 Ipsi
2297 3099 2462 3169 igitur
2494 3098 2842 3168 sibimetipsis
2871 3099 3197 3155 exstiterunt
3229 3115 3393 3156 causa
3431 3116 3552 3170 per-

260 3196 347 3250 rio
378 3203 581 3259 autem,
605 3193 777 3250 malos
796 3204 849 3249 et
873 3195 1141 3264 prmscivit
1167 3210 1264 3265 per
1292 3197 1563 3265 propriam
1592 3196 1850 3252 malitiam
1881 3170 1926 3232 C
1958 3188 2200 3245 ditionis.
2245 3190 2388 3244 Deus
2419 3198 2598 3244 autem
2616 3188 2779 3257 judex
2795 3188 2978 3257 justus
3004 3199 3059 3245 et
3077 3190 3357 3245 ordinatur
3369 3189 3551 3259 justus

261 3287 436 3341 malos
460 3286 687 3351 futuros,
710 3296 765 3343 et
786 3288 1052 3356 pnescivit
1075 3303 1172 3358 per
1196 3304 1349 3344 suam
1364 3289 1627 3357 justitiam
1648 3300 1851 3345 aeterna

270 3376 481 3433 ultione
507 3379 859 3433 damnandos.
919 3377 1071 3433 Sicut
1113 3380 1432 3449 praesciebat
1464 3382 1528 3435 de
1563 3380 1695 3436 Juda
1733 3397 1859 3451 pro-

267 3469 471 3533 ditore,
497 3470 636 3539 quod
661 3486 779 3523 eum
806 3479 937 3524 esset
967 3471 1282 3535 traditurus,
1327 3472 1466 3526 sicut
1507 3472 1855 3542 Evangelium

261 3558 421 3624 dicit,
468 3576 585 3614 cum
630 3570 760 3615 esset
803 3577 939 3616 unus
973 3578 1038 3615 ea:
1076 3562 1351 3616 duodecim
1394 3562 1575 3633 (Joun.
1624 3580 1699 3631 vt,
1742 3563 1854 3636 72).

260 3652 595 3721 Prii-sciebat
633 3654 798 3709 etiam
833 3663 1089 3709 aeternam
1129 3654 1248 3724 ejus
1288 3656 1687 3714 damnationem
1732 3676 1857 3716 cum

258 3743 472 3800 diceret
498 3762 517 3798 ς
554 3741 647 3799 Va:
675 3754 850 3819 autem
888 3745 1088 3800 hornini
1116 3744 1195 3799 illi
1229 3764 1322 3817 per
1357 3764 1510 3818 quem
1538 3743 1712 3804 Filius
1750 3760 1859 3805 tra-

257 3835 436 3888 detur.
495 3834 700 3889 Bonum
726 3846 843 3901 erat
874 3838 929 3889 ei
962 3836 1007 3889 si
1044 3844 1198 3889 natus
1226 3853 1330 3891 non
1366 3838 1552 3906 fuisset
1577 3840 1732 3894 homo
1768 3840 1858 3896 ille

258 3920 460 3989 (Marc.
489 3939 581 3979 xw
600 3963 618 3990 ,
640 3923 754 3996 2|).
798 3924 891 3980 Sic
919 3934 976 3980 et
1002 3925 1072 3980 de
1110 3926 1289 3997 impiis
1316 3925 1515 3984 ludatis
1540 3931 1859 3999 przesciebat

256 4012 382 4068 sine
406 4011 571 4070 dubio
599 4029 787 4069 eorum
814 4015 1151 4085 impietatem
1182 4015 1443 4082 futuram,
1478 4018 1545 4074 de
1567 4034 1675 4090 qua
1713 4036 1855 4092 pra:-

234 4105 399 4160 ~dixit
422 4105 477 4162 in
508 4107 720 4178 psalmo
754 4125 769 4162 :
797 4106 1072 4163 Dederunt
1096 4108 1151 4163 in
1176 4124 1349 4164 escam
1375 4125 1543 4165 meam
1580 4111 1673 4182 fel,
1711 4122 1762 4168 et
1799 4114 1857 4170 in

260 4198 356 4252 siti
391 4215 508 4254 mea
532 4208 839 4270 putaverunt
871 4216 952 4254 me
980 4209 1126 4254 aceto
1165 4197 1285 4272 (Ps.
1314 4216 1515 4267 txvm,
1541 4202 1656 4274 22).
1703 4203 1854 4262 Prte-

257 4290 476 4346 sciebat
502 4299 558 4347 et
586 4291 1002 4362 subsequentem
1034 4292 1275 4362 ipsorum
1318 4292 1742 4360 damnationem,
1785 4296 1855 4353 de

1961 3279 2133 3349 ipsius
2156 3280 2518 3335 damnationis
2550 3298 2563 3333 ε
2592 3296 2699 3334 non
2725 3282 2868 3335 enim
2886 3281 3300 3351 prmdestinavit
3325 3285 3544 3348 iniusta.

1962 3372 2053 3429 sed
2079 3370 2261 3439 justa;
2292 3370 2694 3441 praedestinavit
2724 3379 2906 3425 tamen
2942 3379 2998 3425 et
3033 3386 3265 3425 coronas
3293 3369 3456 3439 justis
3493 3380 3550 3425 et

1958 3478 2151 3533 poenas
2190 3464 2425 3533 injustis,
2477 3463 2603 3533 quia
2651 3471 2941 3531 utrumque
2976 3471 3057 3517 est
3092 3460 3322 3530 justum.
3374 3461 3546 3529 Quam

1954 3556 2224 3626 justitiam
2272 3555 2389 3625 ejus
2429 3556 2818 3611 commendans
2866 3554 3020 3609 nobis
3063 3552 3372 3624 Apostolus,
3422 3553 3546 3607 ait:

1961 3649 2218 3720 Nunquid
2246 3649 2455 3719 iniquus
2491 3648 2626 3702 Deus
2659 3649 2749 3718 qui
2775 3648 2931 3717 infert
2971 3649 3106 3701 iram
3134 3648 3159 3700 .9
3191 3645 3337 3699 Absit
3366 3644 3548 3716 (Rom.

1959 3755 2041 3804 ιιι,
2071 3741 2148 3809 5).
2204 3740 2271 3795 Et
2300 3740 2428 3809 quia
2458 3739 2617 3795 modo
2642 3739 2893 3794 omnibus
2916 3744 3183 3807 praerogat
3208 3737 3547 3807 patientiam,

1957 3840 2019 3885 ut
2057 3840 2444 3887 convertantur
2491 3832 2558 3886 ad
2601 3830 2973 3902 paenitentiam
3008 3837 3107 3884 :et
3158 3829 3249 3899 qui
3296 3834 3548 3899 pereunt,

1958 3936 2057 3976 suo
2085 3928 2396 3992 contemptu
2416 3928 2471 3977 et
2498 3921 2694 3978 duritia
2721 3926 2979 3992 pereunt;
3009 3920 3133 3992 quia
3163 3927 3367 3975 tantam
3391 3918 3553 3974 boni-

1960 4023 2124 4070 tatem
2172 4012 2265 4069 Dei
2303 4020 2764 4085 coutempserunt,
2812 4012 3008 4067 iterum
3046 4011 3153 4067 alio
3195 4010 3316 4065 loco
3368 4008 3549 4064 dicit:

1958 4104 2041 4159 An
2060 4104 2268 4159 divitias
2281 4103 2530 4159 bonitatis
2548 4112 2598 4159 et
2612 4102 2902 4175 patientite,
2926 4112 2975 4158 et
2998 4102 3414 4175 longanimitatis
3434 4102 3550 4172 ejus

1957 4207 2263 4273 contemnis,
2287 4206 2538 4277 ignorans
2566 4203 2811 4277 quoniam
2837 4203 3125 4275 benignitas
3154 4201 3249 4257 Dei
3274 4202 3345 4256 ad
3377 4202 3545 4273 parui-

1956 4302 2180 4354 tentium
2207 4309 2256 4352 te
2291 4296 2507 4351 adducit
2531 4297 2556 4351 1'
2599 4294 2898 4351 Secundum
2922 4294 3177 4349 duritiam
3199 4304 3374 4350 autent
3402 4304 3549 4348 tuam

260 4432 544 4481 mutuante
569 4422 858 4480 Heriboldo
880 4412 1149 4493 quondam
1175 4422 1725 4480 Antissiodorensiutn
1755 4440 1850 4480 ve-
1947 4421 2093 4493 justo
2107 4420 2314 4493 judicio
2331 4435 2351 4485 ;
2382 4418 2435 4472 in
2468 4416 2556 4493 illa
2599 4415 2787 4493 rotula_
2811 4414 3072 4493 scriptum
3105 4412 3339 4469 habetur
3367 4427 3545 4493 quam

259 4495 494 4576 nerabili
524 4496 778 4576 episc0po
808 4495 864 4549 in
898 4494 1138 4576 synodali
1176 4503 1445 4576 conventu
1489 4496 1634 4576 apud
1655 4493 1851 4576 Bonoi-

259 4567 375 4621 lum
405 4565 874 4635 transcripsimus,
910 4565 965 4635 et
990 4573 1112 4635 post
1134 4565 1498 4635 reversionem
1526 4565 1595 4620 de
1622 4565 1852 4620 tumultu

258 4636 570 4701 Brionensi,
598 4633 830 4704 quodam
864 4633 1123 4689 oﬂ'erente
1150 4633 1370 4697 clerico,
1384 4648 1464 4704 ex
1488 4636 1692 4691 scrinio
1718 4636 1855 4691 Eho-

260 4709 375 4770 nis,
406 4707 545 4761 sicut
581 4702 697 4774 ipse
734 4705 963 4768 dixerat,
1004 4704 1329 4760 venerabilis
1369 4702 1856 4775 Gratianopolitani

261 4777 504 4847 episcopi
552 4776 880 4848 accepimus,
933 4778 1195 4848 integram
1248 4776 1336 4829 hic
1381 4790 1580 4844 ponere
1635 4777 1852 4848 dignum

262 4846 540 4910 duximus,
580 4847 708 4916 quia
755 4853 811 4899 et
849 4846 1254 4916 constructione
1296 4853 1351 4916 et
1397 4860 1589 4901 sensus
1627 4846 1856 4901 veritate

262 4926 424 4973 caute
459 4914 675 4987 incedit,
709 4917 949 4984 exceptis
988 4915 1197 4987 duobus
1224 4914 1376 4987 locis,
1418 4916 1470 4970 in
1492 4917 1696 4987 quibus
1729 4933 1853 4972 eum

258 4989 336 5042 ita
363 4984 697 5042 dixisse'non
738 4987 1026 5050 credimus,
1059 4986 1200 5039 sicut
1223 4984 1276 5038 in
1306 4999 1371 5039 eo
1397 4984 1601 5054 scripto
1641 4987 1851 5042 inveni-

260 5073 387 5113 mus
405 5100 416 5119 .
435 5072 599 5127 quem
623 5056 690 5127 de
721 5057 923 5127 scrinio
945 5054 1267 5127 venerabilis
1292 5053 1494 5127 Ebouis
1513 5053 1851 5127 accepimus,

259 5144 386 5183 cum
413 5124 470 5182 in
497 5127 618 5182 aliis
647 5126 726 5183 sic
751 5126 1015 5197 catltolice
1035 5125 1253 5197 dixerit,
1284 5124 1424 5197 sicut
1446 5125 1650 5193 patebit
1676 5127 1853 5197 legen-

259 5199 409 5252 tibus
442 5216 456 5251 :
491 5197 729 5252 maxime
767 5196 891 5264 quia
938 5196 989 5249 in
1035 5195 1223 5249 eodem
1266 5194 1502 5264 scripto,
1548 5194 1855 5263 quem'per

263 5284 459 5323 manus
486 5266 694 5337 praefati
725 5265 994 5337 lieriboldi
1022 5265 1160 5337 sicut
1182 5265 1247 5319 ad
1269 5278 1329 5337 se
1355 5280 1384 5316 a
1409 5265 1666 5334 praedicto
1693 5265 1853 5321 Flum

258 5335 646 5392 transmissum
690 5336 1017 5404 accepimus,
1062 5336 1221 5390 aliter
1265 5335 1647 5398 invenerimus,
1690 5352 1852 5407 quant

260 5410 316 5463 in
356 5409 460 5463 isto
492 5423 651 5478 quem
687 5417 870 5477 postea
902 5408 1206 5478 accepimus
1243 5406 1593 5478 reperiamus.
1638 5406 1751 5474 Qua
1788 5407 1854 5462 de

263 5494 323 5532 re
353 5475 791 5532 itnntutatumab
814 5478 990 5545 :diquo
1019 5475 1373 5545 suspicamur.
1402 5475 1531 5543 Quae
1564 5477 1676 5532 loca
1708 5485 1855 5531 ante-

248 5553 424 5618 ‘quam
453 5564 759 5603 sermonem
784 5548 931 5601 illum
955 5548 1195 5618 scribere
1216 5546 1535 5618 adoriamur
1549 5548 1855 5616 specialiter

263 5615 549 5689 designare
570 5618 900 5673 curabimus.
923 5618 1037 5689 Ubi
1060 5617 1202 5671 enim
1231 5616 1360 5689 dicit
1384 5629 1398 5668 :
1422 5615 1537 5689 ‘Sed
1564 5615 1691 5687 quos
1715 5634 1853 5689 pra:-

262 5686 433 5751 scivi't,
476 5699 524 5742 et
560 5689 797 5759 prtcvidit
825 5687 991 5742 malos
1016 5697 1169 5757 atque
1194 5687 1379 5756 impios
1405 5686 1613 5759 futuros
1642 5688 1851 5759 pmprio

263 5760 409 5821 vitio.
432 5759 542 5814 iuse
561 5756 654 5813 eos
679 5759 1059 5813 vru'destinurit
1085 5756 1154 5813 ad
1180 5767 1427 5813 trternam
1462 5756 1849 5812 diminutionem

1958 4484 2022 4544 de
2050 4484 2337 4544 lléribuldo
2366 4488 2674 4558 accepimus
2702 4506 2717 4541 :
2747 4485 2850 4558 Sed
2892 4484 3018 4558 quia
3060 4500 3147 4539 eos
3191 4484 3473 4558 prufscirit_
3500 4492 3549 4535 et

1880 4541 1932 4600 Ῑ)
1956 4541 2205 4632 iniiinii
2223 4541 2627 4632 'tﬁitoiﬁitiae'
2649 4541 2835 4632 impios
2877 4541 3082 4632 futuros
3122 4541 3346 4632 proprio.
3381 4551 3505 4632 vitio
3529 4590 3548 4615 ,

1956 4622 2344 4702 praedestinavit
2370 4628 2441 4702 ad
2468 4622 3155 4702 reternam'damnationem,
3185 4637 3293 4702 qua
3328 4622 3550 4702 ipsipe-

1958 4692 2195 4754 nireutur
2213 4699 2361 4769 justo
2393 4699 2633 4769 judicio.
2670 4697 2739 4752 Et
2782 4697 2835 4751 in
2877 4710 2943 4749 eo
2984 4693 3102 4769 loco
3148 4692 3237 4769 ubi
3284 4692 3547 4769 scriptum

1956 4779 2043 4825 est
2077 4787 2089 4822 :
2126 4760 2247 4822 Non
2282 4760 2419 4822 enim
2449 4767 2535 4821 ille
2581 4767 2806 4836 aliquem
2851 4762 3235 4836 praedestinavit
3274 4771 3329 4813 ut
3376 4760 3547 4836 mulus

1957 4849 2107 4903 esset,
2139 4839 2230 4893 sed
2252 4855 2366 4894 rere
2394 4853 2597 4909 omnem
2624 4833 3255 4909 malumprtedestinavit,
3288 4841 3342 4884 ut
3377 4833 3548 4899 impu-

1958 4902 2100 4965 nitus
2140 4926 2243 4963 non
2280 4918 2442 4972 esset;
2482 4907 2788 4962 invenimus
2832 4902 2893 4972 in
2917 4902 3112 4967 rotula,
3154 4902 3315 4971 quam
3343 4917 3371 4954 a
3402 4915 3545 4969 prte—

1962 4982 2108 5035 dieto
2148 4979 2435 5034 Heriboldo
2471 4978 2777 5042 accepimus
2815 4992 2827 5027 :
2859 4971 2960 5027 Sed
3006 4988 3123 5027 vere
3159 4972 3547 5042 praedestinavit

1960 5068 2187 5121 ptenam,
2219 5059 2285 5121 ut,
2314 5051 2482 5104 omnis
2514 5039 2684 5121 malus
2720 5044 3004 5121 impunitus
3041 5039 3334 5115 non'esset.
3391 5039 3547 5107 Quod

1960 5113 2013 5176 in
2044 5113 2395 5195 sequentibus
2436 5120 2553 5195 ipse
2581 5113 2915 5195 dgnonStrat
2946 5113 3140 5195 (dicens
3170 5113 3410 5195 zipae'nam
3454 5127 3546 5192 eo-

1959 5207 2075 5263 rum
2091 5182 2137 5245 et
2158 5182 2589 5263 prmacissefquia
2621 5187 2760 5263 Deus
2784 5195 2883 5263 est,
2905 5193 2952 5239 et
2976 5182 3393 5263 prwdestinasse,
3420 5182 3546 5263 quia

1951 5261 2131 5330 justus
2158 5252 2263 5315 'est.
2309 5252 2516 5316 Czetera
2554 5256 2804 5330 catholici
2841 5252 3058 5311 lectoris
3079 5254 3283 5330 judicio
3311 5252 3544 5306 derelin-

1960 5324 2196 5400 quimus.
2250 5330 2355 5385 Sed
2377 5330 2589 5406 idcirco
2618 5329 2761 5406 ltunc
2785 5341 3088 5406 sermonem
3110 5338 3174 5378 ex
3201 5324 3414 5406 integro
3445 5336 3543 5403 p9-

1962 5396 2092 5457 nere
2123 5401 2484 5455 necessarium
2523 5398 2773 5454 duximus
2798 5440 2812 5463 ,
2850 5400 2973 5465 quia
3011 5411 3077 5449 ex
3106 5409 3171 5448 eo
3200 5396 3459 5465 conlictor
3489 5396 3543 5465 in

1961 5473 2207 5542 proximo
2254 5471 2694 5542 subseqtte_ntittnt
2749 5463 3258 5542 capitulorutmduo
3312 5463 3543 5531 capitula

1961 5534 2026 5597 de
2050 5541 2391 5596 Pt-tescientia
2423 5534 2475 5593 et
2512 5534 2989 5595 Pin-destinatione
3009 5534 3233 5591 confuso
3260 5542 3316 5586 et
3338 5546 3546 5601 praepu-

1960 5625 2105 5666 s:ero
2134 5613 2343 5676 ordine,
2367 5626 2431 5666 ac
2457 5626 2616 5666 sensu
2642 5608 2950 5673 falsisdmo,
2980 5607 3030 5660 in
3056 5602 3545 5679 secundocapitulo

1960 5682 2165 5804 studltltit
2184 5675 2497 5753 compilare,
2520 5683 2655 5737 sicut
2683 5682 2771 5751 qui
2798 5682 2938 5735 hunc
2960 5687 3013 5733 ct
3037 5676 3125 5731 illa
3148 5675 3336 5745 legerit
3361 5680 3545 5744 aperto

1961 5762 2070 5804 inte
2115 5762 2237 5804 ιιξοι.
2278 5773 2296 5804 ι

1961 5753 2237 5822 intelliget.
2278 5773 2296 5807 ι
