4050 6302
490 259 560 315 99
1610 237 1815 296 FLORI
1851 233 2120 293 nucem
2157 227 2640 290 LUGDUNENSIS
3111 181 3118 188 ”
3708 213 3808 278 too'

488 378 539 425 et
570 381 661 421 cor
685 359 1008 432 impaenitens
1039 353 1362 409 thesaurizns
1391 349 1481 404 tibi
1520 349 1655 402 iram
1686 347 1741 400 in
1772 345 1855 399 die
1881 346 1974 400 ira:
2013 354 2062 398 et
2089 349 2140 408 Α
2164 351 2282 396 est:
2305 339 2576 410 praeseivit
2599 351 2725 393 vero
2750 335 2916 392 multa
2943 350 3064 406 qua:
3089 335 3204 405 ipse
3224 334 3514 390 facturus
3543 347 3663 388 non
3690 320 3806 390 est:

492 420 820 513 reuelationis
834 450 969 521 justi
992 447 1183 518 judicii
1208 443 1320 508 Dei,
1351 442 1439 512 qui
1464 439 1635 493 reddet
1676 437 1953 506 unicuique
1987 451 2069 489 δε·
2169 430 2306 485 sicut
2333 428 2514 483 omnia
2543 426 2680 480 mala
2699 446 2712 485 ;
2731 441 2851 495 quin
2879 423 3017 479 mala
3033 424 3215 492 utique
3233 421 3387 477 mali
3419 420 3681 484 faciunt,
3711 436 3812 474 non

475 510 726 598 cundum
756 510 910 608 opera
936 510 1029 590 sua
1066 533 1236 605 (Rom.
1280 510 1519 597 11,—4-6).
1576 525 1711 580 Hinc
1760 525 1920 578 etiam
1963 521 2069 576 alia
2170 521 2276 608 ille.
2301 519 2448 620 [Reos
2476 531 2689 587 quoque
2733 514 2902 570 malos
2933 530 3040 568 non
3084 514 3202 568 ideo
3243 511 3459 583 perire
3481 511 3639 620 lquia
3691 510 3814 564 boni

499 599 799 699 Scriptura.
831 599 1287 680 testatur'dicens
1317 637 1330 673 :
1362 617 1502 671 Deus
1529 623 1746 668 mortem
1789 629 1890 666 non
1925 611 2068 679 fecit,
2169 599 2290 669 esse
2317 599 2420 664 η’ὄη
2444 613 2753 678 potuerunt,
2781 606 2873 661 sed
2910 605 3034 675 quia
3062 603 3189 658 boni
3217 617 3355 658 esse
3389 599 3737 664 noluerunt,
3763 607 3815 654 et

501 736 593 773 nec
616 691 826 770 letatur
853 715 907 767 in
936 710 1218 783 perditione
1240 708 1484 761 vivorum.
1526 702 1685 773 [mpii
1711 711 1882 755 autem
1904 691 2074 752 mani-
2173 727 2270 768 ευο
2319 709 2448 763 vitio
2492 725 2613 762 υαεα
2657 708 2752 762 ira;
2781 716 2901 776 apta
2929 705 2983 759 in
3029 705 3298 758 interitum
3363 701 3580 773 (Rom.
3618 716 3701 764 ιι,
3727 699 3814 770 22)

503 809 598 862 bus
619 815 666 860 et
699 803 864 858 verbis
885 801 1234 855 accersierunt
1255 795 1417 856 illam,
1443 803 1489 848 et
1513 793 1824 848 a'stimantes
1850 790 2072 844 amicam
2172 807 2673 873 perseveraverant,
2709 806 2764 851 ει
2810 798 2863 850 in
2892 811 3070 850 massa
3096 793 3496 850 damnationis
3533 792 3627 846 vel
3656 793 3816 862 erigi-

498 897 848 965 deﬂuxerunt,
869 899 916 944 et
937 889 1233 958 sponsiones
1253 892 1532 956 posuerunt
1553 883 1620 935 ad
1641 881 1806 944 illam,
1828 881 2075 950 quoniam

2247 891 2280 944 li
2315 890 2397 945 vel
2429 888 2622 943 actuali
2650 887 2839 940 merito
2860 893 3290 955 permanserunt.
3321 883 3396 938 In
3423 881 3611 937 bonis
3635 889 3815 934 autem

505 984 650 1054 digni
682 988 800 1034 sunt
842 979 929 1048 qui
974 977 1075 1030 sint
1124 983 1358 1040 exparte
1389 972 1530 1026 illius
1585 969 1732 1040 (Sap.
1769 985 1809 1032 ι,
1843 969 1931 1033 l3,
1963 966 2072 1038 16).

2240 981 2516 1050 nnipotens
2567 978 2723 1039 Deus,
2762 977 2902 1032 sicut
2954 991 3116 1046 supra
3159 976 3293 1030 satis
3347 982 3670 1030 ostensum
3713 982 3813 1038 est,

505 1071 624 1126 Νοη
653 1083 781 1138 εηο
809 1066 1146 1135 omnipotens
1163 1064 1302 1117 Deus
1327 1061 1416 1115 “ni
1446 1060 1719 1115 homim'm
1749 1072 1914 1113 causa
1936 1071 2079 1111 ηιθν-
2178 1083 2464 1141 utrumque
2509 1069 2776 1140 praeseivit
2814 1077 2868 1122 et
2891 1067 3316 1138 prmdestinavit,
3351 1075 3426 1121 ut
3470 1073 3536 1120 et
3591 1065 3653 1120 in
3690 1079 3817 1133 prie.

509 1162 580 1215 tis
614 1160 694 1212 vel
725 1154 1036 1225 perditionis
1067 1151 1270 1215 existit,
1299 1151 1394 1205 sed
1430 1148 1600 1218 ipsam
1623 1155 1850 1202 mortem
1879 1155 1933 1201 et
1960 1161 2082 1216 per-

2242 1163 2318 1217 nti
2346 1163 2456 1216 vita
2499 1174 2595 1231 per
2637 1175 2788 1213 suam
2833 1158 3062 1229 gratiam
3097 1157 3413 1213 existerent
3467 1154 3639 1222 boni,
3670 1163 3727 1210 et
3762 1155 3814 1210 in

486 1249 762 1304 editionem
791 1242 1039 1298 manibus
1066 1250 1122 1296 et
1147 1240 1324 1295 verbis
1356 1239 1455 1308 ipsi
1473 1236 1620 1306 impii
1649 1236 1752 1290 sibi
1776 1241 2076 1297 accersunt,
2183 1251 2359 1305 fumra
2405 1249 2567 1304 etiam
2596 1247 2760 1302 beati.
2809 1245 3100 1317 Utriusque
3126 1246 3269 1302 enim
3299 1245 3456 1302 boni
3491 1259 3721 1308 eorum,
3761 1243 3815 1298 id

509 1341 633 1395 dum
655 1336 902 1405 nequiter
921 1332 1214 1402 operando,
1236 1328 1534 1400 etnequius
1554 1327 1672 1382 aliis
1691 1324 2080 1397 persuadendo,
2183 1349 2267 1395 es.
2305 1347 2358 1393 ev
2399 1337 2680 1408 praesentis
2719 1343 2776 1391 et
2820 1335 3004 1398 τυιιηιί,
3059 1336 3174 1405 ipse
3221 1343 3307 1390 es;
3361 1342 3588 1388 auem,-
3617 1341 3678 1388 ει
3708 1333 3816 1403 ipse

507 1438 563 1484 et
598 1428 698 1485 sibi
736 1437 791 1482 et
821 1425 926 1480 illis
975 1422 1372 1479 damnationem
1420 1420 1692 1475 adducunt
1722 1435 1735 1472 :
1766 1418 1891 1472 dum
1942 1415 2085 1471 viam
2185 1426 2430 1501 ιπεῑιοιθ,
2456 1434 2512 1482 ει
2535 1426 2736 1481 ideirco
2778 1425 2895 1479 sine
2918 1423 3078 1480 dubio
3105 1423 3404 1493 ull-iusque
3434 1423 3818 1493 ρι-εεωεηίιοι-

493 1517 810 1589 iniquitatis
851 1525 907 1572 et
941 1513 1258 1586 perditionis
1305 1520 1570 1576 amantes,
1625 1525 1655 1563 a
1698 1517 1845 1563 recto
1895 1507 2088 1562 itinere
2187 1525 2242 1571 ei
2284 1512 2882 1585 prmdestinator:quia
2916 1520 2973 1567 et
3016 1511 3116 1581 ipsi
3143 1526 3209 1566 ex
3241 1510 3460 1581 seipsis
3491 1525 3611 1565 non
3647 1509 3816 1564 solum

511 1608 887 1670 ἀεηεεῑυῐιῑιιτν
930 1613 987 1659 ει
1030 1604 1096 1657 ad
1143 1611 1452 1672 Perpetuam
1495 1598 1924 1661 damnationem.
1971 1603 2090 1650 tall-
2190 1604 2332 1660 aliud
2373 1599 2490 1661 esse
2531 1611 2836 1673 potuerunt,
2883 1602 2978 1656 sed
3002 1602 3163 1656 etiam
3194 1601 3339 1656 aliud
3377 1600 3630 1656 fuerunt
3667 1610 3815 1654 ante-

511 1712 674 1767 quam
704 1694 844 1749 datis
870 1693 1008 1746 inter
1038 1705 1096 1746 se
1122 1689 1324 1745 dextris
1348 1729 1361 1751 ,
1391 1687 1508 1758 pari
1537 1701 1802 1742 consensu
1834 1684 2085 1754 nequitiae
2113 1681 2160 1740 B
2185 1712 2348 1767 quam
2404 1711 2500 1764 per
2545 1709 2691 1761 eum,
2739 1694 2830 1764 qui
2875 1692 3137 1762 justiﬁcat
3184 1693 3451 1764 impium,
3506 1709 3585 1749 ex
3637 1691 3816 1762 impiis

499 1785 670 1856 quasi
699 1799 766 1839 ex
794 1789 919 1837 voto
944 1789 998 1836 et
1024 1779 1310 1850 sponsione
1338 1777 1596 1832 festinant
1623 1816 1638 1840 ,
1668 1775 1912 1830 foederati
1941 1787 2085 1828 mor-

2246 1787 2314 1842 sti
2344 1785 2700 1842 edicerentur.
2735 1785 2860 1841 Sive
2899 1793 3079 1840 autem
3120 1785 3175 1840 in
3219 1785 3327 1841 illis
3363 1786 3473 1856 qui
3503 1784 3813 1848 salvantur,

519 1878 590 1933 tis
625 1885 680 1930 el
709 1875 829 1928 Vita!
855 1881 1066 1927 aeterna!
1094 1869 1319 1934 ἱηῖπιὶοῖ,
1368 1869 1467 1937 ίΡεί
1513 1867 1805 1922 scalmum
1835 1864 2088 1919 ἀητίιῖθπι
2188 1880 2300 1935 sive
2333 1878 2386 1933 in
2411 1878 2515 1934 illis
2544 1879 2635 1948 qui
2663 1886 2911 1948 pereunt,
2938 1876 3184 1932 voluntas
3211 1877 3448 1948 propria
3486 1889 3813 1931 remunera-

520 1983 694 2029 suam,
745 1974 800 2020 et
842 1979 936 2018 cor
978 1962 1322 2032 impoanitens
1354 1959 1716 2015 thesaurizant
1744 1958 1844 2013 sibi
1871 1958 2003 2012 iram
2034 1955 2089 2009 in
2191 1979 2302 2033 ων,
2323 1967 2574 2022 voluntas
2593 1966 2810 2040 propria
2833 1966 3135 2021 damnamr.
3161 1965 3266 2020 sed
3299 1966 3357 2020 in
3399 1965 3521 2020 mis
3555 1965 3689 2034 quia
3717 1978 3810 2033 per

524 2058 610 2112 die
639 2057 749 2109 irae.
785 2053 842 2108 In
867 2068 970 2122 qua
997 2052 1083 2106 die
1118 2051 1246 2122 justi
1278 2049 1468 2118 judieii
1504 2049 1622 2112 Dei,
1651 2049 1776 2117 quia
1807 2045 2093 2115 unusquis-

2240 2058 2418 2111 ratiam
2453 2056 2665 2111 Domini
2695 2055 2990 2110 Salvatoris
3017 2062 3100 2111 est
3124 2063 3338 2120 sanata,
3372 2063 3443 2109 ut
3491 2070 3568 2109 ex
3594 2053 3741 2108 mala
3764 2061 3815 2106 et

527 2163 632 2217 (lue
661 2145 951 2201 secundum
977 2157 1141 2213 Opera
1179 2156 1273 2196 3"3
1306 2140 1518 2210 τθείρίιν
1563 2153 1720 2193 nemo
1747 2153 1815 2192 ει
1842 2137 1936 2191 Dei
1961 2149 2098 2205 Ρΐω-
2194 2163 2357 2218 prava
2373 2147 2527 2203 ﬁeret
2545 2147 2683 2202 bona
2707 2155 2762 2202 et
2783 2155 2949 2213 recta,
2970 2155 3056 2202 est
3075 2146 3260 2218 procul
3281 2147 3463 2201 dubio
3488 2145 3810 2218 dignissime

523 2235 750 2306 judicio,
778 2232 871 2288 sed
899 2247 963 2286 ex
985 2231 1178 2286 merito
1200 2228 1432 2299 proprias
1455 2226 1753 2297 iniquitatis
1779 2225 2100 2281 condemna-

2240 2239 2568 2294 oronatazin
2615 2239 2733 2295 istis
2779 2246 2978 2303 autem,
3020 2238 3144 2308 quia
3192 2253 3298 2292 non
3341 2237 3672 2306 acquiescit
3717 2249 3808 2304 per

533 2334 643 2378 tur.
707 2321 821 2376 Non
852 2321 995 2376 enim
1038 2320 1127 2374 ille
1168 2318 1399 2389 aliquem
1423 2317 1820 2387 priedestinavit
1843 2324 1903 2370 ut
1928 2315 2101 2370 malus
2203 2332 2538 2387 Salvalerem
2581 2329 2821 2400 recipere
2864 2329 3170 2395 sanitatem,
3193 2327 3515 2399 iustissime
3543 2344 3646 2398 per
3667 2342 3809 2381 eum-

530 2423 695 2476 esset,
719 2414 812 2467 sed
834 2427 957 2466 vere
979 2425 1192 2465 omnem
1216 2408 2101 2478 malumpraadestinavitutimpu-
2203 2421 2324 2476 dem
2367 2418 2604 2488 iudicem
2649 2419 2841 2476 sentiet
2890 2426 3204 2490 perpetuam
3252 2418 3703 2473 damnationem.
3750 2415 3812 2468 Ει

530 2507 675 2560 nitus
715 2520 820 2558 non
865 2512 1012 2558 esset
1042 2501 1180 2572 [cod.
1228 2499 1378 2564 Iler.,
1422 2499 1824 2569 prmdestinavit
1862 2513 2102 2570 pmnam,

2243 2528 2308 2567 oc
2354 2519 2437 2566 est
2464 2511 2696 2566 breviter
2724 2519 2890 2565 totum
2913 2509 3054 2580 quod
3082 2508 3344 2564 delibero
3391 2508 3641 2563 arbitrio
3663 2508 3805 2577 juxta

533 2605 592 2648 ut
620 2593 798 2648 omnis
826 2592 996 2646 malus
1026 2589 1316 2660 impunitus
1345 2603 1448 2644 non
1483 2589 1647 2661 esset]
1675 2608 1688 2642 :
1714 2590 1837 2658 quia
1881 2597 1936 2644 et
1976 2605 2110 2643 una-

2243 2601 2487 2655 eritatem
2517 2599 2637 2653 ﬁdei
2666 2599 2939 2654 catholica:
2968 2606 3050 2652 est
3080 2601 3392 2665 tenendum,
3421 2599 3580 2668 quod
3611 2597 3810 2652 scilicet

533 2701 760 2756 (ιιιεθίιιιθ
806 2684 890 2738 Ῑθι
928 2683 1071 2752 ius”
1105 2682 1307 2738 crime"
1334 2697 1436 2736 ηοη
1463 2681 1641 2744 habui
1677 2696 1742 2735 ne
1770 2681 1839 2736 Sit
1875 2677 2107 2748 illius”?
2213 2705 2426 2747 omnem
2453 2689 2721 2744 hominem
2750 2688 2900 2743 liberi
2927 2687 3136 2742 arbitrii
3161 2687 3481 2743 condiderit
3509 2686 3678 2742 Deus.
3709 2681 3807 2738 Sed

529 2785 586 2832 et
619 2785 797 2830 tamen
835 2774 1184 2830 criminosum
1213 2771 1387 2842 punit,
1419 2779 1479 2825 ut
1518 2787 1644 2827 vere
1685 2772 1756 2825 sit
1791 2770 1956 2840 justa.
2008 2767 2112 2836 Qui

2240 2782 2340 2852 [uia
2362 2797 2454 2852 per
2475 2797 2634 2836 unum
2654 2781 2909 2835 hominem
2932 2790 3196 2851 peccatum
3219 2782 3440 2836 intravit
3456 2781 3514 2835 in
3535 2778 3804 2839 mundum,

531 2881 661 2935 ergo
687 2865 816 2918 dicit
845 2864 987 2933 quod
1009 2863 1062 2918 hi
1093 2862 1182 2933 qui
1210 2869 1437 2932 pereunt
1460 2860 1823 2930 prmdestinati
1873 2869 2000 2914 sunt
2049 2860 2114 2913 ad
2219 2885 2263 2929 ει
2291 2891 2382 2944 ρετ
2408 2882 2672 2943 peceatum
2705 2887 2865 2938 me",
2903 2880 2950 2925 ει
2979 2873 3052 2926 ita
3080 2873 3134 2925 ίη
3174 2888 3349 2926 omne,
3393 2873 3649 2926 homines
3694 2884 3819 2939 ρεν..

535 2957 914 3027 perditionem,
948 2963 1002 3009 et
1027 2955 1144 3008 ideo
1171 2953 1326 3007 aliter
1349 2952 1562 3006 evenire
1591 2968 1694 3004 non
1731 2959 1940 3020 potest;
1967 2949 2117 3003 simi-

2247 2962 2450 3024 ransiit,
2488 2961 2541 3014 in
2569 2977 2668 3031 quo
2712 2977 2885 3014 omnes
2926 2969 3258 3029 peccaverunt
3292 2959 3480 3031 (Rom.
3507 2977 3565 3026 v,
3595 2958 3706 3028 12),
3740 2957 3804 3009 ita

540 3021 664 3102 liter
697 3060 910 3115 quoque
925 3053 977 3098 et
993 3044 1058 3097 de
1080 3043 1260 3112 justis,
1288 3051 1542 3111 tanquam
1569 3051 1622 3095 et
1651 3041 1749 3109 ipsi
1773 3041 1889 3094 ideo
1910 3038 2116 3093 salven-

2243 3052 2363 3106 stud
2387 3051 2614 3106 liberum
2644 3049 2923 3104 arbitrium
2955 3051 3008 3104 in
3037 3051 3289 3105 universo
3333 3052 3588 3105 humano
3618 3060 3807 3120 genere

544 3147 633 3191 tur
646 3135 768 3204 quia
786 3132 1148 3204 praedestinati
1165 3133 1228 3186 ad
1243 3132 1489 3196 salutem,
1507 3132 1647 3185 aliud
1661 3145 1781 3185 esse
1809 3145 1911 3185 non
1931 3138 2116 3200 potue-

546 3235 700 3289 runt;
718 3225 808 3295 qui
831 3238 958 3294 ergo
978 3223 1090 3278 haec
1112 3232 1219 3277 tam
1236 3221 1457 3277 confuse
1475 3230 1530 3276 et
1554 3221 1754 3276 insulse
1776 3220 1922 3285 dicit,
1941 3229 1996 3274 et
2013 3219 2118 3274 illis

550 3319 691 3373 tollit
721 3317 966 3371 meritum
994 3314 1378 3378 damnationis,
1403 3322 1458 3368 et
1482 3313 1600 3367 istis
1631 3312 1878 3367 meritum
1906 3311 2114 3366 salutis.

547 3409 624 3464 Ac
651 3423 748 3478 per
774 3407 875 3462 hoc
903 3405 1032 3474 quid
1056 3405 1199 3460 aliud
1222 3404 1353 3474 agit,
1387 3403 1488 3457 nisi
1513 3411 1572 3456 ut
1591 3411 1644 3456 et
1664 3401 2010 3471 pereuntibus
2034 3414 2120 3455 se-

543 3499 782 3554 cundum
820 3497 966 3551 illum
993 3496 1063 3550 sit
1093 3495 1340 3564 imposita
1368 3492 1664 3547 necessitas
1691 3491 2008 3562 perditionis
2028 3531 2042 3555 ,
2068 3501 2123 3544 et

553 3590 637 3644 his
665 3589 752 3658 qui
781 3589 1056 3644 salvantur
1083 3588 1153 3642 sit
1183 3586 1428 3656 imposita
1459 3585 1754 3640 necessitas
1783 3583 2015 3639 salutis?
2041 3591 2121 3636 at-

554 3696 658 3750 que
681 3679 800 3734 ideo
820 3693 919 3732 nee
943 3677 1014 3731 illi
1037 3676 1179 3744 iuste
1207 3676 1544 3740 damnentur,
1575 3673 1698 3744 quia
1719 3672 1847 3742 justi
1876 3687 1995 3727 esse
2017 3688 2118 3725 non

541 3778 865 3842 potuerunt,
912 3784 1012 3823 nec
1053 3767 1141 3822 isti
1170 3767 1314 3837 juste
1352 3774 1782 3830 remunerentur,
1821 3765 1948 3834 quia
1978 3763 2122 3818 aliud

557 3876 716 3931 quam
749 3857 882 3928 justi
925 3873 1047 3913 esse
1090 3857 1486 3926 nequiverunt:
1520 3865 1579 3911 ut
1615 3856 1668 3911 in
1709 3863 1938 3925 utraque
1973 3863 2128 3925 parte

546 3959 612 4019 et
640 3949 868 4020 perditio
899 3955 953 4000 et
979 3947 1124 4001 salus
1154 3962 1259 4000 non
1293 3947 1363 4000 sit
1397 3961 1462 4001 ex
1491 3946 1693 4015 judicio
1716 3945 1948 4016 propriae
1968 3945 2134 3998 actio-

565 4041 670 4101 nis,
692 4038 785 4092 sed
809 4053 872 4091 ex
895 4036 1206 4106 prurjudicio
1227 4036 1419 4090 divina:
1440 4035 1922 4104 prmordinationis.
1956 4035 2023 4089 Et
2045 4035 2131 4088 ubi

553 4130 664 4198 erit
688 4128 813 4183 illud
842 4145 854 4181 :
880 4127 982 4192 Qui
1012 4126 1186 4180 reddet
1211 4125 1483 4194 unicuique
1504 4125 1787 4178 secundum
1809 4141 1962 4193 opera
1989 4141 2087 4178 sua
2109 4125 2134 4178 .9

567 4220 743 4289 (Rom.
774 4233 833 4280 ll,
865 4216 942 4288 6.)
984 4216 1049 4270 Et
1071 4216 1264 4268 iterum
1298 4231 1312 4267 :
1344 4214 1598 4285 Nunquid
1624 4215 1826 4284 iniquus
1865 4213 2007 4276 Deus
2045 4216 2134 4283 qui

566 4309 722 4377 infert
752 4308 885 4359 iram
915 4305 1097 4359 ?Abstt
1128 4303 1305 4374 (Rom.
1336 4303 2131 4374 111,5).Apertenamquecausa

2217 3143 2359 3197 illius
2397 3140 2857 3212 praevaricationis
2882 3140 3076 3196 merito
3100 3141 3348 3195 vitiatum
3379 3151 3438 3197 et
3467 3147 3801 3211 corruptum.

2218 3232 2291 3286 ita
2317 3232 2646 3286 obcaecatum
2672 3237 2756 3284 est
2786 3237 2840 3284 et
2865 3228 3218 3295 inﬁrmatum,
3248 3241 3308 3285 ut
3333 3231 3578 3286 sufﬁciat
3610 3212 3804 3284 homini

2219 3321 2286 3374 ad
2319 3319 2458 3374 male
2485 3318 2770 3389 agendum,
2803 3318 2854 3372 id
2875 3327 2958 3373 est
2984 3319 3050 3373 ad
3076 3319 3287 3374 ruinam
3313 3319 3646 3390 iniquitatis,
3671 3326 3722 3372 et
3742 3313 3803 3369 ad

2221 3411 2326 3465 hoc
2355 3409 2526 3464 solum
2565 3409 2734 3479 possit
2776 3424 2896 3463 esse
2926 3409 3153 3464 liberum
3177 3424 3191 3464 ε
3215 3411 3280 3464 ad
3308 3410 3454 3466 bene
3484 3425 3621 3464 vero
3649 3422 3802 3478 agen-

2222 3503 2372 3564 dum,
2417 3501 2469 3554 id
2516 3510 2597 3554 est
2625 3499 2690 3553 ad
2721 3500 3033 3554 exercitium
3061 3499 3277 3554 virtutis
3304 3508 3359 3554 et
3394 3500 3641 3555 fructum
3688 3492 3800 3549 boni

2223 3591 2420 3661 operis,
2454 3590 2603 3644 nullo
2633 3592 2788 3643 modo
2816 3597 3061 3658 assurgat
3085 3597 3139 3643 et
3164 3589 3539 3655 convalescat,
3577 3586 3680 3641 nisi
3715 3596 3803 3653 per

2228 3683 2386 3737 ﬁdem
2432 3681 2592 3734 unius
2638 3679 2945 3734 Mediatoris
2996 3679 3088 3734 Dei
3137 3688 3192 3733 et
3243 3678 3528 3733 hominum
3582 3669 3801 3730 hominis

2226 3770 2426 3826 Christi
2465 3768 2592 3824 Jesu
2639 3776 2695 3823 et
2740 3769 2936 3823 donum
2981 3767 3214 3836 Spiritus
3253 3767 3427 3821 sancti
3460 3767 3800 3822 instaureturi

2229 3859 2557 3936 illuminetur
2603 3866 2767 3926 atque
2811 3863 3030 3910 sanetur
3073 3872 3085 3907 :
3123 3854 3262 3908 sicut
3307 3855 3422 3924 ipse
3458 3852 3710 3909 Salvator
3751 3845 3797 3898 in

2233 3947 2523 4018 Evangelio
2549 3946 2814 4017 promittit
2842 3946 3060 4000 dicens:
3085 3944 3143 4000 Si
3170 3960 3258 3998 vos
3291 3943 3467 3999 Filius
3493 3937 3795 3998 liberaverit.

2235 4046 2358 4093 tunc
2396 4053 2510 4090 uere
2553 4035 2701 4090 liberi
2739 4035 2882 4089 eritis
2917 4033 3097 4103 (Joan.
3138 4049 3254 4097 vm,
3285 4032 3397 4102 56).
3422 4035 3495 4088 Et
3521 4025 3796 4101 Apostolus

2238 4127 2352 4181 ait:
2381 4124 2479 4179 Ubi
2501 4111 2725 4195 Spiritus
2750 4123 2981 4188 Domini,
3008 4123 3079 4176 ibi
3101 4122 3306 4177 libertas
3331 4121 3412 4193 (II
3438 4121 3564 4177 Cor.
3593 4133 3668 4176 ιιι,
3698 4113 3796 4178 ti).

2239 4217 2312 4273 Ut
2341 4231 2439 4286 per
2467 4218 2606 4272 hanc
2633 4215 2860 4286 gratiam
2900 4213 3096 4269 Christi
3136 4222 3189 4268 et
3218 4213 3450 4284 Spiritus
3491 4208 3688 4268 Christi
3719 4206 3802 4258 bu-

2240 4320 2456 4360 manum
2501 4305 2728 4360 liberum
2775 4303 3052 4357 arbitrium
3098 4301 3403 4366 liberatum,
3458 4299 3796 4356 illuminalum

567 4395 881 4467 perditionis
917 4394 1126 4449 illorum
1155 4393 1245 4462 qui
1278 4371 1521 4462 pereunt,
1567 4371 1620 4448 in
1665 4394 1830 4448 Deum
1875 4371 2135 4460 refertur,
2165 4371 2216 4429 D
2244 4406 2405 4466 atque
2431 4405 2700 4460 sanatum,
2730 4394 2870 4448 dicat
2895 4393 3167 4464 gratulans
3195 4393 3322 4448 illud
3350 4392 3652 4448 Psalmisue
3677 4404 3689 4440 :
3715 4383 3804 4436 Do-

571 4491 614 4544 si
648 4489 760 4558 ipse
787 4503 880 4543 eos
912 4488 984 4541 ita
1013 4486 1080 4541 ad
1109 4485 1380 4539 interitum
1414 4484 1810 4554 prmdestinavit
1832 4525 1846 4550 ,
1898 4493 1957 4538 ut
1999 4485 2141 4540 aliud

573 4591 692 4631 esse
722 4591 826 4630 non
856 4583 1074 4644 possent
1105 4591 1120 4629 :
1148 4574 1290 4642 quod
1319 4573 1520 4628 sentire
1549 4572 1632 4626 vel
1662 4573 1838 4628 dicere
1871 4574 2143 4629 horribilis

573 4665 904 4734 blasphemia
931 4673 1032 4718 est.
1084 4662 1190 4718 Sed
1219 4661 1472 4716 Ecclesia:
1519 4660 1794 4716 catholica:
1839 4661 1997 4726 ﬁdes,
2046 4678 2143 4717 cu-

571 4756 663 4826 jus
693 4755 783 4808 lilii
811 4764 868 4809 et
897 4763 1194 4809 sectatores
1229 4766 1352 4807 esse
1393 4751 1669 4816 debemus,
1718 4751 1790 4805 ita
1846 4752 1999 4807 nobis
2052 4751 2144 4805 ﬁr-

582 4842 820 4899 missime
879 4844 1160 4897 tenendum
1224 4841 1515 4906 insinuat,
1573 4848 1633 4894 ut
1695 4840 1940 4909 superius
1993 4840 2150 4909 juxta

583 4934 875 5004 Scriptura:
927 4943 1125 4987 sancta:
1181 4931 1556 4986 auctoritatem
1613 4930 1846 4986 breviter
1900 4932 2149 5002 designa-

580 5024 760 5077 vimus
810 5039 822 5075 :
874 5020 1163 5084 videlicet,
1213 5020 1631 5089 omnipotentem
1681 5021 1848 5074 Deum
1899 5021 1951 5074 in
2001 5021 2154 5081 malis

583 5114 821 5186 ipsorum
858 5112 1110 5165 malitiam
1155 5111 1458 5180 prmscisse,
1501 5110 1624 5180 quia
1653 5125 1718 5164 ex
1750 5111 1879 5179 ipsis
1902 5119 2016 5175 est;
2048 5125 2154 5163 non

584 5202 1014 5274 przedestinasse,
1051 5199 1174 5269 quia
1220 5215 1286 5253 ex
1329 5198 1417 5252 illo
1459 5215 1565 5253 non
1599 5208 1717 5264 est;
1765 5215 1979 5268 pmnam
2027 5212 2156 5253 vero

586 5308 773 5346 eorum
811 5301 866 5345 et
900 5289 1176 5358 praescisse
1201 5288 1324 5358 quia
1368 5289 1507 5344 Deus
1545 5297 1646 5353 est,
1675 5298 1729 5343 et
1752 5290 2159 5358 priedestinasse

588 5383 713 5450 quia
733 5382 910 5451 justus
941 5390 1041 5444 est,
1069 5388 1127 5433 ut
1152 5388 1204 5432 et
1231 5379 1282 5432 in
1315 5379 1419 5433 illis
1445 5380 1513 5435 sit
1533 5379 1781 5435 meritum
1809 5395 1918 5434 sua:
1941 5381 2161 5434 damna-

591 5474 774 5537 tionis,
798 5482 851 5526 et
879 5473 932 5527 in
957 5472 1044 5525 illo
1068 5479 1304 5541 potestas
1325 5479 1378 5524 et
1394 5471 1655 5540 judicium
1674 5471 1816 5541 juste
1839 5471 2159 5525 damnantis.

594 5567 709 5622 Non
748 5569 890 5624 enim
933 5566 1272 5637 pratdestinat
1299 5563 1460 5630 Deus,
1493 5564 1594 5619 nisi
1621 5580 1741 5633 quie
1783 5565 1896 5634 ipse
1930 5563 2166 5620 facturus

2245 4487 2420 4540 minus
2447 4483 2764 4538 illuminatio
2803 4499 2918 4537 mea
2943 4493 2990 4537 et
3011 4483 3187 4537 salus:
3207 4499 3359 4553 quem
3383 4480 3610 4536 timebo?
3643 4467 3796 4544 (Psal.

2248 4593 2400 4641 xxvr,
2430 4575 2506 4646 l.)
2537 4574 2637 4641 Qui
2668 4575 2829 4646 igitur
2865 4575 3002 4629 hanc
3031 4575 3256 4644 gratiam
3286 4574 3551 4629 libertatis
3579 4566 3800 4634 accipere

2251 4667 2535 4731 desiderat,
2565 4673 2625 4718 ut
2651 4664 2717 4719 ad
2744 4665 2880 4720 bene
2907 4673 2960 4719 et
2983 4665 3070 4735 pie
3090 4665 3371 4720 vivendum
3401 4661 3661 4718 veraciter
3680 4653 3798 4707 liber

2252 4759 2369 4821 ﬁat,
2393 4770 2496 4810 non
2520 4755 2586 4809 de
2607 4754 2717 4808 suis
2735 4754 2939 4808 viribus
2962 4763 3271 4824 praesumat,
3295 4752 3388 4809 sed
3418 4753 3494 4806 illi
3513 4765 3572 4806 se
3592 4743 3800 4802 ﬁdeliter

2254 4845 2552 4901 sanandum
2599 4843 3164 4913 corroborandumque
3214 4843 3535 4906 committat,
3593 4837 3656 4891 de
3705 4840 3796 4899 quo

2255 4935 2394 4990 idem
2431 4933 2713 4988 Psalmista
2739 4932 3077 5002 dicitzApud
3123 4932 3406 4986 Dominum
3431 4942 3631 5003 gressus
3653 4915 3796 4975 homi-

2256 5024 2335 5077 nis
2379 5023 2686 5094 dirigentur,
2725 5033 2771 5075 et
2799 5021 2934 5074 viam
2981 5021 3093 5089 ejus
3121 5022 3254 5075 uolet
3284 5022 3454 5091 (Psnl.
3495 5030 3666 5076 xxxw,
3697 5006 3791 5073 35W

2255 5113 2406 5168 Illum
2448 5123 2563 5167 oret
2593 5121 2751 5180 atque
2788 5111 2860 5165 illi
2902 5111 3162 5180 supplicet
3188 5111 3413 5164 dicens:
3439 5108 3647 5161 Cressus
3674 5110 3792 5152 meo:

2259 5205 2423 5272 dirige
2443 5202 2726 5255 secundum
2747 5201 3013 5270 eloquium
3034 5210 3199 5262 tuum,
3225 5209 3272 5252 et
3297 5216 3397 5253 non
3422 5198 3700 5251 domfnetur
3713 5200 3781 5238 me

2259 5293 2424 5347 omnis
2445 5291 2700 5360 injustitia
2727 5287 2841 5360 (Ps.
2865 5305 3049 5352 cxvm,
3085 5289 3310 5360 155).-Ει
3331 5289 3521 5344 iterum
3547 5303 3559 5338 :
3584 5277 3792 5336 Domine.

2262 5382 2428 5436 deduc
2467 5397 2547 5434 me
2581 5381 2634 5433 in
2668 5379 2751 5433 via
2773 5390 2884 5445 tua,
2913 5391 2958 5432 et
2987 5381 3250 5448 ingrediar
3288 5382 3339 5433 in
3370 5380 3573 5434 veritate
3592 5384 3673 5426 tua
3695 5363 3792 5436 (P5-

2263 5489 2315 5536 v,
2343 5471 2419 5540 9).
2449 5471 2516 5525 Et
2543 5478 2733 5524 cmtera
2763 5470 2976 5524 similia.
3009 5469 3132 5524 lliec
3160 5471 3310 5524 vobis
3332 5469 3558 5524 breviter
3579 5456 3778 5522 rescrips

2269 5563 2336 5618 ad
2366 5579 2427 5618 ea
2457 5577 2574 5632 qum
2600 5562 2854 5631 iussistis.
2890 5561 3039 5618 Nunc
3083 5561 3311 5617 ﬁdeliter
3339 5563 3587 5622 deprecor
3626 5558 3674 5606 et
3717 5556 3794 5595 οῖ’
