4050 6302
631 367 734 422 107
1727 356 1933 415 FLOR!
1970 355 2239 423 DlACONl
2276 353 2759 412 LUGDUNENSIS
3751 347 3831 406 108

628 491 748 533 rum
773 468 1191 545 "esseprtedlxlt.
1236 472 1304 527 Et
1322 471 1386 528 de
1410 470 1542 539 ipsis
1561 469 1756 525 Judaris
1784 487 1803 522 ε
1827 466 1980 532 Fiat,
2004 467 2198 536 inquit,
2229 472 2287 529 Α.
2356 513 2395 550 δι
2922 483 3149 541 οΑιιυΤ
3194 483 3256 539 ιι,

627 582 806 622 mensa
823 578 1004 619 eorum
1029 565 1082 617 in
1104 562 1367 634 laqueum,
1390 571 1435 615 et
1456 561 1511 613 in
1534 559 1879 623 venationem,
1897 567 1946 611 et
1969 558 2024 609 in
2045 572 2201 609 scan-
2341 558 2355 575 "

627 656 810 711 datum
843 650 1015 726 (Paul.
1047 667 1234 717 uvm,
1254 651 1379 721 25);
1402 647 1544 718 quod
1575 648 1645 703 de
1662 647 1865 701 eisdem
1885 646 2202 715 pnedictum

625 759 747 800 esse
777 745 896 799 sine
933 743 1267 799 dubitatione
1314 738 1538 810 exponit
1578 737 1868 807 Apostolus
1909 735 2088 807 (Rom.
2120 749 2198 801 at,

625 837 719 907 9);
762 836 903 890 sicut
931 835 996 890 de
1022 833 1154 889 Juda
1175 872 1192 898 ,
1232 846 1352 903 quae
1399 830 1500 886 sub
1537 829 1727 884 eadem
1756 827 1925 898 figura
1951 839 2202 895 praenun-

626 928 763 982 tiata
793 934 936 991 sunt,
966 923 1237 996 apostolus
1269 922 1461 977 Petrus
1501 926 1907 977 commemorat.
1949 918 2057 973 Nec
2083 917 2201 971 sine

627 1031 795 1071 causa
819 1024 875 1070 et
901 1028 1019 1095 tunc
1046 1013 1224 1066 futura
1256 1018 1383 1065 sunt
1419 1019 1673 1079 tanquam
1705 1015 1976 1062 transacta
2007 1006 2199 1060 dicun-

624 1117 752 1161 tur:
779 1107 890 1160 Deo
931 1103 1074 1156 enim
1107 1102 1153 1157 si
1180 1110 1328 1157 certa
1358 1109 1483 1155 sunt
1512 1107 1767 1168 tanquam
1795 1112 1893 1167 pro
1921 1096 2076 1151 factis
2103 1096 2200 1149 lia-

622 1197 871 1257 beantur,
902 1200 957 1246 et
987 1201 1242 1259 tauquam
1273 1198 1468 1260 optans
1481 1188 1692 1242 videtur
1705 1186 1885 1241 dicere
1909 1184 2196 1255 Propheta,

624 1284 768 1353 quod
807 1291 1015 1337 certum
1060 1279 1321 1350 praevidet
1360 1292 1480 1333 esse
1513 1285 1802 1332 venturum
1827 1292 1842 1328 :
1871 1274 2005 1329 nihil
2030 1273 2196 1336 aliud,

621 1383 881 1444 quantum
908 1372 1040 1426 mihi
1069 1371 1305 1433 videtur,
1340 1368 1627 1425 ostendens
1654 1366 1757 1421 nisi
1783 1365 1937 1420 nobis
1962 1380 2068 1418 non
2105 1364 2201 1417 de-

616 1466 749 1520 bere
774 1461 1061 1530 displicere
1108 1458 1375 1529 cognitam
1438 1456 1759 1511 sententiam
1789 1454 1914 1517 Dei,
1944 1468 2104 1523 quam
2137 1451 2199 1505 fi-

617 1568 745 1608 xam
791 1550 1227 1618 immobilemque
1266 1547 1564 1603 constituit.
1623 1545 1691 1599 Et
1736 1544 1860 1599 ideo
1886 1544 1937 1597 in
1976 1533 2197 1596 Actibus

617 1642 983 1713 apostolorum
1011 1654 1131 1693 cum
1157 1638 1375 1708 quidam
1400 1636 1680 1705 propheta,
1712 1634 1929 1689 nomine
1953 1631 2193 1701 Agabus,

618 1733 940 1805 pmdiceret
966 1728 1265 1799 apostolum
1294 1727 1518 1781 Paulum
1543 1726 1597 1781 in
1634 1722 2008 1794 Hierosolyma
2040 1737 2070 1774 a
2095 1719 2193 1774 Ju-

617 1825 749 1879 dais
778 1823 947 1878 multa
975 1836 1096 1875 esse
1120 1834 1405 1890 passurum
1425 1858 1439 1881 ,
1467 1827 1520 1872 et
1547 1831 1718 1886 usque
1738 1815 1807 1869 ad
1834 1814 2043 1868 vincula
2068 1827 2190 1882 pcr-

617 1922 905 1969 venturum
928 1929 942 1963 :
963 1926 1108 1973 cum,
1133 1910 1235 1963 hoc
1256 1908 1461 1971 audito,
1490 1907 1683 1960 fratres
1710 1919 1963 1959 revocare
1990 1917 2112 1957 eum
2142 1909 2200 1955 et

618 2006 855 2060 retinere
899 2002 1095 2055 vellent
1133 2015 1203 2055 ne
1247 2000 1371 2053 illuc
1401 2005 1687 2067 pergeret:
1723 1995 1861 2060 Quid
1886 1994 2083 2063 facitis,
2110 1992 2196 2045 in-

615 2094 777 2163 quit,
805 2092 1170 2145 conturbantes
1215 2105 1307 2141 cor
1348 2086 1566 2139 meum?
1599 2101 1694 2155 ego
1731 2085 1867 2137 enim
1892 2090 1995 2137 non
2027 2080 2195 2135 solum

616 2184 868 2253 alligari,
937 2180 1029 2235 sed
1078 2180 1235 2233 etiam
1309 2179 1442 2230 mori
1496 2184 1711 2245 paratus
1768 2189 1883 2226 sum
1941 2187 2035 2241 pro
2095 2186 2192 2223 no-

616 2275 755 2328 mine
791 2272 1003 2327 Domini
1051 2272 1215 2325 nostri
1261 2268 1392 2323 Iesu
1431 2267 1625 2322 Christi
1666 2268 1805 2335 (Act.
1858 2281 1975 2329 xxi,
2020 2265 2088 2318 10
2146 2273 2196 2317 et

614 2360 814 2434 seqq.);
840 2369 1003 2430 atque
1029 2360 1103 2415 ita
1126 2400 1142 2425 ,
1188 2374 1309 2413 cum
1348 2358 1594 2412 viderent
1635 2355 1831 2410 fratres
1868 2352 2195 2408 immobilem

624 2455 729 2508 viri
771 2452 840 2507 ad
883 2450 1065 2507 omnia
1101 2448 1417 2520 perferenda
1463 2447 1853 2511 constantiam,
1898 2445 2194 2499 dixerunt:

620 2544 750 2598 Fiat
810 2542 1050 2597 uoluntas
1114 2539 1214 2594 Dei
1288 2537 1500 2609 (Ibid.,
1557 2537 1686 2605 Η).
1762 2535 2010 2604 Nunquid
2066 2548 2198 2603 ergo
2369 2532 2508 2587 Ecce
2553 2541 2753 2602 quanta
2804 2534 3099 2602 proposuit,
3149 2534 3260 2588 imo
3302 2534 3449 2588 velut
3498 2534 3732 2588 omnibus
3768 2547 3834 2585 se-

615 2636 745 2707 quia
783 2634 1037 2690 dixerunt
1064 2646 1081 2686 :
1108 2629 1229 2684 Fiat
1268 2629 1505 2684 uoluntas
1544 2627 1675 2694 Dei,
1723 2634 2039 2698 optaverunt
2064 2640 2196 2695 apo-
2296 2624 3185 2697 querulaetncminidijmlicanda,
3214 2627 3419 2697 absque
3442 2628 3550 2681 ullo
3571 2626 3835 2681 testimonio

615 2728 743 2783 διοιί
772 2736 831 2781 ιιι
854 2724 979 2779 talia
1001 2731 1281 2794 pateretur
1308 2738 1321 2773 :
1354 2734 1419 2774 ac
1447 2734 1554 2773 non
1576 2719 1754 2789 potius
1783 2726 2014 2772 mentem
2043 2730 2197 2771 suam
2298 2717 2593 2786 Scriptura:
2624 2716 2841 2779 divinae,
2886 2716 3090 2784 absque
3117 2716 3227 2769 ulla
3267 2719 3610 2771 attestatione
3640 2726 3835 2785 patenum

615 2818 835 2875 sublimi
880 2825 937 2871 et
969 2816 1151 2871 divino
1189 2821 1391 2869 statuto
1428 2811 1775 2866 devotissime
1802 2807 2199 2864 sunlideruntl
2296 2808 2574 2871 doctrinae,
2592 2814 2699 2860 tam
2723 2806 3088 2876 multipliciter
3107 2805 3364 2860 definivit.
3385 2806 3493 2861 Sed
3518 2822 3631 2869 nos,
3648 2804 3834 2859 Domino

614 2912 697 2966 sic
726 2917 781 2964 et
822 2907 1094 2976 Propheta
1138 2919 1263 2959 cum
1309 2900 1472 2956 dicit:
1503 2899 1650 2955 Sicut
1684 2901 1802 2969 ﬂuit
1832 2913 1950 2953 cera
1991 2914 2023 2950 a
2061 2896 2199 2965 facie
2296 2897 2605 2966 adjuvante,
2653 2897 2937 2966 vigilanter
2980 2896 3188 2966 singula
3234 2897 3601 2959 discutientes,
3649 2894 3760 2964 quid
3784 2892 3834 2944 de

615 3000 789 3069 ignis,
832 2997 908 3050 sic
932 3002 1144 3066 pereant
1186 3004 1477 3065 peccatores
1519 3010 1552 3047 a
1582 2992 1716 3060 [acie
1738 2991 1866 3056 Dei,
1898 2990 2048 3045 videt
2094 2990 2198 3045 hoc
2297 2988 2377 3042 eis
2399 2985 2550 3054 juxta
2598 2985 2719 3041 ﬁdei
2749 2986 2987 3056 regulam
3016 2987 3352 3040 sentiendum
3385 2989 3460 3042 sit
3488 2989 3830 3041 discernamus

617 3086 922 3143 certissime
946 3083 1318 3154 peccatoribus
1343 3083 1655 3145 imminere;
1697 3089 1755 3135 et
1780 3079 1955 3150 placet
1976 3080 2026 3135 ei
2051 3080 2196 3150 quod
2369 3076 2508 3131 Dicit
2532 3093 2546 3130 :
2574 3072 3095 3130 Prwdestinutionem
3141 3086 3189 3129 et
3234 3078 3615 3145 prteseientiam
3642 3075 3729 3128 Dei
3744 3072 3833 3141 ejus

614 3181 761 3236 Deus
787 3179 995 3242 statuit,
1026 3192 1094 3232 ne
1120 3177 1232 3232 Deo
1257 3176 1372 3246 ipse
1396 3175 1695 3244 displiceat.
2214 3159 2261 3223 C
2289 3183 2401 3223 esse
2420 3167 2721 3229 mentium,
2744 3166 2877 3220 sicut
2903 3164 3244 3235 voluntatem,
3265 3167 3577 3236 sapientiam
3603 3176 3646 3220 et
3677 3164 3831 3218 perita-

686 3268 813 3323 Post
862 3268 978 3323 haec
1020 3268 1183 3323 verba
1233 3266 1576 3321 beatissimus
1612 3265 1820 3328 doctor,
1846 3277 1915 3318 ne
1941 3270 2050 3317 tam
2080 3262 2187 3316 fisa
2290 3267 2412 3311 tem.
2454 3256 2563 3311 Nos
2592 3264 2768 3311 autem
2817 3257 2884 3311 de
2912 3255 3190 3310 voluntate
3234 3256 3478 3325 quidem,
3521 3255 3655 3325 quod
3679 3266 3830 3309 essen-

614 3370 673 3417 et
700 3359 989 3415 immobilis
1028 3358 1194 3414 divini
1225 3357 1411 3426 judicii
1436 3354 1841 3425 praedestinatio
1863 3354 2020 3409 alicui
2048 3352 2188 3406 male
2291 3347 2494 3402 tialiter
2521 3348 2733 3403 dicatur
2775 3347 2828 3402 in
2860 3348 3107 3412 Domino,
3161 3348 3287 3418 quia
3318 3349 3371 3403 in
3402 3350 3493 3403 illa
3524 3348 3634 3417 ejus
3660 3359 3831 3403 sinum

614 3448 804 3521 agendi
854 3448 1132 3503 videretur
1170 3446 1549 3513 necessitatem
1592 3458 1825 3513 ponere,
1876 3444 1970 3497 sed
2009 3442 2188 3513 potius
2289 3447 2343 3493 et
2374 3439 2603 3509 simplici
2632 3440 2867 3493 essentia
2895 3455 3001 3494 non
3031 3450 3114 3493 est
3146 3440 3288 3495 aliud
3311 3441 3452 3496 velle
3481 3450 3535 3498 et
3563 3441 3695 3496 aliud
3717 3452 3832 3499 esse,

613 3540 886 3596 salubrem
914 3546 1179 3592 terrorem
1208 3536 1491 3599 incuteret,
1523 3543 1581 3589 ut
1599 3534 1691 3603 qui
1716 3535 1940 3590 audiunt
1961 3574 1976 3597 ,
2015 3534 2189 3603 pmni-
2287 3530 2382 3585 sed
2402 3529 2543 3597 quod
2566 3537 2805 3591 estesse,
2829 3528 2929 3583 hoc
2953 3527 3186 3595 velle;et
3208 3530 3327 3584 ideo
3349 3530 3428 3585 sic
3454 3540 3539 3586 est
3567 3533 3615 3585 in
3647 3530 3724 3583 illo
3756 3542 3831 3579 vo—

613 3629 778 3684 tendo
803 3635 861 3681 et
903 3624 1223 3695 corrigendo
1267 3622 1473 3694 fugiant
1522 3640 1553 3677 a
1594 3634 1817 3678 ventura
1849 3624 1963 3689 ira,
2012 3632 2070 3676 ut
2112 3623 2185 3678 ita
2289 3621 2485 3683 luntas,
2513 3629 2573 3673 ut
2599 3620 2712 3689 ipse
2752 3621 2825 3673 sit
2850 3619 3099 3675 voluntas
3128 3636 3244 3685 sua,
3277 3623 3501 3678 minime
3545 3624 3827 3677 dubitamus.

612 3717 826 3789 possint
851 3715 1079 3771 evadere
1118 3714 1261 3785 quod
1289 3712 1731 3784 permanentibus
1775 3714 1826 3767 in
1863 3714 2099 3783 peccatis
2119 3729 2185 3768 ex
2290 3711 2553 3765 Similiter
2592 3711 2753 3763 etiam
2804 3710 2871 3765 de
2915 3711 3178 3780 sapientia
3223 3720 3279 3766 et
3323 3712 3727 3781 veritatezquia
3769 3708 3828 3761 sic

610 3807 979 3879 impietatibus
1000 3805 1114 3860 suis
1140 3803 1499 3859 certissimum
1528 3811 1611 3857 est
1646 3803 1951 3865 imminere,
1984 3802 2061 3856 ita
2087 3818 2183 3856 ex-
2289 3800 2451 3854 habet
2477 3800 2823 3869 sapientiam,
2846 3808 2905 3854 ut
2925 3801 3040 3870 ipse
3058 3801 3130 3855 sit
3158 3816 3254 3856 sua
3279 3802 3581 3872 sapientia;
3604 3802 3676 3856 sic
3698 3797 3829 3854 habet

609 3899 865 3953 hortatur
881 3894 1067 3951 dicens
1092 3911 1107 3948 :
1137 3892 1312 3965 [Quid
1344 3907 1472 3963 ergo
1499 3892 1786 3955 faciemus,
1820 3891 2050 3954 fratres,
2081 3890 2185 3945 nisi
2287 3890 2594 3951 veritatem,
2625 3898 2683 3943 ut
2705 3891 2817 3959 ipse
2845 3890 2915 3944 sit
2940 3891 3179 3945 veritas:
3205 3906 3305 3947 nec
3334 3901 3417 3946 est
3443 3893 3497 3947 in
3525 3892 3609 3946 illa
3634 3885 3827 3958 simplici

610 3992 674 4039 ut
699 3984 829 4039 dum
856 3991 1065 4052 tempus
1092 3990 1177 4037 est
1204 3982 1369 4036 vitam
1392 3990 1681 4043 mutemus,
1709 3990 1764 4035 et
1808 3981 1948 4035 facta
1976 3989 2182 4045 nostra,
2288 3990 2477 4034 natura
2519 3982 2747 4036 Deitatis
2778 3982 2923 4037 aliud
2949 3982 3149 4037 habere
3177 3994 3232 4038 et
3258 3984 3401 4038 aliud
3430 3999 3583 4051 esse;
3606 3982 3690 4038 sed
3711 3976 3825 4049 quod

2375 616 2626 672 Secundo
2652 616 2833 687 capite
2855 624 2982 671 octo
3011 615 3165 671 nobis
3198 613 3651 683 prtedetinitiones
3681 630 3835 686 propo-

2304 705 2404 770 nit,
2438 705 2511 758 ita
2539 705 2724 759 dicens
2746 721 2763 759 :

2371 794 2426 847 1.
2468 792 2989 848 Prwdestinatienem
3023 802 3074 847 et
3100 792 3482 863 prmscientiam
3516 792 3613 847 Dei
3631 792 3733 862 ejus
3755 811 3837 847 esse

2300 885 2597 946 essentiam,
2624 885 2757 938 sicut
2783 884 3130 949 uoluntatem,
3167 884 3479 954 sapientiam
3512 894 3561 939 et
3594 887 3833 939 ueritatem.

2369 974 2424 1028 2.
2457 974 2525 1028 Et
2543 975 2922 1045 prandentium
2943 984 2993 1029 et
3010 976 3518 1045 pmdestinationem
3538 991 3691 1029 unum
3712 977 3836 1029 idem.

2296 1080 2396 1135 que
2425 1081 2555 1118 esse.

2368 1153 2423 1206 3.
2466 1150 2745 1207 Hominem
2778 1152 2849 1205 ad
2874 1151 3062 1216 Deum,
3102 1168 3256 1221 quens
3297 1151 3464 1205 libera
3507 1150 3716 1204 arbitria
3752 1151 3839 1204 sine

2298 1243 2475 1297 labore
2519 1243 2838 1307 deseruerat,
2886 1244 2999 1297 sine
3031 1242 3227 1295 laboris
3266 1242 3443 1295 studio
3482 1250 3532 1295 et
3561 1241 3839 1310 cooperaatis

2299 1332 2483 1402 gratim
2505 1332 2644 1385 dono
2670 1332 2938 1399 pervenire
2958 1346 3063 1384 non
3082 1346 3251 1398 posse.

2368 1418 2421 1471 4.
2464 1417 2989 1473 Prtedestinutionem
3011 1418 3065 1469 in
3090 1417 3200 1470 Deo
3224 1416 3512 1470 secundum
3539 1414 3838 1474 substantiam

2298 1523 2409 1561 esse
2431 1519 2450 1558 .'
2476 1506 2686 1560 relative
2713 1518 2885 1560 autem
2911 1506 3027 1573 ﬁeri
3050 1522 3153 1558 non
3181 1522 3351 1575 posse.

2368 1596 2422 1651 5.
2464 1596 2615 1652 Sicut
2652 1597 2786 1650 duas
2814 1596 3087 1660 essentius,
3118 1596 3426 1664 sapientius,
3467 1596 3722 1660 scientias,
3757 1595 3837 1648 sir-

2298 1694 2456 1751 tutes,
2483 1695 2769 1755 cceteraque
2802 1686 2979 1739 omnia
3015 1701 3133 1755 qua:
3168 1685 3233 1737 de
3266 1684 3374 1738 Deo
3410 1686 3674 1749 dicuntur,
3710 1684 3835 1753 gemi-

2218 1808 2264 1867 Β
2301 1776 2440 1867 nari,
2479 1772 2557 1867 uel
2584 1774 2865 1843 triplicuri,
2918 1772 2993 1828 uel
3035 1773 3374 1842 multiplicari
3421 1774 3635 1843 impium
3663 1774 3839 1826 est:itu

2295 1862 2776 1932 prtedestinationes
2788 1862 2921 1915 duas
2932 1872 3241 1915 asserentem
3258 1872 3401 1915 reatu
3416 1862 3687 1930 impietatis
3696 1862 3834 1931 ligari.

2369 1950 2421 2003 6.
2464 1948 2734 2019 Unumque
2754 1966 2862 2003 esse
2894 1950 3122 2002 divinant
3164 1951 3699 2017 prwdestinationent,
3735 1951 3836 2001 sicut

2296 2053 2455 2091 unum
2475 2038 2702 2092 divinam
2724 2038 3095 2107 operationem,
3115 2037 3449 2105 sapientiam.
3479 2037 3783 2091 uoluntatem.

2371 2131 2421 2182 7.
2459 2129 2527 2183 Et
2570 2131 2872 2184 necessitate
2925 2131 3403 2199 praedestinatidnis
3439 2130 3694 2201 compelli,
3733 2131 3835 2184 sicut

2297 2237 2390 2274 nec
2425 2220 2707 2273 voluntate.

2367 2314 2422 2367 8.
2460 2310 2528 2364 Et
2567 2311 2819 2381 quidquid
2855 2310 2919 2363 de
2957 2310 3134 2364 divina
3158 2311 3422 2366 voluntate
3460 2310 3766 2380 intelligitur,
3785 2308 3838 2362 de

2293 2400 2748 2471 prwdestinatiane
2776 2399 2873 2453 Dei
2907 2400 3087 2453 sentiri
3110 2401 3318 2454 debere.

615 4072 665 4127 si
696 4086 802 4141 qua
829 4078 956 4126 sunt
977 4109 993 4135 ,
1020 4070 1380 4140 corrigamus,
1423 4078 1483 4123 ut
1510 4069 1652 4137 quod
1678 4070 1794 4123 sine
1826 4068 1930 4121 ulla
1972 4070 2185 4121 dubita-
2287 4078 2374 4121 est
2404 4069 2473 4121 ibi
2517 4070 2738 4134 habere,
2772 4071 2875 4125 hoc
2918 4086 3063 4135 esse,
3107 4081 3162 4126 et
3188 4074 3330 4141 quod
3359 4082 3608 4137 estesse,
3640 4074 3729 4125 hoc
3750 4068 3825 4122 ha-

612 4163 764 4218 tione
786 4168 1075 4215 venturum
1096 4169 1180 4215 est
1207 4159 1603 4229 peccatoribus,
1629 4173 1735 4213 non
1764 4158 2003 4214 inveniat
2025 4173 2189 4227 super
2287 4157 2434 4213 bere.
2466 4159 2699 4214 Proinde
2722 4161 2767 4215 si
2798 4161 3075 4228 dicamus,
3112 4173 3171 4218 ut
3212 4165 3403 4220 beatus
3422 4166 3729 4236 Augustinus
3747 4159 3825 4220 ait,

612 4266 751 4323 quos
774 4252 986 4315 veniat,
1019 4265 1127 4306 non
1156 4250 1283 4321 quia
1317 4263 1422 4304 non
1444 4249 1682 4315 erimus,
1712 4248 1806 4304 sed
1838 4264 1908 4304 ne
1938 4247 2073 4304 tales
2100 4248 2184 4303 in-
2286 4259 2544 4318 :eternus,
2601 4253 2941 4321 immortalis,
2993 4257 3430 4328 incorruptibilis,
3493 4253 3823 4315 immutabilis,

610 4344 795 4400 veniat
815 4341 1064 4412 qualibus
1087 4351 1375 4396 venturum
1395 4355 1515 4397 esse
1543 4339 1855 4411 praedictum
1883 4339 2024 4412 est.]
2288 4344 2464 4409 vivus,
2513 4344 2759 4414 sapiens,
2806 4355 3018 4416 potens,
3069 4350 3368 4417 speciosus,
3414 4351 3611 4420 justus,
3660 4349 3821 4405 bonus,

679 4434 760 4489 ιιι
793 4432 1136 4488 ﬁdelissimus
1178 4430 1370 4486 doctor
1408 4439 1466 4485 et
1523 4431 1850 4503 immobilem
1900 4432 2181 4487 veritatem
2210 4504 2252 4512 _
2285 4434 2497 4499 beatus,
2528 4435 2781 4504 spiritus;
2830 4436 3019 4491 horum
3044 4439 3308 4507 omnium,
3336 4443 3481 4512 quod
3509 4438 3823 4497 novissimum

608 4523 807 4581 divina:
831 4522 1317 4594 praedestinationis
1344 4520 1509 4576 etiam
1530 4521 1585 4575 in
1602 4529 1943 4589 peccatorum
1964 4522 2184 4577 damna-
2210 4504 2261 4562 Ῑ)
2286 4526 2518 4596 positum
2540 4533 2645 4591 est,
2674 4525 2725 4581 id
2757 4535 2841 4581 est
2869 4528 3113 4597 spiritus,
3140 4504 3303 4599 quasi
3318 4504 3678 4586 tantummodo
3702 4525 3823 4581 vide-

608 4618 757 4674 tione
783 4616 1035 4679 asseruit,
1055 4624 1113 4671 et
1135 4622 1314 4667 tamen
1336 4612 1381 4667 si
1405 4611 1611 4682 seipsos
1631 4612 1987 4677 correxerint,
2020 4621 2182 4682 atque
2288 4625 2377 4670 tur
2399 4616 2705 4685 significare
2731 4617 3086 4673 substantiam
3110 4637 3125 4673 :
3150 4630 3343 4677 czetera
3374 4638 3521 4687 vero,
3552 4619 3697 4689 hujus
3720 4613 3823 4671 Sub-

608 4706 666 4759 in
694 4703 889 4759 melius
914 4702 1273 4766 mutaverint,
1296 4715 1551 4756 evasuros
1585 4700 1843 4771 supplicia
1880 4702 2185 4757 sincerissi-
2285 4705 2497 4760 stantia:
2517 4705 2832 4775 qualitates;
2864 4708 2957 4762 sed
3009 4723 3115 4763 non
3143 4709 3216 4764 ita
3258 4719 3341 4765 est
3375 4712 3427 4765 in
3475 4710 3560 4765 illa
3600 4700 3819 4763 ineffabili

607 4812 700 4853 me
724 4797 925 4852 docuit.
975 4797 1112 4863 Quia
1142 4796 1315 4851 divina
1346 4794 1433 4849 illa
1472 4794 1872 4864 praedestinatio
1911 4796 1965 4849 in
1991 4810 2181 4865 pecca-
2285 4794 2621 4863 simplicique
2646 4802 2839 4850 natura
2863 4813 2878 4850 :
2900 4796 3158 4867 quidquid
3186 4800 3329 4853 enim
3362 4801 3650 4855 secundum
3678 4791 3819 4866 quali.

609 4886 821 4941 toribus
865 4886 1149 4955 puniendis
1193 4885 1398 4955 justum
1444 4892 1663 4939 exercet
1710 4884 2001 4954 judicium,
2045 4884 2175 4938 nulli
2285 4892 2425 4938 tates
2456 4883 2564 4939 illic
2603 4883 2710 4940 dici
2752 4885 2987 4952 videtur,
3039 4889 3329 4943 secundum
3373 4888 3713 4944 substantiam
3752 4875 3818 4933 vel

608 4984 809 5039 autem,
837 4976 885 5031 si
908 4984 1274 5040 convertatur,
1293 4975 1470 5029 aufert
1496 4974 1684 5030 salutis
1711 4974 2027 5039 remedium,
2054 4974 2180 5043 quia
2282 4974 2573 5029 essentiam
2601 4984 2687 5030 est
2712 4975 3137 5047 intelligendum.
3167 4976 3323 5033 Absit
3351 4989 3525 5034 autem
3551 4988 3605 5031 ut
3631 4971 3819 5045 sp3rillls

607 5081 739 5122 vera
764 5074 815 5121 et
846 5064 1021 5120 ﬁdelis
1038 5074 1123 5120 est
1144 5065 1259 5135 ejus
1287 5065 1589 5135 promissio,
1622 5079 1729 5134 qua
1749 5078 1846 5133 per
1865 5064 2179 5133 prophetam
2280 5061 2573 5117 secundum
2620 5063 2976 5119 substantiam
3017 5066 3231 5121 dicatur
3268 5067 3435 5132 Deus,
3467 5076 3520 5122 et
3561 5066 3721 5120 bonus
3745 5072 3815 5111 se-

607 5166 719 5207 non
746 5149 918 5205 solum
945 5149 1247 5219 pollicetur,
1290 5151 1386 5205 sed
1413 5150 1578 5205 etiam
1612 5146 1761 5215 iurat
1793 5148 2016 5201 dicens:
2051 5145 2182 5202 Viuo
2278 5150 2511 5206 cundum
2556 5151 2870 5221 qualitatem
2894 5170 2908 5208 :
2932 5154 3026 5210 sed
3064 5162 3352 5224 utrumque
3395 5154 3676 5211 secundum
3712 5145 3815 5202 sub.

607 5257 722 5313 ego,
744 5240 870 5295 dicit
891 5239 1147 5295 Dominus
1171 5238 1331 5302 Deus,
1361 5239 1485 5308 quia
1505 5238 1626 5293 nolo
1651 5245 1869 5289 mortem
1893 5236 2062 5305 irnpii,
2088 5237 2179 5291 sed
2276 5241 2531 5295 stantiam
2556 5258 2571 5294 :
2594 5242 2671 5296 sic
2700 5250 2895 5298 caetera
2919 5244 3099 5299 omnia
3126 5260 3249 5315 quae
3293 5238 3813 5299 commemoravimus.

605 5339 666 5387 stt
685 5340 1011 5386 convertatur
1028 5348 1061 5385 a
1082 5330 1163 5386 via
1191 5346 1287 5383 sua
1312 5336 1360 5382 et
1387 5327 1522 5381 vivat
1555 5325 1769 5397 (Exerit.
1793 5324 2011 5399 antu).
2348 5329 2481 5384 Cum
2507 5345 2637 5401 ergo
2661 5332 2775 5388 haec
2802 5332 2879 5388 ita
2899 5333 3028 5402 sint,
3056 5341 3111 5390 et
3131 5334 3235 5390 ista
3258 5333 3381 5400 tria,
3408 5333 3461 5388 id
3479 5342 3559 5388 est
3580 5327 3814 5384 voluntas,

1543 5433 1751 5491 NOTAE
1790 5433 2115 5491 DUVALLll
2155 5435 2494 5495 DOCTORIS
2533 5428 2912 5497 SORBONICI.

604 5563 726 5632 cum
755 5548 1026 5632 decretum
1046 5544 1276 5632 iustitiae
1290 5544 1503 5632 divina:
1530 5559 1655 5632 pro
1674 5560 1873 5632 eorum.
1901 5545 2177 5632 punitione
2287 5558 2393 5632 tur,
2422 5560 2475 5605 et
2500 5552 2580 5632 sic
2606 5553 2886 5632 innumera
2916 5554 3055 5624 apud
3102 5553 3295 5612 lsaiam
3324 5563 3382 5613 et
3410 5555 3713 5628 prophetam
3741 5554 3807 5599 τε*

604 5617 865 5700 viderent,
890 5616 1451 5700 eorumdesiderium,
1482 5616 2031 5700 tioii'taingiii_ill.orqni
2062 5631 2177 5700 per-
2284 5622 2430 5690 gium
2459 5624 2763 5679 testimonia
2785 5616 3147 5694 exponuntur.

605 5688 863 5759 ditionem
895 5704 1059 5758 quam
1089 5687 1143 5741 in
1177 5686 1451 5741 decretum
1494 5685 1687 5739 divina:
1709 5685 1934 5752 iustitiae
1961 5685 2172 5740 fereba-
