4050 6302
242 342 345 402 I09

1196 328 1407 397 LIBER
1434 336 1803 395 aovsnsus
1836 335 2150 393 JOANNEM
2191 314 2487 393 socrum.

235 455 504 529 sapientia
557 462 612 512 et
660 455 882 519 veritas,
936 453 1010 508 ita
1062 453 1169 508 sint
1222 454 1276 509 in
1306 455 1435 520 Deo,
1472 460 1530 507 ut
1572 450 1812 508 absolute
1844 452 1893 512 Α
1917 458 1972 505 et
1987 450 2184 505 usitate
2204 450 2543 506 dicaturesse
2564 449 2955 521 praescientiam
2979 460 3033 507 et
3055 452 3485 524 praedestinanti-

233 548 529 604 ostendant
567 554 817 600 naturam
862 544 980 609 Dei,
1024 544 1114 615 qui
1158 553 1243 599 est
1288 559 1497 600 summa
1545 543 1814 607 voluntas,

236 648 451 691 summa
492 632 756 705 sapientia
778 643 835 689 et
862 630 1084 699 veritas,
1115 647 1330 691 omnem
1355 633 1560 690 habens
1582 643 1816 704 potesta-

236 734 375 791 ω,
400 740 618 780 omnem
638 738 969 794 exsuperans
998 723 1346 788 intellectum,
1375 731 1431 779 et
1451 739 1615 795 super
1633 722 1815 779 omnia

239 813 696 873 “labilis
718 828 962 879 manens,
987 812 1274 869 manifesta
1308 823 1392 870 est
1410 815 1502 870 Dei
1530 814 1733 885 regula,
1758 822 1817 868 ut

235 907 674 963 sum
699 907 767 963 de
790 905 901 962 Deo
928 906 1033 963 dici
1064 906 1449 978 intelligantur.
1483 906 1561 962 De
1589 906 1815 962 scientia

237 1013 454 1069 quoque
499 997 857 1055 manifestum
890 1006 973 1054 est
1014 1000 1140 1068 quia
1186 999 1240 1053 in
1294 996 1406 1054 Deo
1448 996 1818 1053 essentialiter

231 1087 399 1143 debet
441 1088 691 1159 intelligi,
720 1086 849 1158 quia
870 1103 982 1143 non
1004 1096 1090 1144 est
1118 1086 1194 1142 illi
1239 1087 1383 1141 aliud
1412 1100 1533 1142 esse
1574 1094 1632 1140 et
1671 1086 1815 1140 aliud

236 1176 415 1243 seire;
446 1177 542 1232 sed
572 1178 719 1247 quod
753 1176 829 1232 illi
853 1185 1099 1240 estesse,
1131 1177 1236 1232 hoc
1271 1176 1410 1232 seire
1432 1192 1447 1230 :
1472 1191 1572 1230 nec
1596 1175 1739 1229 aliud
1765 1175 1814 1230 ei

234 1264 442 1321 habere
476 1266 779 1330 scientiam,
810 1266 913 1321 nisi
954 1266 1127 1336 ipsum
1156 1280 1281 1321 esse
1319 1266 1601 1321 scientiam
1639 1265 1818 1321 :sicut

235 1355 469 1424 idipsum
494 1364 579 1410 est
603 1356 653 1411 ei
694 1356 1012 1426 sapientiam
1058 1357 1279 1422 habere,
1320 1357 1463 1425 quod
1497 1355 1815 1425 sapientiam

226 1459 376 1503 esse.
408 1444 599 1500 Utrum
639 1461 769 1502 vero
804 1447 944 1502 sicut
986 1447 1185 1502 dicitur
1212 1444 1353 1501 Deus
1386 1446 1819 1501 substantialiter

230 1534 482 1599 scientia,
530 1535 602 1589 ita
648 1534 813 1590 etiam
853 1534 1284 1591 substantialiter
1326 1535 1430 1591 dici
1460 1535 1634 1604 possit
1675 1548 1818 1603 prae-

230 1623 485 1689 scientia,
506 1622 710 1692 judicet
735 1625 1027 1681 secundum
1053 1626 1317 1681 rationem
1342 1634 1397 1680 et
1423 1608 1660 1696 regulam
1692 1623 1817 1680 ﬁdei

230 1714 326 1781 qui
355 1723 567 1783 potest;
600 1717 756 1773 nobis
783 1724 959 1772 tamen
984 1718 1195 1772 videtur
1222 1719 1362 1787 quod
1387 1719 1530 1774 sicut
1550 1719 1816 1774 veraciter

1914 556 2038 597 nem
2088 540 2205 605 Dei,
2252 540 2395 597 sicut
2438 540 2681 596 omnium
2730 541 3025 598 conditoris
3074 544 3363 615 etjudicls,
3411 546 3481 602 ad

1913 645 2077 701 opera
2100 645 2195 685 sua
2224 649 2238 684 :
2270 639 2417 686 recte
2441 630 2602 685 etiam
2624 638 2679 685 et
2705 631 2902 687 usitate
2934 633 3144 687 dicatur
3188 650 3309 690 esse
3345 650 3485 705 prae-

1913 718 2193 774 scientiam
2239 726 2296 773 et
2322 718 2849 789 prmdestinationem
2907 722 2961 775 in
3001 722 3134 787 Deo,
3194 722 3245 777 id
3299 733 3384 778 est
3426 724 3481 780 in

1912 817 2151 873 :eterna,
2203 808 2441 880 perlecta
2494 818 2549 863 et
2604 810 3027 867 incommutabili
3073 814 3296 869 scientia
3333 812 3484 883 ejus;

1913 913 2021 954 non
2051 909 2228 953 autem
2273 897 2545 962 inusitate,
2594 899 2679 954 vel
2726 915 2832 955 non
2880 902 3042 956 etiam
3077 912 3240 968 recte,
3272 902 3486 959 dicatur

1914 989 2082 1044 Deum
2112 988 2504 1058 praescientiam
2523 988 2607 1043 vel
2626 992 3150 1059 pnedestinationem
3180 1008 3320 1049 esse.
3344 994 3482 1063 Quia

1914 1079 2163 1133 videlicet
2189 1077 2412 1133 scientia
2429 1078 2545 1148 ejus
2566 1077 2631 1131 ad
2657 1094 2715 1133 se
2736 1079 2963 1146 dicitur;
2988 1082 3324 1151 prmscientia
3351 1098 3483 1139 vero

1912 1175 1968 1222 et
1991 1166 2390 1237 praedestinatio
2416 1169 2483 1221 ad
2511 1176 2787 1223 creaturas
2820 1168 3075 1225 refertur.
3120 1170 3273 1226 Unde
3316 1172 3369 1226 in
3395 1172 3485 1229 bis

1914 1256 2088 1326 magis
2114 1254 2231 1324 ejus
2259 1256 2523 1326 operatio,
2577 1271 2698 1326 qua:
2742 1258 2795 1312 in
2848 1259 2979 1328 ipsis
3014 1261 3097 1315 vel
3150 1276 3276 1333 erga
3342 1263 3489 1333 ipsas

1915 1356 2193 1402 creaturas
2225 1347 2423 1418 agitur,
2447 1362 2609 1417 quam
2635 1347 2754 1418 ejus
2774 1350 3008 1405 essentia
3048 1349 3131 1406 vel
3167 1334 3487 1415 substantia,

1916 1439 2335 1494 demonstratur.
2367 1437 2460 1493 Sic
2508 1454 2742 1508 namque
2788 1439 2986 1495 dicitur
3045 1442 3383 1513 przescientia
3434 1452 3494 1498 et

1916 1530 2315 1599 praedestinatio
2350 1530 2445 1585 Dei
2474 1529 2554 1585 vel
2588 1530 2642 1585 in
2668 1531 2799 1595 Deo,
2830 1526 2975 1587 sicut
3017 1534 3182 1587 etiam
3221 1533 3491 1589 ordinatio

1916 1621 2000 1675 vel
2021 1621 2304 1690 dispositio
2332 1620 2427 1676 Dei
2453 1621 2536 1675 vel
2564 1621 2616 1675 in
2652 1622 2762 1677 Deo
2789 1636 2804 1675 :
2830 1624 3098 1678 neminem
3148 1635 3325 1679 tamen
3376 1636 3490 1682 tam

1867 1735 1879 1746 ·
1918 1710 2151 1765 absurde
2174 1709 2260 1764 vel
2283 1710 2616 1765 contentiose
2647 1710 2882 1765 locutum
2909 1713 3234 1777 audivimus,
3260 1722 3318 1766 ut
3346 1714 3493 1769 dice-

225 1802 430 1856 dicitur
456 1804 523 1859 de
546 1804 695 1859 Deo:
719 1804 834 1861 Non
859 1815 948 1861 est
977 1807 1121 1862 aliud
1144 1807 1223 1862 illi
1251 1822 1373 1863 esse
1397 1816 1453 1863 et
1476 1806 1623 1863 aliud
1646 1809 1807 1873 scire,

1914 1813 2021 1868 ret,
2047 1803 2189 1858 sicut
2215 1801 2612 1857 ordinationem
2656 1812 2715 1857 et
2751 1802 3178 1873 dispositionem.
3205 1802 3301 1858 Dei
3349 1816 3489 1869 esse.

226 1906 338 1946 non
366 1892 438 1947 ita
464 1894 634 1962 possit
659 1894 764 1950 dici
795 1896 862 1951 de
899 1896 989 1951 illo
1019 1898 1120 1952 nisi
1144 1898 1225 1953 vel
1256 1900 1606 1964 mendaciter,
1629 1900 1711 1956 vel
1734 1901 1816 1955 ni-

229 1983 339 2037 mis
365 1985 603 2041 usitate:
627 1985 744 2041 Non
769 1996 852 2042 est
873 1987 1016 2043 aliud
1042 1989 1115 2043 illi
1139 2004 1257 2044 esse
1285 1999 1339 2045 et
1368 1991 1510 2045 aliud
1538 1993 1811 2062 prmseire.

226 2072 384 2139 Quod
417 2076 561 2129 enim
586 2088 737 2132 recte
778 2086 834 2133 et
861 2078 1056 2133 usitate
1081 2081 1250 2149 possit
1283 2081 1387 2136 dici
1426 2099 1439 2135 :
1465 2081 1606 2139 Deus
1635 2085 1811 2139 scien-

222 2166 304 2218 tia
337 2175 445 2227 est,
470 2167 609 2222 sicut
636 2178 782 2223 recte
802 2178 861 2223 et
887 2171 1088 2224 usitate
1112 2171 1311 2225 dicitur
1338 2189 1351 2225 :
1378 2172 1519 2227 Deus
1549 2173 1813 2244 sapientia

222 2263 335 2320 est,
366 2256 498 2311 nulli
520 2266 606 2312 est
647 2258 888 2313 dubium.
921 2259 991 2315 Ut
1015 2269 1196 2316 autem
1237 2260 1451 2317 dicatur
1476 2280 1489 2317 :
1514 2264 1655 2319 Deus
1678 2279 1815 2335 pra:-

223 2347 456 2402 scientia
484 2356 591 2413 est,
621 2349 762 2403 sicut
790 2348 904 2418 jam
939 2351 1192 2418 diximus,
1225 2360 1317 2406 aut
1357 2368 1462 2409 non
1492 2362 1576 2408 est
1602 2366 1811 2419 verum,

221 2444 326 2490 aut
349 2435 512 2491 nimis
529 2437 868 2493 inusitatum.

297 2524 508 2582 Similis
532 2529 675 2583 ratio
698 2537 784 2584 est
810 2529 893 2586 vel
920 2531 1082 2586 etiam
1106 2533 1294 2590 durior
1317 2536 1384 2591 de
1414 2552 1481 2593 eo
1508 2539 1650 2608 quod
1676 2538 1811 2593 dell-

224 2616 391 2680 nivit,
412 2616 535 2687 quia
557 2617 698 2672 Deus
720 2619 1134 2676 substantialiter
1150 2626 1540 2694 prtedestinatio
1561 2636 1657 2682 est.
1682 2629 1814 2696 Quis

220 2707 377 2760 enim
424 2722 659 2777 unquam
700 2708 767 2763 de
794 2710 907 2764 Deo
943 2711 1045 2766 dici
1081 2714 1286 2768 audivit
1317 2716 1459 2784 quod
1490 2732 1595 2772 non
1634 2718 1705 2772 sit
1738 2719 1814 2773 illi

228 2794 377 2849 aliud
404 2810 548 2861 esse,
590 2805 645 2850 et
682 2798 826 2853 aliud
863 2800 1286 2868 przedestinare;
1318 2805 1411 2859 sed
1441 2807 1581 2874 quod
1609 2807 1813 2877 praede-

222 2887 454 2950 stinare,
492 2888 596 2944 hoc
632 2904 774 2955 esse,
817 2891 958 2947 sicut
997 2908 1125 2949 vere
1152 2896 1218 2950 de
1244 2912 1310 2951 eo
1337 2898 1534 2952 dicitur
1558 2917 1571 2953 :
1594 2898 1707 2955 Non
1731 2911 1814 2955 est

226 2976 305 3035 illi
336 2977 482 3032 aliud
519 2994 640 3035 esse
668 2989 723 3034 et
758 2980 902 3036 aliud
928 2998 1034 3037 non
1063 2999 1213 3051 esse;
1246 2988 1340 3041 sed
1369 2989 1511 3057 quod
1540 3004 1682 3055 esse,
1712 2990 1813 3046 hoc

222 3086 411 3126 nosse.
462 3071 531 3127 Ut
557 3072 721 3127 etiam
756 3073 857 3130 hoc
906 3074 1207 3132 istiusmodi
1246 3092 1438 3134 vocum
1482 3081 1811 3138 novitatibus

1919 1892 1993 1946 ita
2058 1892 2231 1961 ipsum
2284 1891 2456 1948 Deum
2514 1892 2909 1948 ordinationem
2973 1902 3028 1948 et
3086 1893 3493 1964 dispositionem

1917 1995 2057 2047 esse,
2089 1980 2174 2035 vel
2200 1981 2274 2035 ita
2303 1981 2407 2036 dici
2429 1988 2486 2035 et
2513 1979 2723 2034 deliniri
2746 1980 2963 2035 debere.

1987 2070 2141 2126 Unde
2170 2080 2349 2125 autem
2386 2080 2494 2126 tota
2522 2071 2636 2125 lucc
2665 2079 2774 2124 tam
2801 2086 2937 2125 nova
2952 2081 3006 2126 et
3034 2074 3370 2128 contentiosa
3400 2076 3495 2130 de-

1918 2160 2091 2216 ﬁnitio
2119 2162 2459 2216 occasionem
2490 2161 2786 2230 sumpserit
2805 2162 3153 2216 manifestum
3182 2173 3284 2217 est.
3315 2164 3495 2219 Timet

1915 2251 2060 2304 enim
2090 2265 2157 2304 ne
2181 2251 2225 2304 si
2256 2249 2592 2319 praescientia
2624 2259 2678 2304 et
2698 2250 3122 2319 praedestinatio,
3161 2251 3300 2306 sicut
3327 2262 3487 2323 etgtr

1917 2340 2163 2395 bernatio
2196 2340 2314 2405 Dei,
2345 2355 2452 2394 non
2473 2339 2904 2394 substantialiter
2927 2342 2993 2394 de
3018 2342 3127 2395 Deo
3170 2342 3492 2411 accipiatur,

1916 2432 2010 2485 sed
2034 2432 2103 2485 ad
2130 2430 2527 2485 ordinationem
2556 2440 2929 2485 creaturarum
2958 2432 3075 2503 ejus
3100 2432 3379 2487 referenda
3410 2435 3494 2487 in-

1916 2523 2206 2593 telligatur,
2234 2537 2337 2577 non
2362 2522 2533 2592 possit
2560 2538 2681 2577 eam
2708 2524 2888 2577 dicere
2909 2524 3196 2593 duplicem,
3239 2526 3321 2580 vel
3371 2526 3494 2594 plu-

1919 2611 2048 2665 ralis
2074 2611 2285 2665 numeri
2312 2626 2432 2666 esse
2459 2626 2563 2665 non
2609 2625 2787 2680 posse.
2838 2610 2991 2666 Unde
3036 2614 3177 2682 apud
3207 2628 3304 2668 nos
3346 2614 3489 2666 nulla

1914 2701 2191 2754 contentio
2209 2710 2311 2764 est,
2331 2701 2443 2755 sive
2456 2700 2661 2755 scilicet
2683 2701 2892 2770 possint
2920 2700 3023 2756 dici
3050 2701 3333 2769 pluraliter
3353 2718 3490 2771 prac-

1918 2791 2325 2865 destinatiges,
2358 2792 2472 2845 sive
2498 2806 2602 2846 non
2630 2793 2857 2862 possint,
2900 2793 3187 2849 dummodo
3212 2794 3339 2849 illud
3362 2796 3491 2849 lide-

1917 2881 2041 2936 liter
2062 2892 2117 2936 et
2138 2883 2365 2937 ﬁrmiter
2396 2891 2693 2947 teneamus,
2724 2900 2830 2939 uno
2862 2894 3023 2954 atque
3069 2886 3257 2941 eodem
3293 2888 3491 2941 divina:

1912 2973 2269 3041 prazscientize
2315 2982 2370 3028 et
2390 2975 2878 3043 pmdestinationis
2896 2977 3100 3047 judicio
3122 2989 3283 3049 atque
3312 2983 3493 3035 conci-

1917 3063 1988 3118 lio
2011 3064 2115 3117 duo
2140 3063 2385 3133 quaedam
2429 3065 2729 3120 certissime
2776 3065 3143 3136 adimplenda,
3197 3070 3248 3123 id
3297 3081 3403 3136 est,
3438 3084 3495 3128 et

222 3162 410 3216 dicere
459 3162 862 3231 compellamur,
910 3165 1037 3235 quia
1081 3166 1223 3221 sicut
1264 3168 1406 3223 Deus
1438 3169 1661 3225 scientia
1702 3181 1809 3237 est,
1838 3127 2085 3221 Clusws
2126 3164 2343 3208 ωιθτηίθ
2402 3154 2585 3224 ειοτίίε
2631 3158 3047 3224 μνωοτάίηειοεν
3087 3167 3141 3214 ει
3174 3160 3387 3230 iniquos
3436 3164 3492 3217 in
3552 3154 3559 3163 ‘

222 3252 370 3307 Deus
390 3253 650 3322 sapientia
681 3264 782 3320 est,
812 3256 953 3310 Dens
983 3256 1184 3312 veritas
1203 3266 1309 3324 est,
1340 3258 1412 3313 ita
1439 3258 1582 3316 Deus
1606 3261 1811 3330 praede-

221 3345 455 3399 stinatio
482 3354 585 3399 est.
616 3344 724 3400 Sed
756 3347 912 3403 nobis
937 3348 1130 3403 melius
1150 3357 1207 3403 et
1235 3350 1645 3406 convenientius
1664 3366 1808 3407 verae

220 3435 352 3491 ﬁdei
376 3445 438 3491 et
471 3436 852 3493 ecdesiasticae
894 3438 1151 3495 doctrinae
1180 3440 1411 3506 videtur,
1441 3448 1501 3495 ut
1537 3440 1665 3497 licet
1692 3442 1809 3498 haec

223 3530 369 3599 apud
402 3545 499 3585 nos
531 3529 633 3583 tria
661 3544 782 3585 esse
819 3531 1123 3595 videantur,
1170 3531 1222 3587 id
1257 3540 1341 3588 est
1371 3532 1619 3599 scientia,
1665 3550 1806 3604 prm—

217 3622 453 3675 scientia
477 3631 534 3675 et
554 3621 973 3691 praedestinatio,
1000 3632 1055 3677 et
1079 3638 1144 3677 ea
1170 3624 1489 3692 quibusdam
1510 3627 1807 3696 proprieta-

218 3712 373 3765 tibus
418 3712 787 3766 discet-namus
818 3729 836 3765 :
874 3720 936 3766 nt
982 3713 1235 3768 videlicet
1285 3714 1511 3769 scientia
1564 3715 1808 3769 absolute

219 3801 455 3860 dicatur,
486 3802 823 3870 przescieutia
844 3816 973 3856 vero
998 3811 1053 3857 et
1080 3803 1478 3872 praedestinatio
1501 3804 1569 3858 ad
1596 3804 1806 3858 futuro-

215 3906 347 3943 rum
392 3890 787 3958 providentiam
826 3889 1133 3945 referantur
1171 3906 1187 3945 :
1229 3901 1285 3947 et
1326 3892 1378 3946 in
1422 3892 1554 3963 ipsis
1597 3893 1808 3949 duobus

213 3981 562 4049 praescierdia
581 3981 788 4036 scilicet
812 3980 865 4036 in
887 3982 1043 4036 bonis
1073 3992 1127 4038 et
1153 3983 1203 4038 in
1226 3983 1383 4039 malis
1404 3986 1807 4053 pramoscendis

215 4072 591 4143 intelligatur:
618 4074 1019 4142 prtedestinatio
1045 4084 1225 4129 autem
1254 4075 1305 4130 in
1340 4076 1469 4131 solis
1508 4078 1666 4133 bonis
1695 4089 1805 4132 sta-

216 4164 438 4217 tuendis
480 4172 643 4233 atque
671 4163 1006 4229 ordinandis,
1045 4179 1165 4233 quze
1189 4175 1476 4235 propterea
1513 4168 1591 4224 sic
1618 4168 1723 4224 dici
1748 4177 1805 4223 et

214 4250 480 4321 distingui
523 4250 885 4305 necessarium
930 4250 1049 4316 fuit,
1083 4260 1145 4306 ut
1186 4252 1361 4318 nobis,
1390 4256 1481 4324 qui
1534 4266 1802 4327 tempora-

207 4342 298 4397 les
321 4351 379 4395 et
404 4342 661 4398 mortales
682 4357 892 4408 sumus,
919 4352 976 4397 et
995 4343 1302 4414 plenissima
1332 4347 1558 4401 scientia
1582 4348 1638 4402 in
1664 4348 1797 4413 Deo,

201 4438 273 4484 ct
298 4428 620 4500 gubernatio
647 4428 764 4499 ejus
792 4432 860 4484 ad
901 4440 1177 4487 creaturas
1204 4432 1510 4489 distinctius
1538 4436 1799 4505 quodam-

207 4520 383 4575 modo
402 4519 494 4574 tali
518 4520 856 4575 distinctione
871 4521 969 4585 vel,
988 4522 1033 4577 si
1054 4522 1160 4577 dici
1181 4531 1381 4593 potest,
1400 4522 1810 4593 distributione,

202 4611 587 4664 insinuaretur
627 4620 684 4666 et
717 4612 1577 4671 commendareturzeommodius
1617 4626 1798 4673 tamen

202 4700 332 4754 hac
364 4699 468 4754 tria
496 4698 553 4754 in
587 4700 697 4756 Deo
724 4703 826 4757 sub
858 4718 965 4758 uno
1009 4704 1226 4759 nomine
1258 4705 1497 4761 scientize
1528 4706 1795 4779 intelliga-

199 4806 356 4854 mus,
398 4791 526 4862 quia
561 4792 823 4862 quidquid
860 4793 914 4847 in
944 4793 1028 4849 bis
1068 4794 1239 4851 tribus
1267 4811 1297 4850 a
1332 4796 1487 4852 nobis
1523 4806 1797 4869 utcunque

203 4880 532 4952 intelligitur
549 4890 605 4936 et
615 4881 863 4937 distincte
880 4884 1243 4954 cognoscitur,
1265 4885 1319 4940 in
1338 4885 1426 4941 illa
1447 4886 1566 4957 ejus
1584 4902 1796 4944 summa

198 4982 396 5030 et.una
418 4982 475 5029 et
499 4974 730 5045 simplici
757 4976 983 5032 scientia
1011 4976 1172 5032 simul
1199 4986 1299 5034 est.
1332 4978 1484 5033 Scire
1509 4979 1654 5034 enim
1677 4979 1797 5050 ejus

198 5063 516 5137 perfectum
556 5073 613 5121 et
653 5065 869 5136 plenum
892 5075 1000 5133 est,
1027 5082 1127 5123 nec
1153 5076 1329 5138 potest
1354 5068 1545 5135 minui,
1568 5069 1653 5124 vel
1694 5084 1795 5125 au-

196 5155 346 5227 geri,
373 5163 466 5210 aut
490 5156 669 5228 aliqua
701 5173 882 5213 rerum
912 5159 1176 5216 varietate
1216 5160 1533 5229 permutari.
1572 5160 1640 5215 Et
1677 5159 1798 5217 ideo

196 5245 357 5315 quod
378 5260 479 5300 nos
496 5246 562 5302 de
581 5247 805 5302 scientia
828 5264 857 5303 a
884 5250 1223 5318 praescientia
1248 5257 1305 5306 et
1328 5250 1800 5320 pmdestinatione

197 5333 329 5403 ejus
358 5334 508 5390 velut
551 5336 909 5393 discernendo
942 5352 1268 5409 cognoscere
1291 5353 1575 5405 conamur,
1605 5339 1659 5394 in
1683 5340 1802 5409 ejus

195 5424 454 5499 perfecta
475 5435 531 5481 et
560 5426 984 5483 incommutabili
1005 5429 1234 5485 scientia
1258 5446 1363 5486 non
1386 5430 1529 5487 aliud
1555 5438 1611 5486 et
1630 5431 1799 5497 aliud,

196 5525 307 5573 aut
352 5515 515 5573 aliter
544 5516 627 5573 vel
675 5516 856 5583 aliter,
900 5520 995 5574 sed
1044 5533 1153 5575 uno
1193 5528 1357 5591 atque
1404 5521 1593 5576 eodem
1640 5521 1799 5577 modo

195 5609 541 5667 eternaliter
564 5619 668 5666 est.
706 5609 858 5666 Unde
881 5619 937 5665 et
962 5619 1112 5667 recta
1144 5611 1514 5669 moderatione
1540 5612 1797 5669 ecclesia-

197 5699 364 5756 stica
384 5698 679 5769 disciplina
704 5700 1049 5756 observatum
1078 5715 1203 5756 esse
1227 5701 1522 5768 credimus,
1555 5713 1612 5757 ut
1646 5714 1795 5759 recte

1914 3243 2282 3313 impietatibus
2327 3245 2441 3299 suis
2495 3260 2668 3314 usque
2710 3248 2777 3301 ad
2824 3257 3054 3302 mortem
3084 3264 3494 3318 perseverantes

1911 3333 2127 3389 internis
2149 3334 2422 3404 suppliciis
2450 3335 2769 3391 destinatos.
2813 3336 3115 3408 Utrumque
3156 3342 3300 3396 enim
3346 3341 3493 3397 Scri-

1908 3437 2069 3495 ptura
2100 3426 2440 3495 apertissime
2487 3427 2617 3481 dicit
2675 3430 2741 3481 de
2785 3428 2949 3498 jnslis
2987 3447 3000 3480 :
3042 3430 3110 3484 Et
3154 3433 3489 3488 crediderunt

1909 3526 2158 3587 quotquot
2186 3525 2335 3569 erant
2362 3518 2703 3586 pra’ordiuati
2744 3520 2813 3571 ad
2844 3521 3002 3573 vitam
3048 3531 3300 3576 (sternam
3347 3524 3488 3594 (Act.

1912 3622 2032 3673 xm,
2090 3607 2215 3679 48);
2271 3608 2338 3661 de
2382 3608 2564 3677 impiis
2604 3606 2750 3675 juste
2795 3610 3118 3667 damnandis
3164 3629 3179 3667 :
3225 3612 3488 3669 Sustinuit

1908 3697 2049 3751 Deus
2072 3699 2126 3751 in
2154 3698 2319 3751 multa
2337 3700 2590 3767 patientia
2625 3716 2748 3752 vasa
2775 3700 2871 3754 im
2896 3711 3077 3770 aptata
3120 3702 3178 3757 in
3217 3688 3488 3760 interitum

1910 3789 2083 3861 (Rom.
2118 3806 2194 3855 Ix,
2226 3790 2338 3856 22).
2368 3789 2447 3844 lta
2473 3791 2615 3845 enim
2647 3792 2751 3845 hoc
2781 3802 3070 3861 utrumque
3102 3793 3157 3847 in
3184 3794 3390 3863 electis,
3432 3805 3490 3852 et

1909 3882 2152 3951 reprobis
2178 3895 2287 3935 uno
2312 3880 2611 3951 eodemque
2639 3881 2835 3936 divinae
2871 3883 3386 3952 praedestinationis,
3431 3896 3489 3942 et

1901 3970 2092 4041 iudicii
2121 3970 2313 4026 allecto
2330 3971 2661 4053 peragitur:
2693 3972 2835 4028 sicut
2872 3988 2981 4027 uno
3017 3976 3313 4046 eodemque
3355 3976 3489 4033 solis

1907 4060 2057 4115 radio
2085 4070 2142 4114 et
2169 4061 2285 4116 sani
2309 4060 2448 4117 oculi
2499 4070 2819 4132 vcgctantur
2870 4072 2927 4118 et
2968 4064 3205 4137 languidi
3256 4082 3487 4141 exaspe-

1905 4155 2129 4206 rantur':
2155 4152 2295 4207 sicut
2321 4153 2484 4206 etiam
2513 4169 2620 4208 uno
2668 4155 2968 4226 eodemque
3000 4157 3109 4228 igni
3148 4167 3203 4213 et
3227 4158 3387 4216 limus
3437 4161 3487 4216 ei

1869 4254 1873 4260 '
1902 4242 2177 4312 appositus
2198 4242 2451 4307 durescit,
2468 4251 2525 4297 et
2549 4259 2673 4298 cera
2698 4245 2946 4314 liquescit
2983 4266 2998 4301 :
3038 4248 3287 4320 dignetur
3320 4251 3489 4306 etiam

1902 4347 2215 4404 agnoscere,
2245 4333 2316 4387 ita
2349 4334 2415 4388 de
2448 4336 2921 4404 praedestinatione
2948 4338 3067 4405 Dei,
3096 4342 3236 4395 sicut
3260 4340 3328 4395 de
3370 4340 3489 4411 ejus

1896 4422 2104 4492 justitia
2129 4424 2490 4491 sentiendum,
2518 4440 2639 4495 quae
2662 4442 2785 4483 cum
2811 4430 2883 4484 sit
2901 4445 3027 4496 una,
3053 4440 3109 4485 et
3133 4445 3347 4501 semper
3378 4446 3489 4486 uno

1908 4515 2205 4584 eodemque
2229 4516 2389 4571 modo
2407 4530 2467 4572 se
2494 4516 2723 4584 habens,
2745 4518 3030 4575 manifeste
3057 4520 3323 4590 duplicem
3350 4522 3489 4577 reci-

1906 4604 1987 4675 pit
2014 4604 2474 4671 distributionem,
2497 4606 2624 4661 dum
2649 4623 2747 4677 per
2773 4623 2893 4663 eam
2921 4609 3005 4663 vel
3029 4610 3207 4680 dignis
3242 4611 3487 4680 praemia,

1905 4692 1988 4749 vel
2015 4693 2248 4764 indignis
2274 4694 2535 4765 supplicia
2567 4696 2893 4766 irrogantur.

1976 4784 2132 4842 Certe
2160 4787 2274 4857 ipse
2302 4788 2499 4844 asserit
2524 4789 2854 4845 voluntatem
2892 4789 2990 4847 Dei
3018 4790 3100 4847 vel
3128 4792 3182 4848 in
3213 4792 3355 4861 Deo,
3378 4795 3488 4852 sic-
3520 4857 3535 4871 ,

1904 4887 1967 4934 ιιι
2001 4879 2357 4949 sapientiam,
2404 4880 2545 4937 sicut
2596 4882 2913 4948 veritatem,
2961 4884 3324 4941 essentialiter
3358 4887 3487 4953 dici,

1904 4973 2048 5043 quod
2069 4973 2255 5043 utique
2278 4988 2467 5029 verum
2497 4981 2601 5029 est.
2639 4972 2775 5029 Nam
2805 4974 2910 5030 etsi
2941 4974 3148 5031 diceret
3173 4977 3343 5033 Deum
3364 4979 3491 5035 sub-

1903 5063 2233 5119 stantialiter
2259 5080 2379 5121 esse
2400 5065 2668 5136 justitiam
2688 5105 2706 5132 ,
2733 5065 3019 5122 verissime
3043 5069 3229 5139 utique
3262 5069 3487 5128 diceret.

1903 5154 2014 5211 Cur
2042 5156 2225 5226 itaque
2252 5156 2369 5213 haec
2392 5157 2500 5211 duo
2520 5172 2641 5227 qua:
2678 5158 3108 5215 substantialiter
3130 5161 3186 5217 in
3217 5161 3361 5229 Deo,
3404 5164 3489 5218 vel

1904 5248 2068 5304 etiam
2095 5249 2527 5305 substantialiter
2554 5250 2694 5305 Deus
2737 5264 2856 5307 esse
2886 5251 3159 5321 dicuntur,
3188 5252 3243 5311 id
3270 5264 3354 5312 est
3388 5270 3486 5310 vo.

1907 5337 2089 5395 luntas
2127 5339 2245 5409 ejus
2279 5348 2336 5395 et
2374 5340 2579 5401 veritas
2624 5340 2743 5411 ejus
2768 5342 3052 5413 pluraliter
3076 5346 3219 5403 dicta
3246 5347 3302 5403 in
3334 5346 3481 5403 Scri-

1905 5430 2081 5500 pturis
2120 5430 2403 5501 leguntur:
2435 5430 2587 5486 Sicut
2612 5434 2843 5490 habetur
2872 5435 2927 5490 in
2967 5435 3210 5504 Psalmo,
3239 5437 3357 5509 ipso
3383 5438 3488 5493 Do-

1904 5522 2052 5576 mino
2076 5520 2328 5576 dicente:
2379 5518 2679 5591 Miriﬁcavit
2725 5538 2902 5580 omnes
2941 5525 3229 5583 voluntates
3264 5543 3405 5585 meas
3428 5530 3487 5585 in

1902 5612 2011 5673 eis;
2036 5618 2089 5665 et
2134 5608 2261 5665 alibi
2288 5626 2300 5662 :
2338 5607 2520 5665 Inveni
2546 5610 2714 5668 Dauid
2733 5615 2906 5683 [ilium
2928 5615 3075 5671 leue
3099 5617 3267 5671 virum
3300 5633 3486 5672 secun-

1903 5703 2029 5757 dum
2072 5720 2162 5757 cor
2203 5722 2406 5773 meum,
2448 5708 2536 5776 qui
2580 5704 2742 5774 faciat
2774 5724 2952 5763 omnes
2991 5706 3279 5763 voluntates
3317 5724 3481 5763 meas.
