4050 6302
490 313 620 378 Hi,

1450 282 1453 285 ’
1521 296 1773 380 ,rwm
1814 293 2082 352 DlACONl
2118 290 2609 351 LUGDUNENSIS

3632 295 3743 351 ΗΞ

499 394 615 474 an;
641 414 869 489 legimus
914 412 968 467 in
1007 411 1214 482 psalmo
1256 424 1270 464 :
1315 409 1499 464 Justus
1529 407 1782 462 Dominus
1807 404 2054 475 jusiitias
2083 419 2131 478 Α
2158 382 2338 456 υιτιίηι
2368 400 2616 456 similiter
2638 399 2780 455 Deus
2806 396 3066 489 dicendus
3100 397 3173 454 sit
3195 397 3570 469 providentia,
3612 418 3743 473 qua:

477 506 681 563 cilext’t.
718 504 786 558 Et
815 502 1043 559 iterum:
1075 498 1334 573 Quoniam
1357 497 1639 553 deminuta:
1661 504 1781 577 sunt
1812 495 2055 549 veritates

478 613 513 650 α
536 593 665 664 ﬁliis
693 586 989 669 hominum.
1051 588 1120 669 Et
1163 586 1268 640 alio
1314 585 1470 639 loco:
1509 582 1783 648 Quoniam~
1819 582 2091 655 veritates.

479 683 696 755 requirit
717 664 992 739 Dominus.
1033 664 1117 732 Et
1141 692 1261 732 cum
1304 690 1409 729 non
1445 677 1516 729 sit
1543 674 1685 729 aliud
1717 673 1807 728 lux
1833 673 1923 727 Dei
1943 711 1961 736 ,
2003 681 2060 726 et
2089 724 2096 750 ί

480 773 684 828 veritas
713 760 830 835 Dei,
854 769 947 824 sed
977 781 1142 822 unum
1186 764 1522 834 simpliciter,
1556 771 1612 818 et
1650 763 1914 818 veraciter
1942 773 2061 817 cre-

482 864 644 919 datur
686 861 741 916 in
782 861 927 924 Deo,
956 866 1016 912 ut
1038 857 1179 926 quod
1211 863 1295 910 est
1320 855 1408 909 lux
1439 854 1565 918 Dei,
1598 853 1701 908 hoc
1746 854 1816 908 sit
1856 852 2061 906 veritas

481 938 605 1019 Dci,
634 962 690 1008 et
719 952 860 1021 quod
889 950 1090 1019 veritas
1108 987 1124 1014 ,
1162 948 1264 1002 hoc
1294 946 1406 1000 lux.
1453 945 1656 1000 Tamen
1683 959 1804 999 cum
1837 941 2063 998 Psalmi-

481 1036 567 1099 διὸ
599 1042 821 1097 dixisset
848 1056 863 1092 :
894 1037 1085 1092 Emitte
1118 1036 1285 1089 lucem
1316 1045 1482 1100 tuam,
1514 1044 1567 1089 et
1608 1035 1871 1088 veritatem
1892 1043 2062 1097 tuam,

487 1130 670 1187 statim
694 1126 901 1199 plurali
948 1140 1177 1181 numero
1222 1124 1496 1193 subjunxit
1535 1122 1699 1193 :Ipsa
1724 1138 1805 1177 me
1835 1122 2065 1175 deduxe-

484 1231 626 1286 runt,
660 1230 708 1275 et
749 1204 1086 1272 adduxerunt
1117 1216 1171 1269 in
1217 1224 1444 1269 montem
1482 1225 1719 1268 sanctum
1740 1223 1910 1278 tuum,
1937 1222 1984 1267 et
2009 1213 2066 1266 in

485 1290 821 1363 tabernacula
864 1295 988 1359 tua.
1029 1304 1139 1359 Cur
1187 1305 1324 1369 hoc,
1377 1302 1476 1357 nisi
1521 1302 1647 1372 quia
1692 1301 1963 1367 voluntas,
2011 1308 2105 1371 et.

480 1399 689 1471 justitia
713 1438 729 1464 ,
760 1404 817 1452 et
841 1396 1042 1452 veritas
1073 1393 1167 1449 Dei
1192 1434 1209 1460 ,
1239 1392 1362 1447 cum
1394 1394 1465 1447 sit
1497 1393 1548 1447 in
1578 1391 1694 1460 ejus
1719 1400 1946 1455 natura,
1975 1404 2069 1445 ve-

487 1490 688 1548 raciter
718 1504 827 1545 una
862 1498 918 1544 et
954 1487 1206 1558 simplex,
1257 1495 1436 1540 tamen
1475 1484 1853 1555 inlargitione
1891 1483 2065 1537 dono-

488 1598 609 1639 rum
636 1580 784 1650 ejus,
815 1580 930 1636 sive
962 1580 1015 1634 in
1044 1576 1393 1647 dispositione
1423 1584 1793 1630 creaturarum
1819 1572 1935 1641 ejus
1964 1588 2065 1628 no-

488 1670 575 1731 bis
593 1658 854 1741 eﬂiciatur
873 1668 1171 1739 multiplex,
1198 1668 1274 1721 ita
1311 1674 1365 1719 ut
1388 1666 1549 1720 etiam
1567 1663 1801 1734 Spiritus
1821 1672 2065 1728 sanctus,

2160 491 2346 569 utique
2377 491 2459 546 sic
2483 491 2576 546 Dei
2602 498 2718 556 est,
2745 498 2801 563 et
2827 489 2882 543 in
2916 488 3023 544 Deo
3041 528 3056 555 ,
3103 497 3161 544 ut
3193 491 3262 545 ad
3287 491 3744 561 gubernationem
3773 530 3777 535 ο

2160 576 2429 656 rcieratur
2468 594 2731 639 creatura:
2751 622 2767 650 ,
2811 583 2984 638 noluit
3012 582 3160 638 velut
3197 592 3404 641 temere
3436 584 3642 655 aliquid
3667 587 3750 641 de

2160 674 2263 729 bac
2307 687 2366 727 re
2409 674 2636 728 delinire
2661 690 2676 727 :
2707 672 2801 728 sed
2827 672 2974 728 velut
3001 673 3057 727 in
3090 688 3285 748 magna
3309 673 3657 742 diﬁicnltate,
3683 685 3748 731 et
3774 710 3779 717 ι

2092 831 2097 837 ,
2161 765 2424 834 angustiis
2463 760 2870 837 deprehensus,
2910 762 3102 818 maluit
3134 764 3380 819 eamdem
3411 763 3747 835 disputatio—

2161 871 2285 911 nem
2318 855 2693 911 admirationis
2735 864 2791 910 et
2821 854 3087 909 orationis
3128 854 3198 910 ad
3245 853 3418 911 Deum
3461 855 3747 911 exclama-

2165 947 2312 1003 tione
2335 948 2506 1002 tinire.
2543 947 2665 1018 Quo
2689 947 2938 1018 exemplo
2957 948 3124 1002 etiam
3157 961 3256 1003 nos
3294 962 3486 1004 omnes
3508 962 3753 1018 pensare

2162 1046 2218 1091 et
2236 1037 2417 1091 dicere
2462 1037 2720 1093 debemus
2760 1052 2923 1107 quant
2962 1037 3050 1108 pie
3094 1037 3342 1093 nobisde
3378 1037 3492 1095 Deo
3518 1038 3591 1093 sit
3619 1053 3752 1094 sen—

2102 1180 2103 1185 η
2164 1126 2403 1181 tiendum
2431 1144 2444 1179 :
2478 1140 2638 1195 quam
2657 1127 2931 1181 moderate
2947 1134 3003 1181 et
3025 1124 3366 1196 disciplinate
3383 1126 3753 1197 loquendum,

2165 1230 2330 1285 quam
2356 1225 2513 1270 caute
2532 1224 2591 1271 et
2620 1216 2824 1286 trepide
2849 1215 3231 1271 deﬁniendum.

2234 1307 2363 1362 Post
2406 1308 2523 1362 haec
2560 1306 2675 1376 jam
2720 1307 2898 1362 dictus
2926 1308 3227 1376 disputator
3266 1321 3419 1363 more
3460 1323 3565 1364 suo
3592 1308 3757 1364 velut

2166 1397 2471 1453 deﬁniendo
2493 1398 2766 1470 subjungit
2786 1416 2807 1452 :
2834 1398 2903 1452 Et
2925 1398 3310 1468 prteseientiam
3337 1408 3384 1454 et
3401 1400 3757 1469 praedestina-

2166 1491 2357 1547 tionem
2407 1504 2567 1542 unum
2615 1489 2855 1559 idemque
2882 1506 3017 1545 esse.
3048 1489 3167 1545 Nos
3205 1492 3757 1561 autem,rrepudiato

2165 1575 2326 1646 bujus
2383 1577 2637 1631 novitatis
2680 1592 2890 1644 errore,
2952 1589 3232 1635 teneamus
3280 1581 3641 1636 certissimam
3696 1590 3759 1635 es

2166 1665 2535 1720 ﬁrmissimam
2560 1665 2682 1721 ﬁdei
2707 1666 2962 1738 regulam,
2987 1675 3043 1723 et
3066 1667 3178 1724 Deo
3206 1667 3495 1737 adiuvante
3518 1670 3761 1726 ﬁdeliter

492 1765 586 1835 qui
611 1763 770 1818 unius
796 1768 851 1816 et
877 1757 1137 1828 simplicis
1163 1765 1247 1811 est
1272 1756 1324 1809 iu
1348 1747 1613 1809 Trinitate
1641 1768 1909 1824 person-.e,
1940 1767 2063 1822 pro-
2096 1760 2141 1820 Β
2167 1755 2540 1811 discernamus
2563 1758 2850 1826 aliquando
2875 1760 2980 1814 dici
3006 1761 3560 1832 praescientiam,qute
3571 1763 3755 1817 omni-

382 1892 393 1905 .
494 1862 617 1923 pter
662 1851 908 1906 eamdem
951 1849 1383 1903 distributionem
1432 1846 1694 1900 donorum
1724 1842 2067 1899 multiformis
2107 1916 2112 1921 θ
2165 1861 2237 1900 no
2263 1848 2663 1925 prndestinatio
2704 1862 2826 1903 esse
2880 1864 2989 1904 non
3020 1851 3192 1919 possit
3216 1868 3231 1906 :
3259 1853 3385 1922 quia
3408 1855 3767 1923 omnipotens

500 1943 676 2015 gratia
705 1940 801 1997 Dei
828 1949 882 1996 et
912 1947 1115 2009 septem
1141 1937 1374 2008 Spiritus
1408 1947 1746 2007 nuncupatur
1773 1936 1838 1989 οἳ
2110 1996 2117 2009 ι

568 2024 699 2100 Quae
745 2024 925 2087 omnia
974 2031 1174 2085 idcirco
1213 2028 1574 2099 replicamus,
1623 2037 1684 2101 ut
1728 2027 2071 2083 considerent

497 2126 593 2198 qui
620 2127 734 2182 luet:
761 2126 943 2196 legunt
971 2124 1173 2180 nullum
1200 2131 1504 2189 certamen,
1537 2124 1738 2182 nullam
1768 2126 2069 2180 contentio-

2168 1933 2310 2019 Detus
2341 1934 2482 1989 sicut
2505 1936 2670 2002 bona,
2699 1936 2781 1991 sic
2808 1936 2974 1991 etiam
3005 1938 3148 1993 mala
3166 1978 3182 2005 ,
3211 1939 3267 1995 id
3294 1947 3378 1995 est
3401 1949 3628 2009 peccata
3659 1940 3765 1995 hoc

2167 2024 2407 2091 minum,
2452 2025 2537 2080 vel
2578 2026 2891 2098 angelorum
2922 2026 3100 2083 futura
3135 2031 3406 2098 praescivit
3432 2041 3482 2085 θ.
3510 2031 3642 2098 Quae
3676 2039 3763 2086 ta-

500 2232 625 2272 uem
653 2230 772 2271 esse
798 2217 996 2271 debere
1025 2216 1091 2270 de
1124 2229 1382 2280 numero;
1426 2215 1538 2269 sive
1561 2214 1839 2284 pluraliter
1864 2217 2073 2286 praede-

500 2292 724 2361 stinatio
758 2304 854 2359 Dei
899 2304 1002 2359 dici
1049 2303 1222 2374 possit
1242 2291 1270 2369 ,’
1289 2304 1402 2359 sive
1443 2304 1621 2375 aliqua
1656 2305 1837 2360 veraci
1869 2305 2076 2360 ratione

507 2408 614 2449 non
642 2394 854 2463 possit,
895 2391 1187 2447 dummodo
1233 2391 1535 2448 certissime
1571 2402 1783 2448 constet
1810 2393 2076 2463 duplicem

504 2498 627 2539 esse
655 2482 773 2551 ejus
815 2480 1086 2547 ell‘ectum,
1121 2480 1206 2536 vel
1232 2482 1285 2538 in
1325 2470 1743 2538 electisscilicet
1768 2484 2075 2539 misericor-

502 2575 646 2628 diter
673 2572 1049 2644 praeordiuatis
1093 2573 1159 2626 ad
1205 2573 1373 2626 vitam
1400 2586 1416 2625 :
1445 2572 1528 2628 vel
1557 2573 1609 2627 in
1634 2574 1909 2643 reprobis,
1932 2574 2078 2644 juste

504 2664 888 2720 nmordiuatis
925 2663 991 2718 ad
1020 2678 1254 2734 pmnam.
1325 2663 1490 2719 Docet
1524 2664 1715 2719 beatus
1746 2665 2080 2737 Augustinus

510 2755 653 2810 sicut
686 2753 1010 2826 sapientiam
1033 2792 1050 2819 ,
1100 2753 1172 2807 ita
1201 2762 1256 2808 et
1282 2754 1621 2823 prudentiam
1640 2793 1657 2819 ,
1683 2753 1769 2808 vel
1796 2755 2080 2849 ssientiam

508 2844 722 2900 Domini
753 2852 899 2898 recte
925 2842 1028 2898 dici
1052 2882 1068 2909 ,
1102 2838 1422 2898 ltis'verbis:
1455 2841 1620 2915 [Quis
1646 2860 1776 2914 ergo
1804 2838 2080 2919 hominum

508 2941 691 3005 potest
730 2933 891 2988 istam
939 2933 1299 3004 sapientiam,
1354 2948 1459 3003 qua
1504 2934 1654 2989 novit
1695 2935 1838 2989 Deus
1878 2936 2078 3000 omnia,

509 3020 996 3094 comprehendere,
1024 3021 1180 3076 istam
1213 3022 1477 3091 (inquam)
1503 3022 1817 3092 sapientiam
1838 3024 2083 3079 eamdem

2110 2186 2119 2193 ⁵
2169 2129 2295 2169 men
2325 2124 2384 2168 ut
2426 2113 2652 2182 tierent,
2688 2116 2870 2186 justus
2897 2127 2953 2171 et
2987 2129 3199 2173 sanctus
3232 2121 3606 2189 prcdestinare
3651 2137 3773 2175 non

2169 2206 2360 2275 potuit.
2412 2203 2820 2261 Praedestinatio
2848 2217 3029 2261 autem
3066 2208 3186 2277 ejus
3209 2247 3225 2275 ,
3276 2209 3362 2265 vel
3389 2210 3456 2264 ad
3481 2211 3768 2265 conditio-

2122 2368 2126 2372 Δ
2172 2310 2297 2350 nem
2311 2303 2366 2350 et
2399 2296 2840 2366 gubernationem
2854 2298 3088 2367 pertinet
3104 2308 3499 2366 creaturarum,
3515 2302 3774 2371 quenti—

2120 2458 2127 2465 ο
2174 2380 2279 2455 que
2305 2387 2446 2441 bona
2467 2395 2524 2441 et
2552 2385 2700 2455 justa
2725 2396 2809 2443 est
2828 2427 2846 2454 ,
2893 2387 2979 2443 vel
3022 2391 3290 2460 praecipue
3332 2404 3400 2445 ae
3426 2391 3665 2446 maxime
3694 2392 3781 2445 ad
3824 2420 3835 2429 -

2175 2488 2339 2544 opera
2370 2473 2455 2529 vel
2494 2474 2697 2546 judicia
2727 2476 2877 2546 ejus,
2916 2491 3038 2546 quae
3066 2477 3178 2548 agit
3211 2477 3327 2533 sive
3350 2484 3573 2533 acturus
3598 2486 3685 2533 est
3710 2478 3781 2532 in

2120 2634 2128 2641 _
2177 2570 2425 2617 creatura
2479 2563 2730 2619 rationali
2755 2603 2772 2630 ,
2813 2565 3051 2635 angelica
3074 2566 3363 2633 videlicet,
3400 2576 3456 2622 et
3481 2568 3726 2623 humana
3758 2586 3776 2620 :
3832 2606 3835 2607 ν

2179 2654 2304 2708 dum
2328 2668 2396 2708 ex
2419 2653 2499 2708 eis
2521 2654 2658 2710 alios
2685 2670 2783 2732 per
2805 2656 3035 2726 gratiam
3058 2655 3350 2724 justilicat,
3374 2668 3430 2712 et
3462 2659 3777 2724 beatiﬁcat,

2178 2740 2314 2797 alios
2361 2757 2459 2812 per
2495 2743 2759 2814 justitiam
2801 2746 3003 2800 deserit
3041 2754 3097 2799 et
3143 2748 3467 2803 condemnat
3495 2766 3507 2801 :
3535 2748 3658 2818 quia
3711 2759 3795 2806 et.

2179 2847 2367 2888 eorum
2393 2833 2558 2902 bona,
2585 2835 2639 2890 id
2678 2844 2764 2891 est
2802 2846 3115 2891 sanctorum
3143 2838 3420 2894 hominum
3452 2848 3508 2894 et
3546 2849 3780 2893 sancto-

2183 2943 2305 2983 rum
2345 2928 2655 2998 angelorum
2681 2969 2698 2994 ,
2744 2928 2863 2999 ejus
2905 2940 3033 2985 sunt
3071 2930 3238 2996 dona,
3283 2932 3367 2987 vel
3413 2934 3629 3002 pmia
3664 2951 3679 2987 :
3710 2946 3784 2988 es

2189 3017 2416 3072 istorum
2439 3019 2601 3101 mala,
2633 3019 2684 3073 id
2709 3027 2794 3074 est
2844 3028 3044 3076 aeterna
3072 3021 3352 3090 supplicia,
3372 3022 3490 3091 ejus
3513 3031 3594 3078 est
3617 3024 3789 3093 jnste

507 3099 873 3185 prudentiam,
912 3109 1277 3185 eamdemque
1299 3110 1612 3174 scientiam;
1654 3110 2085 3181 quandoquidem
2113 3110 2159 3172 C
2188 3108 2371 3163 omnia
2401 3107 2734 3177 disponentis
2754 3109 2898 3179 justa
2926 3110 3179 3166 vindicta.
3227 3111 3295 3165 Et
3327 3113 3530 3169 idcirco
3564 3115 3789 3184 praede.
3844 3134 3850 3140 ·

512 3217 547 3257 a
591 3200 747 3257 nobis
782 3197 931 3267 nec
962 3198 1145 3255 uoStra
1190 3198 1725 3271 comprehenditur.]
1779 3199 1879 3256 Ubi
1921 3203 2085 3256 etiam

508 3301 637 3367 post
663 3291 838 3362 aliqua
886 3291 959 3346 ita
987 3290 1296 3361 subjuugit:
1334 3289 1435 3362 [Et
1478 3299 1730 3371 putamus
1769 3306 1867 3347 nos
1903 3302 2086 3371 utrum

512 3385 610 3441 Dei
639 3378 972 3455 providentia
1008 3382 1201 3437 eadem
1231 3380 1301 3435 sit
1331 3380 1590 3434 memoria
1618 3388 1673 3435 et
1701 3368 2087 3453 intellig-entia,

512 3474 609 3545 qui
636 3487 745 3528 non
772 3470 982 3545 singula
1007 3468 1292 3539 cogitando
1318 3467 1545 3537 aspicit,
1594 3468 1689 3524 sed
1721 3485 1826 3549 una
1865 3480 2090 3543 aeterna,

513 3556 1083 3648 immutabilipatque
1142 3559 1398 3615 inetl‘abili
1453 3561 1684 3645 visione~
1712 3564 2089 3647 complectitur
2142 3556 2145 3561 ’

514 3664 710 3713 cuncta
732 3693 751 3723 ,
782 3639 904 3725 qnaé
942 3652 1094 3721 novit
1140 3657 1287 3704 tanta
1324 3647 1530 3704 mentis
1569 3636 1884 3708 infirmitate
1928 3636 2087 3724 posse

515 3746 993 3820 comprehendere.
1031 3742 1090 3797 In
1132 3741 1234 3796 bac
1278 3740 1442 3812 igitur
1486 3740 1795 3799 diﬂicultate
1821 3752 1878 3800 et
1922 3760 2089 3816 angu-

517 3818 808 3897 stiisvlibet
854 3831 1160 3889 exclamare
1201 3831 1269 3885 ad
1319 3831 1488 3885 Deum
1529 3830 1712 3886 vivum
1740 3824 1761 3887 ἐ
1802 3818 2090 3903 Miriﬁeata

520 3929 642 4004 [al.,
668 3924 928 3981 Mirabilis
962 3920 1126 3995 facta]
1152 3930 1225 3976 est
1256 3921 1471 3995 scientia
1508 3931 1599 3976 tua
1626 3939 1818 4004 θέε-τηε,
1848 3924 2090 3988 invaluit,

520 3991 823 4086 nec'potero
858 4012 926 4067 ad
954 3991 1302 4082 ἑιιαηίωεαι.
1332 3991 1598 4077 ειιὶιγιιι,
1627 3991 1751 4085 (ἢῆ
1780 4014 1809 4053 ιι
1834 4013 1972 4069 Ecce
2000 4015 2094 4069 do-

521 4116 641 4162 ctor
671 4103 901 4160 eximius
931 4102 1126 4157 eximie
1153 4101 1219 4156 de
1241 4102 1352 4157 Deo
1380 4098 1703 4157 sentiens'et
1732 4103 1954 4174 loquens
1974 4119 2098 4160 con-

520 4195 755 4267 ﬁdenter
795 4190 933 4248 dixit
976 4191 1142 4247 Deum
1187 4205 1308 4246 esse
1355 4191 1727 4262 prudentiam,
1778 4194 2101 4254 conlitenter

524 4284 664 4341 dixit
683 4280 853 4340 Deum
881 4297 1004 4339 esse
1029 4281 1310 4338 scientiam
1348 4281 1484 4337 :‘ubi
1506 4292 1689 4338 autem
1716 4285 1864 4340 venit
1885 4287 1950 4341 ad
1974 4289 2099 4358 hoc,

2138 3267 2145 3275 _
2194 3198 2416 3254 stinatio
2460 3198 2576 3269 ejus
2618 3217 2818 3270 semper
2857 3204 2909 3256 in
2940 3201 3121 3266 bonis,
3166 3218 3379 3273 semper
3414 3205 3469 3260 in
3517 3207 3792 3276 operibus
3842 3246 3847 3249 -

2144 3356 2152 3365 ο
2196 3292 2307 3347 suis
2329 3331 2345 3356 ,
2394 3307 2514 3361 qua:
2543 3292 2597 3346 in
2626 3301 2875 3347 creatura
2902 3295 2997 3364 (ut
3032 3293 3235 3349 dictum
3266 3296 3384 3362 est)
3409 3296 3653 3351 rationali
3682 3299 3791 3352 vel

2197 3381 2643 3459 misericorditer,
2688 3382 2770 3436 vel
2806 3381 2952 3450 justc
2991 3391 3208 3438 exercet
3248 3398 3265 3437 :
3301 3385 3605 3455 accipienda
3662 3397 3783 3451 est,

2170 3540 2179 3549 η
2197 3491 2317 3547 quae
2344 3475 2456 3546 ipse
2482 3482 2539 3530 et
2562 3475 2994 3553 praedestirnndo
3020 3476 3293 3544 praescivit
3315 3517 3330 3545 ,
3360 3486 3416 3532 et
3440 3478 3791 3547 praesciendo

2197 3552 2528 3625 aeternaliter
2549 3552 2971 3638 prmdestinavit.
3001 3568 3149 3623 Unde
3172 3568 3516 3625 manifestum
3539 3580 3621 3625 est
3641 3584 3789 3639 pre-

2192 3659 2609 3737 destinationem
2641 3659 2736 3716 Dei
2776 3661 2893 3717 sine
2925 3662 3264 3731 pneseientia
3300 3678 3406 3717 non
3432 3679 3553 3719 esse
3587 3683 3600 3718 :
3627 3681 3784 3734 prae-

2157 3793 2160 3796 .
2195 3750 2478 3805 scientiam
2506 3765 2639 3806 vero
2660 3760 2717 3805 et
2755 3765 2878 3804 cum
2922 3751 3393 3820 prmdestiuatione
3415 3768 3539 3807 esse
3584 3755 3637 3807 in
3672 3754 3784 3809 bo-

2155 3905 2167 3915 ,7
2195 3841 2304 3908 nis,
2331 3850 2387 3897 et
2410 3840 2574 3913 justis
2601 3842 2853 3911 operibus
2882 3841 3005 3908 Dei,
3043 3849 3102 3897 et
3142 3842 3259 3898 sine
3303 3845 3791 3913 pnedestinatione

2198 3931 2254 3987 in
2306 3932 2461 3989 malis
2505 3932 2759 4004 operibus
2800 3931 3081 3989 hominum
3114 3943 3171 3989 et
3205 3934 3519 4005 angelorum
3560 3937 3784 4007 iniquo»

2160 4009 2175 4091 ξ
2202 4037 2345 4078 rum.

2277 4112 2432 4179 Quod
2461 4121 2632 4168 totum
2658 4113 2912 4185 praefatus
2934 4092 3119 4183 Pater,
3145 4119 3336 4174 beatus
3363 4118 3571 4174 scilicet
3597 4119 3786 4191 Augu-
3852 4128 3855 4129 '

2164 4176 2178 4265 ί
2207 4176 2408 4270 stiuus,
2438 4176 2752 4261 brevissime
2786 4207 2861 4261 ita
2906 4176 3142 4262 ostendit
3187 4208 3374 4264 dicens
3394 4208 3494 4278 (De
3520 4176 3784 4264 pm'e'u.

2174 4354 2179 4361 ,
2210 4294 2418 4363 Sanct.,
2442 4312 2558 4366 cap.
2583 4297 2672 4368 10)
2700 4313 2715 4350 :
2746 4296 2795 4369 [ει
2819 4297 3228 4355 Praedestinatio
3251 4308 3335 4355 est
3357 4300 3546 4371 gratiae
3573 4315 3787 4372 praepa-

1481 4415 1689 4473 ΝΟΤᾸΕ
1728 4418 2050 4476 DUVALLII
2089 4422 2426 4480 DOCTORIS
2464 4423 2842 4481 SORBONICI.

600 4545 630 4614 ξ
663 4531 782 4588 Hoc
823 4545 995 4614 usque
1019 4544 1139 4600 qua:
1165 4529 1360 4585 desunt
1398 4527 1453 4583 in
1490 4543 1593 4583 ms.
1630 4529 1750 4584 cod.
1793 4528 2019 4586 Theano
2045 4541 2100 4587 et
2128 4539 2177 4597 ι)
2276 4531 3414 4614 ¢_l.cgantet_relegantpulvinistaeapertatu
3428 4539 3784 4614 suicondem-

528 4604 588 4664 in
615 4603 909 4664 impressis.
1310 4646 1314 4652 .
1473 4644 1477 4647 .

605 4670 634 4715 ι’
662 4667 846 4727 Maluit
864 4669 1207 4742 Augustinus
1228 4668 1395 4742 Deum
1427 4667 1706 4742 scientiam
1732 4683 1893 4737 quam
1921 4672 2100 4742 pravi.

532 4744 771 4800 dentiam
802 4734 1001 4797 dicere.
1053 4739 1310 4810 Rationes
1357 4734 1635 4810 Augustini
1680 4734 1784 4810 non
1814 4734 2101 4810 proferun-

534 4824 646 4890 tur,
675 4812 758 4867 bu:
788 4822 965 4890 tamen
992 4819 1117 4864 sunt
1144 4826 1158 4861 :
1186 4808 1272 4863 vel
1294 4807 2100 4890 quiaprovidentiorespectum

534 4877 605 4937 a'd
636 4898 724 4937 res
748 4881 1100 4951 gurbernatas
1126 4878 1533 4951 complectitur,
1560 4879 1691 4932 .ubi'
1720 4877 1944 4951 scientia
1976 4880 2105 4951 sim-

534 4954 677 5022 plex,
707 4945 800 5022 est
824 4964 1004 5006 rerum
1051 4945 1291 5022 omnium
1333 4948 1566 5019 cognitio
1592 4964 1607 5013 ;
1638 4945 1738 5022 vel
1764 4949 1889 5016 quia
1928 4950 2100 5018 provi-

534 5016 739 5083 ileutia,
786 5020 841 5073 in
882 5026 1005 5072 actu
1036 5019 1294 5087 spectata,
1343 5016 1549 5087 mutum
1596 5026 1679 5070 est
1726 5016 1777 5070 in
1825 5016 2098 5087 tempore;

536 5090 763 5145 scientia
804 5102 936 5142 vero
960 5087 1029 5139 ab
1056 5084 1291 5150 aeterno;
1324 5085 1408 5140 vel
1449 5087 1574 5155 quia
1613 5084 1950 5154 providentia
1986 5103 2105 5155 qum
2134 5084 2137 5089 ’

537 5163 614 5240 ad
628 5157 1155 5240 praedestinationem
1178 5170 1351 5240 genus
1373 5171 1501 5240 esse
1519 5156 1747 5240 dicitur,
1787 5165 1871 5240 est
1897 5172 2106 5240 praepa—

536 5226 678 5284 ratio
702 5226 1018 5297 ,tnediorum
1054 5226 1131 5297 ad
1174 5226 1334 5297 linem
1364 5226 1600 5297 debitum
1646 5226 1760 5280 sive
1787 5226 2107 5297 uatttmledt,

538 5298 654 5352 sive
697 5294 1155 5364 'supe’rnaturalem
1188 5295 1564 5350 obtinendum:
1597 5296 1842 5364 quamvis
1867 5295 2110 5361 absolute

538 5313 654 5352 sive
697 5313 757 5353 su
799 5311 1155 5351 eruaturatem
1188 5311 1564 5350 ommennum:
1597 5311 1842 5364 quamvis
1867 5311 2107 5361 ausorute

537 5311 817 5437 loquencEr
834 5373 1059 5437 propter;
1080 5365 1365 5437 maximam
1397 5366 1779 5437 attributorum
1806 5364 2107 5437 divinorum

538 5433 946 5506 simplicitatem
966 5444 1020 5489 et
1046 5435 1422 5506 identitatem,
1443 5450 1548 5488 non
1596 5436 1775 5506 minus
1811 5433 1953 5488 Deus
1978 5435 2108 5506 dici

538 5503 711 5579 poséit
755 5504 1089 5579 providentia
1140 5520 1302 5576 quam
1353 5505 1615 5570 scientia;
1670 5505 1796 5579 hinc
1841 5511 1925 5558 est
1970 5503 2114 5579 quod

541 5573 773 5639 veteres
796 5576 957 5632 Deum
1011 5573 1173 5632 θείαν⁷
1204 5580 1433 5650 προνοὶαν
1474 5575 1832 5630 communiter
1876 5573 2115 5643 appella-

541 5660 690 5706 runt.

2203 4599 2475 4660 nationem
2503 4643 2519 4668 ,
2572 4599 2912 4676 dmni'impia
2946 4612 3045 4676 et“
3073 4599 3393 4676 intolerabili
3453 4606 3783 4676 blasphemia
3806 4599 3821 4608 ’

2167 4709 2176 4719 ι
2204 4682 2548 4746 peccatorum
2563 4675 2817 4746 omnium
2847 4673 3217 4746 causalitatem
3271 4673 3608 4731 Deoaudent
3631 4678 3787 4733 atlin-

2157 4804 2161 4809 ,
2204 4742 2331 4817 gere
2353 4761 2379 4817 :_
2408 4742 2772 4810 iniquitatem,
2801 4756 2962 4811 quam
2996 4744 3323 4817 rectissima
3352 4746 3551 4817 veritas
3579 4747 3789 4817 impro-

2204 4811 2319 4886 bat,
2350 4813 2605 4886 da_m_t_tare
2632 4819 2839 4881 potest,
2881 4826 2989 4866 non
3020 4811 3215 4867 facere.
3242 4842 3314 4853 --
3341 4816 3591 4885 AugusL,
3619 4811 3785 4886 epist.
3872 4864 3877 4875 .

2180 4878 2329 4945 ⁵105,
2362 4881 2428 4933 ad
2457 4878 2689 4935 Xistum.

2276 4950 2304 5021 ti
2333 4949 2608 5021 Omnium,
2632 4950 2688 5003 ni
2720 4947 2895 5014 fallor,
2924 4950 3131 5020 primus
3167 4951 3241 5005 ita
3259 4953 3787 5021 praedestinationem

2205 5019 2450 5090 deﬁnivit
2479 5018 2832 5089 Augustinus,
2866 5018 2945 5090 ιιιῖ
2962 5021 3143 5077 videre
3171 5018 3300 5077 licet
3330 5023 3398 5079 de
3426 5023 3790 5079 Prmdestiua-

2206 5089 2368 5161 tione;
2394 5101 2747 5161 sanctorumt
2774 5103 2893 5157 cap.
2934 5089 3022 5153 lt),
3052 5093 3373 5161 eodemque,
3403 5093 3609 5155 recidit.
3641 5095 3788 5161 quod

2162 5159 2399 5213 "scribit
2433 5158 2581 5212 libro
2621 5158 2688 5211 de
2721 5158 2865 5211 Bono
2893 5160 3327 5227 perseverantiae,
3357 5158 3407 5216 c.
3448 5161 3551 5215 ll:
3606 5158 3674 5215 ut
3693 5163 3787 5227 sit,

2189 5228 2535 5298 vprteparatio
2586 5227 2967 5298 beneﬁciorum
3000 5228 3126 5291 Dei,
3174 5244 3279 5298 qua
3322 5231 3626 5285 certissime
3655 5228 3789 5286 libe-

2190 5296 2400 5369 rantur
2422 5296 2726 5369 quicunque
2754 5297 3073 5369 liberantur,
3100 5310 3156 5352 et
3192 5296 3260 5369 de
3289 5299 3390 5353 hac
3416 5309 3679 5369 perpetuo
3702 5299 3788 5354 lo-

2213 5367 2396 5446 quitur
2422 5365 2749 5446 Augustinus
2769 5368 2978 5435 quoties
3004 5365 3620 5446 prQMstinationem_a
3648 5383 3789 5446 pree-

2212 5428 2344 5491 visis
2393 5428 2829 5519 meritisrt‘actam
2880 5428 3058 5519 negat.
3091 5435 3168 5490 Ex
3185 5453 3303 5519 quo
3332 5437 3531 5519 liquido
3577 5428 3792 5519 constat

2216 5520 2338 5560 eum
2368 5504 2438 5558 ab
2462 5503 2583 5557 aliis
2613 5502 2862 5559 Patrib'us
2904 5502 3127 5562 minime
3167 5502 3452 5562 dissentire
3500 5506 3793 5563 asserenti-

2217 5577 2317 5647 bus
2346 5576 2443 5647 nos
2463 5588 2530 5627 ex
2561 5588 2783 5647 operum
2814 5576 3594 5647 praediioneprmdestinatos;
3629 5583 3792 5647 agunt

2219 5645 2364 5699 enim
2398 5644 2460 5699 de
2511 5642 2976 5714 pnedestinatione
3012 5645 3079 5699 ad
3109 5642 3332 5716 gloriam
3362 5665 3374 5701 :
3406 5647 3497 5702 ubi
3534 5642 3792 5715 Augusti-
