4050 6302
239 340 336 397 117

1231 333 1434 390 LIBER
1470 332 1836 391 ADVERSUS
1865 328 2181 387 JOANNEM
2219 330 2519 386 SCOTUM.

237 469 323 514 tus
364 453 609 515 evacuari
654 451 956 506 nullatenus
1004 448 1176 520 possit
1204 463 1219 504 :
1244 449 1371 518 quid
1403 448 1506 503 sibi
1542 447 1656 501 vult
1694 447 1798 500 ista
1828 443 2271 519 Aoperatiouem
2302 442 2418 506 Dei,
2448 440 2649 510 utique-
2673 439 2728 493 in
2771 441 3200 509 creautriszquas
3222 451 3482 509 operatus

237 559 347 604 tam
390 558 754 615 supervacua,
795 541 879 597 vel
912 542 1075 597 etiam
1113 539 1344 594 mendax
1380 536 1807 608 argumentatio!

303 637 566 706 Sequitur
587 643 767 689 tamen
799 632 889 687 ille
914 642 970 686 et
998 630 1126 686 dicit
1158 648 1172 684 :
1201 629 1348 685 Sicut
1371 629 1504 682 duas
1533 628 1801 692 essentias,

234 727 539 797 sapientius,
570 724 845 786 scientias,
890 722 1099 776 virtutes
1138 729 1424 788 caeteraque
1469 717 1643 772 ontnia
1686 730 1805 786 qua:

233 816 300 871 de
328 815 438 870 Deo
481 814 746 879 dicuntur,
776 811 1050 882 geminari,
1078 810 1152 864 rel
1194 808 1449 877 triplicari
1466 848 1482 873 ,
1524 807 1598 861 uel
1627 805 1803 860 multi-

233 904 422 976 plicari
460 902 677 972 impium
715 910 831 955 est:
858 901 933 953 ita
975 897 1453 968 prwdestinationes
1493 896 1626 948 duas
1661 909 1805 947 asse-

236 1004 432 1048 rentem
482 1000 630 1045 reatu
680 991 959 1060 impietatis
996 988 1171 1059 ligari.
1219 986 1422 1054 Quibus
1473 984 1652 1040 verbis
1702 998 1803 1039 nos

236 1080 642 1151 respondemus,
671 1091 858 1131 verum
892 1077 1107 1147 quidem
1132 1090 1253 1131 esse
1280 1075 1403 1144 quia
1431 1074 1685 1137 essentia,
1715 1087 1805 1127 sa-

233 1170 470 1242 pientia,
511 1167 767 1232 scientia,
798 1167 1000 1230 virtus,
1028 1164 1244 1235 quando
1276 1163 1342 1218 de
1378 1164 1490 1219 Deo
1530 1162 1800 1225 dicuntur,

233 1262 321 1316 vel
367 1262 483 1331 ipse
508 1259 649 1313 Deus
686 1258 760 1313 ita
797 1257 1009 1322 dicitur,
1039 1266 1098 1310 ut
1132 1256 1246 1325 ipse
1281 1270 1402 1310 esse
1430 1253 1684 1315 essentia,
1712 1268 1802 1306 sa-

234 1347 753 1421 pientia,scieutia,
794 1347 966 1401 virtus
1008 1344 1359 1412 intelligatur,
1395 1358 1499 1397 non
1540 1350 1669 1397 sunt
1701 1341 1804 1395 ista

234 1438 462 1494 dicenda
488 1435 788 1507 pluraliter.
827 1434 964 1501 Quia
996 1435 1109 1503 ipsa
1145 1433 1380 1488 Trinitas
1406 1448 1513 1487 non
1557 1440 1671 1487 tres
1712 1446 1797 1487 es-

231 1526 444 1591 sentias,
473 1526 568 1581 sed
595 1539 698 1578 una
729 1524 964 1580 essentia
993 1532 1095 1589 est,
1125 1539 1225 1578 nec
1252 1532 1365 1577 tres
1386 1522 1685 1592 sapientiae,
1711 1521 1807 1576 sed

232 1633 340 1671 una
364 1615 657 1685 sapientia;
692 1630 793 1670 nec
828 1622 936 1669 tres
964 1613 1203 1668 scicntia:
1221 1652 1240 1677 ,
1271 1613 1367 1665 sed
1395 1627 1501 1665 una
1546 1611 1801 1676 scientia;

233 1723 336 1761 nec
364 1715 474 1760 tres
504 1706 758 1769 virtutes,
791 1706 885 1759 sed
912 1721 1015 1757 una
1049 1704 1238 1757 virtus.
1266 1703 1467 1757 Tamen
1496 1702 1713 1771 quando
1737 1703 1805 1756 ad

1907 542 2012 597 est,
2040 542 2097 588 et
2123 541 2266 587 recte
2309 532 2490 586 dicere
2533 544 2817 601 possumus
2841 531 3207 598 operationem
3247 545 3313 587 ex
3344 531 3479 597 Deo,

1904 623 2178 693 quoniam.
2208 622 2345 675 sicut
2360 619 2800 689 Apostolusdicit
2968 621 3099 690 ipso,
3123 630 3285 693 ειμι*
3308 622 3479 690 ipsum

1903 724 1952 768 et
1977 715 2030 766 in
2058 713 2170 781 ipso
2194 722 2312 765 sunt
2335 713 2531 766 omnia.
2560 711 2666 766 Sed
2694 711 2936 781 nunquid
2962 712 3315 768 recte-dicere
3350 726 3479 783 pos-

1904 816 2091 855 sumus
2132 800 2510 869 operationem
2543 800 2596 855 in
2628 800 3090 864 Doo,cumDeus
3137 800 3209 856 in.
3240 814 3299 856 se
3332 798 3479 855 nihil

1901 899 2191 960 operetur;
2218 890 2313 944 sed
2356 897 2513 944 extra
2536 890 2710 958 ipsum
2730 929 2745 953 ,
2785 889 2839 943 id
2877 897 2962 943 est
2987 897 3139 943 extra
3165 887 3282 958 ejus
3309 898 3473 944 natu-

1903 999 2051 1048 ram,
2082 982 2156 1037 sit
2188 981 2364 1037 omnis
2389 990 2670 1045 creatura,
2697 990 3162 1051 quam-operatus
3197 990 3281 1037 est
3323 989 3379 1036 et
3419 981 3475 1036 ln

1901 1087 2009 1142 qua
2050 1087 2220 1141 usque
2262 1074 2420 1125 modo
2461 1071 2763 1141 operatur?:
2793 1085 2915 1126 cum
2955 1079 3139 1126 tamen
3164 1071 3272 1126 alio
3315 1071 3477 1127 modo

1902 1161 2064 1215 etiam
2090 1161 2143 1215 in
2174 1159 2289 1229 ipso
2331 1160 2435 1215 dici
2467 1160 2636 1230 possit
2657 1174 2780 1215 esse
2821 1161 3251 1232 creatura,,quia
3290 1162 3477 1230 utique

1903 1250 1958 1307 in
1994 1249 2110 1316 ejus
2138 1250 2376 1321 potentia
2399 1260 2456 1306 et
2481 1248 2679 1305 virtute
2702 1250 3161 1316 subsistitxuude
3188 1252 3477 1325 Apostolus

1904 1341 1996 1406 ait,
2028 1343 2170 1411 quod
2208 1341 2320 1411 jam
2366 1342 2569 1397 dictum
2598 1351 2710 1406 est,
2740 1345 2863 1413 quia
2893 1345 2947 1396 in
2972 1344 3237 1413 ipsosunt-
3264 1347 3477 1409 omnia;

1903 1439 1960 1486 et
1989 1429 2043 1484 in
2089 1430 2195 1486 alio
2237 1429 2355 1485 loco
2385 1447 2398 1483 :
2434 1430 2501 1485 In
2528 1432 2638 1495 ipso
2662 1431 2800 1485 enim
2845 1432 3078 1497 vivimus,
3109 1442 3156 1487 et
3187 1448 3476 1499 movemur,

1904 1531 1953 1576 et
1978 1536 2158 1574 sumus
2186 1521 2324 1589 (Act.
2353 1535 2489 1584 xm,
2511 1520 2624 1590 28).
2650 1519 2782 1575 Cum
2811 1535 2939 1589 ergo
2968 1521 3110 1576 Deus
3150 1521 3203 1576 in
3243 1535 3301 1577 se
3338 1523 3474 1592 ipso,

1907 1610 1960 1665 id
2002 1618 2086 1665 est
2114 1610 2167 1663 in
2198 1609 2497 1664 substantia
2527 1623 2647 1671 sua,
2691 1608 2824 1663 nihil
2852 1619 3133 1679 operetur,
3176 1612 3272 1667 sed
3297 1611 3475 1667 omnis

1905 1698 2025 1767 ejus
2047 1699 2289 1770 Operatio
2318 1699 2370 1753 in
2400 1698 2681 1763 creaturis,
2708 1714 2827 1769 qua:
2861 1715 2965 1753 non
2994 1701 3233 1770 ejusdem
3259 1716 3382 1756 cum
3410 1716 3479 1756 eo

232 1800 502 1853 diversam
522 1798 927 1866 dispositionem
950 1796 1034 1852 vel
1058 1797 1420 1865 operationem
1443 1795 1541 1849 Dei
1564 1796 1633 1849 ad
1649 1810 1805 1850 crea-
1834 1802 1878 1861 Β
1907 1797 2112 1842 natura!
2142 1788 2225 1842 νει
2268 1788 2581 1843 substantia!
2625 1797 2780 1851 sunt.
2820 1789 3143 1860 ίηῑεηῖεθιυτ
3162 1830 3177 1855 9
3207 1792 3475 1859 quomodo

231 1897 383 1941 turas
429 1886 758 1952 referuntur,
788 1887 1068 1941 manifeste
1113 1886 1356 1955 quaedam
1402 1900 1471 1938 ex
1513 1884 1593 1939 eis
1636 1885 1799 1938 etiam

230 1975 515 2045 pluraliter
549 1984 605 2030 et
642 1975 1012 2043 multipliciter
1042 1974 1311 2039 dicuntur,
1342 1973 1481 2027 sicut
1503 1982 1585 2027 est
1626 1972 1752 2027 illud
1780 1988 1797 2022 :

231 2066 495 2131 Quoniam
540 2063 679 2118 Deus
718 2065 1055 2119 scientiarum
1083 2063 1338 2117 Dominus
1368 2060 1431 2131 (Ι
1465 2060 1593 2132 Reg.
1620 2078 1683 2128 ll,
1708 2062 1799 2131 3).

229 2159 297 2212 Et
324 2159 369 2212 si
399 2158 745 2212 scientiarum
775 2158 1052 2223 Dominus,
1082 2157 1265 2226 utique
1299 2170 1404 2209 non
1434 2155 1678 2219 alterius,
1708 2157 1802 2210 sed

227 2262 471 2299 suannn.
505 2245 782 2311 Quomodo
801 2260 929 2316 ergo
954 2245 1055 2300 hoc
1090 2244 1509 2311 intelligendum,
1547 2243 1650 2298 nisi
1677 2242 1801 2312 quia

228 2338 345 2406 ipsa
381 2336 624 2401 scientia,
650 2351 772 2406 qua:
792 2336 852 2393 in
878 2336 968 2391 illo
997 2335 1314 2390 naturaliter
1340 2350 1443 2388 una
1474 2343 1557 2389 est
1592 2344 1647 2389 et
1673 2335 1804 2389 sitn-

226 2428 375 2499 plex,
405 2426 592 2491 relata,
618 2436 677 2480 ut
703 2427 903 2481 dictum
932 2437 1043 2490 est,
1065 2425 1135 2480 ad
1170 2426 1571 2495 dispositionem
1598 2426 1684 2480 vel
1716 2441 1804 2480 or-

226 2519 561 2574 dinationem
594 2527 875 2583 creaturae,
908 2518 1062 2572 nobis
1105 2516 1334 2571 edicitur
1372 2517 1688 2587 multiplex?
1712 2518 1803 2572 Sic

228 2608 373 2661 Deus
415 2622 534 2660 esse
572 2606 741 2659 virtus
785 2607 1007 2669 dicitur,
1036 2615 1092 2660 et
1136 2614 1314 2658 tamen
1362 2606 1547 2659 eadem
1596 2607 1803 2660 ratione

226 2696 433 2749 dictum
462 2695 687 2761 legimus
710 2714 723 2747 :
752 2694 1042 2749 Narrantes
1065 2695 1245 2748 laudes
1266 2694 1498 2759 Domini,
1520 2706 1566 2748 et
1593 2697 1802 2750 virtutes

226 2787 343 2854 ejus
378 2783 550 2855 (Psal.
593 2801 815 2848 cxu'ttt,
846 2785 923 2855 2).
968 2786 1031 2838 Et
1073 2787 1211 2839 sicut
1250 2796 1396 2840 recte
1439 2786 1579 2841 Deus
1608 2787 1804 2840 dicitur

228 2878 429 2941 virtus,
460 2877 529 2929 ita
567 2887 711 2931 recte
740 2877 937 2933 dicitur
974 2877 1113 2931 idem
1142 2878 1283 2932 Deus
1322 2879 1561 2947 potentia
1583 2917 1597 2941 ,
1638 2886 1694 2931 et
1723 2888 1803 2931 ta-

225 2983 350 3020 men
400 2967 453 3019 in
501 2967 707 3036 psalmo
754 2968 1039 3022 canimus:
1088 2967 1218 3033 Quis
1265 2967 1503 3038 loquetur
1549 2970 1803 3038 potentias

222 3053 481 3107 Domini?
513 3051 881 3124 (Psal.cv,2.)
910 3053 967 3109 Si
993 3070 1121 3126 ergo
1144 3053 1286 3109 Deus
1322 3070 1425 3108 una
1447 3065 1531 3109 est.
1552 3056 1797 3120 scientia,

1904 1889 2051 1934 recte
2077 1879 2179 1933 dici
2205 1888 2383 1949 potest
2405 1877 2645 1947 operatio
2670 1878 2721 1932 in
2754 1878 2896 1933 Deo?
2925 1879 2989 1932 Et
3016 1879 3060 1933 si
3085 1893 3191 1933 non
3222 1888 3367 1935 recte
3395 1880 3476 1940 di-

1900 1971 2046 2026 citur
2070 1971 2313 2038 operatio
2342 1973 2394 2029 in
2415 1971 2542 2034 Deo,
2565 1981 2765 2040 quanto
2792 1972 2968 2026 minus
2993 1981 3140 2027 recte
3164 1972 3267 2027 dici
3300 1980 3479 2043 potest

1901 2058 2017 2127 ipse
2062 2059 2203 2113 Deus
2255 2059 2534 2129 operatio?
2587 2058 2903 2127 Quanquam
2948 2060 3087 2115 idem
3136 2062 3475 2131 omnipotens

1902 2146 2046 2202 Deus
2065 2149 2208 2202 sicut
2232 2149 2374 2216 apud
2402 2164 2462 2203 se
2483 2157 2539 2205 et
2567 2149 2619 2202 in
2644 2163 2704 2203 se
2727 2149 2907 2234 omnia
2941 2149 3197 2219 disponit,
3228 2151 3307 2206 sic
3331 2152 3473 2221 apud
3562 2170 3581 2191 ο

1902 2253 1963 2293 se
2001 2247 2057 2293 et
2098 2239 2150 2293 iu
2176 2254 2236 2295 se
2264 2240 2445 2295 omnia
2484 2248 2755 2309 operetur,
2786 2240 2910 2310 quia
2938 2248 2998 2293 ut
3034 2241 3147 2296 hac
3181 2250 3326 2313 agat,
3364 2257 3471 2295 non

1902 2340 2054 2387 extra
2079 2345 2139 2384 se
2160 2330 2344 2400 utique
2368 2333 2640 2403 egreditur
2658 2316 2759 2387 nec
2779 2347 2810 2385 a
2831 2348 2890 2387 se
2911 2333 3143 2397 excedit,
3159 2332 3313 2402 cujus
3339 2331 3475 2389 velle

1901 2418 2095 2475 fecisse
2121 2430 2204 2476 est
2229 2437 2244 2474 :
2275 2423 2370 2476 sed
2399 2422 2512 2491 ipsa
2535 2421 2715 2490 potius
2750 2437 2871 2491 qua:
2912 2430 3199 2490 operatur,
3224 2431 3381 2477 vocat
3405 2422 3472 2477 ad

1900 2523 1981 2572 se,
2014 2520 2073 2563 ut
2099 2525 2166 2564 ex
2190 2523 2285 2573 eo,
2314 2510 2406 2578 qui
2433 2523 2641 2565 summe
2667 2520 2781 2575 est,
2825 2511 3093 2580 accipiant
3117 2525 3239 2567 esse
3264 2511 3473 2582 singula

1894 2598 2049 2668 juxta
2097 2600 2312 2654 modum
2357 2616 2545 2667 suum;
2571 2611 2628 2657 et
2670 2601 2767 2655 iiat
2808 2601 2953 2670 quod
2993 2602 3279 2670 Apostolus
3303 2603 3470 2658 dicit:
3510 2608 3514 2614 “

1905 2691 2008 2757 Qui
2036 2703 2181 2745 vocat
2206 2710 2269 2746 ea
2295 2710 2411 2760 qua:
2442 2710 2545 2747 non
2583 2703 2704 2748 sunt
2746 2705 2995 2765 tanquam
3020 2712 3136 2765 qua:
3169 2696 3273 2749 sint
3294 2695 3469 2766 (Rom.

1904 2797 1980 2846 tv,
2014 2783 2119 2851 l7).
2152 2782 2294 2853 Ergo
2329 2799 2502 2853 neque
2545 2784 2746 2854 aliquid
2788 2795 2940 2839 extra
2980 2801 3040 2840 se
3078 2796 3350 2855 operatur,
3379 2788 3470 2856 qui

1904 2872 2017 2926 sola
2038 2862 2318 2928 et'mterna
2342 2876 2638 2939 voluntate,
2660 2875 2864 2945 absque
2887 2876 2994 2931 ullo
3021 2886 3240 2941 conatu,
3270 2877 3472 2946 absque

1905 2961 2013 3014 ullo
2056 2962 2275 3027 labore,
2305 2963 2506 3031 absque
2534 2963 2642 3018 ullo
2670 2964 2900 3020 artiﬁcio
2919 3004 2935 3030 ,
2966 2958 3149 3020 omnia
3192 2976 3468 3036 operatur.
3524 2950 3525 2953 η

1904 3048 2013 3104 Nec
2050 3051 2243 3105 iterum
2274 3052 2478 3121 aliquid
2513 3053 2565 3106 in
2591 3068 2651 3108 se
2683 3063 2956 3124 operatur,
2989 3055 3080 3123 qui
3127 3054 3181 3109 in
3212 3070 3320 3111 suae
3349 3056 3477 3110 sub-

223 3161 335 3198 una
366 3144 558 3209 virtus,
590 3160 698 3198 una
738 3146 1006 3214 potentia;
1040 3155 1094 3201 et
1138 3155 1316 3200 tamen
1338 3144 1492 3214 juxta
1520 3146 1798 3201 veritatem
1826 3146 1873 3208 (ζ
1903 3140 2115 3194 stantia:
2158 3140 2484 3211 perfectione
2522 3151 2582 3197 et
2622 3144 2922 3198 aeternitate
2951 3144 3081 3197 nihil
3121 3143 3309 3209 elIicit,
3340 3145 3474 3199 nihil

219 3245 281 3289 et
310 3235 685 3289 auctoritatem
709 3233 1002 3304 Scriptura:
1027 3235 1198 3305 ipsius
1224 3235 1316 3290 Dei
1358 3246 1505 3291 recte
1545 3236 1796 3301 dicimus,

222 3342 458 3381 numero
479 3326 674 3396 plurali
707 3337 867 3396 atque
895 3326 1171 3395 multiplici
1194 3367 1209 3392 ,
1237 3326 1573 3381 scientiarum
1610 3324 1797 3379 Domi-

218 3433 354 3478 nus,
384 3425 439 3470 et
478 3417 743 3485 potentias
773 3417 1016 3483 Domini,
1046 3425 1102 3471 et
1144 3417 1355 3470 virtutes
1395 3415 1540 3485 ejus,
1571 3431 1668 3469 cur
1695 3415 1799 3469 hoc

218 3506 450 3575 impium
478 3521 596 3560 esse
624 3505 725 3560 iste
769 3505 1069 3575 disputator
1104 3504 1254 3568 dicit,
1283 3504 1424 3574 quod
1455 3519 1521 3558 ex
1552 3504 1798 3559 veritatis

215 3605 277 3648 et
302 3594 520 3664 pietatis
551 3594 696 3649 l'onte
734 3595 1012 3662 procedit?
1046 3594 1103 3650 Si
1134 3603 1312 3649 autem
1352 3595 1451 3649 ista
1479 3610 1597 3662 qua:
1627 3595 1793 3648 veris-

212 3685 359 3739 sime
386 3683 813 3738 substantialiter
833 3684 884 3737 in
907 3685 1016 3739 Deo
1047 3693 1194 3750 sunt,
1221 3699 1327 3738 non
1359 3683 1542 3752 impie,
1568 3684 1662 3737 sed
1686 3684 1795 3751 pie,

212 3776 518 3830 secundum
545 3774 827 3843 quemdam
862 3777 1075 3830 modum
1103 3775 1264 3829 etiam
1293 3775 1569 3844 pluraliter
1590 3776 1655 3828 de
1690 3775 1799 3828 Deo

211 3866 498 3927 dicuntur,
525 3864 793 3933 quomodo
818 3873 969 3920 reatu
1000 3865 1291 3936 impietatis
1317 3864 1514 3933 ligatur
1538 3865 1629 3934 qui
1656 3880 1793 3933 prte-

208 3954 638 4009 destinationem
682 3952 778 4008 Dei
811 3954 997 4010 eadem
1030 3954 1255 4019 ratione,
1284 3962 1503 4023 propter
1533 3954 1797 4024 duplicem

208 4040 335 4110 ejus
364 4040 729 4107 ellicientiam,
765 4042 1041 4112 pluraliter
1068 4044 1245 4098 dicere
1276 4043 1535 4098 voluerit?
1561 4042 1693 4098 Cum
1724 4052 1798 4097 ta-

208 4149 344 4189 men
375 4134 482 4189 hoc
523 4148 622 4189 nos
650 4148 751 4190 nec
778 4145 997 4205 propter
1032 4135 1273 4190 eamdem
1310 4134 1798 4204 pmdestiuatiouis

202 4225 508 4280 verissime
537 4225 802 4296 duplicem
830 4226 1168 4282 ellicientiam
1211 4243 1549 4298 respuamus,
1576 4243 1678 4282 nec
1703 4244 1794 4282 us-

207 4331 546 4387 quequaque
580 4319 885 4373 necessario
923 4320 1025 4374 dici
1064 4321 1477 4375 existimemus:
1507 4335 1627 4373 cum
1657 4320 1798 4374 sicut

206 4420 330 4461 una
356 4406 457 4461 Dei
479 4405 710 4476 justitia,
745 4409 815 4462 ita
843 4418 897 4464 et
928 4426 1030 4463 una
1062 4410 1154 4464 Dei
1180 4410 1578 4480 prmdestiuatio
1612 4410 1794 4464 multi-

202 4495 441 4567 pliciter
460 4497 662 4564 valere,
691 4500 991 4554 certissime
1026 4499 1367 4569 intelligenda
1397 4499 1484 4554 sit.

280 4588 585 4660 Subiungit
606 4588 693 4645 ille
712 4597 768 4645 et
792 4591 920 4644 dicit
944 4608 957 4644 :
982 4589 1028 4645 U
1033 4607 1252 4661 namque
1277 4607 1385 4645 esse
1412 4590 1640 4644 divinam
1660 4606 1796 4659 pra:-

200 4678 647 4744 destittationem,
679 4679 813 4732 sicut
855 4695 1014 4733 unam
1042 4680 1269 4733 divinant
1296 4680 1676 4748 operationem,
1705 4697 1797 4733 sa-

195 4767 507 4841 pientiam,
531 4767 877 4823 substantiam
905 4768 1237 4823 voluntatem.
1285 4770 1342 4824 lu
1392 4770 1586 4840 quibus
1619 4771 1799 4826 verbis

195 4856 330 4916 hoc
362 4870 523 4929 agere
547 4865 774 4912 conatur
793 4857 933 4927 quod
961 4867 1016 4913 et
1041 4874 1224 4928 supra,
1269 4859 1517 4915 videlicet
1542 4869 1618 4925 ut,
1661 4861 1802 4915 sicut

190 4943 653 5005 substantialiter
706 4944 847 4999 Deus
893 4954 976 5000 est
1025 4946 1320 5016 sapientia,
1376 4948 1801 5004 substantialiter

197 5031 498 5098 voluntas,
525 5040 582 5088 et
619 5034 733 5104 ipse
759 5042 839 5089 est
867 5049 1077 5089 summa
1107 5034 1426 5099 substantia,
1462 5036 1536 5088 ita
1560 5036 1801 5111 creditur

222 5123 370 5181 dem
413 5122 558 5178 Deus
587 5136 706 5180 esse
753 5122 1153 5193 pmdestinatio
1176 5132 1233 5179 et
1277 5124 1538 5193 operatio.
1585 5122 1692 5179 Sed
1735 5124 1803 5179 de

180 5212 699 5289 ρι’ωὐοειὶηθιὶοιιθ
736 5212 851 5283 jam
896 5212 1261 5283 multipliciter
1284 5213 1627 5279 ostendimus
1670 5213 1799 5284 quid

178 5320 322 5366 nos
345 5304 524 5376 magis
557 5304 895 5359 sentiendum
934 5318 1056 5359 esse
1100 5312 1393 5359 teneamus.
1424 5303 1497 5359 De
1538 5319 1641 5359 una
1670 5319 1800 5361 vero

169 5392 540 5465 operatione
566 5392 657 5447 Dei
693 5408 852 5463 quam
879 5392 967 5447 hic
995 5393 1163 5459 addit,
1197 5393 1269 5448 ita
1296 5402 1389 5460 ut,
1417 5403 1673 5465 quantum
1705 5408 1799 5463 ap-

166 5493 397 5561 paret,
424 5485 795 5554 operationem
824 5482 939 5550 Dei,
974 5486 1146 5557 ipsqu
1178 5486 1346 5540 Deum
1383 5487 1512 5541 velit
1538 5486 1795 5558 intelligi,

164 5574 513 5646 diligenter
537 5575 799 5631 consider.
822 5576 984 5630 ndmn
1027 5584 1111 5632 est
1153 5576 1281 5645 quid
1313 5576 1379 5631 de
1418 5578 1520 5631 hac
1550 5592 1608 5632 re
1643 5576 1795 5646 juxta

162 5667 466 5737 regulam
501 5666 622 5733 ﬁdei
668 5665 1001 5723 sentiendqu
1053 5668 1139 5724 sit.
1191 5667 1355 5726 Recte
1397 5668 1538 5723 enim
1570 5668 1799 5727 dicimus

1901 3240 2081 3301 auget,
2116 3232 2248 3285 nihil
2282 3233 2511 3299 minuit,
2558 3234 2692 3288 nihil
2731 3244 2920 3290 mutat.
2955 3235 3064 3291 Nec
3105 3244 3317 3303 tamen,
3344 3239 3467 3307 quia

1899 3320 2015 3392 ejus
2037 3322 2171 3376 velle
2196 3323 2387 3377 fecisse
2412 3332 2496 3379 est
2518 3342 2532 3377 :
2562 3325 2681 3379 ideo
2703 3326 2820 3395 ejus
2851 3325 2986 3381 velle
3009 3336 3063 3380 et
3087 3325 3280 3383 fecisse
3306 3343 3468 3381 unum

1899 3426 2001 3474 est.
2037 3417 2172 3484 Quia
2200 3419 2252 3472 in
2282 3419 2385 3473 hoc
2424 3435 2530 3475 non
2560 3419 2851 3481 Creatoris,
2878 3430 2932 3476 et
2964 3430 3226 3478 creatum
3266 3422 3473 3493 signiti-

1899 3516 2056 3563 catur
2084 3508 2281 3572 unitas,
2306 3509 2400 3563 sed
2428 3510 2595 3566 solius
2623 3511 2895 3567 Creatoris
2915 3521 3171 3582 potestas.

1970 3598 2248 3665 Quomodo
2278 3600 2441 3669 igitur
2467 3600 2709 3668 operatio
2752 3601 2806 3653 iu
2856 3601 2988 3663 Deo,
3041 3600 3126 3655 vel
3175 3601 3289 3670 ipse
3330 3601 3473 3657 Deus

1899 3688 2325 3744 substantialiter
2364 3690 2448 3759 (ut
2476 3690 2579 3744 iste
2601 3691 2816 3757 asserit)
2846 3690 3089 3757 operatio
3119 3691 3338 3763 intelligi
3366 3708 3466 3760 po-

1897 3779 2035 3832 test?
2068 3779 2179 3855 nisi
2211 3779 2347 3832 forte
2381 3793 2446 3833 eo
2474 3779 2630 3832 modo
2664 3780 2873 3833 dicatur
2900 3780 3037 3833 Deus
3067 3780 3329 3848 operatio,
3366 3796 3471 3836 non

1898 3867 2038 3937 quod
2067 3868 2236 3934 ipsum
2268 3867 2349 3921 vel
2371 3867 2425 3921 in
2450 3868 2564 3936 ipso
2585 3867 2813 3936 aliquis,
2846 3868 2941 3921 sed
2981 3868 3093 3937 ipse
3116 3869 3296 3923 omnia
3340 3886 3471 3939 ope-

1899 3966 2067 4013 retur.
2082 3958 2326 4029 Sedquia
2352 3959 2456 4013 hoc
2476 3958 2637 4015 nimis
2656 3966 2741 4012 est
2764 3958 3095 4022 inusitatum,
3121 3974 3221 4014 nec
3240 3960 3307 4015 de
3329 3958 3476 4014 Scri—

1899 4061 2070 4117 ptura:
2108 4058 2307 4105 sanetae
2352 4050 2673 4105 auctoritate
2720 4059 3013 4118 sumptum,
3045 4058 3100 4105 et
3127 4051 3473 4106 vehementer

1900 4139 2020 4194 ﬁdei
2048 4139 2405 4208 periculosum
2436 4157 2450 4193 :
2481 4155 2550 4194 ne
2581 4139 2747 4205 forte,
2769 4155 2893 4194 cum
2921 4139 3063 4194 Deus
3086 4141 3327 4210 operatio
3351 4156 3475 4196 esse

1898 4229 2288 4300 dicitur,juxta
2320 4231 2541 4300 impium
2580 4231 2899 4287 Arianorum
2927 4247 3169 4287 errorem
3194 4273 3212 4297 ,
3239 4234 3329 4302 qui
3373 4235 3476 4288 hoc

1899 4321 1966 4375 de
1994 4321 2130 4374 Filio
2151 4330 2207 4375 et
2234 4320 2437 4389 Spiritu
2463 4330 2652 4376 sancto
2677 4330 2981 4388 senserunt,
3004 4322 3073 4378 ab
3094 4323 3272 4392 aliquo
3295 4322 3473 4379 iactus

1900 4425 2020 4464 esse
2055 4408 2307 4464 credatur
2341 4427 2354 4463 :
2384 4409 2626 4479 profecto
2651 4411 2949 4466 cohibenda
2975 4420 3031 4466 et
3051 4414 3351 4471 coercenda
3392 4422 3477 4466 est

1823 4480 1877 4539 Ῑ)
1904 4506 2062 4552 tanta:
2098 4497 2441 4553 verbositatis
2473 4501 2851 4570 pmsumptio,
2879 4509 2934 4555 et
2958 4501 3100 4557 inter
3127 4510 3351 4557 caeteras
3392 4519 3473 4555 vo-

1898 4604 2017 4642 cum
2041 4588 2291 4643 novitates
2307 4628 2322 4652 ,
2357 4587 2496 4647 sicut
2514 4590 2870 4647 attentissime
2893 4590 3143 4649 admonet
3158 4590 3471 4670 Apostolus,

1896 4677 2173 4734 devitanda
2210 4675 2264 4747 (1
2291 4676 2424 4731 Tini.
2454 4693 2528 4740 rt,
2573 4678 2686 4747 20).
2724 4679 2791 4733 Et
2820 4687 2998 4733 tamen
3046 4694 3176 4746 nos,
3218 4680 3308 4753 qui
3338 4680 3483 4745 sim-7

1898 4767 2110 4837 pliciter
2132 4767 2365 4821 divinam
2388 4771 2757 4837 operationem
2796 4770 2849 4823 in
2882 4769 3135 4845 operibus
3167 4777 3224 4825 et
3260 4780 3473 4827 creatu-

1901 4857 1979 4912 ris
2001 4855 2117 4925 ejus
2144 4856 2488 4926 intelligimus
2504 4897 2521 4924 ,
2545 4858 2714 4929 ipsam
2740 4858 2858 4929 ejus
2885 4858 3251 4928 operationem
3277 4860 3468 4931 plurali

1902 4960 2127 5001 numero
2170 4945 2223 4998 in
2278 4932 2571 5019 Scripturis
2610 4947 2844 5021 positam
2893 4946 3118 5017 legimus
3142 4989 3157 5013 ,
3188 4949 3471 5005 manifeste

1899 5036 2156 5105 Apostolo
2184 5037 2396 5097 dicente
2440 5055 2453 5091 :
2498 5037 2790 5099 Diuisioues
2832 5054 2953 5094 vero
2993 5043 3284 5110 gratiarum
3325 5054 3466 5110 sunt,

1897 5125 2041 5201 idem
2060 5142 2176 5180 vero
2204 5127 2419 5196 spiritus
2442 5144 2462 5192 ,'
2489 5136 2537 5183 et
2566 5128 2844 5185 divisiones
2863 5129 3305 5186 ministrationum
3325 5143 3468 5198 sunt,

1896 5216 2036 5271 idem
2058 5228 2231 5272 autem
2252 5218 2507 5279 Dominus
2531 5234 2551 5283 ;
2595 5227 2643 5273 et
2659 5218 2940 5274 divisiones
2958 5223 3315 5290 Operationum
3326 5234 3469 5287 sunt,

1900 5307 2037 5361 idem
2089 5324 2207 5363 vero
2263 5307 2424 5373 Deus,
2477 5309 2568 5377 qui
2618 5318 2865 5377 operatur
2908 5311 3087 5377 omnia
3134 5312 3191 5365 in
3233 5314 3470 5368 omnibus

1900 5395 1953 5465 (ι
1975 5395 2096 5452 Cor.
2123 5413 2231 5462 xu,
2261 5396 2405 5465 ιρις).
2437 5397 2572 5458 Cum
2613 5410 2743 5469 ergo
2775 5399 2893 5477 ipsa
2927 5400 3169 5473 Operatio
3218 5403 3310 5457 Dei
3363 5413 3468 5457 tam

1901 5498 2086 5560 aperte
2111 5488 2392 5559 pluraliter
2433 5488 2662 5552 dicatur,
2698 5500 2756 5546 et
2787 5491 3155 5561 multipliciter
3187 5494 3458 5566 intelliga-

1904 5590 1993 5636 tur
2016 5582 2071 5636 iu
2100 5582 2366 5639 creaturis
2396 5582 2511 5648 Dei,
2546 5583 2676 5653 quid
2703 5584 2955 5643 utilitatis
2984 5585 3146 5640 habet
3168 5586 3464 5641 istiusmodi

1904 5664 2329 5741 argumentatio?
2366 5671 2448 5729 Ad
2494 5672 2622 5729 nihil
2666 5672 2825 5739 utilis,
2859 5674 2995 5730 sicut
3043 5675 3324 5744 Apostolus
3375 5676 3453 5741 ait
