4050 6302
590 272 693 328 119

1693 273 1896 332 rtom
1933 272 2202 334 macoru
2240 241 2723 344 manumanus

3756 294 3860 351 120

588 383 698 442 tusi
737 389 810 443 ad
849 387 1230 444 subrersionem
1277 370 1597 445 audientium
1655 383 1741 460 (ll
1777 385 1911 442 Tim.
1963 405 2024 452 u,
2052 387 2165 460 14).
2195 390 2246 450 Δ
2271 393 2391 448 odio
2419 394 2600 450 habuit
2647 412 2666 450 :
2697 406 2748 451 et
2767 413 2832 451 ea:
2864 413 3037 451 massa
3067 398 3250 452 eadem
3276 397 3421 467 fecit,
3467 398 3615 454 aliud
3637 401 3857 472 quidem

558 549 566 558 .
658 478 729 534 Et
757 488 935 534 tamen
983 479 1069 536 ille
1113 481 1418 552 subiungit,
1445 489 1500 535 et
1522 481 1694 536 dicit:
1740 479 1827 534 Ea:
1865 481 2165 534 necessitate

586 570 1060 638 prwdestinationis
1095 571 1226 625 nihil
1255 571 1510 641 compelli,
1535 572 1668 626 sicut
1708 587 1800 626 nec
1824 571 2162 626 voluntatem.

567 656 740 733 Quod
768 666 1084 727 utrumque,
1111 658 1162 712 id
1191 667 1275 712 est
1293 669 1348 712 et
1383 658 1858 727 prmdestinatione
1893 667 1950 712 et
1983 657 2169 711 volun-

571 755 699 820 tate
737 747 832 802 Dei
875 748 1007 803 nihil
1034 747 1302 817 compelli,
1333 749 1674 817 apertissima
1702 749 1936 803 veritate
1966 747 2165 803 falsum

574 845 675 917 est
707 856 722 892 :
751 838 880 908 quia
916 848 971 894 et
998 839 1240 895 bonitate
1278 840 1766 908 praedestinationis
1791 838 2166 907 Dei'l‘requen-

582 939 676 992 ,δει-
701 931 926 986 diversis
964 931 1187 1001 ﬂagellis
1204 971 1220 995 ,
1245 940 1301 986 et
1330 931 1624 994 laboribus,
1648 940 1702 984 et
1733 929 2167 984 tribulationibus

592 1020 987 1090 compelluntur
1018 1021 1195 1084 electi,
1219 1021 1335 1076 sive
1366 1029 1426 1074 ut
1449 1027 1839 1075 convertantur
1877 1021 1943 1073 ad
1976 1019 2168 1085 Deum,

585 1109 703 1165 sive
751 1117 810 1163 ut
853 1109 1037 1164 vivant
1079 1111 1374 1165 secundum
1416 1109 1608 1164 Deum.
1669 1107 1820 1163 Sicut
1863 1109 2168 1178 compulsus

587 1207 675 1254 est
699 1199 970 1269 apostolus
1005 1198 1206 1253 Paulus
1243 1215 1367 1254 cum
1397 1198 1570 1253 adhuc
1601 1207 1746 1253 esset
1781 1197 1979 1252 Saulus
2027 1197 2164 1266 (Act.

585 1288 666 1357 Ix)
694 1308 708 1343 :
741 1289 976 1345 caelestis
995 1291 1142 1344 vocis
1160 1298 1366 1345 terrore
1392 1296 1716 1359 prostratus,
1740 1288 1918 1343 divina
1944 1303 2169 1357 percus-

585 1378 741 1433 sione
768 1375 1006 1434 caecatus
1025 1419 1040 1444 ,
1070 1387 1224 1433 tanto
1244 1389 1456 1436 terrore
1485 1395 1516 1433 a
1554 1394 1652 1434 suo
1682 1391 1866 1433 errore
1893 1386 1948 1432 et
1985 1378 2168 1433 crude-

588 1467 742 1526 litate
790 1471 1090 1535 coercitus,
1132 1471 1318 1540 utique
1349 1479 1405 1524 ut
1434 1477 1842 1525 converteretur
1882 1469 1948 1523 ad
1974 1470 2164 1523 Deum.

585 1543 652 1612 Et
695 1566 876 1614 tamen
911 1559 1024 1629 jam
1055 1559 1512 1629 conversus,jam
1559 1558 1834 1629 apostolus
1859 1598 1875 1623 ,
1898 1557 2165 1626 jam‘ma-

583 1646 752 1720 gister
805 1647 1048 1719 gentium
1095 1647 1356 1712 ell‘ectus,
1401 1647 1576 1702 adhuc
1620 1650 1940 1718 castigatur,
1990 1649 2168 1703 adhuc

2265 497 2354 536 vas
2393 483 2447 537 in
2476 485 2746 549 honorem,
2790 485 2936 539 aliud
2986 502 3102 539 vero
3131 487 3202 541 'in
3248 477 3617 540 contumeliam
3665 488 3856 557 (Rosc.

2247 573 2533 645 -xm,'21).
2563 574 2670 630 Sed
2714 575 2842 630 illud
2871 577 3113 632 bonitate
3150 591 3269 640 sua,
3301 578 3445 631 istud
3467 575 3615 644 justo
3642 577 3860 646 judicio

2266 679 2385 728 suo,
2409 674 2469 719 ut
2506 676 2691 721 essent
2732 666 2824 719 alii
2867 684 2989 720 vasa
3019 668 3133 733 ine,
3175 667 3270 721 alii
3311 685 3439 722 vasa
3476 669 3861 724 misericordis:

2267 754 2440 826 (Rom.
2468 773 2606 822 nu,
2630 751 2747 828 25).
2795 756 2851 811 Si
2881 757 3066 826 itaque
3099 757 3398 826 disputator
3425 758 3544 819 iste,
3563 749 3725 825 juxta
3768 774 3862 813 ve-

2267 843 2484 897 ritatem
2511 845 2771 898 doctrina:
2798 843 3105 914 apostolica:
3124 885 3139 910 ,
3163 853 3219 899 et
3244 845 3385 900 sicut
3413 845 3529 913 ipse
3553 861 3653 899 sua
3692 860 3859 916 argu-

2250 935 2594 990 mentatione
2616 935 2897 996 conclusit,
2920 936 3032 991 haec
3055 935 3333 990 nobiscum
3377 934 3606 990 ﬁdeliter
3627 943 3686 989 et
3722 936 3858 988 sim-

2266 1025 2478 1094 pliciter
2525 1034 2705 1081 teneat
2731 1025 2941 1110 {nulla
3003 1028 3108 1082 erit
3166 1019 3462 1081 necessitas
3511 1015 3856 1095 quaestionis.

2268 1111 2446 1171 nullus
2472 1117 2718 1187 exigetur
2743 1117 2897 1171 labor
2929 1117 3270 1188 syllogistiea:
3300 1117 3688 1185 disputationis
3710 1156 3729 1182 ,
3761 1116 3860 1170 sed

2268 1209 2382 1264 sola
2409 1208 2466 1265 in
2496 1209 2651 1265 nobis
2674 1209 2920 1280 regnabit
2941 1208 3300 1279 tranquillitas
3319 1208 3489 1279 pacis.

2886 1335 3114 1394 CAPUT
3153 1336 3240 1391 Ill.

2342 1448 2527 1504 Tertio
2549 1447 2782 1518 capitulo
2811 1446 3120 1517 huiusmodi
3150 1445 3490 1502 deﬁnitiones
3519 1445 3724 1515 posuit.

2342 1541 2394 1595 1.
2423 1539 2514 1594 Dei
2541 1539 3047 1609 predestinationem
3069 1539 3203 1591 sicut
3227 1538 3502 1592 essentiam
3531 1535 3746 1590 nullum
3771 1551 3861 1589 co-

2269 1647 2408 1701 gere,
2431 1630 2632 1684 nullam
2661 1631 3015 1684 necessitatem
3043 1630 3256 1698 inferre.

582 1735 968 1805 colaphizatur,
991 1753 1052 1791 ne
1073 1737 1430 1806 magnitudine
1471 1736 1844 1791 recelationum
1884 1737 2157 1791 extollatur

2340 1721 2395 1774 2.
2421 1720 2570 1774 Duas
2594 1721 3075 1790 prwdestinationes
3110 1736 3213 1774 non
3260 1735 3389 1774 esse.

584 1825 672 1896 (ΙΙ
701 1825 828 1882 Cor.
852 1845 953 1894 xu,
972 1828 1052 1891 7).
1100 1829 1168 1882 Et
1191 1827 1431 1895 ejusdem
1455 1827 1651 1882 divinae
1673 1828 2163 1898 praedestinationis

579 1914 782 1985 judicio
815 1926 872 1973 et
899 1918 1153 1987 mquitate
1181 1918 1395 1987 reprobi
1417 1917 1842 1987 compelluntur;
1875 1925 1931 1972 et
1964 1918 2009 1972 si
2055 1932 2160 1972 non

586 2007 657 2084 ad
682 2005 863 2076 inique
883 2016 938 2061 et
965 2007 1127 2076 impie
1150 2005 1460 2070 vivendum,
1487 2016 1667 2060 tamen
1693 2005 1761 2068 ad
1782 2014 2042 2060 :eternum
2063 2021 2162 2074 pro

587 2096 721 2166 ipsis
758 2097 1133 2168 iniquitatibus
1158 2107 1212 2152 et
1261 2097 1631 2167 impietatibus
1677 2096 1790 2152 suis
1839 2097 2158 2166 supplicium

581 2185 861 2242 luendum.
899 2185 1183 2261 Similiter
1227 2195 1282 2241 et
1323 2186 1562 2241 bonitate
1607 2185 1904 2241 voluntatis
1938 2185 2066 2250 Dei,
2101 2185 2157 2240 in

580 2291 690 2348 qua
717 2283 800 2332 est
847 2277 1034 2348 utique
1077 2286 1279 2333 interna
1319 2279 1720 2348 praedestinatio
1769 2278 1962 2342 Dei,et
2003 2277 2159 2333 electi

582 2365 1304 2439 ﬂagellanturtemporaliter
1332 2370 1400 2423 ad
1429 2369 1822 2439 correctionem
1855 2369 1940 2424 vel
1968 2370 2159 2438 proba-

585 2456 808 2525 tionem,
837 2467 893 2512 et
933 2459 1172 2530 ejusdem
1207 2459 1403 2513 divinte
1431 2459 1720 2515 voluntatis
1747 2461 2035 2515 severitate
2074 2475 2159 2515 re-

581 2548 738 2619 probi
785 2549 1120 2620 llagellantur
1167 2550 1496 2606 mternaliter
1532 2551 1599 2604 ad
1629 2551 1983 2620 punitionem.
2023 2550 2156 2604 Cum

585 2641 924 2716 omnipotens
973 2642 1147 2706 Deus,
1177 2642 1316 2696 sicut
1355 2643 1644 2712 Apostolus
1686 2643 1848 2707 dicit,
1875 2642 2156 2696 manifesta

584 2730 956 2786 misericordia
988 2740 1044 2786 et
1070 2732 1283 2788 occulto
1306 2733 1509 2802 judicio
1538 2748 1658 2798 suo,
1681 2733 1832 2802 cujus
1861 2732 1968 2786 vult
2006 2732 2153 2785 mise-

581 2829 746 2880 retur,
787 2830 834 2874 et
867 2836 1016 2889 quem
1046 2820 1156 2873 vult
1185 2821 1398 2874 indurat
1432 2819 1602 2890 (Rom.
1639 2837 1719 2885 ιι,
1750 2822 1861 2892 18).
1911 2819 2157 2890 Utraque

578 2909 724 2963 enim
772 2917 896 2962 sunt
935 2909 986 2962 in
1033 2909 1125 2964 Dei
1168 2910 1675 2978 prmdestinatione,
1703 2919 1933 2982 utraque
1968 2912 2022 2965 in
2062 2912 2158 2967 Dei

580 2995 874 3061 voluntate,
899 3006 954 3053 et
985 2998 1199 3051 bonitas
1228 2998 1436 3052 scilicet
1465 3007 1520 3052 et
1547 3000 1827 3064 severitas,
1857 3000 1924 3055 de
1961 3001 2157 3070 quibus

2337 1813 2392 1866 '5.
2432 1814 2676 1877 Mortem,
2706 1823 2998 1883 peccatum,
3026 1813 3288 1866 miseriam
3317 1829 3348 1865 a
3377 1811 3485 1864 Deo
3508 1827 3616 1863 non
3643 1826 3783 1864 esse.

2334 1903 2388 1956 4.
2424 1900 2965 1963 Ρνωαεειὶηαιὶοηεηι,
2993 1911 3048 1954 ut
3075 1902 3406 1964 charitatem,
3429 1917 3532 1952 non
3554 1917 3667 1953 esse
3691 1901 3861 1969 gemi-

2265 2008 2388 2047 nam
2409 1994 2487 2048 vel
2507 1993 2745 2064 duplam,
2770 1993 2846 2048 vel
2866 1992 3224 2063 multiplicem,
3249 2003 3298 2046 et
3317 1992 3621 2062 pluralitate
3643 2009 3853 2045 carere.

2335 2084 2414 2137 Ex
2478 2083 2563 2137 bis
2609 2091 2840 2152 quatuor
2886 2081 3344 2151 propositionibus
3394 2081 3512 2151 jam
3569 2082 3854 2151 superius,

2262 2186 2422 2249 prout
2459 2177 2718 2233 Dominus
2743 2176 2911 2242 dedit,
2948 2178 3320 2232 tractavimus.

2331 2270 2388 2326 Id
2410 2279 2492 2325 est
2512 2271 2741 2340 primam
2767 2286 2872 2340 qua
2901 2272 3032 2326 dicit
3045 2271 3140 2325 Dei
3161 2271 3674 2340 prwdestinationem
3709 2275 3850 2327 sicut

2260 2364 2533 2417 essentiam
2594 2361 2797 2416 nullum
2840 2379 3036 2432 cogere,
3091 2362 3292 2417 nullam
3340 2366 3698 2418 necessitatem
3765 2366 3853 2418 in-

2261 2453 2416 2520 ferre.

2331 2542 2393 2595 Et
2437 2542 2728 2597 secundam
2783 2558 2889 2612 qua
2921 2543 2997 2596 ait
3041 2543 3174 2596 duas
3216 2543 3700 2613 prwdestinationes
3744 2561 3858 2598 non-

2259 2647 2391 2684 ωδε.

2332 2721 2398 2774 Et
2418 2729 2665 2790 quartam
2714 2735 2822 2791 qua
2867 2721 3134 2787 deﬁnivit,
3188 2722 3724 2791 praedestinationem,
3786 2733 3842 2775 ut

2258 2812 2584 2876 cltaritatem,
2610 2829 2716 2865 non
2741 2828 2850 2868 esse
2873 2813 3156 2882 geminam,
3185 2817 3260 2867 vel
3304 2812 3541 2882 duplam,
3565 2812 3644 2866 uel
3669 2814 3846 2868 multi-

2256 2903 2464 2972 plicem,
2485 2914 2531 2957 et
2553 2903 2854 2973 pluralitate
2873 2920 3070 2958 carere.
3100 2904 3336 2973 Excepto
3363 2904 3506 2972 quod
3518 2904 3845 2959 charitatem

2260 2993 2507 3061 superius
2532 2993 2674 3047 inter
2699 2993 2945 3063 exempla
2974 3007 3094 3063 quae
3121 2995 3188 3048 de
3228 2993 3526 3048 substantia
3558 2993 3653 3047 Dei
3683 2994 3840 3049 intel-

579 3085 724 3142 idem
755 3086 883 3141 dicit
906 3086 1199 3157 Apostolus
1228 3104 1241 3139 :
1280 3087 1410 3140 Vide
1431 3105 1552 3158 ergo
1577 3089 1854 3142 bonitatem
1883 3098 1930 3142 et
1970 3091 2161 3144 severi-
2187 3081 2231 3143 C
2262 3082 2354 3153 ligi
2385 3083 2553 3137 voluit
2578 3099 2684 3138 non
2707 3084 3019 3138 nominavit.
3050 3085 3118 3138 Et
3143 3083 3445 3150 manifeste,
3471 3085 3610 3138 sicut
3649 3083 3847 3139 beatus

579 3186 740 3234 tatem
771 3178 865 3232 Dei
893 3191 912 3230 :
940 3180 995 3232 in
1021 3195 1106 3233 eos
1148 3180 1358 3249 quidem
1397 3181 1488 3249 qui
1531 3180 1863 3245 ceciderunt,
1915 3184 2160 3236 severita-

577 3278 712 3333 tem,
739 3269 794 3322 in
823 3279 870 3322 te
897 3278 1070 3322 autem
1093 3268 1393 3335 bonitatem,
1416 3270 1460 3323 si
1481 3271 1829 3340 permanseris
1858 3269 1912 3324 in
1933 3269 2160 3326 bonitate

581 3354 760 3428 (Rom.
787 3372 864 3423 χι,
902 3357 1015 3426 22).

649 3447 704 3525 8.
738 3443 998 3518 Sequitur
1018 3447 1108 3503 ille
1135 3456 1190 3504 et
1215 3449 1380 3503 dicit:
1407 3448 1474 3503 Et
1493 3449 1747 3520 quidquid
1777 3449 1840 3503 de
1866 3449 2044 3504 divina
2072 3468 2159 3506 ῑό-

578 3538 781 3591 luntate
809 3538 1139 3615 intelligitur,
1168 3538 1232 3593 de
1255 3540 1708 3609 prmdestinatione
1732 3540 1830 3595 Dei
1859 3543 2041 3596 sentiri
2062 3542 2155 3595 de-

581 3634 716 3682 bere.
766 3628 894 3684 Hice
923 3630 1162 3686 definitio
1191 3631 1244 3685 in
1284 3645 1350 3685 eo
1387 3632 1541 3687 nobis
1571 3631 1766 3702 placet,
1795 3633 1920 3701 quia
1969 3633 2158 3686 volun-

580 3711 743 3773 tatem
770 3721 864 3776 Dei
889 3722 1019 3776 dicit
1045 3723 1568 3792 praedestinationcm
1599 3725 1717 3780 Dei.
1741 3725 1877 3793 Quid
1899 3735 1984 3780 est
2012 3726 2152 3779 enini

578 3809 723 3866 aliud
751 3811 1149 3880 pracdestinatio
1179 3813 1273 3868 Dei
1300 3830 1459 3882 quam
1489 3829 1690 3870 aeterna
1723 3823 1778 3869 et
1799 3816 2156 3870 incommuta-

579 3898 702 3953 bilis
732 3898 978 3956 voluntas
1026 3901 1118 3955 Dci
1165 3903 1230 3955 ad
1258 3918 1420 3972 opera
1459 3920 1575 3958 sua.
1609 3903 1792 3972 Neque
1829 3905 1974 3958 enim
2013 3904 2156 3958 Deus

578 3989 924 4052 necessitate,
953 3989 1047 4044 sed
1076 3991 1351 4046 voluntate
1388 3992 1790 4060 praedestinavit
1817 4007 2156 4061 qumcunque

577 4079 995 4148 praedestinavit.
1026 4080 1093 4134 Et
1115 4081 1252 4135 sicut
1277 4083 1450 4135 omnia
1473 4121 1488 4144 ,
1513 4097 1831 4152 quascunque
1856 4083 2015 4136 voluit
2038 4123 2052 4144 ,
2081 4083 2158 4151 fe-

578 4172 650 4227 cit
678 4169 850 4241 (Psal.
873 4186 1029 4236 cxm,
1056 4171 1111 4242 5)
1132 4212 1146 4234 ,
1177 4173 1257 4227 sic
1291 4173 1474 4226 omnia
1497 4189 1830 4244 quaecunque
1879 4177 2156 4242 prmdcsti-

583 4262 754 4328 navit,
787 4263 1054 4334 implevit,
1083 4265 1192 4319 imo
1213 4265 1324 4334 jam
1351 4267 1478 4321 iecit
1509 4285 1522 4320 :
1551 4267 1692 4322 sicut
1715 4269 1780 4323 de
1805 4283 1872 4322 eo
1895 4269 2152 4338 propheta

583 4353 714 4409 dicit
745 4373 760 4408 :
789 4353 895 4420 Qui
938 4355 1058 4424 fecit
1088 4373 1205 4425 quae
1231 4356 1412 4424 futura
1453 4367 1573 4412 sunt
1613 4357 1749 4428 (lsa.
1779 4373 1903 4422 xcv,
1931 4359 1986 4412 ll
2044 4375 2146 4413 sec.

2258 3172 2493 3230 Joannes
2524 3171 2795 3243 apostolus
2822 3175 2978 3230 docet
3004 3193 3018 3228 :
3047 3173 3187 3228 Deus
3226 3175 3454 3229 cliaritas
3497 3183 3572 3228 est
3601 3173 3652 3243 (I
3676 3173 3840 3228 Joan.

2261 3287 2335 3336 tv,
2368 3271 2458 3333 16)
2491 3288 2506 3336 ;
2551 3272 2626 3326 ita
2650 3279 2711 3325 ut
2741 3274 3035 3327 secundum
3065 3272 3303 3342 regulam
3335 3272 3458 3328 ﬁdei
3479 3287 3622 3325 vera:
3649 3269 3842 3323 rectis-

2259 3361 2395 3416 sime
2426 3361 2671 3416 dicamus
2698 3376 2818 3416 esse
2859 3362 3177 3416 cliaritatem
3227 3361 3342 3425 Dei,
3382 3371 3437 3415 et
3458 3375 3580 3416 esse
3604 3359 3843 3414 cbarita-

2260 3459 2367 3505 tem
2393 3451 2446 3504 in
2477 3452 2608 3515 Deo,
2656 3461 2711 3504 ct
2758 3465 2876 3505 esse
2903 3451 3226 3506 cbaritatem
3272 3451 3461 3506 Deum.
3496 3451 3624 3518 Quae
3654 3459 3839 3504 tamen

2259 3541 2498 3594 charitas
2525 3541 2651 3609 quia
2682 3541 2736 3594 in
2769 3542 2880 3596 Deo
2921 3542 3222 3598 substantia
3257 3551 3370 3606 est,
3424 3543 3564 3596 sicut
3612 3542 3840 3604 veritas,

2253 3629 2481 3698 iustitia,
2511 3632 2742 3696 bonitas,
2773 3647 2894 3686 cum
2925 3633 2991 3687 de
3021 3635 3130 3689 Deo
3155 3633 3491 3703 intelligitur,
3543 3648 3649 3687 non
3698 3631 3838 3686 dici-

2259 3731 2348 3775 tur
2394 3721 2628 3790 gemina,
2673 3723 2798 3790 quia
2829 3731 2914 3777 est
2953 3724 3006 3777 in
3054 3724 3144 3778 illo
3186 3722 3618 3779 substantialiter
3651 3737 3760 3776 una
3785 3730 3841 3774 et

2259 3809 2518 3878 simplex;
2550 3818 2604 3864 et
2632 3810 2753 3864 ideo
2779 3810 2851 3864 ibi
2882 3826 2982 3866 nec
3007 3812 3190 3882 dupla,
3236 3827 3334 3866 nec
3359 3811 3552 3880 triplex
3591 3811 3696 3864 dici
3741 3826 3840 3880 po-

2259 3909 2397 3962 test,
2453 3899 2577 3968 quia
2635 3915 2743 3953 uon
2797 3899 3121 3970 duplicatur,
3166 3915 3265 3956 nec
3312 3901 3614 3970 triplicatur
3654 3901 3837 3955 divina

2258 3987 2580 4053 substantia,
2608 3989 2660 4042 id
2686 3998 2770 4042 est
2799 3988 2910 4058 ipsa
2939 3990 3129 4054 deitas,
3159 3991 3273 4060 ipsa
3299 3991 3498 4044 veritas
3525 4008 3538 4045 :
3572 3991 3686 4059 ipsa
3711 3991 3838 4044 cha-

2259 4077 2409 4139 ritas,
2443 4078 2585 4132 Deus
2608 4078 2864 4132 Trinitas.
2894 4079 3008 4134 Non
3034 4081 3177 4134 enim
3216 4081 3391 4134 minor
3412 4089 3495 4134 est
3526 4081 3597 4135 ibi
3624 4081 3676 4134 in
3706 4096 3835 4146 uno,

2260 4183 2420 4236 quam
2472 4169 2527 4222 in
2581 4169 2780 4236 tribus;
2832 4187 2931 4225 nec
2986 4173 3157 4242 major
3200 4173 3251 4227 in
3297 4175 3503 4228 duobus
3530 4173 3615 4228 vel
3659 4175 3837 4230 tribus

2258 4273 2416 4328 quam
2438 4258 2492 4316 in
2514 4274 2640 4315 uno.
2667 4259 2771 4315 Sed
2794 4270 2994 4330 quanta
3017 4263 3308 4328 estdeitas,
3330 4264 3550 4328 veritas,
3574 4264 3832 4330 charitas,

2261 4350 2313 4403 in
2337 4366 2440 4404 una
2471 4366 2697 4420 persona
2725 4361 2921 4406 sanctae
2947 4352 3248 4417 Trinitatis,
3299 4361 3448 4407 tanta
3485 4361 3570 4409 est
3611 4354 3665 4407 in
3708 4355 3833 4409 dua-

581 4441 777 4513 LXX).
804 4423 1154 4513 Consequens
1182 4423 1309 4514 ergo
1322 4447 1542 4503 omnino
1555 4423 1661 4513 esi,
1684 4457 1744 4503 υι
1771 4457 1827 4503 ει
1853 4448 1980 4504 illud
2011 4450 2152 4519 quod
2179 4423 2234 4483 ι)
2257 4439 2377 4502 bus,
2409 4449 2555 4494 tanta
2592 4441 2644 4495 in
2671 4442 2860 4504 tribus,
2890 4443 2942 4496 id
2966 4444 3304 4513 estperl‘ecta
3342 4445 3395 4499 in
3437 4447 3688 4516 singulis,
3711 4462 3832 4515 per.

579 4537 646 4590 de
679 4535 789 4590 Deo
809 4537 941 4591 dicit
958 4535 1265 4605 Apostolus,
1291 4538 1378 4606 qui
1406 4537 1510 4590 uult
1533 4554 1710 4592 omnes
1730 4539 1962 4592 homines
1983 4539 2153 4594 salvos

579 4623 699 4690 ﬁeri
733 4633 780 4678 et
809 4623 879 4677 ad
904 4625 1223 4694 agnitionem
1262 4627 1491 4680 veritatis
1525 4629 1694 4682 venire
1719 4627 1768 4698 (Ι
1800 4627 1934 4682 Tim.
1977 4646 2043 4695 u,
2072 4631 2148 4702 Δ).

582 4711 735 4768 Sicut
762 4723 845 4769 est
874 4714 926 4768 in
972 4714 1442 4785 pnedestiuatione
1465 4717 1583 4780 Dei,
1617 4717 1689 4770 ita
1737 4719 2036 4773 rectissime
2073 4720 2154 4774 in-

582 4801 853 4874 telligatur
884 4819 1005 4860 esse
1026 4805 1080 4858 in
1107 4805 1383 4859 voluntate
1412 4805 1531 4870 Dei,
1556 4806 1606 4860 id
1634 4814 1740 4871 est,
1768 4815 1827 4859 ut
1855 4822 1992 4876 quos
2017 4824 2154 4878 pra:-

579 4893 867 4950 destinavit
905 4895 1048 4952 Deus
1079 4906 1280 4952 tetcrna
1330 4897 1602 4951 voluntate
1641 4912 1739 4952 sua
1766 4912 1833 4952 ex
1863 4899 2011 4953 omni
2060 4915 2148 4970 ge-

579 4999 710 5041 nere
756 4987 988 5044 humano
1010 4989 1226 5052 electos,
1275 4989 1420 5059 ipsos
1449 5006 1623 5044 omnes
1663 4990 1779 5044 velit
1814 4990 1986 5045 salvos
2009 4992 2148 5060 ﬁeri,

578 5084 626 5128 et
656 5075 726 5129 ad
759 5079 1072 5148 agnitionem
1099 5080 1328 5133 veritatis
1352 5080 1521 5132 venire
1543 5118 1560 5142 ,
1591 5079 1838 5134 videlicet
1860 5081 1984 5148 quia
2016 5095 2152 5148 pra:-

581 5165 865 5222 destinatio
885 5169 980 5223 Dei
1019 5170 1128 5237 ipsa
1153 5179 1235 5224 est
1271 5170 1573 5225 certissime
1609 5170 1859 5224 voluntas
1901 5171 2031 5234 Dei;
2071 5179 2145 5234 et,

579 5256 723 5310 sicut
753 5258 819 5312 de
844 5257 1117 5312 voluntate
1145 5259 1238 5313 Dei
1262 5259 1528 5314 veraciter
1557 5259 1778 5314 omnino
1810 5258 1880 5312 ab
1905 5258 2146 5326 apostolo

577 5344 780 5400 dictum
809 5355 912 5411 est,
933 5347 1085 5417 cujus
1108 5347 1210 5402 uult
1235 5349 1529 5415 miseretur,
1555 5359 1603 5404 et
1624 5365 1777 5420 quem
1799 5348 1903 5404 vult
1933 5348 2145 5401 indurat

577 5433 758 5507 (Rom.
785 5453 858 5504 ιι,
897 5438 1016 5509 18),
1051 5439 1121 5494 ita
1151 5448 1206 5495 et
1232 5442 1297 5496 de
1325 5442 1796 5511 prindestinatione
1836 5440 1929 5495 Dei
1958 5441 2144 5495 certis-

571 5528 710 5585 sime
736 5541 979 5588 teneatur
1003 5551 1014 5586 :
1045 5533 1246 5589 scilicet
1264 5535 1407 5603 quod
1425 5543 1625 5589 mterna
1651 5532 2138 5602 praedestinatione,

571 5619 712 5676 situt
733 5633 928 5680 acterna
958 5625 1228 5682 voluntate
1249 5641 1346 5680 sua
1376 5623 1540 5679 Jacob
1569 5623 1768 5689 dilexit,
1803 5622 1945 5678 Esau
1968 5631 2139 5677 autem

2255 4528 2391 4583 lecta
2424 4529 2476 4584 in
2505 4531 2771 4585 omnibus.
2798 4532 2933 4599 Quia
2960 4543 3015 4586 et
3054 4533 3215 4589 Pater
3255 4534 3528 4605 perfectus
3576 4537 3736 4599 Deus,
3777 4549 3860 4592 et-

2256 4621 2423 4675 Filius
2450 4621 2722 4690 perfectus
2751 4621 2912 4686 Deus,
2945 4632 3001 4676 et
3050 4622 3284 4693 Spiritus
3311 4635 3532 4680 sanctus
3558 4627 3833 4696 perfectus

2255 4711 2420 4775 Deus,
2472 4721 2527 4766 et
2589 4713 2641 4766 bi
2700 4722 2810 4766 tres
2848 4729 2986 4767 unus
3054 4714 3325 4784 perfectus
3361 4703 3529 4772 Deus.
3561 4717 3618 4771 ln
3672 4719 3829 4774 nobis

2255 4817 2386 4856 vero
2413 4803 2526 4856 haec
2551 4802 2787 4856 charitas
2835 4819 2938 4857 non
2988 4813 3071 4858 est
3119 4806 3440 4873 substantia,
3490 4808 3582 4863 sed
3627 4809 3828 4866 donum

2255 4892 2375 4951 Dei.
2407 4891 2546 4945 sicut
2565 4890 2852 4960 Apostolus
2878 4893 3009 4947 dicit
3037 4912 3049 4947 :
3077 4893 3214 4959 Quia
3238 4897 3468 4951 cliaritas
3508 4896 3603 4951 Dei
3629 4898 3829 4967 di/I'usa

2253 4991 2325 5034 est
2348 4982 2401 5033 in
2414 4981 2656 5034 cordibus
2673 4984 2864 5035 nostris
2885 5000 2976 5052 per
2996 4982 3248 5054 Spiritum
3268 4997 3528 5049 sanctum,
3554 4990 3644 5057 qui
3669 4990 3826 5043 datus

2252 5081 2323 5123 est
2353 5071 2496 5124 nobis
2522 5069 2700 5139 (Rom.
2729 5073 2873 5142 v,5).
2894 5073 2959 5128 Et
2996 5075 3117 5130 ideo
3139 5085 3315 5145 potest
3347 5077 3400 5130 in
3435 5078 3589 5133 nobis
3621 5093 3754 5146 esse,
3773 5089 3827 5134 et

2252 5158 2485 5228 gemina,
2499 5168 2554 5212 et
2573 5160 2786 5228 duplex,
2808 5171 3026 5230 propter
3039 5163 3145 5216 duo
3158 5174 3424 5234 praecepta
3457 5165 3626 5234 ipsius
3645 5167 3825 5221 chari-

2254 5249 2402 5312 tatis,
2433 5248 2697 5312 videlicet,
2731 5249 2825 5303 Dei
2853 5259 2907 5304 et
2935 5252 3196 5320 proximi;
3231 5267 3350 5320 qua:
3375 5253 3559 5322 utique
3594 5253 3645 5308 in
3668 5257 3822 5310 nobis

2253 5339 2515 5407 duplicem
2547 5339 2714 5408 gignit
2741 5339 3015 5406 allectum,
3047 5353 3102 5396 ut
3125 5343 3409 5412 diligamus
3438 5345 3605 5398 Deum
3629 5357 3696 5400 ea:
3717 5357 3820 5400 toto

2252 5431 2428 5496 corde,
2450 5440 2498 5483 et
2531 5434 2827 5499 proximum
2863 5436 2997 5502 sicut
3036 5437 3372 5505 nosmetipsos
3421 5436 3636 5506 (Matth.
3685 5453 3818 5501 xm,

2248 5528 2336 5590 57,
2369 5528 2482 5598 59).
2529 5526 2592 5580 Et
2619 5527 2740 5596 quia
2767 5539 2865 5595 per
2892 5525 3062 5595 ipsum
3101 5526 3301 5580 donum
3338 5527 3620 5582 charitalis
3641 5529 3817 5583 multi-

2247 5621 2404 5689 plicia
2449 5629 2502 5673 ct
2554 5619 2829 5672 innumera
2875 5616 3013 5673 bona
3057 5627 3312 5687 operatur
3359 5617 3497 5674 Deus
3536 5618 3587 5673 in
3613 5619 3814 5689 sanctis
