4050 6302
267 292 361 348 ιιι
640 365 644 368 η
1255 301 1455 360 Lmen
1495 303 1862 364 aoveusus
1896 305 2211 368 JOANNEM
2251 311 2546 374 suorum.
2592 303 2596 308 ’
3402 339 3511 394 ηε

260 412 396 476 suis,
428 409 626 466 dicitur
658 411 711 465 in
732 410 1028 484 Scripturls
1052 415 1217 470 etiam
1249 418 1547 488 multiplex.
1589 419 1707 489 Ipsa
1755 428 1843 477 est
1868 420 2074 480 Adicit
2094 422 2408 494 Scriptura:
2442 431 2646 484 invidia
2692 432 2890 488 diaboli
2931 453 3075 494 mors
3103 442 3331 500 introivit
3379 448 3504 518 lat,

260 502 408 555 enim
435 501 607 571 8mm
631 500 747 566 Μ’
771 501 839 556 de
865 518 968 572 qua
999 505 1186 560 bemus
1221 505 1414 562 Petrus
1451 511 1730 584 ³Ρ⁰³ι⁰¹¹¹¹ῑ
1749 510 1832 565 δί’
1937 511 2169 584 “(mimi
2216 517 2268 568 in
2299 517 2471 572 orbem
2518 525 2816 576 terrarum:
2850 527 3123 583 imitantur
3157 533 3330 591 autem
3377 500 3500 597 eum

239 594 381 649 eis:
413 591 777 664 Unusquisque
794 595 929 649 sicut
965 599 1158 668 accepit
1172 601 1395 668 gratiam
1421 603 1475 654 in
1501 602 1819 668 alterutrum1

2045 611 2164 656 sunt
2186 613 2251 657 ea:
2272 615 2420 675 parte
2446 609 2604 697 ipsius
2633 609 2786 681 (Sap.
2818 629 2878 680 tt,
2904 615 3016 684 24).
3061 613 3216 678 Πυηὸ
3256 591 3506 697 ejusvim:

242 683 410 739 illam
435 685 857 740 administrantes
885 688 1020 740 sicut
1039 688 1178 751 λωιιὶ
1221 689 1601 756 dispensatores
1659 693 1832 747 multi—
1916 690 2080 759 -'pium
2108 693 2464 764 principatum
2481 696 2740 754 Dominus
2753 715 2848 757 sua
2877 683 3048 762 morte
3074 683 3360 781 destruxit,
3390 683 3497 774 sie-

241 773 634 842 .formis’gratia
661 774 760 829 Dei
787 773 999 846 (I,Petr.
1026 793 1098 843 tv,
1123 778 1190 833 10
1209 780 1248 848 ).
1275 779 1621 846 Quodautem
1643 783 1828 856 plura-

256 862 414 918 litate
459 873 646 919 careat
673 866 961 929 ‘cltaritas,
992 881 1091 921 nec
1129 868 1320 936 plurali
1369 886 1593 925 numero
1639 887 1738 926 nec
1772 873 1826 926 in

239 952 374 1011 .Deo
405 969 505 1010 nec
526 956 578 1010 in
604 956 759 1011 nobis
788 958 842 1012 in
871 958 1162 1028 Scripturis
1190 961 1330 1015 dicta
1355 961 1678 1026 inveniatur,
1705 963 1828 1032 quis

256 1045 503 1099 nesciat?
547 1043 624 1100 De
668 1059 734 1100 eo
769 1056 952 1100 autem
999 1049 1138 1116 quod
1165 1049 1295 1103 dicit
1320 1049 1825 1118 prwdestinationem

237 1147 368 1186 »εστι
392 1134 616 1202 recipere
639 1134 893 1204 pluralem
915 1153 1187 1191 numerum
1208 1139 1342 1192 sicut
1373 1155 1464 1193 nec
1497 1141 1823 1206 charitatem‘,

241 1221 372 1290 jam
396 1225 644 1293 superius
663 1227 797 1281 satis
831 1227 1058 1289 dictum,
1097 1244 1196 1283 nec
1225 1230 1439 1284 assidue
1479 1233 1826 1300 repetendum

255 1323 364 1366 est.
397 1312 532 1367 Nam
572 1322 628 1369 et
663 1315 789 1370 illud
815 1318 956 1385 quod
982 1318 1034 1371 in
1061 1319 1231 1388 prima
1259 1334 1323 1372 ex
1352 1321 1436 1374 his
1461 1323 1826 1391 propositione

252 1402 781 1470 pmdestinationem
812 1407 906 1461 Dei
923 1449 925 1452 ‹
943 1409 1255 1465 substantiae
1275 1410 1367 1465 Dei
1393 1421 1689 1481 comparat.
1716 1413 1826 1466 imo

253 1493 618 1548 substantiam
644 1495 738 1552 Dei
766 1512 885 1553 esse
906 1499 1054 1566 dicit,
1073 1501 1186 1572 jam
1228 1517 1414 1572 supra,
1441 1510 1502 1556 ut
1529 1502 1822 1572 potuimus,

253 1590 548 1638 tractatum
575 1593 677 1639 63L

325 1711 396 1766 Et
415 1713 558 1780 quod
583 1713 814 1769 aliirmat
837 1717 1006 1786 ipsam
1037 1718 1129 1773 Dei
1157 1721 1660 1789 pra’destinatt'onem
1699 1723 1819 1778 nul-

249 1803 367 1854 lum
409 1819 609 1873 cogere,
655 1805 854 1860 nullam
905 1811 1257 1864 necessitatem
1303 1812 1518 1880 inferre,
1547 1814 1592 1867 si
1621 1814 1689 1867 ita
1720 1815 1822 1868 hoc

237 1893 392 1948 dicit
410 1895 551 1962 quod
574 1895 1040 1963 prmdestinatione
1062 1914 1159 1954 sua
1179 1901 1516 1970 omnipotens
1557 1903 1696 1957 Deus
1731 1918 1824 1957 ne-

249 1982 458 2036 minem
483 1992 642 2054 cogat
667 1985 735 2040 ad
760 1987 983 2053 malum,
1016 1997 1075 2042 ut
1104 1989 1276 2044 malus
1299 1993 1388 2053 sit,
1428 2000 1483 2044 et
1513 1992 1658 2046 aliud
1703 1977 1821 2049 esse

253 2085 363 2124 non
386 2071 575 2139 possit,
602 2081 750 2128 recte
777 2077 997 2130 omnino
1017 2075 1148 2131 dicit
1177 2096 1191 2130 :
1226 2078 1308 2132 sin
1333 2087 1510 2132 autem
1541 2069 1821 2150 propterea

253 2159 360 2214 hoc
383 2175 643 2230 suspense
664 2170 719 2231 et
746 2162 1067 2233 iuexplicate
1087 2165 1284 2234 posuit,
1327 2174 1387 2220 ut
1411 2166 1612 2222 diceret
1643 2169 1814 2242 ipsam

241 2242 780 2317 ‘pnedestinationem
819 2253 1023 2308 nullum
1051 2269 1262 2324 cogere,
1291 2255 1492 2309 nullam
1531 2257 1823 2312 necessita-

254 2348 368 2394 tem
403 2339 623 2406 inl‘erre,
647 2357 748 2398 nec
775 2342 996 2409 addidit,
1033 2345 1102 2398 ad
1145 2346 1272 2416 quid
1304 2361 1496 2416 cogere
1543 2347 1623 2403 vel
1669 2333 1821 2418 cujus

254 2430 332 2483 rei
361 2431 739 2487 necessitatem
763 2433 982 2501 inferre,
1022 2445 1082 2490 ut
1107 2437 1277 2493 malos
1301 2438 1351 2491 in
1375 2455 1469 2493 sua
1509 2439 1709 2494 malitia
1739 2455 1822 2494 us-

253 2535 362 2590 que
382 2520 436 2574 ia
465 2521 623 2576 linem
655 2535 1078 2592 perseverantes,
1112 2536 1264 2598 neget
1285 2528 1432 2595 justo
1451 2529 1652 2598 judicio
1677 2544 1818 2599 prte-

254 2611 635 2668 destinationis
661 2614 853 2670 divina:
872 2625 1074 2672 interno
1105 2617 1309 2686 judicio
1332 2621 1628 2688 puniendos
1659 2621 1820 2690 (sicut

254 2700 428 2768 magis
456 2713 522 2754 ex
545 2702 816 2766 omnibus,
846 2719 964 2773 quze
1005 2707 1252 2774 superius
1289 2706 1443 2771 dixit,
1476 2724 1660 2763 verum
1697 2723 1818 2764 esse

253 2792 499 2862 apparet)
546 2793 826 2850 manifeste
880 2796 1114 2850 divinam
1181 2799 1708 2868 przedestinationem
1761 2800 1816 2855 in

250 2890 410 2951 parte
429 2882 642 2952 accipit,
659 2891 713 2938 et
739 2884 789 2938 in
812 2893 964 2953 parte
993 2896 1151 2956 negat
1178 2905 1190 2940 :
1221 2897 1278 2940 ut
1304 2889 1490 2942 eadem
1521 2888 1664 2944 Deus
1684 2905 1818 2960 prai-

253 2971 610 3027 destinatione
637 2987 730 3027 sua
749 2971 925 3041 justos
952 2977 1332 3044 praeparaverit
1364 2978 1428 3030 ad
1457 2992 1700 3047 regnum,
1731 2993 1818 3034 re-

251 3060 451 3128 prohos
472 3073 600 3115 vero
629 3075 736 3130 non
760 3063 1198 3131 praeordiuaverit
1221 3064 1287 3118 ad
1313 3065 1649 3135 supplicium.

323 3188 378 3241 '5.
404 3187 592 3243 Restat
622 3191 780 3246 tertia
804 3194 1100 3262 propositio
1138 3210 1297 3264 quam
1331 3196 1418 3250 hic
1443 3197 1618 3265 posuit
1643 3204 1698 3252 et
1727 3197 1819 3252 de-

253 3279 449 3343 ﬁnivit,
478 3290 717 3348 ntortem,
743 3293 1029 3352 peccatum,
1053 3287 1315 3339 miseriam
1356 3304 1388 3339 a
1417 3286 1527 3341 Deo
1557 3303 1658 3342 non
1687 3305 1816 3342 esse.

249 3370 322 3424 Et
351 3371 418 3425 de
445 3382 667 3440 peccato
690 3373 924 3442 quidem,
953 3375 1094 3429 sicut
1122 3375 1255 3430 fides
1303 3375 1502 3446 ubique
1547 3377 1811 3432 catholica

252 3469 424 3525 tenet,
452 3469 601 3516 recte
629 3461 766 3516 dixit
791 3464 931 3532 quod
958 3479 987 3516 a
1015 3463 1126 3518 Deo
1151 3480 1255 3519 non
1283 3467 1372 3528 sit,
1405 3467 1529 3535 quia
1579 3482 1678 3522 nec
1719 3483 1816 3522 vo-

249 3550 375 3614 luit,
405 3564 505 3604 nec
544 3551 818 3620 praecepit,
842 3567 943 3606 nec
971 3553 1180 3622 impulit
1207 3554 1476 3608 hominem
1505 3555 1571 3608 ad
1599 3570 1820 3626 peccan-

251 3641 419 3695 dum:
443 3639 572 3704 imo,
601 3648 656 3694 et
680 3649 963 3710 antequam
989 3652 1255 3712 peccaret,
1301 3645 1578 3712 prohibuit
1615 3661 1737 3701 eum
1786 3661 1818 3700 a

247 3735 494 3800 peccato,
522 3740 578 3786 et
605 3734 794 3788 mortis
813 3734 1076 3804 supplicio
1104 3735 1296 3788 terruit
1325 3751 1392 3789 ne
1429 3746 1698 3805 peccaret,
1740 3745 1816 3802 et,

249 3831 376 3892 post
401 3830 704 3892 peccatum,
728 3824 879 3892 quasi
908 3839 1018 3879 suae
1045 3823 1299 3878 voluntati
1326 3825 1576 3879 rebellem
1605 3835 1662 3880 et
1685 3842 1816 3881 con-

251 3912 660 3982 trarium,juste
692 3917 918 3984 punivit.
949 3917 1017 3972 Et
1053 3917 1171 3971 ideo
1215 3925 1494 3986 peccatum
1524 3933 1628 3974 non
1670 3926 1754 3973 est
1784 3933 1814 3973 a

249 4004 386 4068 Deo,
412 4005 502 4074 qui
547 4005 805 4059 hominem
833 4015 1047 4070 rectum,
1079 4017 1133 4060 et
1161 4007 1278 4079 sine
1310 4017 1528 4078 peccato
1554 4008 1813 4070 condidit,

247 4096 395 4167 sicut
420 4095 825 4151 Ecclesiasticus
843 4097 972 4152 dicit
993 4116 1004 4150 :
1025 4097 1363 4152 Solummodo
1377 4100 1473 4153 hoc
1493 4100 1664 4153 inveni
1676 4099 1817 4170 quod

249 4184 434 4253 fecerit
467 4183 606 4237 Deus
633 4185 900 4239 hominem
916 4199 1128 4247 rectum,
1154 4197 1200 4240 et
1228 4189 1336 4255 ipse
1375 4205 1430 4241 se
1463 4189 1682 4256 infinitis
1713 4190 1814 4242 nti-

248 4273 445 4326 scuerit
472 4275 842 4343 quastionibus
868 4275 1056 4347 (Eccli.
1083 4293 1178 4340 vtt,
1205 4276 1314 4347 30),
1349 4277 1440 4332 sed
1479 4279 1546 4333 ab
1590 4279 1681 4334 illo
1735 4289 1821 4336 est

249 4362 466 4416 initium
495 4364 700 4432 peccati
730 4364 820 4434 qui
847 4373 901 4419 et
939 4365 1142 4435 primus
1181 4367 1424 4436 peccavit
1467 4367 1521 4422 in
1552 4369 1690 4424 coelo
1722 4387 1736 4424 :
1763 4378 1818 4424 et

1931 787 1993 830 ut
2019 779 2084 833 de
2114 791 2182 834 eo
2207 781 2496 852 Apostolus
2536 786 2665 840 dicit
2695 809 2708 841 :
2741 787 2813 844 Ut
2836 809 2930 860 per
2953 806 3171 852 mortem
3210 779 3495 861 destrueret

1927 884 2048 924 eum
2086 873 2181 940 qui
2214 874 2432 928 habebat
2466 881 2643 932 mortis
2684 881 2978 951 imperium,
3025 886 3082 941 id
3123 903 3197 946 est
3225 889 3490 953 diabolum

1931 960 2115 1028 (Hebr.
2144 977 2202 1024 tt,
2238 963 2351 1034 14),
2518 978 2600 1021 est
2628 972 2771 1025 enim
2812 975 2991 1045 Agnus
3031 978 3127 1033 Dei
3162 973 3255 1052 qui
3277 975 3490 1041 abstulit

1926 1061 2191 1118 peccatum
2230 1055 2418 1109 mundi
2450 1055 2626 1119 (Joatr.
2675 1061 2867 1133 1,729).
2911 1065 2979 1120 Et
3017 1065 3137 1122 ideo
3177 1071 3314 1128 bene
3334 1075 3492 1131 :dixit

1915 1143 2030 1198 iste
2057 1145 2356 1215 disputator
2379 1161 2652 1220 peccatum
2679 1171 2786 1211 non
2816 1174 2935 1215 esse
2961 1177 2992 1213 a
3009 1164 3159 1220 Deo.
3209 1166 3275 1220 Et
3309 1177 3487 1223 tamen

1928 1235 2031 1289 hoc
2065 1235 2240 1306 ipsum
2272 1242 2530 1310 superﬂue
2554 1246 2762 1313 posuit,
2790 1263 2910 1303 eum
2934 1252 3001 1305 de
3018 1254 3488 1322 prmdestinatione

1927 1322 2105 1378 divina
2142 1326 2434 1383 deﬁniret:
2476 1335 2601 1400 quia
2653 1351 2812 1392 nemo
2855 1337 3088 1397 ﬁdelium
3134 1345 3266 1400 dicit
3317 1346 3487 1403 Deum

1927 1424 2148 1482 Peccala
2177 1420 2604 1486 prmdestinasse.
3119 1455 3122 1457 Α
3202 1441 3209 1458 ι
3269 1454 3272 1458 .

1997 1501 2146 1569 Quod
2172 1516 2349 1563 autem
2378 1510 2620 1578 adjunxit
2645 1527 2861 1572 mortem
2883 1528 2930 1573 et
2951 1512 3216 1578 miseriam
3245 1525 3486 1581 similiter

1926 1605 2030 1644 non
2053 1609 2162 1646 esse
2186 1613 2218 1647 a
2256 1597 2393 1664 Deo,
2425 1600 2711 1657 manifeste
2737 1603 3030 1674 Scriptura:
3057 1613 3377 1668 contradicit
3401 1615 3485 1670 di-

1925 1681 2066 1735 centi
2095 1697 2112 1736 :
2136 1682 2285 1738 Bona
2322 1696 2370 1740 et
2409 1689 2570 1752 mala,
2598 1693 2704 1746 vita
2731 1703 2778 1746 et
2821 1711 2977 1760 mors,
3014 1711 3292 1769 paupertas
3313 1715 3362 1758 et
3391 1706 3484 1758 lio-

1851 1771 1900 1832 B
1926 1781 2098 1858 aestas
2129 1789 2162 1825 α
2195 1773 2301 1828 Deo
2326 1786 2442 1830 sunt
2477 1775 2663 1848 (Eccli.
2696 1797 2772 1846 xl,
2804 1783 2912 1850 id).
2957 1774 3062 1841 Sed
3109 1791 3234 1858 quia
3288 1792 3480 1847 iterum

1926 1855 2204 1926 Scriptura
2239 1860 2369 1914 dicit
2395 1879 2406 1913 :
2437 1862 2574 1917 Deus
2608 1877 2820 1919 ntortem
2850 1885 2953 1922 non
2979 1855 3242 1938 fecit,‘nec
3269 1875 3482 1929 laetatur

1921 1945 1979 1998 in
2010 1948 2295 2015 perditione
2319 1951 2541 2006 vivorum
2587 1951 2738 2023 (Sep.
2768 1958 2946 2029 1,13),
2994 1961 3282 2032 vigilanter
3323 1965 3480 2021 nobis

1917 2035 2266 2102 quaerendum
2292 2042 2376 2092 est
2404 2043 2672 2109 quomodo
2695 2053 2980 2115 utrumque
3009 2049 3237 2107 ﬁdeliter
3265 2053 3481 2108 intelli-

1922 2125 2152 2192 gendum
2179 2126 2272 2192 sit,
2288 2129 2531 2184 videlicet
2551 2141 2605 2186 et
2633 2135 2774 2202 quod
2798 2134 2944 2192 Deus
2969 2126 3184 2194 mortem
3208 2159 3312 2197 non
3331 2144 3476 2212 fecit,

1921 2223 1978 2267 et
1997 2218 2138 2284 quod
2161 2235 2299 2273 mors
2327 2231 2376 2274 et
2405 2223 2508 2276 vita
2537 2239 2569 2277 a
2594 2222 2702 2277 Deo
2728 2235 2867 2280 sunt.
2916 2228 2993 2282 lta
3031 2243 3160 2302 ergo
3194 2243 3480 2302 utrumque

1921 2314 2069 2360 recte
2101 2306 2322 2380 intelligi
2355 2319 2530 2381 potest
2556 2312 2748 2379 :‘Quod
2777 2314 2918 2371 Deus
2947 2329 3164 2374 mortem
3202 2338 3306 2376 non
3333 2323 3473 2391 fecit,

1919 2395 2010 2465 qui
2039 2396 2306 2454 hominem
2330 2401 2700 2469 immortalem,
2725 2403 2769 2458 si
2793 2421 2897 2461 non
2926 2419 3223 2476 peccasset,
3250 2412 3473 2467 creavit.

1918 2484 1985 2538 Et
2019 2485 2235 2552 iterum,
2258 2505 2398 2543 mors
2426 2507 2459 2544 a
2503 2492 2610 2545 Deo
2657 2501 2752 2558 est,
2778 2495 2902 2562 quia
2946 2508 3259 2565 peccantem
3302 2501 3477 2555 homi-

1918 2587 2040 2628 nem
2063 2573 2208 2643 justa
2252 2587 2424 2634 morte
2463 2581 2754 2645 damnavit;
2813 2584 2999 2656 sicque
3040 2603 3186 2643 mors
3237 2602 3343 2646 non
3391 2600 3474 2646 est

1917 2664 2097 2718 abillo
2119 2667 2395 2723 creatione
2413 2710 2428 2731 .
2451 2679 2508 2725 et
2531 2679 2698 2725 tamen
2725 2673 2793 2726 ab
2817 2672 2908 2728 illo
2945 2678 3212 2732 veraciter
3236 2689 3338 2734 ‘est
3387 2682 3442 2734 ul
3458 2713 3476 2724 -

1920 2753 2084 2809 tione.
2129 2755 2280 2812 Sicut
2319 2767 2500 2815 autem
2545 2774 2683 2815 mors
2736 2761 2835 2816 ista
2881 2767 3196 2835 corporalis,
3243 2785 3364 2839 quae
3421 2781 3477 2826 et

1917 2843 2090 2912 prima
2140 2845 2475 2918 intelligitur,
2503 2865 2532 2904 a
2559 2850 2791 2913 Deo-est,
2822 2853 2948 2922 quia
2989 2856 3056 2909 ab
3090 2857 3204 2926 ipso
3228 2861 3474 2928 peecanti

1919 2932 2124 2987 homini
2145 2931 2296 3001 iuste
2331 2946 2413 2992 cst
2438 2937 2577 2994 illata
2606 2954 2618 2992 :
2654 2940 2726 2994 ita
2756 2951 2815 2997 et
2848 2958 2993 2999 mors
3023 2948 3255 3001 secunda
3288 2948 3341 3008 in
3371 2965 3462 3018 ge-

1919 3019 2096 3074 benna
2146 3023 2347 3079 homini
2394 3028 2720 3096 permanenti
2769 3029 2823 3083 in
2861 3034 3098 3099 peccatis
3125 3035 3192 3089 ab
3218 3028 3312 3091 ilio
3327 3035 3474 3103 iuste

1846 3107 1892 3168 C
1922 3116 2006 3162 est
2042 3108 2336 3166 inferenda.
2366 3113 2493 3171 ideo
2511 3122 2568 3169 et
2593 3113 2705 3171 haec
2743 3126 2804 3172 et
2827 3119 2940 3186 illa,
2967 3122 3020 3175 id
3061 3132 3145 3178 est
3186 3133 3241 3178 et
3277 3126 3472 3196 prima,

1920 3213 2040 3268 qua:
2057 3200 2290 3254 animam
2321 3203 2504 3260 dividit
2530 3218 2559 3257 a
2587 3219 2826 3275 corpore,
2843 3217 2897 3264 et
2921 3213 3177 3275 secunda,
3192 3229 3291 3282 per
3310 3230 3473 3284 quam

1919 3285 2002 3357 (ut
2023 3287 2224 3342 dictum
2254 3292 2358 3362 est)
2385 3301 2440 3347 et
2466 3291 2632 3348 anima
2661 3305 2714 3350 et
2741 3311 2938 3368 corpus
2986 3301 3226 3370 perditur
3273 3303 3329 3357 in
3378 3319 3473 3374 ge-

1919 3375 2118 3441 henna,
2160 3380 2284 3448 quia
2325 3391 2380 3440 et
2424 3383 2598 3450 utique
2642 3383 2812 3452 iusta,
2841 3395 2896 3440 et
2943 3388 3090 3458 justo
3137 3389 3230 3444 Dei
3267 3390 3474 3458 judicio

1921 3467 2122 3523 homini
2149 3470 2293 3528 illata
2338 3473 2422 3529 vel
2451 3474 2737 3540 inferenda,
2763 3494 2792 3531 a
2835 3477 2946 3534 Deo
2979 3489 3080 3536 est.
3113 3480 3240 3537 inde
3263 3492 3328 3536 et.
3347 3484 3474 3538 alibi

1919 3559 2106 3613 eadem
2147 3559 2425 3631 Scriptura
2479 3564 2603 3620 (icit
2650 3567 2716 3620 de
2769 3571 3021 3637 praesenti
3069 3572 3254 3642 utique
3300 3583 3475 3627 morte

1918 3651 2184 3718 corporali
2215 3669 2228 3705 :
2256 3651 2381 3709 Noli
2407 3665 2622 3708 metuere
2656 3656 2916 3724 judicium
2962 3662 3188 3714 mortis:
3215 3673 3470 3715 memento

1917 3752 2034 3805 qua:
2055 3747 2174 3791 ante
2194 3749 2242 3792 te
2278 3740 2502 3809 fuerunt,
2531 3751 2579 3795 et
2623 3760 2739 3811 qua:
2782 3757 3150 3813 superuentura
3199 3760 3320 3802 sunt
3377 3751 3470 3803 tibi

1919 3824 2107 3895 (Eccli.
2141 3841 2258 3890 xu,
2281 3828 2357 3899 5).
2385 3828 2490 3884 Hoc
2509 3830 2770 3898 judicium
2799 3847 2829 3886 a
2860 3833 3087 3888 Domino
3115 3837 3261 3891 omni
3298 3840 3468 3893 carui.

1919 3918 1985 3972 Et
2021 3920 2212 3975 iterum
2243 3940 2256 3978 :
2289 3922 2434 3993 Ignis
2451 3967 2465 3980 ..
2499 3927 2719 3994 grando,
2771 3928 2960 3997 fontes,
3009 3941 3058 3984 et
3107 3949 3266 3995 mors,
3297 3936 3474 3988 omnia

1917 4007 2028 4061 here
2057 4009 2127 4062 ad
2152 4011 2425 4066 vindictam
2451 4024 2614 4067 treata
2641 4027 2758 4068 sunt
2795 4017 2982 4086 (Eccli.
3015 4035 3200 4083 xxxix,
3253 4021 3363 4091 55).
3410 4022 3474 4076 Et

1921 4100 2189 4166 quomodo
2237 4101 2404 4156 latntes
2447 4113 2492 4156 et
2523 4120 2667 4159 mors
2694 4117 2873 4160 creata
2903 4125 2914 4161 :
2949 4125 3052 4163 non
3081 4112 3265 4180 utique
3294 4114 3472 4182 aliqua

1922 4187 2114 4254 forma,
2141 4190 2222 4244 vel
2265 4191 2595 4258 formaione,
2625 4203 2683 4248 ut
2720 4198 3018 4254 existerent
3041 4201 3277 4264 condita,
3306 4201 3398 4257 sed
3421 4203 3474 4257 in

1919 4279 2128 4334 occulto
2153 4281 2506 4354 dispositionis
2536 4284 2628 4340 Dei
2673 4288 2740 4342 ad
2783 4289 2896 4358 ejus
2936 4291 3228 4350 vindictam
3274 4310 3476 4364 praepa-

1923 4377 2070 4434 rata;
2122 4379 2183 4424 ut
2219 4366 2343 4430 inde
2391 4387 2564 4430 evrum
2595 4376 2648 4430 in
2678 4378 3022 4434 manifestum
3051 4382 3302 4450 prolatio,
3331 4383 3478 4438 velut

248 4458 440 4520 postea
472 4451 743 4506 hominem
770 4460 829 4505 ut
855 4463 1102 4522 peccaret
1145 4456 1373 4525 decepit,
1400 4465 1456 4512 et
1499 4441 1814 4528 decipienda
1844 4446 1898 4509 1)
1918 4462 2161 4530 quaedam
2181 4462 2550 4520 videaturesse
2571 4468 2790 4523 creatio.
2807 4468 2874 4522 Et
2898 4441 3092 4525 iterum
3119 4441 3304 4526 eadem
3328 4471 3472 4526 Scri-

247 4541 453 4596 occidit
479 4542 532 4595 in
564 4543 814 4612 paradiso
840 4562 852 4597 :
877 4544 1017 4600 sicut
1046 4546 1232 4602 beatus
1265 4547 1500 4604 Joannes
1539 4550 1814 4619 apostolus

251 4637 502 4696 testatur,
533 4633 778 4701 quoniam
801 4634 864 4686 ab
891 4635 1038 4688 initio
1059 4635 1297 4692 diabolus
1322 4647 1497 4704 peccat
1527 4640 1706 4710 (Joan.
1730 4635 1814 4707 ut,

247 4718 348 4789 8);
391 4727 448 4773 et
500 4720 616 4789 ipse
662 4721 921 4778 Dominus
961 4724 1134 4780 docet»
1162 4725 1513 4782 dicenszllle
1554 4731 1816 4787 homicida

247 4817 364 4860 erat
389 4808 455 4860 ab
483 4809 650 4874 initio,
675 4820 722 4863 et
743 4811 796 4864 in
816 4813 1026 4866 veritate
1047 4830 1149 4868 non
1169 4819 1331 4881 stetit,
1350 4819 1474 4882 quia
1503 4821 1688 4875 veritas
1714 4838 1817 4876 non

249 4905 330 4948 est
355 4897 407 4950 in
428 4913 487 4950 eo
511 4895 695 4967 (Joan.
721 4915 836 4964 vtu,
865 4899 979 4970 44).
1007 4901 1066 4956 in
1097 4918 1162 4958 eo
1195 4906 1341 4959 enim
1368 4909 1509 4976 quod
1538 4909 1590 4964 in
1613 4911 1824 4966 veritate

251 5002 360 5040 non
405 4988 564 5052 stetit,
587 4988 820 5056 perdidit
856 4992 1121 5062 seipsum;
1147 4995 1200 5049 in
1237 5011 1301 5049 eo
1329 5008 1505 5052 autem
1533 5002 1674 5068 quod
1701 5018 1824 5072 pec-

247 5085 435 5131 catum
483 5078 686 5133 homini
739 5082 1082 5150 propinavit,
1118 5085 1332 5139 occidit
1380 5087 1670 5144 hominem.
1732 5092 1821 5160 Et,

245 5166 396 5222 sicut
417 5165 624 5236 primus
651 5178 924 5234 peccator,
954 5169 1026 5225 ita
1052 5180 1106 5226 et
1150 5173 1356 5242 primus
1391 5173 1568 5244 factus
1607 5186 1690 5232 est
1726 5179 1822 5232 bo:

249 5251 487 5310 micida':
520 5257 642 5324 quia
683 5259 859 5310 anima
902 5275 1019 5328 qua:
1068 5263 1374 5330 peccaverit,
1419 5265 1532 5334 ipsa
1572 5269 1824 5323 morietur

247 5345 469 5417 (Ezech.
503 5363 660 5412 xvnt,
691 5346 768 5416 4).
806 5348 958 5404 Unde
985 5359 1038 5404 et
1077 5344 1193 5420 ipse
1216 5353 1282 5412 in
1304 5353 1600 5424 Scripturis
1627 5359 1821 5414 dicitur

247 5436 452 5492 habere
483 5439 662 5490 mortis
704 5440 978 5508 imperium
1021 5439 1212 5511 (Hebr.
1267 5460 1326 5509 ιι,
1367 5446 1475 5516 ii).
1514 5446 1629 5502 Non
1677 5451 1819 5519 quod

247 5525 380 5594 eius
397 5533 687 5595 potestate,
713 5527 806 5581 sed
844 5529 986 5596 quod
1034 5529 1151 5598 ejus
1180 5533 1409 5602 maligna
1447 5537 1644 5594 invidia
1675 5557 1820 5596 mors

1919 4561 2075 4620 plura
2107 4551 2237 4607 dicit
2263 4572 2278 4607 :
2318 4551 2467 4623 Matr,
2495 4555 2745 4625 sanguis,
2777 4559 3059 4623 contentio,
3087 4568 3134 4612 et
3156 4560 3474 4628 rhompluea,

1920 4643 2278 4711 superveniens
2301 4641 2473 4712 famis,
2505 4647 2767 4710 contritio,
2802 4657 2850 4700 et
2892 4649 3102 4701 verbera
3127 4662 3146 4698 :
3176 4665 3331 4718 super
3371 4650 3476 4703 ini-

1919 4748 2048 4802 quos
2077 4743 2251 4786 creata
2279 4747 2399 4789 sunt
2411 4734 2522 4789 Ittec
2545 4736 2739 4800 omnia,
2767 4749 2815 4789 et
2839 4747 3047 4805 propter
3070 4737 3188 4791 illos
3207 4738 3378 4808 factus
3401 4749 3479 4793 est

1924 4822 2268 4894 cataclysmus
2316 4822 2508 4894 (Exit.
2539 4841 2638 4890 χι,
2682 4825 2758 4889 9,
2797 4825 2926 4885 10).
2978 4825 3110 4880 Cum
3158 4843 3286 4898 ergo
3327 4844 3478 4883 mors

1925 4911 2158 4969 hominis
2211 4931 2278 4972 es
2321 4915 2553 4987 juga'et
2606 4915 2784 4970 divina
2836 4915 3037 4970 ultione
3089 4919 3307 4974 veniens
3364 4928 3478 4974 tam

1923 5013 2108 5073 aperte
2133 5005 2362 5072 dicatur,
2383 5014 2433 5059 et
2458 5015 2566 5060 tam
2596 5007 2860 5061 veraciter
2894 5007 3218 5078 intelligatur
3243 5011 3296 5065 in
3329 5010 3478 5066 Serio

1923 5093 2098 5161 pturis
2139 5109 2260 5150 esse
2299 5109 2329 5149 a
2362 5093 2480 5148 Deo.
2523 5094 2675 5148 Unde
2714 5103 2768 5148 et
2818 5085 3007 5151 beatus
3050 5097 3198 5151 Elius
3243 5109 3342 5167 pro
3369 5098 3482 5156 tilio

1922 5185 2095 5238 viduae
2126 5187 2264 5255 apud
2291 5202 2439 5258 quam
2468 5183 2844 5254 hospitabatur
2871 5187 3123 5244 defuncto
3159 5189 3480 5260 supplicans

1922 5277 2137 5334 dicebat
2170 5281 2282 5336 Deo
2315 5300 2328 5336 :
2359 5280 2594 5344 Domine,
2620 5265 2842 5339 etiamne
2878 5281 3090 5336 viduam
3123 5283 3312 5349 istam,
3338 5285 3479 5338 avud

1923 5377 2079 5440 quam
2104 5388 2196 5441 ego
2215 5382 2466 5440 “curque
2491 5380 2780 5436 sustentor,
2803 5374 3050 5443 aﬁliaisti,
3077 5383 3144 5427 ut,
3165 5374 3482 5452 inter/iteres

1919 5461 2095 5529 filium
2147 5463 2262 5532 ejus
2306 5460 2419 5534 (HI
2471 5463 2597 5534 lleg.
2645 5479 2789 5528 XVII,
2828 5464 3060 5535 20)?Et
3118 5465 3375 5520 Dominus
3431 5467 3485 5517 iit

1919 5552 2214 5622 Evangelio
2259 5547 2436 5624 aperte
2483 5555 2651 5610 dicit:
2682 5555 3034 5622 Timeteeum.
3068 5555 3178 5624 qui,
3209 5565 3480 5623 postquam

249 5617 510 5675 invaserit
533 5629 585 5674 et
609 5621 936 5690 oppresserit
955 5623 1118 5680 omne
1135 5638 1302 5693 genus
1327 5627 1638 5687 humanum.
1669 5632 1825 5689 Unde
1909 5617 2192 5712 (acciderit,
2222 5617 2362 5707 [καὶαι
2387 5657 2686 5716 potestatem
2715 5619 2921 5702 intuere.
2941 5650 2995 5701 in
3015 5617 3298 5717 gehennam
3329 5641 3480 5716 (Luc.
