4050 6302
634 285 735 341 123

1731 274 1937 337 FLOR!
1974 273 2243 333 DlACONl
2273 274 2408 333 LUG
2419 271 2757 330 DUNENSIS
3756 284 3829 345 ω

632 413 732 460 ιιι.
757 394 812 466 5)
850 414 865 451 ;
898 392 1226 464 intelligatur
1273 398 1459 465 aperta
1505 388 1799 460 Scriptura:
1851 386 2087 454 veritas,
2139 394 2196 441 et
2223 392 2271 448 Α
2299 385 2581 441 dicebant:
2606 384 2670 441 Si
2688 384 2834 455 ejicis
2858 401 2973 451 nos,
2995 386 3138 442 mitte
3162 404 3254 443 nos
3274 388 3327 444 in
3346 404 3567 460 gregem
3581 408 3830 462 portatu.

630 482 965 543 conticescet
994 480 1217 535 vanitas.

705 572 860 628 Sicut
878 585 1009 641 ergo
1059 584 1225 634 mors,
1251 583 1371 639 quae
1414 575 1499 623 est
1540 567 1724 639 utique
1767 581 1928 637 ptena
1971 565 2203 638 peccati,

633 663 707 718 ita
735 661 897 716 etiam
925 660 1104 715 omnis
1133 659 1351 714 miseria
1398 656 1669 723 laborum,
1699 656 2107 713 tribulationum
2146 664 2202 712 et

632 754 1033 817 calamitatum,
1088 766 1207 821 quae
1258 757 1549 805 consecuta
1585 757 1710 804 sunt
1755 749 2027 805 hominem
2080 756 2204 819 post

634 854 937 913 peccatum,
962 841 1087 913 quia
1127 840 1307 895 divina
1347 837 1694 909 dispositione
1719 846 1775 893 et
1809 836 2017 907 judicio
2054 846 2112 892 et
2137 837 2202 892 il-

632 934 741 988 lata
773 941 897 990 sunt
921 941 978 987 et
1001 931 1320 993 inferuntur,
1354 928 1803 998 recteoScriptura
1841 928 1974 983 dicit
2015 943 2143 983 esse
2168 943 2201 983 a

634 1023 778 1090 Deo,
824 1024 962 1077 sicut
1010 1030 1195 1091 aperte
1241 1035 1307 1074 ea
1368 1018 1671 1073 testimonia
1720 1033 1841 1088 qua:
1888 1018 2201 1087 posuimus,

634 1116 938 1171 ostendunt.
962 1115 1030 1169 Et
1051 1115 1172 1170 ideo
1193 1114 1332 1168 sicut
1356 1127 1482 1167 vere
1502 1120 1796 1181 peccatum,
1816 1111 1958 1181 quod
1983 1117 2203 1165 contra-

634 1207 774 1262 rium
798 1213 881 1261 est
898 1204 1122 1273 justitize
1143 1204 1271 1269 Dei,
1304 1218 1409 1257 non
1439 1211 1525 1256 est
1548 1217 1578 1255 a
1602 1202 1738 1266 Deo,
1768 1201 1842 1255 ita
1882 1214 2009 1254 vere
2042 1214 2200 1269 poena

632 1296 879 1368 peccati,
918 1296 973 1352 id
1009 1303 1095 1350 est
1129 1310 1276 1349 mors
1304 1332 1320 1357 ,
1355 1300 1412 1347 et
1452 1291 1631 1346 omnis
1683 1290 1764 1344 illa
1815 1288 2092 1343 calamitas
2146 1295 2204 1342 et

632 1388 851 1443 miseria
903 1401 1023 1457 qua:
1062 1392 1352 1440 consecuta
1389 1391 1496 1447 est,
1524 1382 1649 1450 quia
1672 1377 1814 1449 justo
1856 1377 2064 1449 judicio
2104 1377 2202 1433 Dei

631 1484 981 1549 competunt,
1010 1484 1065 1531 et
1082 1473 1229 1543 justa
1278 1472 1396 1541 ejus
1442 1472 1648 1526 ultione
1696 1470 2011 1533 inferuntur,
2034 1484 2065 1522 a
2091 1467 2201 1522 Deo

628 1582 774 1631 esse,
806 1564 1085 1635 Scriptura
1114 1570 1427 1625 attestante,
1472 1572 1615 1616 recte
1657 1561 2034 1630 intelliguntur.
2079 1556 2200 1623 Ubi,

628 1658 843 1713 etiamst
880 1654 1121 1710 diabolus
1169 1662 1224 1707 et
1269 1654 1449 1707 caeteri
1505 1652 1680 1721 angeli
1736 1650 1947 1721 maligni
1996 1648 2199 1718 aliquid

2304 474 2374 529 Et
2395 474 2487 531 ille
2503 476 2637 530 dixit
2661 476 2737 530 eis
2757 475 2878 531 :lte
2901 474 3119 549 (Natta.
3143 493 3261 544 vui,
3293 477 3411 546 52).
3436 479 3575 536 inde
3610 492 3689 538 est
3724 491 3833 555 quod

2301 566 2466 621 etiam
2502 565 2557 619 in
2588 564 2806 635 psalmo
2829 604 2847 632 ,
2886 565 2977 621 ubi
3021 575 3309 623 narrantur
3349 568 3530 639 plaga:
3566 579 3621 625 et
3660 572 3837 631 cabi-

2301 664 2441 712 tates
2475 655 2671 725 quibus
2700 654 2962 727 Eg'yptus
2983 672 3083 728 pro
3120 672 3219 713 sua
3256 658 3561 729 impietate,
3589 661 3692 717 Deo
3723 664 3833 734 iuste

2302 745 2617 811 ulciscente,
2644 754 2701 802 et
2726 745 2906 818 Moyse
2945 746 3147 805 famulo
3170 764 3269 805 suo
3298 750 3581 807 mediante
3620 767 3679 809 ac
3710 756 3835 813 mini-

2300 843 2535 902 strante,
2562 852 2816 906 percussa
2841 846 2956 905 est,
2983 838 3266 895 manifeste
3315 837 3635 913 Scriptura,
3665 845 3835 903 etiamsi

2301 924 2599 980 ministerio
2640 925 2951 996 angelorum
2999 927 3263 983 malorum
3315 929 3504 1000 aliqua
3557 931 3738 988 borum
3778 937 3838 991 eis

2301 1015 2503 1071 inﬂicta
2536 1024 2680 1081 sunt,
2702 1016 2885 1071 omnia
2904 1019 2971 1072 ad
3002 1020 3173 1073 Deum
3191 1020 3441 1077 referens
3458 1020 3593 1077 dicit
3616 1039 3630 1077 :
3659 1021 3837 1080 Coms

2300 1106 2359 1159 tit
2398 1106 2451 1159 in
2471 1107 2780 1173 sanguinem
2823 1107 3042 1175 ﬂumina
3062 1123 3269 1175 eorum,
3290 1119 3339 1165 et
3367 1110 3565 1165 imbres
3588 1127 3768 1179 eorum,
3792 1132 3838 1167 ne

2302 1196 2549 1250 biberent.
2579 1195 2723 1251 Misit
2752 1198 2808 1251 in
2848 1214 2934 1252 eos
2958 1200 3298 1269 emnomyiam
3323 1209 3372 1254 et
3405 1202 3631 1257 comedit
3655 1219 3749 1267 eos,
3772 1220 3837 1259 re-

2302 1300 2423 1338 nam
2446 1293 2495 1338 et
2517 1285 2822 1354 disperdidit
2859 1302 2967 1341 eos.
3009 1286 3080 1341 Et
3103 1288 3251 1342 dedit
3285 1290 3521 1360 ςενιθὲηὲ
3554 1292 3744 1360 {ructu
3772 1310 3838 1348 eo-

2302 1391 2439 1439 rum,
2468 1385 2517 1429 et
2546 1374 2748 1429 labores
2766 1391 2946 1430 eorum
2967 1374 3203 1431 locusta.
3238 1358 3309 1431 Et
3335 1358 3529 1432 cecidit
3550 1358 3608 1434 in
3628 1380 3841 1451 grandine

2301 1463 2474 1519 cineas
2500 1482 2700 1530 eorum,
2720 1476 2769 1520 et
2795 1483 2973 1522 moros
2989 1484 3169 1521 eertum
3210 1469 3265 1522 in
3289 1470 3518 1539 pruina.
3558 1469 3626 1525 Et
3664 1472 3841 1525 tradidit

2302 1556 2546 1626 grandini
2560 1558 2799 1627 jumenta
2843 1575 3039 1622 eorum,
3067 1561 3521 1629 «possessionem-
3544 1579 3716 1618 eorttm

2309 1646 2451 1700 Misit
2480 1648 2534 1699 in
2555 1664 2641 1701 eos
2663 1649 2797 1701 iram
2832 1648 3203 1718 indignationis
3246 1666 3399 1713 sua;
3448 1651 3841 1722 indignationem,

630 1756 816 1817 agunt,
842 1746 1072 1801 ministri
1100 1752 1229 1821 sunt
1250 1742 1447 1797 divina:
1479 1740 1719 1805 ultionis,
1747 1750 1907 1826 atque
1931 1740 2201 1803 vindictae,

2308 1744 2359 1790 et
2403 1736 2569 1800 iram,
2596 1745 2645 1791 et
2693 1736 3114 1805 tribulationem,
3151 1740 3505 1796 immissiones
3542 1758 3637 1813 pes
3670 1744 3841 1814 angelos

632 1853 741 1891 non
764 1837 991 1906 judices,
1019 1834 1105 1888 vel
1133 1842 1404 1896 auctores,
1430 1832 1570 1885 sicut
1598 1822 1877 1886 manifeste
1915 1830 2036 1884 libri
2062 1829 2208 1885 beati
2306 1824 2472 1879 malos
2528 1822 2701 1895 (Psal.
2756 1843 2972 1894 Lxxvtt,
3035 1828 3244 1901 ιιι-49).
3294 1830 3362 1885 Et
3411 1832 3471 1886 in
3511 1832 3619 1886 alio
3654 1833 3842 1903 psalmo,

630 1925 731 1982 Job
760 1926 986 1983 historia
1027 1923 1281 1986 ostendit,
1328 1922 1381 1976 in
1412 1937 1518 1992 qua
1556 1920 1858 1990 plenissime
1904 1920 2209 1977 ostenditur
2304 1932 2429 1971 cum
2472 1917 2727 1985 impetum
2772 1918 2972 1997 ignium
3005 1928 3060 1974 et
3089 1920 3435 1991 grandinum,
3472 1930 3840 1991 tempestatum,

632 2018 776 2087 quod
805 2033 909 2071 non
940 2016 1114 2070 solum
1152 2022 1215 2068 ut
1240 2014 1414 2082 ipsum
1464 2010 1680 2065 vulnere
1706 2009 1937 2080 pessimo
1963 2025 1993 2062 a
2020 2007 2206 2078 planta

631 2108 784 2175 pedis
834 2120 1002 2175 usque
1044 2103 1112 2159 ad
1157 2102 1413 2158 verticem
1456 2101 1739 2165 saneiaret,
1778 2098 1862 2154 vel
1910 2098 2052 2153 ﬁlios
2087 2097 2205 2167 ejus

631 2211 906 2251 concussae
926 2204 981 2249 et
997 2192 1298 2250 corruentis
1322 2191 1510 2246 domus
1537 2188 1883 2260 oppressione
1909 2186 2200 2250 occideret,

632 2294 689 2341 et
734 2286 1009 2355 cupiosam
1056 2282 1171 2351 ejus
1217 2278 1472 2336 familiam
1521 2280 1604 2335 vel
1653 2278 1829 2350 gladio
1881 2276 2203 2333 irruentium

633 2378 977 2447 praedonum,
1006 2373 1090 2429 vel
1118 2374 1186 2429 de
1206 2372 1342 2428 caelo
1369 2370 1613 2425 veniente
1663 2370 1786 2441 igne
1831 2375 2199 2431 consumeret,

633 2468 728 2523 sed
760 2481 859 2523 nec
896 2466 1009 2537 ipsa
1062 2464 1183 2535 ejus
1227 2477 1420 2532 pecora
1456 2470 1506 2515 et
1540 2460 1835 2515 animantia
1888 2457 2202 2529 contingere

632 2574 798 2615 ausus
827 2566 943 2621 est,
983 2556 1088 2612 nisi
1122 2556 1304 2626 prius,
1330 2555 1663 2624 permittente
1710 2550 1813 2607 sibi
1864 2550 2113 2614 Domino,
2146 2558 2203 2605 et

630 2652 841 2706 dicente
871 2667 885 2703 :
918 2649 1052 2703 Ecce
1072 2650 1317 2702 universa
1335 2662 1452 2717 qut:
1476 2645 1644 2710 liabet,
1665 2646 1720 2699 in
1740 2659 1901 2697 manu
1926 2652 2016 2696 tua
2038 2650 2202 2695 sunt:

630 2752 981 2795 uerumtamen
1014 2740 1070 2793 in
1097 2755 1215 2793 eum
1248 2752 1311 2791 ne
1349 2737 1585 2791 extendas
1622 2751 1836 2790 manum
1876 2745 2021 2787 tuam
2046 2731 2198 2803 (Job.

632 2851 671 2896 ι.
701 2834 812 2902 12).
835 2834 903 2888 Et
937 2834 1132 2889 iterum
1164 2849 1179 2885 :
1211 2830 1347 2885 Ecce
1384 2830 1439 2883 in
1469 2847 1618 2883 manu
1655 2838 1747 2883 tua
1777 2838 1851 2883 est
1891 2844 1910 2881 :
1940 2836 2202 2881 verumta-

633 2938 749 2983 men
771 2923 1000 2975 animam
1020 2922 1163 2975 illius
1185 2936 1333 2973 serva
1357 2918 1479 2989 (Job
1501 2934 1558 2980 tt,
1580 2920 1650 2987 6).
1694 2918 1843 2973 Unde
1873 2925 1931 2971 et
1965 2916 2079 2986 ipse
2118 2916 2204 2970 vir

634 3017 853 3065 sanctus
897 3019 955 3065 et
1000 3010 1180 3063 divina
1224 3008 1485 3077 sapientia
1515 3008 1765 3078 repletus,
1793 3023 1916 3062 cum
1964 3006 2039 3060 illi
2082 3007 2197 3059 haac

633 3099 814 3152 omnia
847 3099 1190 3162 accidissent,
1225 3112 1329 3152 non
1377 3112 1441 3152 ea
1485 3097 1753 3167 deputavit
1796 3096 2042 3159 diabolo,
2067 3096 2191 3165 quia

637 3195 926 3242 exsecutor
954 3185 1129 3240 fuerat
1169 3185 1310 3241 illius
1341 3185 1649 3241 calamitatis
1673 3227 1687 3251 ,
1724 3187 1817 3241 sed
1844 3186 1910 3240 ad
1939 3186 2107 3239 Deum
2151 3193 2206 3239 et

636 3276 702 3328 ad
722 3274 1206 3345 justumjudicium
1237 3272 1351 3342 ejus
1371 3275 1546 3329 omnia
1582 3274 1808 3330 fideliter
1848 3282 1905 3329 et
1931 3273 2206 3327 humiliter

638 3380 759 3419 cum
804 3365 1099 3433 gratiarum
1152 3365 1365 3420 actione
1412 3364 1621 3429 retulit,
1668 3366 1895 3419 dicens:
1946 3363 2202 3418 Dominus

638 3454 799 3514 dedit,
835 3452 1090 3507 Dominus
1113 3453 1323 3510 abstulit
1347 3493 1363 3518 ,
1385 3456 1519 3508 sicut
1558 3453 1772 3507 Domino
1792 3452 1988 3524 placuit
2016 3453 2091 3505 ita
2124 3451 2208 3519 fa-

638 3553 777 3597 ctum
797 3552 889 3609 est,
920 3543 987 3597 sit
1010 3560 1194 3595 nomen
1233 3542 1442 3595 Domini
1487 3543 1801 3596 benedictum
1850 3541 1972 3613 (Job
2022 3557 2059 3605 ι,
2092 3539 2201 3610 12).

637 3633 899 3687 Similiter
920 3644 972 3687 et
1004 3635 1055 3687 in
1087 3632 1393 3704 Evangelio,
1424 3648 1545 3686 cum
1571 3630 1848 3699 ejiceretur
1877 3632 1944 3686 ah
1980 3631 2197 3686 homine

636 3737 796 3790 quem
825 3724 1112 3778 obsederat
1139 3724 1271 3793 legio
1313 3723 1711 3789 dwmoniorun,
1758 3738 1863 3780 non
1895 3723 2201 3778 habuerunt

638 3821 959 3880 potestatem
1008 3814 1348 3877 introeundi,
1377 3823 1432 3868 et
1455 3816 1702 3882 perdendi
1744 3831 1957 3887 gregem
2006 3831 2200 3886 porco—

638 3916 781 3969 rum,
809 3904 914 3960 nisi
943 3903 1122 3960 abillo
1143 3904 1388 3975 permissi
1411 3904 1497 3959 cui
1525 3905 1755 3961 dolentes
1798 3914 2199 3977 trementesque

2304 2015 2360 2061 et
2406 2007 2759 2077 procellarum
2810 2009 3132 2079 replicaret,
3184 2010 3380 2081 quibus
3415 2020 3498 2068 tot
3525 2012 3840 2083 naulragiaet

2303 2099 2608 2153 eversiones
2654 2107 2711 2154 et
2751 2102 3028 2158 vastitates
3069 2101 3203 2158 liunt
3249 2104 3303 2160 in
3358 2105 3585 2170 mundo,
3638 2103 3843 2158 similiter

2302 2190 2485 2245 omnia
2521 2190 2765 2247 referens
2813 2194 2882 2248 ad
2923 2196 3131 2259 Deum,
3180 2195 3314 2251 dixit
3361 2210 3377 2250 :
3430 2194 3617 2266 Ignis,
3655 2194 3840 2265 grando,

2303 2280 2415 2344 nix,
2439 2279 2648 2350 glacies,
2670 2282 2883 2351 spiritus
2903 2282 3270 2349 procellarum,
3291 2300 3412 2354 quae
3445 2284 3645 2353 faciunt
3670 2282 3842 2336 verbum

2301 2368 2414 2440 ejus
2450 2368 2619 2441 (Psal.
2642 2387 2862 2438 CXLVIII,
2886 2372 2962 2441 8).

2916 2462 3143 2518 CAPUT
3170 2463 3259 2519 IV.

2381 2548 2586 2617 Quarto
2598 2551 3344 2622 capituloponitdelinitiones
3370 2552 3612 2623 quinque
3640 2551 3730 2606 hoc
3766 2564 3834 2603 or-

2303 2638 2447 2693 dine.

2375 2727 2423 2781 1.
2463 2725 2589 2781 Tres
2641 2728 2861 2782 ha'reses
2886 2769 2903 2794 ,
2932 2746 3090 2783 unam
3126 2729 3535 2800 Pelagianorum
3568 2730 3706 2783 liberi
3735 2726 3838 2780 ιιι-ὑί·

2302 2819 2391 2871 trii
2419 2820 2528 2873 sine
2554 2821 2737 2889 gratia:
2758 2821 3220 2875 commendatione.
3238 2823 3475 2876 Alteram
3496 2822 3673 2891 gratiae
3688 2818 3835 2873 solius.

2306 2910 2533 2965 Tertiam
2570 2924 2595 2952 ι
2624 2910 3103 2968 Gotteschalcanam
3131 2914 3674 2985 prwdestinationibtts
3696 2926 3835 2966 neces-

2302 3004 2480 3055 sitates
2509 3002 2665 3055 etiam
2693 3002 3017 3070 inferentem.

2380 3092 2432 3147 2.
2463 3092 2820 3147 Substantiam
2841 3095 3065 3150 hominis
3084 3113 3193 3151 esse
3213 3097 3335 3150 tria.
3366 3096 3439 3151 Id
3460 3106 3555 3161 est,
3581 3111 3701 3159 esse,
3721 3091 3837 3155 pelle,

2309 3188 2461 3241 scire.
2500 3186 2567 3240 Et
2593 3187 2728 3239 hanc
2752 3187 3012 3255 peccando
3043 3205 3145 3241 non
3171 3190 3430 3243 amisisse.

2380 3277 2434 3331 5.
2479 3274 2697 3329 Nullam
2728 3285 2969 3329 naturam
2996 3293 3143 3345 posse
3171 3278 3367 3348 perire,
3408 3296 3502 3333 nec
3537 3277 3733 3332 liberam
3766 3290 3834 3325 eo-

2311 3363 2561 3417 luntatem
2590 3380 2707 3418 eum
2734 3365 3038 3434 perdidisse,
3065 3366 3119 3420 id
3149 3378 3224 3420 est
3250 3377 3495 3421 naturam
3521 3382 3681 3421 suam.

2378 3455 2433 3509 4.
2473 3455 2785 3509 Libertatem
2828 3457 3026 3509 homini
3065 3468 3178 3526 post
3209 3468 3478 3527 peccatum
3528 3455 3833 3512 remansisse:

2303 3544 2527 3614 vigorem
2556 3554 2602 3598 et
2628 3555 2929 3612 potestatem
2957 3547 3070 3616 ejus
3096 3548 3400 3617 perdidisse.

2376 3638 2430 3694 5.
2472 3636 2554 3691 Ea
2584 3654 2784 3707 semper
2809 3647 3053 3694 naturam
3076 3642 3321 3697 inchoare
3348 3660 3529 3714 posse,
3555 3649 3601 3696 et
3631 3636 3833 3709 perﬁcere

2306 3729 2513 3783 nonnisi
2546 3745 2638 3796 per
2664 3730 2911 3798 gratiam.

2378 3821 2453 3874 De
2493 3818 2661 3873 tribus
2694 3819 2987 3875 lneresibus
3017 3836 3153 3890 quas
3192 3822 3357 3887 dicit,
3400 3823 3662 3895 primum,
3697 3815 3742 3870 id
3769 3816 3833 3865 esi

2305 3908 2734 3979 Pelagianorum,
2762 3910 2852 3978 qui
2881 3908 3109 3965 liberum
3135 3912 3418 3967 arbitrium
3449 3913 3564 3969 sine
3590 3908 3675 3964 Dei
3696 3900 3834 3976 gratia

1591 4041 1789 4100 NOTAE
1830 4040 2152 4098 DUVALLll
2186 4042 2527 4100 DOCTORIS
2565 4042 2944 4100 SORBONICI.

712 4169 741 4198 ι
768 4156 900 4222 Quis
939 4155 1099 4209 fuerit
1139 4154 1542 4211 Gotteschalcus
1587 4156 1757 4223 acdpe
1782 4171 1845 4209 ex
1890 4154 2099 4211 Pithmo
2141 4156 2195 4211 in

642 4224 938 4282 Annalibus
961 4264 977 4289 ,
1011 4234 1068 4278 et
1090 4225 1388 4279 Trithemio
1426 4226 1478 4279 in
1510 4225 1763 4279 Chronico
1811 4225 2194 4291 llirsaugiensi,

642 4306 697 4350 et
723 4294 1025 4349 Flodoardo
1052 4294 1145 4348 lib.
1174 4310 1257 4356 ιιι,
1301 4309 1417 4363 cap.
1452 4295 1539 4357 l5,
1567 4309 1663 4348 seu
1682 4295 1856 4362 potius
1884 4294 2191 4356 Hincmaro,

2302 4157 2484 4212 tulerit
2511 4157 2831 4227 evangelica:
2872 4157 3268 4225 praedicationis
3317 4160 3513 4227 gratia,
3557 4166 3609 4227 et
3650 4161 3836 4227 suamm

2300 4229 2619 4282 concinnum
2648 4220 2927 4282 Exordium
2957 4229 3243 4297 sumpserit
3286 4220 3353 4282 ab
3383 4220 3639 4297 inell‘ahili
3660 4220 3828 4297 praede:

2299 4297 2611 4367 stinationis
2633 4297 2908 4367 mysterio.
2932 4286 3190 4367 iCoaetus
3225 4298 3402 4353 redire
3432 4301 3485 4353 in
3515 4286 3739 4353 Galliam,
3778 4286 3831 4367 ali

643 4364 873 4419 themni
895 4364 1321 4435 archiepiscopo,
1347 4362 1435 4435 qui
1463 4373 1593 4435 tunc
1622 4365 1841 4435 vivebat,
1872 4373 1925 4417 et
1951 4364 2198 4435 eumdem
2228 4368 2277 4427 Ι)
2302 4367 2565 4435 episcopis
2592 4366 2643 4419 in
2675 4362 2902 4421 concilio
2931 4366 3320 4431 Moguntinensi
3360 4368 3638 4421 damnatus
3663 4367 3761 4435 est,
3789 4362 3830 4406 ei

642 4431 1094 4491 Gotteschalcum‘
1126 4433 1322 4501 saepius
1369 4434 1499 4487 vidit
1542 4442 1598 4487 et
1640 4433 1868 4498 audivit;
1902 4431 2054 4501 cujus
2086 4434 2202 4488 haec

643 4504 806 4559 verba
858 4511 1003 4569 sunt,
1057 4504 1124 4558 ad
1180 4502 1454 4557 Nicolaum
1495 4503 1561 4558 l:
1614 4521 1633 4554 ι
1673 4503 1844 4565 iubis,
1886 4502 1981 4567 ait,
2034 4519 2204 4573 pauca

643 4574 853 4643 aperire
875 4574 1123 4628 desidero
1153 4573 1418 4643 quomodo
1444 4582 1716 4642 antequan
1755 4574 2039 4643 episcopus
2065 4574 2207 4626 ordi-

645 4642 803 4697 natus
831 4642 1070 4705 fuissem,
1100 4642 1202 4699 iste
1230 4642 1651 4704 Gotteschalcus,
1697 4642 1978 4697 monachus
2022 4657 2205 4696 mona-

646 4713 798 4766 sterii
828 4712 1068 4768 ecclesia:
1101 4712 1520 4781 metropolitanum
1551 4713 1857 4781 Rhodensis
1888 4712 2012 4767 dicti
2043 4711 2204 4766 Orbei

648 4781 897 4835 dimcesis
948 4780 1373 4847 Suessionensis,
1423 4791 1480 4835 ut
1510 4780 1667 4849 hujus
1693 4784 1846 4837 dibus
1875 4792 1927 4836 et
1959 4781 2203 4836 monachi

649 4866 773 4903 cum
802 4850 995 4917 quibus
1030 4852 1343 4906 versabatur
1364 4860 1647 4916 testantur,
1696 4854 1845 4907 lnmo
1888 4852 2068 4905 animo
2096 4850 2205 4904 ela-

649 4928 758 4992 tus,
799 4919 996 4992 quietis
1024 4920 1627 4992 impatiens,gnovorum
1654 4924 1926 4977 vetborum
1958 4919 2201 4989 cupidus,

652 4987 941 5062 insatiabili
972 4987 1191 5062 honoris
1216 4991 1506 5062 ambitione
1550 4992 1807 5055 incensas,
1841 4987 2126 5062 protervus
2147 4997 2207 5062 et

651 5057 1047 5112 tumultuosus:
1078 5067 1137 5112 ut
1160 5059 1304 5116 inani
1325 5061 1487 5114 animi
1514 5057 1859 5118 ostentaioné
1878 5059 2078 5113 famam
2093 5057 2207 5112 adi-

651 5126 990 5196 pisceretur,
1013 5136 1191 5182 certos
1213 5130 1465 5184 articulos
1482 5131 1720 5185 omnium
1738 5131 1981 5187 hlsarum
2002 5126 2202 5182 doctri-

650 5194 720 5249 ita
729 5210 845 5249 rum
859 5194 1021 5277 elegit
1033 5209 1086 5249 et
1099 5196 1326 5277 collegit.
1342 5218 1361 5252 ι
1384 5200 1449 5277 Et
1460 5210 1640 5269 postea
1652 5199 1847 5277 :_t_llem
1864 5196 2203 5277 (inite-sebal-

649 5280 770 5327 cus,
797 5266 972 5319 ordini
999 5266 1316 5321 sacerdotali
1347 5284 1376 5322 a
1418 5266 1622 5323 decano
1652 5267 1929 5325 Rhenensi
1968 5266 2208 5321 initiatus

651 5335 790 5405 (lucc
816 5343 994 5405 autem
1032 5337 1297 5405 promotio
1334 5340 1798 5394 constitutionibtn
1829 5336 2208 5395 ecclesiasticis

650 5403 1057 5479 reluctabaturl,
1070 5416 1255 5479 contra
1273 5424 1422 5463 suam
1440 5410 1673 5479 regulam
1700 5406 2015 5479 monasterio
2030 5422 2209 5477 egres-

649 5488 761 5549 sus,
790 5473 1234 5549 disjunctissimas
1261 5486 1432 5533 terras
1459 5473 1763 5549 peragravit
1798 5488 1858 5532 ut
1904 5473 2207 5549 virus'suze

650 5541 798 5617 falsa
838 5541 1097 5601 doctrina:
1147 5541 1683 5617 evomeret.'Nar?at
1723 5549 1953 5605 Ecclesia
2001 5546 2207 5617 Lugdu-

649 5614 830 5671 nensis
853 5630 975 5686 quo
995 5626 1151 5687 pacto
1176 5614 1229 5674 in
1255 5618 1473 5675 ultimos
1498 5619 1629 5675 lines
1659 5617 1952 5678 Germania:
1998 5632 2055 5675 se
2082 5614 2205 5672 eos.

2304 4428 2371 4491 e'x
2402 4428 2615 4489 illo-rum
2638 4436 2854 4506 decreto
2889 4428 3108 4506 ﬂagellis
3132 4437 3395 4491 violenter
3417 4451 3623 4497 caesus;
3654 4428 3829 4506 tandem

2307 4506 2361 4560 in
2386 4506 2714 4575 monasterio
2740 4503 3057 4561 Rhemetisis
3084 4506 3334 4561 dimcesis
3381 4516 3627 4575 tanquam
3658 4503 3703 4553 in
3734 4507 3827 4549 car-

2305 4590 2429 4655 cere
2459 4591 2524 4654 ex
2552 4574 2788 4655 ejusdem
2811 4575 3022 4655 concilii
3048 4574 3269 4655 decreto
3283 4574 3536 4655 _t‘eclusus
3556 4582 3651 4627 est.
3684 4588 3707 4621 ι

2374 4641 2597 4714 Articuli
2627 4645 2679 4698 in
2709 4644 2964 4714 pracdicto
2994 4644 3223 4699 concilio
3262 4646 3499 4714 damnati
3529 4641 3830 4714 recensentur

2305 4712 2373 4766 ab
2399 4711 2787 4778 llincmaro,'id
2832 4723 2917 4768 est
2944 4715 3084 4783 quod
3112 4714 3250 4767 sicut
3280 4712 3421 4768 Deus
3448 4715 3693 4783 quosdam
3716 4713 3825 4783 pl'J-j'

2306 4782 2665 4837 destinaverat
2692 4775 2780 4835 ’ad
2822 4775 2987 4837 vitam
3033 4794 3314 4846 aeternam,
3346 4784 3417 4836 ita
3463 4775 3593 4836 alios
3631 4775 3690 4829 ad
3717 4781 3828 4846 inof-

2306 4834 2414 4924 ιέά.
2432 4834 2697 4905 aiming“
2718 4834 3491 4924 paeanas};“(ianuae
3522 4834 3714 4914 absque
3743 4834 3825 4924 illi:

2306 4902 3197 4991 saansaan};satanas)
3224 4902 3580 4990 squama.
3604 4902 3714 4991 non
3739 4902 3827 4991 vutg

2304 5004 2495 5045 omnes
2540 4986 2782 5046 homines
2812 4986 2988 5046 salvos
3040 4986 3189 5054 fieri,
3218 4986 3311 5045 sed
3354 5006 3447 5046 eos
3480 4987 3722 5054 duntaxat
3755 4986 3825 5054 qi}!

2305 5060 2619 5126 salvantur;
2647 5061 2789 5130 quod
2812 5058 2977 5116 Iesus.
2996 5046 3244 5116 Christus
3284 5060 3549 5130 Dominus
3565 5069 3663 5111 non

2304 5122 2615 5201 erucilixus’
2650 5122 2825 5201 neque
2870 5138 3115 5201 moratus
3150 5145 3257 5201 pro
3298 5128 3652 5201 redemptione
3695 5122 3825 5201 ιριρειξ

2306 5176 3660 5270 ἶιίιῖιῖἓιίζ’ἒεὰ’”ἲδ“ηῖιιιῖιῐ”ᾖῗο“ἰιί¹ἑ’ᾆυὶ’ἓᾶῖῦἕῆῐιῖές
3710 5176 3822 5270 GT,"

2306 5268 2507 5322 nullum
2529 5269 2595 5323 ad
2621 5284 2679 5323 se
2706 5264 3147 5352 diabolus'possit
3168 5264 3357 5351 rapere
3400 5284 3497 5339 pro
3517 5277 3619 5390 suo
3644 5264 3825 5320 sangvi-

2306 5352 2429 5390 nem
2478 5354 2631 5390 suum
2683 5336 2842 5390 Iesus
2868 5339 3117 5390 Christus
3160 5338 3421 5390 Dominus
3460 5337 3511 5390 fu
3553 5342 3609 5388 ιι.
3646 5326 3702 5382 Hi
3726 5320 3825 5390 509‘

2306 5320 2450 5391 ueni
2460 5320 2643 5393 inadd
2657 5320 2672 5323 ⁷
2683 5320 2857 5393 Iesus
3131 5320 3145 5323 θ
3160 5320 3427 5394 nolui.qu
3440 5320 3609 5391 ludit.
3646 5326 3702 5382 ιιι
3726 5320 3825 5393 εωᾌί

2306 5407 2560 5478 ιιι·ωείρυί
2586 5409 2726 5464 inter
2750 5408 2949 5464 multos
2974 5409 3107 5466 alios
3148 5423 3178 5463 a
3204 5408 3432 5464 concilio
3457 5406 3602 5475 llogu

2308 5452 2948 5549 iiaiifiiit'ésimiég'éﬁ'éils'
2969 5452 3725 5539 2;1"s;.;;;i:.';is:f::“ao-
3753 5452 3821 5513 ⁵³*

2308 5547 2554 5606 Historia:
2582 5547 3015 5620 Moguntinensis.
