4050 6302
202 382 313 439 125

1207 372 1410 430 LIBER
1445 369 1814 428 ADVERSUS
1850 363 2166 427 JOANNEM
2206 358 2507 423 SCOTUM.

3365 358 3475 415 {26

205 496 418 556 homini
441 494 511 550 ad
538 491 768 550 salutem
787 505 949 563 posse
969 486 1213 547 suillcem
1238 489 1512 554 dixerunt,
1532 488 1671 543 bene
1694 501 1790 540 no«
1814 490 1866 550 Α
1893 483 2119 541 arbitrio
2163 497 2270 537 non
2316 486 2576 551 appareat
2623 477 2893 548 quomodo
2929 474 3134 547 aliquid
3178 476 3477 548 przedicsne

203 589 321 653 vit,
351 593 408 642 et
439 583 765 641 condemnat
790 579 1031 636 Ecclesia
1049 619 1065 645 ,
1100 592 1331 648 sequens
1364 592 1551 632 vocem
1581 575 1791 631 Domini

204 691 365 733 suam
394 673 625 745 gratiam
654 670 709 727 in
735 658 986 726 omnibus
1010 667 1464 733 commendantis,
1501 674 1667 737 atque
1706 664 1793 721 di-

204 768 389 824 centis
415 784 430 820 :
460 764 567 831 Qui
595 772 769 818 manet
790 761 847 815 in
874 777 982 826 me,
1022 769 1071 815 et
1097 776 1189 831 ego
1215 760 1269 813 in
1297 775 1387 822 eo,
1424 758 1508 812 hic
1544 757 1644 827 fert
1673 757 1792 826 fru-

204 870 354 913 ctum
373 855 622 920 multum,
650 854 775 925 quia
794 852 906 906 sine
927 867 1007 906 me
1033 850 1164 905 nihil
1182 848 1393 919 potestis
1415 847 1587 917 facere
1608 845 1661 918 (1
1668 861 1790 901 oau.

204 967 301 1016 xv,
334 950 412 1020 5).
448 949 505 1004 In
534 963 601 1004 eo
633 946 778 1001 enim
813 945 957 1016 quod
989 944 1108 999 ait:
1143 944 1248 1010 Qui
1284 953 1458 997 manet
1497 944 1551 997 in
1590 959 1703 1009 me,
1742 951 1794 997 et

202 1057 303 1112 ego
332 1041 393 1094 in
416 1055 498 1103 eo,
526 1037 608 1091 hic
638 1036 740 1105 fert
767 1036 997 1106 fructum
1032 1033 1253 1087 multum
1272 1072 1288 1098 ,
1332 1031 1571 1121 declarat
1606 1030 1793 1101 gratia:

203 1130 561 1193 beneﬁcium,
587 1143 749 1197 quam
774 1126 827 1180 in
860 1125 951 1180 illo
979 1134 1259 1179 manentes
1283 1138 1349 1177 ex
1379 1122 1469 1176 illo
1499 1121 1792 1191 accipiunt,

201 1231 272 1274 ut
309 1216 642 1275 fructiﬁcare
669 1216 879 1287 possint
905 1216 1015 1270 Deo
1035 1254 1051 1279 ,
1094 1214 1225 1267 sicut
1264 1212 1462 1283 palmes
1500 1212 1696 1282 accipit
1726 1226 1794 1264 ex

200 1310 398 1366 radice
433 1308 580 1363 vitis.
623 1306 776 1373 Quod
819 1315 1000 1360 autem
1042 1302 1355 1371 subiunxit:
1386 1304 1524 1369 Quia
1563 1305 1675 1357 sine
1712 1319 1795 1357 me

202 1399 348 1454 nihil
369 1398 582 1469 potestis
608 1397 799 1467 facere,
831 1394 1270 1450 manifestissime
1288 1393 1540 1457 ostendit,
1567 1391 1793 1447 liberum

200 1489 450 1544 hominis
475 1487 761 1542 arbitrium
792 1486 995 1554 absque
1036 1483 1304 1552 adjutorio
1339 1482 1579 1553 ejusdem
1608 1482 1795 1553 gratiae

200 1593 325 1634 sua
348 1579 416 1633 ad
434 1577 561 1633 boni
592 1576 771 1644 operis
786 1574 1018 1630 fructum
1042 1572 1176 1628 nihil
1197 1588 1374 1644 posse.
1401 1571 1649 1627 Secunda
1680 1573 1793 1626 lue-

202 1670 353 1725 resis
381 1684 544 1739 quam
574 1668 704 1723 dicit
730 1681 851 1721 esse
879 1666 1065 1736 gratia:
1093 1664 1260 1720 solius
1285 1682 1299 1718 :
1329 1678 1449 1735 qua:
1477 1663 1547 1717 sit
1570 1662 1653 1717 vel
1681 1662 1796 1717 fue-

203 1758 287 1812 rit
312 1758 369 1811 in
395 1756 661 1821 Ecclesia,
689 1771 810 1825 qua:
840 1756 913 1810 ita
944 1754 1316 1827 praedicaverit
1343 1752 1457 1807 sola
1491 1753 1584 1807 Dei
1622 1754 1793 1821 gratia

1893 575 2202 647 potuerint;
2241 582 2297 629 et
2328 589 2360 630 e
2396 571 2670 629 contrario
2711 568 2951 626 Ecclesia
3000 569 3098 629 Del
3136 569 3218 625 sic
3254 577 3472 637 teneat,

1891 667 2033 723 sicut
2052 665 2371 722 brevissime
2395 663 2935 719 commemoravimus
2959 676 2976 717 :
3002 676 3122 732 qua:
3142 669 3229 717 est
3252 661 3357 717 ista
3382 676 3474 718 se-

1891 758 2067 814 cunda
2093 756 2318 812 haeresis
2346 764 2455 809 tam
2487 754 2755 826 incognita
2773 794 2789 820 ,
2824 763 2936 808 tam
2962 768 3099 808 nova
3128 760 3183 808 et
3211 751 3471 837 inaudita,

1891 862 2034 917 quae,
2061 846 2234 901 libero
2254 845 2481 900 arbitrio
2507 845 2792 915 denegato,
2830 843 2997 899 solius
3023 843 3211 916 gratiae
3237 845 3309 899 sit
3333 858 3472 914 pra:-

1892 938 2159 993 dicatrix?
2185 936 2297 993 Nisi
2321 937 2450 1007 quia
2475 939 2555 1008 (ut
2578 938 2737 992 nobis
2764 936 3001 1006 videtur)
3022 936 3323 1006 disputator
3346 936 3469 1003 iste,

1890 1027 1976 1082 vel
2015 1028 2233 1082 beatum
2280 1026 2638 1097 Augustinum
2685 1026 2918 1082 latenter
2957 1027 3111 1097 quasi
3158 1027 3471 1083 bmreticum

1891 1127 2145 1182 accusat,
2182 1130 2249 1171 eo
2287 1115 2430 1185 quod
2466 1114 2752 1170 manifeste
2792 1116 2945 1186 juxta
2981 1114 3265 1169 veritatem
3322 1114 3473 1169 Scri-

1890 1218 2171 1281 pturarum
2195 1208 2308 1262 sola
2331 1207 2429 1262 Dei
2451 1208 2621 1276 gratia
2643 1208 2894 1261 ostendat
2914 1216 2968 1261 et
2989 1206 3177 1261 doceat
3198 1205 3472 1259 hominem

1890 1317 2050 1371 posse
2072 1298 2292 1363 salvari,
2323 1314 2421 1352 nec
2442 1300 2509 1352 ad
2535 1298 2706 1367 ipsam
2734 1296 2959 1351 salutem
2985 1305 3244 1350 aeternam
3268 1294 3473 1363 aliquid

1891 1390 2186 1444 humanum
2216 1387 2500 1441 arbitrium
2522 1401 2703 1457 posse,
2730 1386 2831 1439 nisi
2854 1400 2953 1455 per
2974 1385 3219 1438 eamdem
3242 1385 3472 1455 gratiam

1862 1506 1864 1508 τ
1893 1477 2059 1531 fuerit
2086 1476 2436 1530 reformatum
2455 1514 2469 1539 ,
2508 1484 2775 1537 sanatum,
2807 1472 3168 1527 illuminatum
3193 1487 3257 1526 ac
3283 1486 3474 1541 repro-

1891 1567 2109 1631 batum;
2143 1575 2235 1620 aut
2261 1574 2409 1621 certe
2434 1581 2529 1621 eos
2557 1566 2670 1635 qui,
2719 1564 3012 1619 secundum
3042 1561 3161 1630 ejus
3196 1561 3477 1615 venerabi-

1893 1657 1997 1711 lem
2021 1666 2077 1711 et
2098 1655 2420 1712 catholicam
2447 1655 2746 1710 doctrinam
2777 1670 2923 1708 nunc
2946 1654 3013 1707 de
3036 1653 3207 1724 gratia
3229 1651 3324 1707 Dei
3350 1667 3472 1707 seu-

1894 1746 2036 1801 tiunt
2053 1755 2109 1800 et
2127 1746 2323 1800 docent
2347 1762 2360 1797 :
2386 1745 2539 1814 quasi
2561 1746 2740 1800 minus
2763 1744 2907 1798 illius
2926 1744 3069 1798 dicta
3092 1743 3469 1814 intelligentes,

203 1849 488 1904 hominem
526 1847 745 1912 salvari,
793 1856 852 1902 ut
892 1847 1121 1902 liberum
1168 1846 1403 1901 hominis
1447 1856 1668 1917 negaret
1708 1846 1791 1901 vel
1822 1830 1866 1889 Β
1892 1837 2179 1892 haereticos
2202 1844 2398 1890 vocat:
2426 1836 2676 1890 videlicet
2695 1836 2847 1903 quasi
2873 1834 2963 1889 ille
2988 1850 3093 1888 non
3120 1834 3192 1887 ita
3219 1832 3475 1888 de-libero

202 1941 521 1995 destrueret
550 1940 831 1994 arbitrium
855 1980 870 2004 ,
897 1939 1055 1994 nobis
1082 1938 1303 1993 minime
1326 1947 1659 2011 compertum
1687 1947 1789 1994 cst.

202 2029 351 2084 Nam
393 2029 790 2097 antiquissimi,
831 2037 886 2083 et
923 2028 1226 2098 impiissimi
1262 2028 1338 2081 illi
1373 2027 1612 2082 haeretici
1646 2028 1787 2082 Mar-

202 2120 359 2183 cion,
389 2128 446 2173 et
476 2118 810 2181 Valentinus,
861 2127 917 2173 et
956 2117 1303 2182 Manichacus,
1343 2116 1435 2187 qui
1464 2117 1545 2171 vel
1576 2117 1679 2171 duo
1707 2116 1792 2171 vel

204 2208 318 2261 tria
348 2206 613 2275 principia
642 2205 1092 2268 introduxerunt,
1139 2214 1196 2259 et
1239 2204 1361 2259 ideo
1398 2205 1533 2258 duas
1572 2214 1794 2260 naturas

200 2294 295 2349 vel
316 2293 631 2363 angelorum
654 2293 739 2347 vel
760 2292 1037 2347 hominum
1059 2301 1425 2357 assuererunt,
1451 2294 1504 2348 id
1526 2303 1610 2348 est
1629 2310 1793 2350 unam

201 2386 437 2448 bonam,
466 2392 521 2438 et
550 2383 775 2439 alteram
803 2383 1033 2450 malam;
1066 2383 1212 2438 illam
1239 2384 1314 2438 ita
1344 2399 1464 2439 esse
1486 2384 1704 2451 bonam,
1733 2393 1795 2441 ut

199 2473 358 2527 aliud
381 2488 501 2527 esse
524 2487 629 2527 non
657 2473 862 2543 possit;
892 2473 1050 2528 istam
1075 2487 1107 2528 e
1131 2474 1408 2530 contrario
1434 2474 1508 2529 ita
1536 2489 1656 2531 esse
1680 2491 1793 2530 ma-

200 2562 345 2629 lam,
371 2570 434 2615 ut
458 2561 711 2616 similiter
735 2562 879 2617 aliud
900 2576 1022 2618 esse
1046 2576 1153 2617 non
1178 2562 1379 2633 possit;
1413 2562 1545 2618 nihil
1570 2563 1792 2619 omnino

199 2652 277 2708 de
301 2652 479 2723 gratia
504 2651 601 2707 Dei
627 2652 902 2719 dixerunt,
939 2653 1033 2708 sed
1061 2653 1231 2708 solam
1259 2661 1505 2708 naturam
1534 2654 1792 2708 naturali-

201 2751 300 2798 ter
327 2741 414 2797 vel
443 2742 640 2798 bonam
670 2757 791 2798 esse
820 2743 903 2797 vel
935 2743 1134 2800 malam
1164 2744 1479 2799 stultissime
1506 2744 1792 2800 defendere

199 2830 393 2887 conati
420 2838 568 2886 sunt.
598 2829 732 2886 Cum
769 2830 1010 2886 Ecclesia
1039 2831 1339 2898 catholica,
1367 2832 1502 2903 legis
1528 2841 1583 2887 et
1610 2832 1789 2888 Evan—

201 2924 336 2996 gelii
362 2922 596 2978 ﬁdeliter
617 2923 877 2979 doctrinis
900 2923 1164 2978 instructa
1187 2931 1349 2993 atque
1374 2924 1598 2989 munita,
1627 2940 1790 2979 unam

203 3012 589 3067 tantummodo
615 3022 907 3083 agnoscat;
944 3022 1000 3067 et
1025 3012 1278 3084 praedicet
1302 3014 1540 3068 omnium
1567 3025 1787 3069 creatu-

203 3116 401 3158 rarum
427 3100 728 3156 cmlestiutn
755 3110 811 3155 et
838 3101 1175 3157 terrestrium
1204 3101 1491 3157 visibilium
1517 3110 1573 3157 et
1599 3103 1783 3157 invisi-

200 3193 402 3248 bilium
441 3206 562 3247 esse
597 3192 945 3262 principium,
988 3202 1231 3248 sanctam
1269 3193 1518 3248 videlicet
1552 3164 1861 3249 Trinita-c

204 3293 349 3347 tem,
381 3281 621 3347 Patrem,
652 3292 707 3336 et
735 3282 929 3337 Filium
958 3290 1015 3338 et
1039 3282 1299 3352 Spiritum
1328 3292 1592 3346 sanctum,
1625 3300 1790 3339 unum

206 3373 409 3436 Deum,
438 3386 505 3425 ex
529 3386 637 3440 quo
660 3372 864 3436 omnia,
902 3386 1000 3442 per
1032 3387 1193 3442 quem
1222 3373 1425 3437 omnia,
1458 3373 1512 3427 in
1539 3388 1648 3443 quo
1676 3389 1792 3430 om-

203 3462 336 3526 nia;
380 3469 438 3515 et
474 3459 678 3514 nullam
719 3461 939 3515 omnino
977 3470 1226 3515 naturam
1262 3461 1366 3516 nisi
1394 3462 1462 3516 ab
1494 3476 1577 3525 eo,
1615 3462 1669 3517 id
1707 3471 1792 3518 est

202 3554 417 3626 optimo
436 3552 748 3619 Conditore,
766 3568 917 3619 esse;
950 3561 1005 3609 et
1033 3553 1152 3609 ideo
1181 3566 1395 3609 omnem
1424 3562 1671 3608 naturam
1691 3594 1706 3619 ,
1732 3554 1789 3610 in

204 3654 477 3715 quantum
498 3651 692 3699 natura
719 3652 826 3709 est,
851 3644 1047 3699 bonam
1072 3656 1212 3709 esse,
1238 3658 1338 3699 nec
1361 3642 1561 3698 malum
1584 3652 1791 3699 natura:

204 3744 492 3800 naturam,
524 3734 621 3789 sed
647 3733 838 3789 vitium
868 3743 1075 3788 natura:
1102 3747 1243 3788 esse.
1275 3731 1381 3789 Sed
1406 3734 1529 3804 quia
1558 3736 1789 3789 mutabi-

204 3826 281 3880 lis
308 3824 450 3879 facta
477 3832 561 3880 est
588 3824 691 3879 ista
719 3832 908 3879 natura
944 3823 1000 3879 in
1036 3832 1286 3878 creatura
1315 3824 1555 3893 angelica
1605 3832 1660 3878 et
1692 3825 1789 3879 liu-

205 3928 400 3979 mana,
424 3921 480 3968 et
505 3930 537 3968 a
566 3913 712 3969 bono
738 3914 789 3968 in
818 3929 926 3985 quo
949 3913 1166 3968 condita
1190 3920 1303 3977 est,
1334 3928 1433 3968 suo
1457 3913 1590 3968 vitio
1617 3914 1791 3984 potuit

204 4002 420 4064 labi.ad
449 4002 684 4068 malum;
721 4011 779 4057 et
802 4018 833 4057 a
862 4002 1022 4066 malo,
1054 4003 1109 4056 in
1132 4018 1241 4072 quo
1280 4003 1425 4073 lapsa
1463 4011 1577 4069 est,
1619 4019 1792 4074 quan-

207 4104 331 4149 tum
361 4093 597 4163 pertinet
623 4092 691 4147 ad
720 4094 1012 4147 humanum
1043 4109 1213 4164 genus
1247 4094 1392 4164 quod
1431 4094 1523 4149 Dei
1564 4094 1792 4149 misera-

205 4187 367 4242 tione
392 4184 648 4252 salvatur,
669 4200 826 4256 posse
848 4201 1067 4258 surgere
1086 4196 1139 4242 et
1160 4188 1443 4243 reformari
1468 4189 1534 4243 ad
1558 4190 1753 4245 bonum
1772 4205 1787 4255 ;

207 4284 481 4347 quantum
505 4290 632 4331 vero
661 4277 893 4346 pertinet
929 4278 996 4334 ad
1037 4288 1245 4348 partem
1283 4280 1594 4349 angelorum
1625 4281 1792 4335 malo-

210 4381 365 4430 rum,
410 4375 467 4422 et
506 4376 764 4438 perpetuo
800 4366 1003 4435 judicio
1038 4370 1448 4435 damnatorum,
1489 4370 1569 4426 sic
1612 4370 1791 4441 lapsos

208 4473 342 4511 esse
371 4458 727 4527 superbiendo
753 4475 783 4513 a
813 4460 944 4524 Deo,
975 4469 1032 4513 ut
1060 4461 1205 4515 nullo
1230 4459 1342 4528 jam
1373 4471 1680 4516 mereantur
1706 4478 1785 4516 rc-

210 4548 402 4603 medio
429 4548 751 4606 instaurari.
788 4565 894 4604 non
924 4550 1094 4605 solum
1124 4552 1331 4621 perdita
1362 4553 1415 4605 in
1452 4568 1558 4622 qua
1591 4553 1789 4608 conditi

211 4637 439 4692 fuerant
463 4637 605 4693 bona
631 4636 931 4704 voluntate,
953 4640 1045 4694 sed
1069 4639 1292 4694 terribili
1314 4638 1519 4707 judicio
1538 4641 1794 4698 Condito—

212 4728 319 4793 ris,
336 4727 499 4783 etiam
521 4727 860 4801 ipsum
885 4728 1175 4784 voluntatis
1202 4730 1556 4800 possibilitate
1576 4731 1793 4801 privati.

288 4814 430 4871 Cum
461 4797 591 4887 ergo
617 4797 783 4870 etilli
812 4812 911 4888 (de
934 4816 1135 4886 quibus
1152 4797 1319 4887 supra
1347 4797 1593 4890 dictum)'
1616 4820 1791 4875 haere-

214 4903 318 4959 tici
364 4913 614 4959 naturam
664 4904 1033 4959 tantummodo
1081 4905 1166 4959 vel
1216 4905 1589 4971 defenderint,
1636 4907 1793 4977 quasi

214 4994 631 5051 immutabiliter
654 4996 871 5061 bonam,
902 4995 986 5051 vel
1015 4996 1386 5050 accusaverint
1415 4997 1568 5065 quasi
1599 4997 1795 5052 immu-

215 5084 463 5141 tabiliter
503 5085 737 5153 malam;
784 5094 843 5142 et
872 5085 993 5145 ideo
1038 5087 1104 5142 de
1145 5087 1318 5160 gratia
1367 5086 1451 5141 vel
1510 5088 1577 5143 de
1624 5088 1796 5146 libero

1893 1925 2120 1981 arbitrio
2140 1925 2394 1989 senserit,
2417 1939 2517 1979 nec
2541 1925 2627 1978 isti
2653 1932 2799 1978 recte
2820 1924 2937 1992 ejus
2957 1924 3117 1977 verba
3143 1921 3471 1992 intelligant;

1890 2025 1947 2071 et
1977 2015 2098 2069 ideo
2124 2022 2309 2068 errent
2331 2029 2398 2069 ex
2432 2013 2715 2068 occasione
2739 2012 3029 2067 verborum
3064 2012 3183 2081 ejus
3201 2052 3216 2077 ,
3255 2013 3380 2066 dum
3410 2026 3476 2067 ea

1894 2104 2053 2159 aliter
2074 2104 2379 2174 intelligunt
2406 2120 2569 2173 quam
2592 2104 2681 2158 ille
2702 2104 2792 2172 qui
2818 2103 3057 2173 scripsit.
3085 2102 3197 2157 Hac
3220 2103 3288 2158 de
3312 2116 3474 2157 causa

1894 2196 2050 2251 nobis
2074 2186 2291 2250 videtur
2318 2195 2461 2265 quod
2492 2194 2837 2250 callidissime
2861 2194 3082 2248 omnino
3122 2203 3178 2249 et
3216 2195 3477 2248 versutis-

1892 2287 2031 2344 sime
2055 2287 2201 2341 velut
2225 2286 2476 2342 hzcresim
2515 2285 2681 2341 solius
2719 2285 2905 2357 gratiae
2940 2285 3213 2354 posuerit,
3254 2300 3352 2340 nec
3392 2293 3477 2338 ta-

1893 2392 2018 2432 men
2042 2384 2343 2441 auctorem,
2370 2375 2455 2430 vel
2483 2384 2782 2432 sectatores
2809 2376 2927 2446 ejus
2947 2373 3055 2429 ulla
3078 2373 3478 2445 signiﬁcatione

1894 2464 2343 2524 manifestaverit.

1964 2574 2118 2643 Quod
2146 2575 2191 2629 si
2220 2574 2294 2629 ita
2326 2584 2429 2641 est,
2457 2575 2587 2645 quid
2618 2573 2762 2629 aliud
2784 2587 2945 2644 quam
2970 2571 3264 2629 Ecclesiam
3298 2574 3475 2627 nostri

1891 2665 2167 2735 temporis,
2193 2665 2349 2720 simul
2372 2680 2497 2720 cum
2523 2664 2606 2720 eis
2634 2664 2725 2733 qui
2757 2663 2905 2717 illum
2931 2663 2999 2717 ad
3022 2662 3148 2718 talia
3189 2663 3468 2734 instigant,

1891 2754 2109 2823 viperea
2136 2752 2436 2807 subtilitate
2464 2761 2700 2808 accusat.
2724 2750 2792 2805 Et
2822 2752 2943 2807 ideo
2966 2750 3011 2806 si
3044 2759 3169 2805 sunt
3198 2750 3351 2816 tales,
3379 2750 3475 2821 qui

1892 2841 1947 2897 in
1974 2840 2217 2911 partibus
2246 2842 2395 2911 regni
2425 2841 2584 2905 illius,
2612 2842 2702 2896 ubi
2730 2842 2831 2895 iste
2862 2841 3203 2911 impugnator
3229 2840 3477 2896 veritatis

1891 2946 1999 2986 non
2027 2930 2199 2985 solum
2239 2946 2345 2985 non
2380 2932 2645 3001 arguitur,
2674 2930 2757 2984 vel
2792 2930 3063 2984 silentium
3086 2929 3135 2984 ei
3161 2928 3475 2998 imponitur,

1890 3021 1984 3074 sed
2005 3019 2168 3074 etiam
2206 3018 2348 3073 laudi
2377 3028 2433 3074 et
2453 3020 2641 3075 honori
2668 3020 2900 3074 maximo
2927 3018 3177 3085 habetur,
3212 3018 3303 3087 qui
3336 3017 3385 3073 ei
3419 3019 3476 3073 in

1890 3109 2086 3165 talibus
2105 3108 2340 3174 faveant,
2364 3111 2601 3166 maxime
2628 3111 2728 3165 viri
2756 3109 3141 3174 ecclesiastici,
3169 3109 3293 3179 quis
3315 3109 3475 3180 digne

1893 3201 2069 3271 possit
2099 3200 2301 3265 dolere,
2322 3209 2376 3255 et
2403 3201 2628 3256 horrere
2653 3202 2794 3256 istud
2817 3199 3051 3271 contagii
3081 3207 3136 3254 et
3160 3198 3478 3269 pestilentiae

1892 3291 2117 3357 malum,
2147 3291 2289 3361 quod
2320 3291 2388 3345 ab
2428 3291 2536 3347 illis
2574 3291 2818 3361 partibus
2858 3300 2969 3345 tam
3007 3288 3268 3345 eil‘renate
3305 3299 3360 3345 et
3392 3289 3478 3344 in-

1891 3379 2113 3445 frunite,
2139 3389 2247 3434 tam
2278 3379 2620 3449 impudenter
2644 3391 2699 3436 et
2733 3381 2990 3435 audacter
3026 3388 3214 3435 contra
3249 3390 3477 3435 caeteras

1894 3480 2074 3542 partes
2111 3471 2364 3526 Ecclesiae
2386 3471 2481 3526 Dei
2515 3472 2726 3541 quietas
2758 3472 2895 3526 inter
2919 3486 2998 3536 se,
3024 3478 3079 3526 et
3121 3470 3394 3541 paciﬁcas,
3422 3478 3479 3525 et

1892 3561 2215 3630 tranquillas
2243 3562 2522 3632 exsurgit?
2562 3561 2661 3617 Ubi
2705 3562 2811 3617 tale
2861 3570 3159 3616 monstrum
3198 3568 3253 3616 et
3291 3561 3478 3631 prodi-

1890 3650 2037 3719 gium
2077 3648 2394 3718 jamdudum
2433 3666 2465 3705 a
2510 3650 2744 3704 fidelium
2789 3651 3006 3706 auribus
3050 3649 3340 3704 arcendum
3386 3664 3469 3704 se-

1891 3741 2003 3804 det,
2027 3748 2084 3794 et
2104 3739 2361 3809 disputat,
2389 3751 2445 3794 ct
2471 3740 2715 3811 congerit
2743 3748 2821 3793 tot
2841 3738 3118 3792 mendacia
3146 3739 3368 3802 erroris,
3392 3745 3475 3792 tot

1890 3827 2135 3883 convicia
2164 3838 2352 3883 contra
2391 3828 2549 3883 fidem
2588 3828 2831 3882 veritatis
2868 3842 2883 3881 :
2924 3834 2979 3882 et
3022 3827 3168 3882 nulla
3196 3836 3473 3899 pastorum

1891 3916 2146 3971 Ecclesia:
2174 3917 2471 3985 vigilantia,
2504 3916 2588 3971 νει
2627 3917 2915 3986 corrigitur
2954 3931 2984 3970 a
3027 3916 3242 3981 talibus,
3273 3916 3356 3971 vel
3380 3932 3477 3971 es—

1890 4009 2125 4079 pellitur.
2153 4008 2392 4078 Denique
2416 4017 2474 4062 ut
2512 4008 2797 4064 manifeste
2824 4022 3179 4080 agnoscamus
3206 4023 3311 4061 non
3350 4024 3476 4064 eum

1893 4101 1957 4156 de
1983 4099 2273 4171 antiquiori
2298 4100 2474 4170 aliqua
2499 4100 2687 4154 haeresi
2711 4100 2909 4154 dixisse
2928 4099 3068 4168 quod
3096 4097 3263 4153 solius
3287 4099 3476 4169 gratiae

1891 4191 2057 4246 fuerit
2074 4191 2435 4260 prmdicatrix,
2453 4206 2559 4246 non
2596 4191 2773 4258 posuit
2801 4190 2941 4243 hanc
2967 4187 3214 4243 haeresim
3236 4194 3358 4240 ante
3378 4186 3480 4241 Pe-

1890 4279 2186 4350 lagianam,
2216 4279 2309 4335 sed
2338 4288 2551 4349 postea,
2569 4281 2620 4334 id
2641 4287 2725 4333 est
2751 4294 2781 4333 a
2810 4278 3140 4348 temporibus
3161 4278 3336 4332 sancti
3363 4278 3475 4333 Au-

1893 4373 2090 4442 gustini
2125 4386 2296 4440 usque
2333 4388 2477 4426 nunc
2500 4384 2546 4435 ι,
2579 4386 2679 4425 nec
2707 4380 2885 4441 potest
2935 4370 3161 4425 inveniri
3203 4377 3317 4424 toto
3376 4369 3480 4423 hoc

1896 4472 2137 4531 tempore
2165 4463 2305 4530 quod
2337 4462 2435 4516 fuit
2466 4462 2607 4517 inter
2638 4463 2783 4517 illum
2815 4470 2871 4516 ct
2894 4477 3009 4523 nos,
3036 4462 3270 4530 aliquam
3313 4460 3475 4514 talem

1895 4554 2142 4609 haeresim
2170 4554 2221 4606 in
2248 4553 2487 4607 Ecclesia
2515 4553 2809 4615 exstitisse,
2851 4551 2953 4605 nisi
2993 4553 3136 4620 quod
3165 4548 3249 4604 vel
3278 4549 3474 4618 ipsum,

1896 4653 1957 4699 ut
1998 4643 2108 4713 jam
2148 4643 2384 4698 diximus
2430 4645 2644 4698 beatum
2695 4642 3073 4713 Augustinum,
3104 4638 3191 4693 vel
3241 4653 3340 4693 nos
3382 4638 3476 4716 qui

1896 4748 2020 4789 eum
2057 4739 2352 4797 sectamur,
2381 4732 2539 4787 istius
2576 4732 2779 4786 erroris
2808 4735 3048 4785 accusat.

1968 4822 2207 4877 Tertiam
2244 4821 2494 4875 haeresim
2527 4820 2679 4890 ponit
2705 4814 3268 4888 prazdestinationibus
3288 4828 3481 4871 neces~

1897 4911 2088 4968 sitates
2119 4917 2176 4965 et
2208 4910 2319 4963 vim
2364 4908 2705 4963 inferentem.
2751 4903 2936 4973 Cujus,
2975 4911 3037 4958 ut
3089 4901 3193 4959 sibi
3240 4902 3476 4968 videtur,

1901 5010 2177 5057 auctorem
2212 5014 2316 5053 non
2349 5007 2511 5063 tacet,
2534 5011 2733 5051 vocans
2764 5010 2885 5049 eam
2914 4990 3414 5049 Gottescbalcanam
3442 5006 3478 5051 a

1902 5092 2134 5163 quodam
2172 5089 2422 5145 videlicet
2463 5086 2768 5143 miserrimo
2800 5095 2857 5140 et
2895 5083 3266 5142 infelicissimo
3294 5090 3477 5143 mona-

1169 5194 1378 5253 ΝΟΤιΕ
1416 5194 1739 5255 DUVALLll
1779 5200 2124 5259 DOCTORIS
2162 5199 2548 5258 SORBONICI.

297 5324 327 5352 ι
352 5308 594 5390 Aﬂirtnat
619 5308 794 5390 nullos
819 5309 1076 5390 docuisse
1119 5324 1218 5390 nos
1250 5322 1346 5390 per
1374 5308 1603 5390 gratiam
1629 5309 1799 5390 solam

223 5384 435 5505 una:
479 5379 651 5433 libero
691 5380 917 5434 arbitrio
943 5380 1161 5444 salvari,
1193 5378 1317 5451 quia
1345 5378 1397 5434 si
1440 5379 1532 5449 qui
1577 5378 1795 5445 fuerint,

225 5453 297 5505 ab
437 5448 570 5503 lesia
593 5458 846 5505 tanquam
883 5449 1120 5505 haeretici
1149 5457 1410 5505 perpetuo
1452 5457 1578 5504 sunt
1606 5449 1795 5505 habiti.

225 5453 297 5511 ab
329 5448 570 5505 Ecclesia
593 5458 846 5518 tanquam
883 5449 1120 5505 haeretici
1149 5448 1410 5518 perpetuo
1452 5448 1578 5504 sunt
1606 5449 1796 5513 habiti,

225 5463 297 5511 an
329 5463 570 5529 maesta
593 5463 846 5529 tanquam
884 5463 1120 5530 meretth
1149 5463 1410 5572 pertus
1452 5463 1578 5530 sunt
1606 5463 1795 5513 namu,

225 5520 304 5576 ita
346 5527 407 5573 ut
430 5517 688 5589 particula
704 5518 802 5589 illa
832 5517 1010 5589 (nulli)
1064 5533 1164 5572 exc
1186 5534 1218 5589 u
1293 5528 1315 5573 t
1340 5519 1657 5583 catholicos,
1688 5532 1795 5589 non

228 5597 409 5643 autem
433 5586 1280 5658 quosiEcclesia'condetnnavit:
1323 5597 1415 5641 aut
1437 5590 1626 5658 saltem
1669 5588 1793 5656 quia

229 5656 485 5727 expresse
500 5656 676 5711 nullus
698 5672 929 5727 unquam
954 5657 1026 5711 ita
1047 5657 1248 5721 docuit,
1267 5658 1359 5711 sed
1375 5656 1795 5727 solumlibertnn

234 5674 294 5713 ει
340 5674 485 5712 resse
500 5674 676 5711 nlllllls
698 5674 929 5727 unquam
954 5674 1026 5711 ιω
1047 5674 1248 5721 aocuu,
1267 5674 1359 5711 seu
1375 5674 1545 5711 50mm
1571 5674 1795 5711 llDCl'lllli

234 5674 516 5783 argilrium
543 5728 609 5783 de
629 5727 805 5783 medio
832 5727 1179 5791 sustulerunt,
1217 5736 1273 5781 ut
1303 5726 1486 5783 Simon
1520 5726 1706 5796 Magus
1732 5741 1795 5781 es

1899 5311 2176 5369 Clemente
2226 5312 2322 5368 lib.
2376 5328 2438 5366 ιιι
2487 5309 2972 5374 Recoguitionum;
3024 5307 3359 5364 Bardesanes
3406 5322 3477 5369 es

1897 5382 2265 5453 Augustino,_
2293 5395 2411 5450 cap.
2471 5379 2541 5453 ζῶ
2592 5378 2697 5453 lib.
2767 5379 2832 5434 de
2882 5378 3224 5453 Haeresibus;
3254 5448 3266 5453 Α
3292 5378 3476 5453 manes

1897 5446 2115 5507 cen'tum
2144 5451 2299 5505 annis
2322 5446 2444 5518 post
2469 5450 2846 5513 Bardesanem,
2882 5463 2912 5501 a
2939 5463 3048 5516 quo
3074 5446 3377 5518 Manichaei,
3405 5460 3479 5504 exi

1898 5522 2109 5585 eodem,
2138 5536 2256 5591 cap.
2290 5517 2395 5591 70;
2424 5528 2486 5575 ut
2511 5519 2728 5591 videant
2750 5526 3039 5575 novatores
3062 5517 3232 5591 nostri
3260 5530 3474 5591 perver-

1904 5606 2023 5645 sum
2071 5586 2226 5660 suum
2273 5589 2583 5660 dogutaide
2625 5589 2799 5645 salute
2850 5602 2947 5657 per
3004 5586 3170 5642 solum
3221 5586 3470 5660 gratiam,

1908 5660 2111 5728 absque
2159 5654 2586 5714 libero-arbitrii
2645 5654 2945 5728 concursu
2977 5664 3033 5728 et
3073 5654 3487 5727 cooperatione,

1910 5725 2158 5787 omnibus
2188 5737 2332 5785 retro
2359 5729 2570 5786 saeculis
2596 5727 2890 5788 inauditum
2921 5725 3103 5781 fuisse.
