4050 6302
570 291 672 345 127

1697 281 1898 338 ηοιιι
1939 280 2212 337 DlACONl
2247 280 2730 338 LUGDUNENSIS

3745 283 3854 338 ηε

567 410 674 466 eho
712 404 1030 475 jamdudum
1069 401 1217 474 (illic
1265 401 1536 456 nescimus
1582 415 1694 470 quo
1736 399 1972 468 ordine).
1996 397 2149 452 dam-
2175 401 2224 458 Α
2254 395 2424 465 ipsam
2446 403 2674 451 mortem
2701 410 2730 448 a
2755 393 2865 449 Deo
2884 409 2990 449 non
3013 407 3155 463 esse,
3180 395 3234 449 id
3252 403 3334 449 est
3356 394 3424 450 ad
3449 392 3543 448 Dei
3565 393 3850 463 judicium

571 509 718 562 nato,
746 496 982 560 etannis
1023 495 1134 564 jam
1180 493 1440 564 plurimis,
1465 491 1724 547 carcerali
1767 491 2152 569 ergastulore-

551 563 748 655 .trusu,
764 589 982 643 nomine
995 563 1390 652 Cotteschalco,
1411 584 1504 653 qui
1529 584 1574 638 si
1596 582 1796 652 aliquid
1818 591 1926 637 tam
1947 565 2151 652 grande

555 690 626 748 ,ει
647 678 1011 750 periculosum
1033 685 1219 744 contra
1247 674 1404 728 fidem
1431 673 1753 727 catholicam
1785 673 1979 728 docere
2019 688 2152 740 prte-

551 768 824 836 .sumpsit,
848 775 904 819 ut
938 765 1242 832 necessario
1265 762 1510 831 synodali
1540 761 1741 818 indicio
1780 762 1870 815 tali
1905 777 1969 817 ac
2001 771 2150 817 tanta

570 857 914 912 damnatione
932 855 1274 925 plecteretur,
1294 852 1535 923 profecto
1551 853 1769 924 dignum
1790 852 1816 906 f
1813 863 1990 918 uerat,
1995 854 2148 923 juxta

555 927 856 1016 antiquum
876 945 1128 999 Ecclesiae
1166 959 1398 1011 morem,
1426 953 1486 997 ut
1511 953 1694 998 tantus
1719 958 1894 1004 error,
1929 953 2149 1013 propter

556 1017 791 1092 cautelae
829 1037 1091 1099 studium,
1120 1051 1186 1090 ne
1210 1050 1282 1089 eo,
1312 1035 1495 1104 plures
1533 1035 1900 1096 indicerentur,
1935 1035 2150 1089 cwtcris

569 1127 823 1182 Ecclesiis
853 1127 904 1179 in
944 1126 1182 1180 diversis
1209 1126 1358 1197 regni
1393 1127 1643 1194 partibus.
1667 1126 1998 1187 constitutis,
2045 1126 2148 1180 etsi

567 1219 756 1276 nonin
798 1218 972 1280 initio,
999 1219 1214 1285 quando
1244 1226 1448 1271 tantum
1485 1217 1683 1270 mahnn
1723 1226 1806 1271 est
1845 1218 2148 1286 deprehen-

565 1327 706 1374 sum,
736 1309 820 1364 vel
860 1310 912 1364 in
942 1309 1048 1364 line
1073 1311 1286 1378 quando
1310 1319 1454 1363 tanta
1490 1320 1574 1365 est
1608 1309 1895 1364 severitate
1924 1311 2148 1365 damna-

555 1410 716 1464 .tnm;
748 1400 939 1454 saltem
971 1409 1156 1469 postea
1183 1415 1278 1468 per
1307 1400 1516 1460 litteras
1552 1399 1840 1470 synodieas
1883 1410 1938 1454 et
1975 1401 2148 1456 eccle-

554 1490 835 1553 siasticas,
868 1491 934 1544 ad
964 1491 1202 1544 omnimn
1234 1489 1457 1552 fratrum
1487 1499 1542 1545 et
1579 1491 2016 1559 coepiscoporum
2046 1498 2144 1545 noé

557 1579 742 1636 titiam
769 1578 1125 1648 perferretur.
1150 1579 1301 1645 Quod
1333 1579 1377 1632 si
1410 1593 1580 1642 more,
1602 1586 1660 1632 ut
1689 1577 1942 1642 diximus,
1973 1579 2145 1634 eccle-

565 1667 786 1722 siastico
809 1681 1021 1736 semper
1046 1682 1077 1720 a
1107 1666 1358 1722 Patribus
1375 1666 1660 1721 observato
1692 1665 1890 1724 factum
1932 1667 2138 1732 fuisset,

2239 499 2360 539 .non
2386 484 2655 552 pertinere
2683 490 2952 562 assereret
2978 502 2990 538 :
3019 483 3108 537 ubi
3136 482 3182 538 si
3213 493 3486 551 queratur
3509 483 3578 537 ab
3601 498 3675 538 eo
3700 484 3848 538 unde

2251 573 2322 629 sit
2359 588 2513 629 mors
2525 582 2580 628 et
2607 573 2844 638 miseria,
2865 573 2909 628 si
2938 588 2967 626 a
2997 572 3105 627 Deo
3138 588 3246 626 non
3269 580 3369 651 est,
3395 572 3525 641 quid
3558 571 3715 626 aliud
3764 588 3848 628 re-

2247 675 2360 722 stat
2379 667 2483 721 nisi
2508 675 2566 721 ut
2593 674 2782 721 contra
2799 681 3013 720 omnem
3031 666 3315 730 veritatem
3339 666 3669 736 respondeat
3690 676 3800 720 aut
3817 682 3848 720 ι

2249 755 2396 811 ιιιιΙΙο
2421 771 2564 822 esse,
2591 768 2684 811 aut
2710 772 2741 810 a
2774 756 2987 810 diabolo
3013 771 3167 821 esse;
3193 773 3313 811 cum
3353 772 3385 811 a
3421 757 3567 811 nullo
3602 771 3668 810 ea
3725 771 3847 812 esse

2239 847 2428 917 dicere
2451 849 2850 902 insanissimum
2878 848 2949 901 sit
2970 867 2994 901 ε’
3012 848 3256 903 diabolus
3282 857 3459 902 autem
3485 863 3688 901 causas
3719 863 3845 916 pec-

2248 937 2404 990 candi
2449 937 2818 1002 tantummodo
2846 936 3100 1000 suaserit,
3146 937 3404 991 ultionem
3448 952 3575 990 vero
3624 936 3847 1004 peccati

2249 1042 2354 1079 non
2388 1027 2517 1095 ipse,
2544 1028 2635 1080 sed
2660 1027 2839 1095 justus
2874 1028 3040 1094 judes
3075 1029 3336 1083 intulerit.

2319 1114 2470 1180 Quod
2503 1123 2682 1167 autem
2728 1114 2860 1168 (ιιι-ιι
2901 1117 3182 1184 pru'latum
3229 1117 3664 1172 Gotteschal‘cum
3699 1135 3853 1188 prae-

2235 1203 2673 1257 .destinationibus
2705 1205 3031 1259 necessitates
3071 1217 3118 1259 et
3162 1209 3262 1260 vim
3304 1207 3607 1274 inferentem
3634 1224 3659 1260 :.
3686 1208 3739 1262 si
3770 1208 3847 1261 ita

2247 1294 2349 1348 hoc
2375 1293 2503 1348 dicit
2522 1295 2674 1362 quasi
2701 1295 2788 1347 illa
2818 1297 3218 1365 praedestinatio
3250 1297 3614 1366 reproborum
3645 1299 3723 1352 ad
3759 1298 3848 1351 in-

2248 1385 2463 1439 teritum
2509 1384 2667 1437 alicui
2716 1400 2901 1439 eorum
2931 1386 3037 1440 vim
3068 1397 3122 1441 et
3171 1375 3547 1442 necessitatem
3588 1388 3850 1457 imponat

2245 1476 2312 1529 ad
2363 1475 2584 1538 malum,
2609 1475 2662 1529 id
2685 1483 2767 1529 est
2798 1484 2857 1529 ut
2897 1477 3276 1533 inevitabiliter
3303 1477 3426 1530 mali
3471 1477 3602 1541 sint,
3631 1486 3694 1531 et
3726 1492 3862 1531 om-~

2243 1567 2374 1624 nino
2412 1565 2554 1619 aliud
2577 1581 2697 1620 esse
2721 1581 2825 1619 non
2860 1569 3087 1636 possint,
3112 1568 3213 1622 hoc
3240 1569 3460 1622 omnino
3479 1553 3731 1622 alienum
3758 1578 3846 1622 est

2244 1673 2276 1710 a
2306 1656 2409 1711 fide
2432 1657 2695 1711 catholica
2730 1675 2743 1710 :
2771 1659 2899 1726 quia
2937 1659 3280 1728 omnipotens
3325 1659 3466 1712 Deus
3506 1657 3625 1728 (qui
3658 1659 3847 1713 nerui-

557 1754 761 1817 ‘meljus
800 1771 942 1810 nunc
963 1756 1250 1819 sciremus,
1276 1763 1331 1809 ει
1359 1756 1657 1824 paratiores
1681 1770 1922 1812 essemus
1956 1759 2022 1811 ad
2065 1774 2148 1812 re.
2175 1737 2224 1797 B
2251 1761 2379 1800 ιιειιι
2415 1745 2526 1800 ιἰιιι
2561 1761 2681 1801 esse
2717 1747 2938 1815 malum)
2970 1748 3134 1802 nimis
3182 1747 3472 1802 absurdum
3499 1757 3556 1802 et

566 1842 873 1918 dargueuda
921 1855 976 1898 et
1025 1844 1393 1898 convincenda
1419 1859 1538 1912 qua:
1583 1845 1687 1899 iste
1730 1861 1852 1899 eum
1903 1847 2148 1904 docuisse

567 1933 837 2002 proponit,
868 1934 1046 1988 dicens
1074 1949 1192 1987 eum
1231 1935 1772 2003 pra'destinationibus
1797 1937 2146 2004 necessitates,

566 2031 615 2076 et
650 2022 751 2075 vim
788 2022 1114 2092 inferentem.

567 2174 570 2176 γ
643 2110 796 2176 Quod
827 2126 956 2186 ergo
993 2112 1058 2164 de
1101 2112 1660 2182 praedestinationibus
1685 2114 1834 2168 velut
1875 2115 2152 2184 pluraliter

565 2204 728 2267 dictis
753 2220 877 2260 eum
906 2215 1146 2271 accusat,
1196 2209 1539 2264 manifestum
1589 2218 1693 2274 est,
1745 2211 1885 2265 sicut
1930 2211 2043 2281 jam
2095 2213 2146 2268 in

567 2295 757 2353 multis
779 2296 1023 2367 superius
1042 2296 1553 2362 demonstravimus,
1577 2299 1720 2367 quod
1742 2315 1845 2353 non
1867 2299 1916 2354 ei
1944 2309 2148 2370 tantum

568 2383 849 2453 displiceat
889 2383 1048 2454 hujus
1096 2385 1352 2452 nominis,
1410 2386 1464 2442 id
1515 2397 1618 2450 est,
1664 2389 2150 2456 prmdestinatiouis

569 2472 792 2541 pluralis
823 2489 1112 2538 numerus,
1157 2484 1420 2544 quantum
1464 2475 1632 2545 ipsius
1661 2478 2149 2552 praedestinationis

567 2575 694 2615 vere
733 2561 976 2630 pluralis,
1006 2562 1062 2623 id
1090 2557 1175 2617 est
1205 2564 1399 2633 duplex
1441 2565 1662 2620 effectus
1704 2586 1718 2620 :
1763 2576 1871 2621 tam
1903 2568 2152 2624 videlicet

567 2650 649 2718 (ut
674 2647 1276 2720 frequenter'dixinms,
1313 2662 1368 2707 et
1406 2670 1474 2709 ex
1504 2643 1798 2724 SCripturis
1825 2658 2026 2712 sanctis
2063 2674 2152 2728 os-

567 2740 857 2810 tendimus)
885 2741 938 2794 in
961 2744 1348 2812 prarparatione
1367 2744 1662 2800 electorum
1687 2747 1753 2801 ad
1778 2747 1965 2811 vitam,
1987 2763 2149 2817 quam

567 2827 622 2880 iu
657 2829 1108 2897 prmordinatione
1139 2833 1490 2900 reproborum
1520 2836 1586 2888 ad
1615 2850 1851 2904 pinnam.
1896 2835 2047 2904 Quod
2094 2845 2152 2890 ut

567 2915 670 2971 iste
718 2926 904 2971 contra
961 2920 1117 2973 fidem
1166 2921 1419 2977 Ecclesiae
1471 2923 1796 2995 denegaret,
1831 2934 2040 2979 tantum
2092 2935 2150 2981 et

569 3017 678 3060 tam
707 3007 1021 3062 lacunbsum
1064 3009 1300 3064 laborem
1351 3015 1660 3082 assumpsit,
1691 3025 1749 3068 ut
1792 3015 1944 3070 novis
1990 3032 2150 3086 argu-

2252 1845 2354 1898 est,
2381 1843 2441 1888 ut
2469 1836 2680 1890 dicatur
2701 1836 2842 1904 quod
2882 1836 3117 1907 aliquem
3145 1845 3302 1906 cogat
3325 1845 3379 1891 et
3400 1836 3697 1906 compellat
3725 1853 3853 1892 esse

2251 1926 2473 1990 malum,
2508 1935 2564 1980 et
2597 1927 2686 1996 (de
2733 1943 2842 1996 quo
2873 1929 3131 1996 scriptum
3179 1937 3300 1982 est:
3333 1927 3520 1982 Justus
3579 1927 3850 1983 Dominus

2241 2017 2479 2086 justitias
2509 2017 2691 2071 dilexit
2738 2016 2936 2088 (Ps.x,
2980 2022 3034 2088 8)
3088 2020 3320 2090 aliquem
3374 2021 3664 2091 compellat
3724 2039 3850 2078 esse

2253 2105 2529 2174 injustum.
2563 2106 2670 2162 Sed
2719 2107 2820 2164 boc
2861 2109 3034 2178 agitur
3074 2109 3127 2163 in
3168 2110 3418 2165 omnibus
3453 2111 3730 2180 reprobis,
3777 2111 3848 2167 de

2251 2198 2488 2268 peccatis
2516 2212 2704 2252 eorum
2748 2207 2804 2253 et
2835 2200 3099 2270 supplicio
3137 2210 3402 2267 extremo,
3457 2203 3602 2271 quod
3625 2267 3630 2271 η
3653 2212 3846 2258 actum

2250 2295 2334 2361 est
2362 2285 2414 2339 in
2441 2287 2616 2356 primo
2639 2287 2854 2342 homine
2882 2290 3360 2359 peccantejudicio
3381 2291 3561 2360 primo
3594 2309 3606 2343 :
3641 2301 3735 2351 ut.
3769 2293 3844 2345 si-

2249 2386 2344 2430 cut
2389 2375 2478 2430 ille
2516 2376 2660 2430 nulla
2707 2376 2801 2431 Dei
2841 2377 3161 2445 impulsione
3197 2379 3279 2434 vel
3325 2381 3700 2450 compulsione
3751 2391 3846 2434 aut

2251 2467 2722 2538 prardestiuatione
2775 2469 3084 2538 compulsus
3130 2480 3213 2525 est
3250 2472 3316 2526 ad
3348 2471 3710 2540 peccandum,
3748 2472 3843 2526 sed

2252 2572 2348 2610 sua
2375 2564 2579 2610 tantum
2604 2564 2793 2625 sponte
2819 2558 3083 2626 peccavit,
3107 2557 3366 2626 judicium
3395 2568 3575 2614 tamen
3600 2569 3652 2612 et
3676 2559 3839 2612 dam-

2253 2647 2529 2724 nationem
2559 2647 2727 2715 ipsius
2755 2648 2961 2716 peccati
2991 2649 3177 2704 nolens
3219 2650 3524 2719 invitusque
3573 2651 3842 2718 suscepit,

2253 2739 2394 2808 quod
2421 2737 2516 2792 fuit
2546 2739 2864 2808 supplicium
2904 2741 3140 2795 hominis
3162 2741 3393 2811 primum
3424 2759 3438 2794 :
3466 2741 3539 2794 ita
3572 2750 3628 2795 et
3655 2741 3841 2795 omnis

2254 2829 2604 2896 reproborum
2647 2829 2952 2895 multitudo,
2974 2846 3095 2900 qua:
3115 2846 3182 2887 ex
3223 2831 3312 2885 illa
3360 2815 3714 2888 damnatione
3745 2832 3843 2885 de-

2255 2919 2485 2983 scendit,
2515 2935 2619 2973 non
2643 2919 2736 2973 Dei
2761 2921 3234 2989 praedestinatione
3261 2921 3601 2991 compellitur
3619 2922 3684 2974 ad
3711 2936 3839 2991 pec-

2254 3010 2508 3072 candum,
2544 3024 2664 3062 eum
2710 3009 2849 3063 Deus
2890 3011 3030 3064 nulla
3067 3021 3286 3080 peccata
3327 3011 3837 3080 praedestinaverit;

569 3099 995 3154 tnentationihus
1035 3101 1190 3154 nobis
1231 3081 1556 3171 persuadere
1602 3115 1826 3161 conetur
1870 3081 2150 3176 pneclesti-
2177 3081 2223 3142 C
2255 3100 2348 3154 5θά
2381 3109 2560 3152 lamell
2605 3100 2774 3167 iPSillS
2814 3100 3010 3155 (Ιίνίιιω
3058 3102 3546 3170 ιπωάεεῐίιιειῑίοηίε
3585 3099 3741 3168 ius“)
3792 3111 3846 3156 ει

569 3181 844 3242 ιιειιίοηόιη
873 3206 994 3245 esse
1043 3193 1395 3249 substantiam
1451 3197 1566 3260 Dei,
1615 3198 1723 3253 imo
1768 3199 1938 3267 ipsum
1983 3201 2151 3255 Deum

567 3292 690 3331 esse
717 3278 1270 3359 praedestinationem,
1307 3293 1361 3337 et
1400 3284 1520 3341 ideo
1551 3285 1831 3354 pluraliter
1853 3288 1919 3343 de
1952 3305 2015 3344 ea
2045 3306 2152 3346 non

571 3369 771 3423 debere
793 3372 984 3424 sentiri
1017 3391 1030 3425 :
1072 3373 1319 3428 videlicet
1344 3384 1404 3430 ut
1436 3377 1489 3430 in
1520 3386 1672 3447 parte
1711 3387 1918 3434 tantum
1957 3380 2155 3436 electo-

572 3459 694 3513 rum
726 3461 1006 3515 sentienda
1033 3464 1103 3516 sit
1130 3465 1560 3533 praedestinatio;
1591 3469 1643 3522 in
1679 3477 1832 3538 parte
1855 3478 2036 3526 autem
2063 3487 2154 3538 ree

571 3552 864 3620 proborum
896 3553 1133 3608 minime.
1165 3555 1230 3608 Et
1256 3571 1320 3610 ex
1352 3558 1452 3613 hac
1497 3559 1800 3625 occasione,
1846 3569 1906 3616 ut
1949 3561 2153 3630 justam

579 3642 930 3710 reproborum
961 3645 1483 3712 prmdcstinationem
1524 3650 1589 3702 ad
1632 3650 1952 3718 supplicium
1996 3660 2156 3707 atter-

573 3747 700 3784 uum
729 3742 974 3800 evacuet,
998 3735 1048 3787 in
1079 3743 1280 3789 tantam
1317 3739 1560 3808 prorupit
1585 3740 1886 3800 audaciam,
1911 3750 1971 3795 ιιι
1994 3757 2154 3811 aper-

574 3821 782 3876 tissime
808 3831 994 3876 contra
1028 3823 1207 3888 fidem,
1241 3836 1297 3879 et
1325 3828 1605 3883 veritatem
1635 3828 2034 3899 Scripturarum
2066 3847 2155 3886 as-

572 3928 755 3965 serere
786 3903 1075 3967 conaretnr
1102 3917 1282 3984 quod,
1339 3917 1484 3971 sicut
1529 3929 1810 3986 peceatum
1842 3936 1946 3975 non
1997 3933 2080 3976 est
2125 3937 2158 3976 a

577 4003 710 4067 Deo,
744 4005 814 4057 ita
843 4015 897 4060 et
921 4004 1037 4074 ejus
1067 4007 1408 4075 supplicium,
1439 4010 1491 4063 id
1531 4018 1616 4064 est
1655 4012 1833 4066 omnis
1854 4013 2069 4067 miseria
2106 4022 2158 4068 et

577 4110 745 4157 mors,
775 4113 894 4164 qua:
925 4106 1236 4166 peccantem
1268 4099 1536 4153 hominem
1579 4111 1867 4156 consecuta
1910 4111 2015 4165 est,
2054 4119 2159 4169 non

573 4185 700 4262 sita
740 4187 864 4240 Deo.
889 4186 1044 4251 Cum,
1090 4188 1374 4243 manifeste
1406 4205 1437 4243 a
1478 4191 1586 4246 Deo
1613 4189 1762 4259 juste
1795 4194 2085 4250 danmante
2108 4202 2165 4258 et

568 4280 870 4346 judicaute,
905 4289 961 4334 et
1003 4281 1220 4335 miseria
1268 4281 1509 4337 laborum
1541 4292 1596 4338 et
1623 4285 1880 4339 sudorum
1912 4288 2159 4355 peccanti

578 4373 780 4427 homini
800 4371 1013 4428 inﬂicta
1038 4373 1126 4435 sit,
1161 4382 1216 4426 et
1239 4373 1349 4440 ipsa
1378 4372 1621 4429 laborum
1641 4377 1884 4436 omnium
1912 4386 2156 4433 extrema

581 4479 746 4526 mors,
774 4463 988 4516 dicente
1017 4463 1243 4518 Domino
1266 4465 1333 4518 ad
1358 4479 1480 4519 eum
1504 4466 1570 4521 de
1608 4467 1838 4522 miseriis
1868 4469 1992 4523 vitae
2016 4469 2160 4526 labo-

577 4553 734 4607 riosze
758 4570 770 4603 ε
808 4550 1088 4606 Maledicta
1120 4564 1261 4607 terra
1289 4556 1343 4608 in
1370 4573 1522 4624 opere
1543 4567 1633 4610 tuo
1659 4571 1676 4608 :
1704 4559 1758 4612 in
1781 4558 2044 4616 laboribus
2071 4579 2162 4622 co-.

575 4629 747 4694 medes
769 4657 834 4694 ea:
860 4627 921 4694 ea
943 4654 962 4692 :
991 4627 1167 4718 spinas
1197 4652 1244 4696 et
1273 4644 1492 4698 tribulos
1519 4646 1826 4716 germinabit
1855 4648 1970 4712 tibi,
1993 4658 2041 4702 et
2067 4667 2164 4705 co-.

577 4729 748 4800 ntedes
774 4731 958 4784 herbas
984 4743 1137 4786 terra:
1164 4733 1252 4787 :in
1279 4733 1470 4786 sudore
1491 4733 1661 4788 vultus
1687 4735 1765 4788 tui
1788 4737 2005 4792 vesceris
2025 4755 2160 4808 pane

579 4817 732 4898 (Gen.
763 4837 842 4884 nl,
867 4823 1076 4895 l7-l9).
1107 4823 1206 4896 Ubi
1237 4825 1418 4879 statim
1443 4825 1508 4879 de
1529 4835 1766 4880 extrema
1792 4829 1981 4882 mortis
2001 4844 2163 4898 pmna

579 4895 856 4986 subjunxit
878 4929 893 4965 :
925 4911 1098 4965 Donec
1128 4913 1403 4966 revertaris
1425 4913 1478 4965 in
1503 4923 1695 4966 terram
1714 4915 1779 4968 de-
1802 4933 1903 4985 qua
1924 4895 2161 4986 sumptus

579 5019 632 5056 es
654 5004 810 5077 :qnia
822 5002 988 5073 pulvis
1003 5013 1141 5071 es,et
1165 5007 1226 5074 in
1253 5003 1511 5074 pulverem
1544 5005 1811 5059 reverteris
1832 5006 2021 5077 (Ibid.,
2048 5008 2158 5077 19).

582 5092 690 5146 Sed
714 5101 769 5147 et
791 5094 998 5146 mulieri
1025 5109 1145 5161 qua:
1170 5103 1294 5148 ante
1321 5094 1493 5147 virum
1517 5110 1670 5149 suum
1695 5097 1959 5165 peccavit,
1993 5098 2163 5167 ipsius

581 5184 788 5254 peccati
820 5200 1031 5254 poenam
1059 5185 1354 5255 prOpriam,
1383 5194 1576 5254 praeter
1609 5186 1775 5250 illam,
1817 5169 2009 5256 quaalei
2036 5203 2158 5241 cum

584 5275 703 5329 viro
741 5277 1042 5330 communis
1069 5267 1153 5331 est
1185 5277 1466 5332 confestim
1509 5279 1797 5348 irroganth
1832 5279 1952 5332 ait:
1981 5278 2164 5332 Multi-

583 5369 786 5440 plicabo
807 5385 1066 5424 wramnas
1091 5380 1210 5424 tuas
1229 5380 1275 5423 et
1310 5381 1584 5440 conceptus
1607 5381 1757 5434 tuos;
1783 5371 1837 5424 in
1863 5370 2044 5424 dolore
2070 5388 2171 5440 pas

587 5459 692 5514 rics
723 5459 883 5528 ﬁlios,
905 5467 1009 5513 etc.
1042 5458 1293 5530 Negando
1323 5461 1504 5529 itaque
1539 5460 1591 5513 in
1628 5467 1783 5527 parte
1813 5459 2163 5529 reproborum

581 5547 784 5616 justam
821 5548 984 5624 divini
1011 5548 1197 5618 judicii
1241 5545 1797 5619 pmdestinationem,
1841 5548 1907 5602 ad
1936 5548 2039 5603 hoc
2066 5549 2161 5604 dc-

588 5637 800 5698 vo"ttus
827 5650 929 5710 est,
973 5623 1230 5718 utetiam
1260 5654 1448 5695 omnes
1502 5637 1765 5700 humanas
1813 5637 2062 5696 miserias
2109 5648 2164 5696 et

2186 4423 2239 4484 D

2252 3199 2455 3260 attento
2493 3189 2698 3258 judicio
2719 3194 3061 3262 compellitur
3089 3195 3156 3248 ad
3199 3195 3453 3248 luendum
3481 3194 3840 3263 supplicium;

2255 3281 2523 3348 recipiens
2549 3296 2586 3344 aj
2603 3279 2713 3334 Deo
2746 3281 2850 3342 vim
2872 3293 2928 3336 et
2953 3284 3329 3358 necessitatem
3349 3283 3510 3352 justa:
3535 3283 3844 3337 damnatio—

2254 3370 2364 3435 nis,
2396 3386 2516 3440 qua:
2541 3370 2740 3425 nullam
2765 3372 2955 3427 habuit
2985 3373 3093 3427 vim
3122 3382 3215 3428 aut
3240 3375 3616 3428 necessitatem
3645 3387 3842 3444 perpe-

2257 3461 2464 3516 tranda:
2492 3462 2810 3531 iniquitatis.
2847 3463 3030 3534 Neque
3075 3467 3222 3519 enim
3270 3465 3344 3519 illi
3391 3466 3482 3536 qui
3522 3481 3552 3519 a
3601 3465 3846 3520 sinistris

2257 3554 2475 3608 stabunt
2527 3556 2580 3608 in
2623 3555 2850 3623 judicio,
2891 3567 2947 3610 et
2997 3558 3252 3626 puniendi
3302 3567 3430 3612 sunt
3463 3558 3584 3626 igne
3611 3568 3842 3623 aeterno,

2256 3644 2496 3700 volentes
2526 3647 2818 3715 suscipient
2863 3647 2965 3702 tale
2999 3649 3352 3717 supplieimn,
3397 3650 3490 3703 sed
3520 3650 3708 3718 utique
3744 3664 3844 3703 no-

2258 3733 2429 3790 lentes
2452 3744 2509 3789 et
2551 3735 2729 3801 inviti,
2757 3745 2813 3790 et
2847 3737 3314 3792 irremcdiabiliter
3355 3739 3595 3794 dolentes
3640 3729 3707 3792 ac
3737 3748 3845 3792 tre-

2259 3833 2485 3890 mentes,
2510 3826 2704 3881 divinte
2728 3826 3029 3896 majestatis
3055 3839 3212 3893 nutu,
3234 3838 3289 3883 et
3329 3830 3570 3898 angelico
3587 3829 3847 3883 ministe-

2260 3919 2342 3972 rio
2385 3918 2512 3972 illuc
2541 3919 3040 3990 przecipitahuntur,
3085 3921 3226 3975 sicut
3266 3921 3523 3975 Dominus
3571 3930 3763 3990 aperte
3797 3922 3846 3975 in

2260 4007 2549 4076 Evangelio
2567 4008 2701 4063 dicit
2732 4009 2873 4066 :‘Sic
2899 4012 2999 4064 erit
3040 4011 3097 4064 in
3131 4010 3580 4064 consummatione
3617 4010 3805 4068 διεξειιὶ
3829 4023 3848 4061 :

2259 4099 2504 4152 exitibunt
2543 4099 2737 4169 angeli,
2760 4110 2808 4155 et
2832 4103 3147 4170 separabunt
3178 4101 3345 4155 malos
3377 4100 3443 4153 de
3477 4100 3646 4154 medio
3670 4101 3848 4169 justo-

2261 4205 2398 4254 rum,
2430 4199 2478 4242 et
2502 4192 2704 4263 mittent
2749 4207 2834 4245 eos
2864 4193 2918 4245 in
2957 4193 3220 4244 caminum
3259 4192 3392 4260 ignis
3428 4202 3446 4241 :
3477 4189 3587 4242 illic
3626 4190 3724 4242 erit
3754 4191 3850 4258 ﬂeo

2261 4288 2363 4342 lus,
2405 4289 2454 4333 et
2489 4280 2689 4333 stridor
2739 4281 2970 4333 dentium
3015 4279 3230 4349 (Matth.
3285 4294 3379 4334 xm
3407 4319 3424 4343 ,
3463 4276 3670 4347 40-42).
3727 4278 3851 4331 Istis

2267 4385 2500 4441 namque
2522 4373 2871 4436 messoribus,
2902 4372 2953 4426 id
2981 4380 3065 4426 est
3087 4371 3352 4427 ministris
3381 4370 3607 4442 angelis,
3631 4370 3850 4439 quando

2267 4463 2476 4518 venerit
2505 4462 2725 4527 messio,
2772 4463 2826 4517 id
2852 4471 2936 4516 est
2965 4463 3142 4518 s'eculi
3179 4466 3593 4526 consummatio,
3636 4461 3706 4517 ab
3735 4463 3851 4532 ipso

2258 4553 2440 4622 judice
2493 4554 2706 4610 dicetur
2745 4569 2760 4607 :
2809 4553 3049 4625 Colligite
3081 4556 3309 4620 zizania,
3345 4565 3394 4608 et
3430 4554 3646 4624 alligate
3690 4571 3756 4608 ea
3797 4555 3852 4606 in

2267 4644 2547 4714 fasciculos
2583 4643 2653 4696 ad
2681 4643 3120 4709 comburendum;
3149 4645 3381 4710 triticum
3425 4656 3601 4699 autem
3637 4661 3851 4714 congreo

2265 4743 2384 4802 gate
2416 4733 2470 4786 in
2499 4733 2742 4787 horreum
2775 4747 2944 4788 meum
2967 4733 3157 4807 (Ibid.,
3206 4736 3318 4804 '50).
3343 4735 3483 4790 Ecce
3501 4734 3717 4803 qualem
3745 4735 3850 4789 vim

2269 4831 2324 4877 et
2361 4823 2737 4878 necessitatem
2761 4823 2955 4878 divinae
2988 4824 3480 4893 prtedestinationis
3510 4838 3640 4892 erga
3669 4838 3851 4893 repro-

2265 4913 2365 4968 bos
2388 4912 2627 4968 Ecclesia
2657 4913 2749 4968 Dei
2770 4911 2924 4981 juxta
2959 4914 3324 4984 evangelicam
3347 4914 3631 4968 veritatem
3659 4914 3846 4976 credit,

2267 5003 2318 5057 id
2369 5010 2452 5058 est
2482 5002 2589 5056 vim
2621 5011 2678 5058 et
2702 5002 3082 5072 necessitatem
3106 5002 3292 5070 judicii
3321 5020 3335 5067 ;
3368 5019 3478 5056 non
3519 5002 3649 5064 vim,
3677 5011 3736 5056 et
3761 5015 3850 5055 ne-

2266 5097 2568 5162 cessitatem
2615 5096 2852 5168 peccati.
2906 5095 3010 5162 Qui
3059 5104 3238 5150 autem
3304 5095 3452 5157 vim,
3507 5104 3572 5148 et.
3612 5094 3848 5148 necessi-

2267 5193 2432 5238 tatem
2486 5184 2746 5252 peccandi
2811 5183 2978 5238 Deum
3053 5184 3300 5237 intulisse
3372 5182 3576 5236 homini
3633 5182 3718 5236 vel
3775 5182 3850 5235 in.

2272 5272 2414 5328 ferre
2436 5271 2588 5335 dicit,
2627 5270 2912 5326 manifeste
2941 5272 3277 5327 horribiliter
3301 5272 3356 5326 in
3396 5271 3563 5326 Deum
3602 5270 3845 5339 blasphe-

2273 5371 2407 5427 mat,
2447 5377 2608 5430 quem
2639 5362 2706 5416 ad
2735 5371 2957 5431 peccata
2996 5362 3389 5431 compellenda,
3442 5361 3627 5430 utique
3671 5372 3849 5414 aucto-

2274 5471 2386 5509 rem
2441 5455 2647 5524 peccati
2687 5470 2808 5510 esse
2849 5457 3154 5512 confirmat.
3187 5456 3302 5512 Hoc
3336 5457 3501 5526 igitur
3535 5455 3696 5510 modo
3733 5468 3847 5517 nos,

2273 5546 2567 5604 secundum
2597 5548 2876 5602 veritatem
2909 5547 3025 5616 Dei,
3052 5551 3143 5624 de
3179 5549 3532 5620 reproborum
3572 5544 3848 5616 praedesti-

2275 5640 2489 5712 natione
2516 5639 2780 5697 sentimus
2803 5640 3070 5697 :.fideliter
3095 5655 3218 5698 eum
3247 5640 3571 5697 confitentes
3589 5653 3699 5694 non
3733 5650 3851 5706 peo-
