4050 6302
171 345 194 396 1
207 343 286 398 99η

1153 337 1364 395 LIBER
1393 334 1762 394 ADVERSUS
1798 334 2111 399 JOANNEM
2156 334 2460 395 SCOT-UM.

3318 340 3421 393 150

169 448 772 528 catieomm,sedjustl
794 451 1038 524 supplicii
1058 462 1354 510 auctorem.
1379 455 1447 510 Et
1464 456 1583 516 ideo
1609 454 1750 523 quod
1777 456 1826 513 Α
1851 453 2054 508 stantia
2083 469 2178 508 sua
2209 453 2471 522 spirituali
2491 493 2506 520 ,
2545 452 2600 508 id
2623 461 2887 519 estesse,
2920 455 3092 521 scire,
3123 455 3258 510 velle
3283 462 3302 510 :'
3325 458 3426 513 sed

169 547 278 601 iste
303 545 515 609 delirat,
547 547 698 614 quasi
722 545 878 614 hujus
910 545 1397 614 pmdestinationis
1418 547 1748 616 prccdicatio,

173 637 522 692 necessitatis
561 637 628 690 ad
678 637 1008 704 peccandum
1046 635 1117 689 sit
1162 635 1444 705 irrogatio,
1475 651 1638 705 quam
1681 636 1754 690 sit
1794 660 1803 666 -

165 722 570 781 calumniosum
603 733 673 779 et
699 739 896 790 vanum
943 734 1216 794 putamus,
1247 728 1389 794 quod
1428 741 1495 781 ex
1524 726 1610 782 his
1631 741 1754 796 quae

174 814 320 868 dicta
357 823 490 870 sunt.
521 813 774 867 omnibus
804 811 1023 866 clareat.

243 897 378 958 Post
404 904 518 957 hzec
534 903 641 957 iste
666 901 937 971 subjungit
961 919 974 954 :
1007 899 1366 955 Substantiam
1389 902 1611 957 hominis
1646 919 1755 957 esse

176 989 303 1057 tria,
340 993 394 1046 id
423 1002 655 1056 estesse,
684 989 831 1055 uelle,
859 992 1026 1054 scire;
1067 1000 1118 1044 et
1165 992 1300 1044 hanc
1345 992 1606 1060 peccando
1651 1007 1755 1045 non

171 1083 437 1137 amisisse.
465 1081 574 1136 Nos
599 1091 780 1134 autem
812 1080 1164 1134 substantiam
1192 1081 1428 1136 hominis
1467 1097 1570 1135 non
1613 1081 1754 1135 aliud

169 1155 576 1234 essedicimus,
611 1171 712 1224 nisi
749 1185 907 1239 quam
931 1167 1213 1239 Scriptura
1241 1170 1421 1223 divina
1464 1170 1516 1224 in
1553 1171 1756 1239 princi-

171 1266 268 1334 pio
293 1261 618 1317 conditionis
646 1261 893 1314 humana:
919 1260 1256 1314 demonstrat
1277 1261 1462 1314 dicens
1487 1278 1500 1314 :
1534 1259 1758 1314 Forma-

175 1353 248 1406 vit
280 1353 443 1422 igitur
470 1350 724 1404 Dominus
752 1348 891 1402 Deus
925 1350 1184 1420 hominem
1223 1350 1286 1404 de
1323 1349 1447 1404 limo
1485 1361 1669 1415 terrm,
1708 1360 1756 1405 et

172 1444 458 1518 inspiravit
499 1439 552 1494 in
583 1441 770 1509 faciem
804 1440 917 1508 ejus
956 1441 1274 1510 spiraculum
1317 1443 1462 1506 vitae,
1499 1452 1544 1495 et
1586 1443 1756 1511 factus

171 1541 254 1586 est
277 1531 437 1585 homo
464 1531 518 1584 in
548 1532 779 1585 animam
811 1531 1060 1584 viventem
1099 1531 1117 1600 (
1135 1527 1263 1585 Gen.
1291 1547 1366 1596 tt,
1394 1531 1478 1602 7).
1515 1531 1642 1588 Haec
1674 1541 1761 1587 est

169 1617 326 1676 enim
354 1619 653 1674 substantia
677 1619 932 1687 hominis,
956 1634 1062 1688 qua
1089 1620 1335 1674 subsistit
1361 1629 1415 1676 ct
1441 1621 1592 1685 vivit,
1618 1622 1758 1677 sicut

179 1705 328 1766 docti
358 1699 678 1778 indoctique
691 1717 975 1772 noverunt,
1003 1709 1182 1762 anima
1210 1710 1435 1771 scilicet,
1471 1719 1524 1765 et
1561 1727 1757 1781 corpus

1857 551 2034 598 tamen
2059 558 2184 598 esse
2209 544 2264 597 in
2294 544 2508 613 poenale
2535 554 2657 597 est:
2689 544 2830 598 scire
2864 555 3042 599 autem
3081 555 3150 600 et-
3168 545 3304 601 velle
3344 555 3430 602 to-
3462 587 3466 596 .

1856 639 1968 684 tum
2010 631 2078 684 ad
2121 645 2382 697 errorem,
2417 640 2583 686 totum
2622 633 2702 687 ad'
2725 633 2924 687 malum
2963 649 3281 690 conversum
3319 644 3424 692 est.

1797 755 1803 778 ;
1855 721 1992 788 Quid
2021 730 2106 776 est
2133 737 2262 794 ergo
2286 723 2430 792 quod
2455 723 2557 778 iste
2584 724 2843 793 gloriatur
2858 735 3112 780 naturam
3130 726 3428 781 humanam
3466 759 3468 761 ›
3532 759 3536 762 ~

1853 813 2126 884 peccando
2156 816 2255 869 ista
2283 829 2389 868 non
2420 815 2692 877 amisisse,
2742 815 2793 869 id
2839 823 2924 870 est
2970 824 3028 869 ut
3075 817 3245 886 possit
3286 830 3428 882 esse,

1856 907 2018 972 scire,
2058 906 2217 971 velle,
2247 922 2368 961 cum
2398 906 2638 960 omnium
2677 906 2866 960 horum
2893 907 3093 960 bonum
3119 911 3182 960 eti
3201 904 3433 960 felicita-

1857 1004 1964 1052 tem
2009 998 2229 1052 omnino
2270 997 2554 1062 amiserit,
2600 1003 2740 1050 esse
2769 996 3068 1066 incipiens,
3121 996 3317 1049 misera
3364 1008 3432 1048 ex
3469 1023 3472 1026 ~
3533 1015 3536 1018 ’

1855 1088 2012 1142 beata
2032 1128 2047 1152 ,
2082 1089 2222 1143 scire
2251 1089 2507 1142 amittens
2535 1087 2743 1150 divina,
2791 1095 2845 1141 et
2880 1085 3016 1140 velle
3052 1085 3282 1156 perdens
3316 1099 3432 1139 C(B-
3465 1105 3477 1132 :

1854 1176 2008 1234 lestia
2037 1193 2052 1231 :
2083 1178 2184 1232 nisi
2215 1186 2472 1246 quantum
2497 1192 2561 1232 ea
2588 1185 2774 1246 postea
2805 1175 3008 1244 adjuvit
3030 1176 3282 1231 et'erexit
3306 1191 3436 1246 gra-

1799 1319 1805 1325 ,
1859 1265 1929 1319 tia
1962 1266 2299 1330 Conditoris,
2331 1275 2389 1320 ut
2416 1266 2615 1320 amissa
2643 1266 2783 1320 bona
2810 1276 3241 1336 recognosceret,
3278 1279 3434 1318 reco-
3467 1285 3475 1311 :

1857 1357 2004 1427 gnita
2042 1356 2286 1421 doleret,
2325 1356 2554 1411 dolendo
2586 1366 2638 1411 et
2671 1356 2977 1426 pmnitendo
3006 1356 3244 1410 divinum
3279 1355 3435 1408 auxi—
3469 1381 3474 1401 -.

1858 1443 1989 1506 lium
2019 1443 2333 1513 imploraret
2359 1463 2370 1496 :
2399 1451 2562 1513 atque
2592 1445 2665 1498 ita
2697 1445 2839 1513 quod
2871 1443 3130 1498 amiserat
3162 1457 3260 1498 suo
3282 1443 3437 1509 vitio,
3472 1478 3478 1484 .

1858 1534 2037 1588 divina
2061 1534 2303 1590 bonitate
2330 1536 2612 1604 reciperet.
2641 1535 3126 1606 Propterea‘igitur
3152 1534 3440 1591 ineffabilia

1859 1624 2228 1684 misericordia
2269 1621 2581 1680 Conditoris
2619 1641 2723 1679 non
2761 1625 2979 1679 abstulit
3023 1626 3074 1680 ei
3114 1626 3276 1680 etiam
3316 1633 3481 1694 post~

1858 1721 2138 1780 peccatum
2166 1713 2284 1767 lucc
2307 1713 2577 1768 naturalia
2608 1714 2748 1768 bona
2775 1729 2892 1778 sua,
2924 1714 2974 1767 id
2997 1723 3083 1767 est
3108 1729 3248 1777 esse,
3275 1715 3437 1776 scire,

172 1798 286 1852 sibi
314 1797 548 1851 vitaliter
573 1810 904 1860 connexum;
952 1797 1046 1850 sed
1085 1811 1280 1866 corpus
1321 1799 1386 1852 de
1420 1797 1548 1853 limo
1578 1808 1756 1866 terrae,
1790 1795 1833 1852 Β
1861 1801 2026 1864 velle,
2068 1810 2128 1856 ut
2175 1803 2399 1856 haberet
2441 1803 2530 1857 cui
2576 1803 2821 1857 misereri
2862 1803 3124 1871 potuisset
3159 1819 3172 1855 :
3214 1802 3259 1855 si
3295 1801 3440 1856 enim

176 1890 366 1941 anima
394 1902 462 1941 ex
493 1886 842 1955 inspiratione
872 1886 986 1939 Dei.
1023 1885 1116 1940 llis
1137 1895 1370 1950 constat,
1405 1897 1460 1941 et
1488 1888 1560 1942 ita
1587 1887 1762 1943 factus

178 1986 268 2031 est
296 1978 460 2032 homo
487 1976 541 2030 in
569 1977 802 2030 animam
828 1974 1118 2028 viventem.
1149 1975 1283 2030 Cum
1309 1992 1439 2046 ergo
1468 1977 1543 2031 ita
1571 1978 1761 2033 doceat

181 2067 368 2120 divina
393 2067 707 2131 auctoritas,
730 2075 784 2120 et
806 2066 877 2119 ita
905 2075 1081 2119 teneat
1103 2065 1367 2121 catholica
1391 2068 1616 2133 veritas,
1633 2068 1761 2137 quid

180 2157 286 2212 sibi
322 2158 438 2211 vult
462 2159 564 2211 ista
598 2157 960 2226 superﬂuitas,
994 2157 1356 2212 substantiam
1384 2159 1617 2213 hominis
1644 2173 1765 2213 esse

183 2235 312 2312 tria,
351 2249 403 2302 id
437 2257 517 2302 est
548 2262 700 2312 esse,
734 2247 896 2310 velle,
943 2246 1120 2301 scire?
1158 2263 1282 2302 cum
1321 2247 1666 2303 manifestum
1695 2249 1764 2304 sit

181 2331 544 2394 substantiam
566 2339 801 2395 hominis
829 2354 933 2393 non
963 2341 1064 2394 tria
1087 2356 1228 2405 esse,
1249 2341 1344 2396 sed
1366 2342 1472 2396 duo
1491 2343 1759 2411 quaedam,

185 2433 238 2486 id
264 2441 350 2486 est
379 2431 462 2502 (ut
489 2431 598 2499 jam
629 2433 880 2502 diximus)
911 2433 1146 2488 animam
1178 2444 1231 2488 et
1255 2449 1470 2505 corpus.
1507 2436 1613 2491 Sed
1640 2438 1763 2504 iste,

182 2523 554 2590 praetermisso
588 2537 845 2592 corpore,
880 2525 1022 2592 quod
1059 2525 1374 2581 naturaliter
1408 2528 1475 2583 ad
1513 2527 1774 2583 substan-

188 2612 319 2664 tiam
349 2611 586 2665 hominis
613 2613 863 2680 pertinet,
894 2614 1251 2668 substantiam
1280 2615 1512 2672 hominis
1541 2633 1661 2672 esse
1685 2618 1768 2672 di-

182 2701 282 2762 cit,
307 2714 452 2763 esse,
479 2699 634 2762 velle,
663 2701 838 2764 scire;
872 2715 992 2768 qua:
1016 2702 1197 2770 utique
1223 2702 1276 2756 in
1303 2703 1415 2758 sola
1435 2706 1618 2767 anima
1640 2719 1769 2761 con-

183 2790 388 2843 sistunt
431 2789 634 2858 :quasi
687 2789 985 2843 substantia
1044 2791 1277 2845 hominis
1331 2807 1439 2848 non
1501 2795 1603 2858 sit,
1664 2794 1768 2852 nisi

188 2880 370 2932 anima
400 2879 533 2932 sola.
577 2879 799 2933 Videtur
833 2888 1010 2933 tamen
1051 2896 1113 2933 ex
1148 2881 1604 2950 disputationibus
1641 2897 1768 2937 san-

188 2969 262 3021 cti
291 2968 579 3038 Augustini
619 2968 671 3022 in
707 2967 859 3022 libris
904 2969 971 3022 de
1015 2968 1280 3024 Trinitate
1312 2971 1653 3026 occasionem
1689 2971 1771 3025 di-

1860 1899 1981 1959 post
2006 1899 2285 1959 peccatum
2314 1891 2578 1945 noluisset
2606 1907 2727 1943 eum
2759 1906 2899 1952 esse,
2925 1890 3082 1944 simul
3108 1889 3293 1956 utique
3318 1904 3440 1942 cum
3478 1927 3481 1930 -

1861 1979 1978 2048 ipso
1999 1990 2055 2034 et
2079 1981 2134 2033 in
2163 1980 2278 2048 ipso
2304 1980 2538 2050 periret,
2574 1989 2627 2034 et
2658 1980 2818 2040 scire,
2851 1988 2906 2032 et
2931 1979 3069 2033 velle
3093 1994 3107 2031 :
3147 1978 3313 2032 voluit
3342 1977 3445 2030 ita-

1861 2084 1966 2138 que
2005 2084 2129 2123 cum
2165 2076 2319 2134 esse,
2365 2078 2425 2123 ut
2464 2070 2690 2124 haberet
2723 2069 2806 2122 cui
2851 2069 3234 2132 misereretur;
3273 2067 3445 2121 voluit

1863 2174 1986 2214 eum
2011 2159 2171 2224 scire,
2199 2168 2257 2213 ut
2291 2159 2517 2214 haberet
2562 2173 2721 2228 quem
2761 2174 2858 2214 sua
2897 2158 3204 2228 cognitione
3243 2157 3442 2212 illumi-
3477 2177 3484 2191 ε

1863 2251 2125 2315 minaret;
2169 2249 2340 2304 voluit
2381 2265 2505 2304 eum
2551 2249 2720 2313 velle,
2763 2260 2822 2303 ut
2873 2244 3096 2304 haberet
3138 2262 3299 2318 quem
3345 2263 3444 2301 suo
3481 2266 3488 2274 ·
3533 2293 3539 2304 .

1864 2354 2051 2394 amore
2076 2339 2428 2400 beatificaret.
2457 2339 2533 2394 lta
2555 2348 2610 2393 et
2637 2340 2884 2394 diabolus
2903 2340 2994 2408 qui
3019 2348 3321 2394 creaturam
3341 2339 3458 2392 Dei:
3524 2399 3548 2406 ,-

1865 2429 2174 2498 disperdere
2200 2429 2388 2492 voluit,
2420 2429 2682 2483 remansit
2711 2429 2903 2494 victus,
2939 2439 2996 2484 et
3027 2429 3300 2484 Creatoris
3347 2429 3444 2483 bo-
3485 2459 3491 2470 ι

1857 2518 2030 2582 nitas,
2075 2527 2128 2573 et
2171 2519 2545 2574 misericordia
2587 2520 2882 2588 permansit
2929 2519 3148 2572 invicta.
3192 2517 3298 2572 Sed
3343 2519 3445 2572 iste

1864 2620 1964 2660 cur
1985 2606 2089 2660 hoc
2112 2607 2472 2676 proposuerit,
2505 2622 2572 2662 ex
2595 2607 2946 2676 sequentibus
2973 2607 3090 2676 ejus
3121 2607 3445 2678 propositio-
3488 2639 3494 2648 ι

1867 2697 2023 2752 nibus
2051 2697 2388 2752 manifestius
2416 2699 2698 2768 apparebit

1940 2786 2229 2854 Subjunxit
2249 2788 2392 2842 enim
2415 2789 2597 2842 statim
2612 2798 2735 2857 post
2755 2789 2886 2843 istas
2903 2790 3039 2844 duas
3052 2791 3445 2860 propositiones

1818 2925 1822 2930 .
1868 2877 1969 2932 sibi
2008 2879 2341 2933 cohaerentes
2378 2886 2431 2934 et
2464 2879 2540 2932 ait
2574 2897 2588 2932 :
2631 2877 2850 2932 Nullam
2894 2891 3138 2934 naturam
3177 2897 3326 2950 posse
3354 2899 3446 2951 pe-
3489 2917 3497 2925 -

1869 2969 1991 3031 rire,
2025 2985 2116 3022 nec
2149 2968 2362 3022 liberam
2414 2969 2729 3023 voluntatem
2774 2987 2894 3024 eum
2943 2971 3250 3040 perdidisse,
3287 2973 3342 3025 id
3367 2982 3445 3026 est

188 3061 348 3116 cendi
382 3061 484 3114 ista
509 3061 806 3130 sumpsisse
833 3078 848 3114 :
881 3059 974 3114 sed
992 3060 1136 3113 absit
1158 3070 1216 3114 ut
1239 3069 1418 3116 tantus
1441 3061 1633 3130 doctor
1657 3071 1766 3116 tam
1871 3068 2115 3128 naturam
2152 3076 2322 3114 suam.
2351 3059 2408 3114 ln
2439 3060 2634 3128 quibus
2653 3059 2851 3125 verbis,
2875 3050 3284 3130 q‘uod‘dellnivit
3323 3063 3444 3116 nul-
3499 3079 3501 3082 ‘

190 3150 426 3204 absurde
463 3165 698 3219 unquam
740 3150 937 3205 dixerit
972 3157 1028 3204 et
1063 3150 1342 3220 imperite,
1375 3159 1433 3206 ut
1473 3168 1594 3206 cum
1639 3153 1766 3207 sub.
1792 3134 1838 3197 C
1869 3147 1976 3202 lam
2005 3157 2252 3203 naturam
2286 3135 2442 3219 posse
2470 3151 2678 3219 perire;
2715 3150 2858 3218 quod
2903 3150 3087 3219 utique
3119 3151 3448 3220 generaliter
3499 3171 3504 3175 ·

190 3241 392 3294 stantia
425 3240 660 3294 hominis
694 3240 765 3294 sit
797 3241 975 3295 anima
1005 3249 1061 3295 et
1089 3255 1317 3312 corpus,
1363 3241 1451 3296 ille
1498 3242 1766 3297 deﬁnierit

188 3329 553 3383 substantiam
581 3343 701 3384 esse
726 3329 998 3393 hominis,
1042 3344 1193 3394 esse,
1237 3330 1406 3395 velle,
1449 3331 1606 3386 scire.
1648 3330 1764 3386 Non

188 3437 325 3492 ergo
350 3421 427 3475 ait
453 3421 615 3491 (sicut
643 3421 924 3474 manifeste
952 3420 1248 3490 intelligere
1276 3421 1477 3491 poterit
1501 3422 1594 3491 qui
1624 3423 1766 3478 dicta

187 3514 310 3583 ejus
348 3516 401 3569 in
441 3513 643 3570 eisdem
689 3513 838 3568 libris
876 3513 1286 3584 diligentissime
1322 3515 1512 3585 legerit
1554 3525 1608 3571 et
1647 3532 1768 3587 per-

188 3605 462 3676 penderit)
493 3604 849 3660 substantiam
877 3619 997 3659 esse
1029 3604 1264 3660 hominis
1300 3605 1414 3660 haec
1451 3605 1571 3670 tria,
1606 3606 1658 3660 id
1685 3615 1770 3662 est

189 3692 547 3762 csse,scire,
578 3696 712 3752 velle
749 3714 762 3750 :
806 3696 900 3751 sed
942 3695 994 3750 in
1036 3697 1338 3751 substantia
1373 3712 1494 3753 esse
1538 3698 1770 3754 hominis

190 3805 302 3844 non
330 3787 636 3852 exterioris,
667 3786 763 3841 sed
788 3785 1084 3850 interioris,
1119 3786 1171 3840 id
1198 3796 1283 3840 est
1309 3786 1362 3840 in
1396 3796 1576 3841 mente
1607 3786 1771 3840 ratio-

189 3877 328 3939 nali,
357 3876 446 3930 ubi
473 3884 679 3929 creatus
707 3883 780 3928 est
816 3873 968 3926 homo
996 3873 1063 3927 ad
1091 3873 1370 3943 imaginem
1395 3884 1442 3928 et
1470 3874 1773 3928 similitudi-

189 3981 311 4018 nem
343 3964 438 4017 Dei
467 3961 620 4034 (Gen.
650 3977 694 4026 ι,
722 3962 836 4031 26).
878 3962 1086 4016 Docens
1111 3976 1174 4015 ea
1204 3975 1325 4016 esse
1361 3962 1415 4016 in
1453 3962 1564 4031 ipsa
1592 3971 1773 4017 mente

189 4051 448 4108 rationali
481 4061 536 4107 et
565 4051 912 4107 intellectuali
936 4092 950 4116 ,
976 4049 1297 4121 naturaliter
1323 4061 1379 4105 et
1404 4051 1773 4106 substantiali-

191 4153 282 4198 ter
319 4159 349 4196 a
377 4143 487 4198 Deo
525 4143 706 4197 insita.
739 4141 890 4197 Unde
921 4150 974 4194 et
1004 4141 1304 4195 rectissime
1338 4141 1391 4194 in
1429 4140 1632 4195 eisdem
1664 4140 1774 4195 dis-

188 4230 566 4302 putationibus
600 4231 729 4284 dicit
751 4231 864 4284 hzec
894 4230 996 4284 tria
1034 4229 1194 4284 unius
1218 4244 1340 4283 cum
1370 4229 1482 4299 ipsa
1502 4239 1557 4284 et
1585 4230 1636 4284 in
1660 4230 1774 4300 ipsa

191 4332 384 4378 mente
412 4337 532 4378 esse
557 4322 892 4377 substantite.
913 4320 1048 4387 Quia
1071 4320 1319 4376 videlicet
1348 4321 1462 4390 ipsa
1489 4336 1642 4375 mens
1671 4322 1777 4376 sic-

190 4425 260 4469 ut
287 4414 728 4469 substantialiter
751 4413 915 4467 habet
953 4427 1095 4477 esse,
1125 4414 1199 4468 ita
1231 4413 1657 4469 substantialiter
1683 4415 1778 4468 ha-

190 4507 289 4560 bet
313 4505 456 4560 velle
482 4523 496 4558 :
531 4504 585 4559 id
611 4512 692 4560 est
722 4471 1154 4559 substantialiter
1181 4511 1235 4560 et
1261 4504 1578 4559 naturaliter
1614 4505 1776 4561 habet
1804 4471 1856 4531 Β

190 4595 342 4650 scire
371 4607 529 4662 posse
552 4602 607 4650 et
628 4593 764 4649 velle
791 4608 969 4663 posse.

267 4679 524 4753 Magnum
551 4690 638 4737 est
661 4683 849 4752 utique
869 4683 1067 4735 bonum
1094 4679 1237 4736 istud
1261 4690 1465 4736 natura:
1488 4681 1556 4735 ab
1575 4682 1790 4752 optimo.

192 4774 493 4829 Conditore
526 4775 660 4828 bene
706 4783 760 4829 et
799 4773 1118 4828 mirabiliter
1156 4773 1404 4828 conditae.
1444 4771 1548 4827 Sed
1594 4773 1637 4828 si
1678 4774 1780 4828 hoc

194 4863 378 4919 solum
421 4864 616 4918 haheat
661 4879 814 4918 mens
857 4862 1090 4917 hominis
1130 4870 1192 4916 ut
1227 4863 1402 4932 possit
1439 4877 1582 4926 esse,
1609 4864 1779 4932 possit

194 4955 365 5019 scire,
398 4955 569 5024 possit
593 4953 752 5019 velle,
789 4961 845 5007 et
881 4969 988 5008 non
1026 4953 1223 5008 habeat
1259 4968 1322 5008 ex
1362 4953 1504 5007 dono
1539 4952 1780 5021 ejusdem

197 5045 516 5108 Conditoris
535 5045 620 5099 sui
645 5053 701 5099 ut
723 5045 892 5115 possit
918 5045 1056 5098 bene
1078 5051 1137 5098 et
1161 5044 1318 5098 beate
1341 5056 1482 5108 esse,
1498 5044 1670 5112 possit
1695 5045 1783 5113 pie

195 5145 255 5190 et
282 5145 443 5207 recte.
460 5135 528 5190 de
556 5127 778 5190 auctore
807 5151 906 5190 suo
931 5136 1093 5201 scire,
1118 5121 1328 5203 possit,
1355 5135 1588 5187 amando
1610 5132 1780 5200 illum,

194 5240 326 5280 cum
364 5224 456 5279 illo
491 5239 612 5280 esse
635 5225 805 5288 .velle,
855 5215 986 5296 quid
1028 5224 1358 5296 ei‘prod‘erit
1398 5223 1599 5294 habere
1639 5239 1780 5288 esse,

195 5317 368 5382 scire,
395 5315 550 5389 velle,
573 5331 697 5372 cum
723 5325 891 5372 totum
915 5317 1016 5373 hoc
1039 5317 1181 5388 malo
1207 5332 1306 5373 suo
1335 5317 1550 5382 habeat,
1585 5315 1629 5371 si
1655 5315 1784 5372 illud

195 5409 417 5462 donum
435 5405 710 5462 Creatoris
739 5408 821 5462 sui
851 5423 957 5463 non
989 5408 1222 5463 habeat?
1257 5406 1478 5463 habebit
1499 5406 1644 5462 enim
1669 5422 1791 5462 esse

1868 3238 1933 3291 de
1961 3238 2201 3292 omnium
2243 3253 2422 3294 rerum
2471 3248 2662 3293 natura
2702 3240 2859 3303 dixit,
2908 3240 3052 3294 unde
3096 3239 3304 3303 didicit,
3352 3251 3451 3296 aut
3501 3273 3504 3276 ~

1868 3327 2010 3380 unde
2048 3343 2237 3382 verum
2289 3344 2408 3384 esse
2451 3329 2723 3384 ostendit?
2773 3345 2895 3384 cum
2946 3331 3230 3386 manifeste
3270 3333 3448 3386 omnis

1839 3424 2050 3471 ‘rerum
2101 3427 2294 3473 natura
2349 3420 2490 3474 sicut
2533 3420 2806 3476 voluntate
2858 3420 3132 3476 Creatoris
3173 3424 3346 3490 potuit
3377 3439 3444 3478 ex

1870 3507 2040 3561 nihilo
2085 3509 2404 3574 subsistere,
2451 3521 2510 3564 ut
2565 3521 2714 3566 esset
2739 3529 2858 3582 qua:
2887 3522 3013 3568 ante
3047 3530 3154 3570 non
3194 3522 3341 3580 erat;
3371 3515 3446 3569 ita

1870 3597 2058 3662 etiam,
2083 3600 2125 3653 si
2174 3600 2288 3669 ipse
2329 3601 2477 3664 velit,
2509 3604 2679 3670 possit
2703 3604 2900 3673 perire.
2931 3615 2985 3660 et
3021 3606 3194 3660 redire
3221 3607 3274 3660 in
3309 3606 3451 3661 nihi-

1871 3684 2001 3749 lum,
2033 3695 2091 3740 ut
2117 3703 2221 3742 non
2248 3689 2339 3742 sit.
2373 3689 2484 3744 Hoc
2511 3707 2744 3760 namque
2783 3701 2839 3747 et
2883 3691 3161 3762 Scriptura
3205 3696 3447 3750 ostendit

1868 3775 2054 3830 dicens
2079 3777 2144 3830 de
2165 3780 2535 3848 magnitudine
2571 3789 2626 3834 et
2650 3783 2886 3850 potentia
2921 3782 3192 3838 Creatoris
3219 3802 3232 3837 :
3260 3783 3452 3839 Excel-

1869 3868 1980 3920 sior
2006 3867 2130 3920 caelo
2158 3877 2254 3931 est,
2298 3879 2346 3922 et
2387 3869 2514 3937 quid
2557 3869 2759 3937 facies?
2789 3870 3101 3940 profundior
3135 3873 3366 3941 inferno,
3401 3879 3453 3928 et

1826 3989 1828 3992 μ
1873 3954 2010 4007 unde
2039 3957 2356 4025 cognosces?
2390 3956 2621 4027 Longior
2649 3967 2787 4012 terra
2817 3974 3062 4013 mensura
3084 3961 3198 4030 ejus
3224 3971 3270 4015 et
3294 3961 3454 4017 latior

1875 4046 2030 4100 mari.
2060 4046 2120 4101 Si
2151 4047 2454 4104 subrerterit
2479 4049 2679 4113 omnia,
2703 4049 2779 4103 vel
2806 4051 2861 4104 in
2901 4067 3061 4104 unum
3090 4054 3451 4117 coarctarerit,

1875 4137 1989 4206 quis
2029 4139 2229 4191 resistet
2268 4138 2355 4190 ei?
2396 4149 2486 4192 aut
2516 4139 2634 4208 quis
2663 4139 2834 4193 dicere
2862 4141 2910 4193 ei
2938 4151 3139 4210 potest:
3167 4141 3344 4206 Quare
3381 4143 3455 4196 ita
3545 4173 3548 4176 ~

1829 4265 1834 4270 -
1878 4228 2049 4297 facis?
2107 4227 2240 4298 (Job
2292 4243 2388 4292 xt,

2464 4228 2686 4298 8-40.)
2742 4228 2902 4285 Certe
2953 4230 3066 4299 ipse
3110 4231 3456 4300 omnipotens

1878 4315 2138 4372 Conditor
2159 4334 2280 4372 cum
2309 4326 2531 4387 propter
2580 4318 2800 4372 nimiam
2844 4319 3104 4373 malitiam
3129 4330 3184 4374 et
3212 4321 3458 4389 impieta—
3517 4345 3522 4350 α

1883 4417 1990 4464 tem
2036 4409 2314 4463 hominum
2355 4416 2577 4478 pararet
2618 4408 2798 4464 delere
2838 4410 3096 4473 mundum
3132 4409 3352 4471 diluvio,
3377 4419 3458 4462 at-

1887 4506 2118 4553 testante
2144 4498 2446 4567 Scriptura,
2479 4499 2558 4554 sic
2587 4499 2664 4553 ait
2698 4517 2712 4553 :
2744 4499 2955 4563 Delebo,
2979 4499 3166 4568 inquit,
3200 4498 3458 4552 [continent

1883 4606 2032 4660 quem
2061 4590 2228 4643 creavi
2259 4609 2290 4642 a
2327 4590 2461 4658 [acie
2485 4601 2654 4652 terrae,
2703 4590 2766 4644 ab
2806 4591 3014 4643 nomine
3045 4605 3205 4658 usque
3240 4589 3310 4641 ad
3338 4589 3458 4647 ani-

1839 4706 1844 4710 -
1885 4681 2106 4744 mantia,
2137 4698 2170 4734 a
2204 4680 2374 4750 reptili
2397 4698 2558 4748 usque
2585 4681 2654 4734 ad
2684 4680 2915 4734 volucres
2951 4679 3064 4734 coeli
3091 4679 3245 4749 (Gen.
3278 4695 3352 4743 vt,
3381 4678 3454 4751 7).
3521 4705 3528 4738 ;

1838 4802 1844 4810 -
1887 4771 1950 4823 Et
1979 4770 2173 4824 iterum
2209 4789 2223 4824 :
2250 4770 2459 4841 Repleta
2483 4781 2555 4825 est
2581 4781 2720 4824 terra
2755 4770 3025 4841 iniquitate
3045 4788 3076 4822 a
3099 4769 3234 4838 [acie
3257 4786 3461 4834 eorum,

1886 4871 1934 4915 et
1962 4877 2054 4930 ego
2079 4861 2378 4930 disperdam
2423 4878 2510 4916 eos
2556 4877 2672 4915 cum
2717 4870 2857 4913 terra
2908 4857 3098 4929 (Ibid.,
3158 4857 3267 4929 15).
3311 4856 3465 4914 Sicut
3522 4913 3527 4920 ,

1845 4980 1850 4984 θ
1887 4968 2018 5024 ergo
2043 4952 2133 5006 illo
2160 4968 2355 5020 magno
2383 4961 2438 5007 et
2461 4951 2730 5008 horrendo
2759 4950 2960 5004 diluvio
2997 4965 3188 5019 magna
3215 4964 3279 5004 ex
3309 4956 3466 5018 parte

1844 5070 1849 5076 ~
1889 5053 2082 5109 natura
2105 5042 2296 5109 mundi
2328 5042 2501 5097 deleta
2537 5051 2639 5104 est,
2662 5049 2717 5095 et
2757 5041 2812 5095 in
2843 5040 3081 5094 deterius
3105 5048 3463 5100 commutata.

1890 5135 2029 5188 sicut
2055 5134 2258 5189 dictum
2283 5133 2458 5188 fuerat
2481 5150 2494 5186 ε
2521 5130 2588 5184 Et
2609 5148 2703 5201 ego
2722 5131 3020 5201 disperdam
3038 5148 3124 5184 eos
3147 5147 3265 5184 cum
3283 5141 3422 5184 terra
3444 5145 3463 5183 :
3527 5155 3535 5170 =

1891 5235 1945 5278 et
1985 5225 2168 5279 omnis
2211 5240 2349 5294 pene
2398 5232 2592 5278 natura
2638 5221 2970 5287 animalium,
3015 5238 3156 5293 qua!
3183 5223 3236 5276 in
3268 5221 3467 5276 mundo
3527 5251 3534 5278 .-

1892 5325 2067 5380 erant,
2110 5316 2163 5371 id
2191 5325 2275 5371 est
2305 5321 2420 5370 tam
2457 5314 2758 5370 hominum
2786 5329 2949 5382 quam
2983 5327 3261 5384 pecorum,
3311 5310 3470 5380 aquis
3531 5347 3541 5364 .

1889 5407 2063 5462 deleta
2091 5415 2175 5461 est
2215 5424 2229 5460 :
2269 5406 2432 5460 etiam
2474 5405 2670 5459 animae
2713 5405 3022 5474 impiorum,
3058 5402 3149 5470 qui
3199 5410 3309 5455 tam
3339 5400 3470 5454 hor-
3527 5429 3552 5456 τλ

195 5498 518 5564 infeliciter,
550 5499 691 5554 scire
718 5499 1005 5566 fallaciter,
1036 5499 1173 5556 velle
1197 5501 1500 5570 perniciose
1523 5510 1579 5554 et
1605 5499 1793 5569 nequi—
1845 5518 1851 5526 ·
1892 5499 2058 5554 renda
2087 5497 2350 5567 supplicio
2397 5496 2620 5552 interire
2651 5503 2996 5558 meruerunt,
3033 5500 3322 5548 reservata:
3344 5498 3474 5544 sunt

194 5598 327 5666 ter:
359 5584 505 5644 sicut
527 5591 695 5645 etiam
727 5590 968 5663 angelica
997 5601 1213 5656 natura,
1235 5630 1238 5631 ν
1259 5592 1314 5647 in
1358 5592 1572 5649 diabolo
1612 5600 1795 5646 et-an-
1825 5612 1828 5616 '

1893 5600 1947 5644 et
1972 5589 2304 5644 transierunt
2325 5587 2393 5642 ad
2414 5586 2610 5657 majus,
2635 5587 2688 5641 id
2711 5596 2797 5643 est
2821 5585 3086 5640 infernale
3118 5580 3470 5652 supplicium;

192 5679 337 5752 gelis
365 5679 485 5753 ejus
520 5679 772 5737 damnata
793 5724 807 5747 ,
852 5683 1038 5752 utique
1080 5682 1242 5769 habet
1286 5683 1401 5739 haec
1447 5682 1550 5739 tria
1582 5682 1638 5738 in
1667 5681 1796 5738 sub-
1895 5682 2115 5738 salvatis
2143 5681 2228 5736 his
2255 5680 2384 5738 solis
2412 5681 2504 5752 qui
2529 5689 2638 5737 tam
2669 5681 2864 5750 exiguo
2886 5693 3113 5734 numero
3148 5678 3202 5732 iu
3229 5688 3353 5730 arca
3379 5670 3473 5724 Dei
