4050 6302
625 345 719 399 131

1669 332 1678 342 ’
1718 329 1919 390 ηοω
1959 328 2191 403 DIACOI‘

2292 327 2752 394 .UGBUNENSIS
2927 326 2932 330 ”
3764 340 3842 397 l3!

619 455 994 514 misericordia
1033 450 1244 509 liberati
1272 459 1400 506 sunt
1434 467 1446 507 :
1481 462 1659 505 nonne
1688 449 1756 522 (si
1790 450 1865 505 ita
1894 450 2076 522 vellet)
2105 449 2197 505 de-
2222 452 2274 533 ᾼ
2295 464 2365 506 eo
2388 449 2562 519 quod,
2591 445 2886 505 secundum
2923 445 3086 501 istum
3113 444 3284 504 libera
3312 446 3570 504 volunras
3589 447 3726 520 ei...
3756 453 3848 524 ᾗ

623 547 737 603 lere
755 559 970 601 omnem
998 551 1243 598 naturam
1273 539 1480 603 mundi,
1509 547 1567 591 et
1587 537 1920 592 mundalium
1947 539 2061 593 sive
2084 552 2197 593 cte-

625 637 836 694 lestium
883 648 1066 690 rerum
1095 630 1347 687 facillime
1394 629 1495 684 hoc
1538 637 1724 697 posset
1749 629 2068 684 admiranda
2102 645 2198 699 po-

627 724 794 780 tentia
838 723 1147 787 Creatoris,
1198 722 1339 775 sicut
1377 717 1662 773 manifeste
1703 720 1758 773 in
1797 719 1951 775 libris
1979 719 2197 776 Macha-

626 817 888 870 hreorum.
911 813 1138 880 Quidam
1173 811 1346 866 sancti
1379 811 1478 864 viri
1508 820 1697 866 contra
1712 811 2052 866 adversarios
2071 827 2198 868 suos

625 903 932 958 dimicaturi
958 901 1157 956 dixisse
1193 899 1485 970 leguntur:
1521 899 1636 953 Nos
1672 909 1846 954 autem
1871 901 1928 955 in
1957 903 2198 971 omnipo-

625 996 752 1048 tenti
793 992 903 1048 Deo
928 994 1018 1062 qui
1059 1000 1226 1062 potest
1253 1000 1301 1046 et
1351 992 1482 1046 istos
1515 992 1808 1046 contrarios
1842 993 2118 1056 venientes,
2148 1002 2198 1046 et

625 1083 922 1136 universum
963 1081 1218 1134 mandunt
1249 1095 1354 1133 uno
1385 1089 1514 1134 nutu
1540 1080 1733 1144 delere,
1773 1081 2084 1150 conﬁdimus
2112 1080 2197 1151 (11

626 1171 804 1227 Maeli.
839 1186 960 1235 vtu,
988 1171 1099 1242 18).
1131 1170 1540 1241 Requireudum
1586 1181 1768 1233 autem
1806 1173 1876 1228 ab
1902 1173 2006 1227 isto
2038 1181 2120 1227 est
2147 1172 2198 1226 in

625 1260 716 1314 illa
740 1259 923 1314 ultima
942 1260 1132 1315 mundi
1161 1259 1608 1330 conﬂagratione,
1637 1261 1705 1315 de
1741 1276 1846 1329 qua
1877 1263 2066 1317 beatus
2106 1260 2202 1317 Pe-

623 1361 742 1407 trus
794 1351 1068 1420 apostolus
1112 1351 1244 1406 dicit
1289 1369 1303 1405 :
1346 1351 1414 1406 In
1455 1369 1559 1422 qua
1601 1351 1716 1406 ειειὲ
1775 1369 1964 1423 magno
2006 1353 2200 1423 impetu

622 1441 913 1495 transient:
930 1439 1184 1494 elementa
1200 1455 1319 1494 vero
1347 1440 1523 1494 calore
1545 1441 1809 1496 solventur
1829 1442 1915 1512 (II
1944 1441 2086 1496 Petr.
2115 1458 2199 1507 Ill,

624 1529 738 1593 {0),
769 1530 897 1599 quid
935 1531 1173 1585 sentient
1214 1537 1342 1584 tunc
1383 1528 1622 1584 futurum
1655 1530 1721 1586 de
1745 1539 1977 1600 quatuor
2015 1532 2200 1585 mundi

622 1620 1014 1676 elementorum
1045 1621 1272 1675 natura?
1318 1620 1376 1675 Si
1425 1622 1570 1676 enim
1617 1622 1698 1676 sic
1725 1623 2120 1691 permanebunt
2141 1630 2202 1676 ut

623 1725 767 1764 nunc
791 1719 948 1774 sunt,
979 1712 1248 1780 quomodo
1271 1719 1356 1765 est
1385 1725 1514 1765 vera
1543 1711 1835 1780 apostolica
1862 1713 1963 1766 ista
1987 1721 2200 1768 senten-

2295 539 2368 594 sil
2408 547 2602 594 natura
2643 536 2780 606 ejus.
2827 534 2937 590 Nos
2977 543 3193 602 autem,
3235 536 3390 607 iuxta
3436 538 3566 593 lldei
3607 542 3846 598 catlmbcn

2295 627 2583 681 veritatem
2615 626 2845 681 dicimus
2872 625 3016 694 quod
3058 632 3250 679 natura
3284 625 3428 681 illius
3459 627 3619 697 primi
3649 629 3843 687 hominis

2297 733 2327 772 a
2363 717 2506 776 bono
2545 716 2807 774 Creatore
2849 729 2916 770 es
2963 723 3079 770 toto
3114 716 3281 781 bona,
3320 724 3375 771 et
3421 715 3568 771 bona
3612 718 3844 774 voluntate

2295 807 2536 877 praedita.
2571 807 2786 862 condita
2811 806 2903 860 sit.
2954 804 3068 860 Hoc
3087 813 3183 859 est
3209 805 3352 859 enim
3378 808 3510 876 quia
3534 809 3717 862 creavit
3737 808 3844 863 Deus

2296 896 2557 950 hominem
2577 905 2774 949 rectunt
2795 893 2998 965 (Eccle.
3018 908 3118 958 vn,
3132 891 3247 964 50),
3275 893 3417 951 sicut
3439 894 3715 964 Scriptura
3726 896 3842 962 dicit,

2298 986 2374 1041 ita
2402 996 2580 1041 tamen
2610 995 2672 1040 ut
2699 1001 2806 1041 non
2850 994 3060 1040 tantum
3103 985 3339 1041 naturali
3379 987 3528 1041 bono
3556 997 3698 1041 esset
3727 989 3773 1042 in
3797 1004 3846 1043 eo

2297 1078 2546 1132 voluntas
2567 1078 2706 1132 bona
2734 1085 2790 1131 et
2818 1076 3009 1141 libera,
3046 1077 3142 1132 sed
3171 1084 3231 1130 ut
3257 1091 3381 1131 vere
3411 1079 3469 1130 in
3493 1091 3560 1131 eo
3589 1079 3726 1146 quod
3744 1092 3844 1132 eon-

2299 1172 2444 1226 ditus
2475 1169 2650 1225 fuerat
2669 1179 2815 1224 stare
2839 1177 3042 1240 posset,
3069 1169 3263 1224 divina:
3289 1169 3481 1238 gratiae
3519 1168 3786 1239 indigeret,
3807 1180 3849 1223 et

2299 1262 2663 1331 adiuvaretur.
2698 1261 2852 1316 Unde
2881 1260 2970 1315 illa
3015 1274 3120 1315 vox
3149 1274 3217 1314 ex
3261 1274 3500 1329 persona
3531 1257 3645 1328 eius
3687 1257 3849 1313 intelli-

2300 1357 2448 1423 gitur
2465 1355 2520 1411 in
2544 1354 2751 1424 psalmo
2770 1352 3000 1408 dicentis
3022 1366 3038 1405 :
3064 1349 3177 1421 Ego
3197 1360 3370 1404 autem
3392 1351 3511 1404 dixi
3533 1351 3587 1403 in
3610 1350 3844 1404 abundas-

2301 1445 2374 1498 tia
2395 1459 2510 1497 mea
2536 1456 2554 1494 :
2584 1442 2707 1496 Non
2747 1441 2987 1495 movebar
3007 1441 3062 1494 in
3095 1450 3346 1494 reternum
3367 1437 3547 1511 (Psal.
3567 1440 3771 1503 xstx,‘l,
3787 1439 3845 1507 8).

2303 1533 2403 1589 Ubi
2431 1534 2619 1588 statim
2649 1533 2717 1587 de
2745 1547 2872 1586 casu
2902 1545 3004 1586 suo
3028 1529 3327 1600 subiungit,
3352 1539 3409 1585 et
3442 1529 3635 1585 dolens
3662 1530 3777 1584 dicit
3797 1529 3847 1583 ad

2302 1621 2470 1676 Deum
2496 1620 2780 1675 :~Acertisti
2805 1619 2994 1688 faciem
3016 1626 3162 1671 tuam
3183 1634 3214 1671 a
3238 1634 3336 1682 me,
3361 1627 3411 1671 et
3433 1618 3612 1688 [actus
3631 1633 3735 1672 sunt
3755 1634 3849 1671 cos-

2302 1713 2564 1767 turbatus.
2613 1711 2768 1779 Quod
2803 1711 2949 1766 enim
2986 1711 3043 1764 in
3074 1709 3400 1764 abundantia
3450 1721 3595 1774 crat,
3633 1719 3687 1765 et
3726 1712 3848 1765 bone

624 1801 731 1854 tia?
754 1800 837 1856 sin
867 1810 1050 1854 autem
1095 1802 1328 1854 maxima
1353 1815 1418 1855 ex
1458 1810 1612 1870 parte
1640 1801 2087 1867 immutabuntur,
2111 1802 2196 1857 vel
2226 1791 2275 1850 Β
2300 1801 2610 1866 voluntatis,
2634 1810 2690 1857 et
2713 1801 2885 1856 beata:
2911 1799 3178 1856 libertatis
3205 1808 3332 1858 ante
3351 1811 3663 1872 peccatum,
3687 1817 3746 1858 ex
3767 1802 3850 1856 Deo

624 1890 895 1958 peribunt,
921 1892 1192 1959 quomodo
1215 1900 1300 1945 est
1321 1905 1444 1944 vera
1475 1892 1578 1946 ista
1603 1892 1865 1954 definitio,
1890 1894 2032 1962 quod
2055 1893 2198 1948 nulla

624 1979 798 2048 possit
823 1980 1001 2048 perire
1037 1981 1268 2034 natura?
1297 1980 1457 2035 Certe
1503 1990 1739 2054 quatuor
1764 1984 2198 2040 vicissitudinum

625 2076 874 2136 tempora
914 2069 1110 2138 quibus
1140 2084 1316 2124 annus
1343 2069 1562 2124 ducitur
1609 2087 1674 2126 ac
1706 2073 2004 2139 reducitur,
2039 2074 2201 2129 idest

621 2157 790 2221 veris,
821 2167 875 2212 et
912 2158 1139 2223 aestatis,
1168 2160 1436 2223 autumni,
1486 2171 1541 2214 et
1584 2161 1797 2227 hiemis,
1829 2163 2031 2218 habent
2076 2180 2201 2235 pro-

621 2247 756 2316 priae
783 2256 839 2302 et
879 2249 1152 2304 distinctae
1177 2249 1491 2318 qualitatem
1540 2259 1747 2305 natura:
1770 2267 1881 2307 sure
1910 2269 1924 2306 :
1954 2255 2048 2309 sed
2073 2269 2198 2309 cum

623 2337 788 2392 fuerit
832 2339 1031 2394 ctelum
1083 2355 1303 2405 novum,
1332 2348 1388 2395 et
1436 2351 1582 2395 terra
1625 2357 1780 2405 nova,
1827 2353 1884 2398 et
1907 2347 2200 2401 cessaverit

621 2443 817 2482 cursus
840 2428 940 2484 iste
966 2429 1096 2483 solis
1115 2439 1172 2483 et
1193 2429 1332 2483 lunae
1358 2445 1422 2484 ac
1444 2431 1706 2495 siderum,
1727 2447 1835 2500 quo
1861 2449 2002 2488 nunc
2021 2433 2088 2488 ad
2114 2450 2200 2489 re-

619 2517 908 2574 fectionem
935 2529 991 2574 et
1015 2520 1253 2588 quietem
1288 2520 1596 2575 mortalium
1629 2522 1746 2578 dies
1773 2531 2065 2592 noctesque
2093 2524 2197 2580 sibi

616 2606 980 2661 continuatim
1009 2609 1326 2673 succedunt,
1351 2617 1406 2662 et
1433 2609 1635 2664 idcirco
1654 2611 1816 2665 etiam
1845 2610 1945 2666 illa:
1966 2620 2200 2682 quatuor

614 2695 1017 2752 vicissitudines
1044 2705 1371 2768 temporum,
1412 2713 1534 2768 qua:
1575 2699 1706 2754 solis
1737 2716 1899 2755 cursu
1927 2716 2197 2773 peragun-

615 2793 727 2851 tur,
755 2787 896 2842 sicut
941 2803 1084 2843 nunc
1137 2798 1266 2843 sunt
1301 2803 1426 2844 esse
1467 2805 1574 2846 non
1619 2800 1895 2861 poterunt,
1923 2792 2196 2863 quomodo

613 2891 723 2931 non
748 2877 946 2945 peribit
973 2894 1162 2933 eorum
1196 2880 1431 2936 natura?

687 2965 794 3021 Sed
835 2977 891 3022 et
936 2967 1040 3023 hoc
1069 2969 1486 3042 interrogandus
1524 2983 1629 3038 est,
1661 2973 1790 3042 quid
1830 2977 2021 3030 credat
2065 2983 2194 3032 tunc

613 3057 854 3112 futurum
893 3057 1172 3114 innovato-
1199 3061 1342 3116 ctelo
1393 3069 1448 3116 et
1481 3071 1625 3118 terra
1673 3079 1772 3134 per
1811 3065 2012 3136 ignem,
2046 3075 2103 3121 et
2134 3066 2189 3122 in

612 3147 777 3200 aliam
804 3147 1144 3216 qualitatem,
1175 3165 1296 3220 qua;
1323 3150 1720 3207 immortalibus
1739 3165 2049 3209 sanctorum
2072 3170 2192 3210 cor-

610 3236 837 3306 poribus
875 3248 1175 3309 congruat,
1208 3241 1529 3297 mirabilitcr
1567 3245 1868 3302 translatis.
1909 3246 2074 3314 Quid,
2112 3247 2195 3302 in-

611 3345 796 3398 quam,
839 3339 967 3385 ttmc
995 3329 1236 3386 futurum
1266 3334 1455 3388 credat
1491 3335 1560 3389 de
1598 3336 1846 3393 universa
1878 3347 2070 3392 natura
2100 3354 2196 3392 vo-

611 3419 844 3481 lucrum.
901 3422 1332 3492 quadrupedum,
1385 3425 1692 3496 reptilium,
1746 3428 2086 3484 natatilium?
2133 3428 2192 3485 Si

611 3511 758 3564 enim
810 3512 895 3566 illa
925 3521 1032 3567 tam
1078 3514 1338 3570 innneusa
1377 3515 1796 3588 conflagratione
1823 3518 2036 3588 penitus
2063 3534 2194 3574 con-

611 3603 930 3658 summantia
974 3607 1242 3661 credenda
1277 3616 1425 3671 sunt,
1468 3609 1593 3678 quia
1639 3609 1770 3662 nihil
1809 3610 1922 3679 iam
1964 3610 2193 3665 mortale

611 3693 700 3748 ille
723 3697 953 3750 mundus
976 3697 1262 3752 innovatus
1292 3699 1537 3768 recipiet,
1567 3701 1838 3768 quomodo
1866 3716 2054 3757 verum
2086 3702 2193 3758 erit

607 3786 808 3841 nullam
835 3804 986 3858 posse
1031 3792 1203 3859 perire
1239 3793 1533 3846 naturam?
1577 3792 1807 3848 Maxime
1859 3809 1985 3848 cum
2017 3802 2074 3849 et
2122 3794 2192 3849 de

605 3875 724 3944 ipso
751 3885 914 3931 tantm
969 3876 1350 3934 immensitatis
1395 3880 1530 3935 mari
1582 3881 1636 3935 in
1685 3882 1773 3936 illa
1807 3891 1917 3936 tam
1956 3882 2192 3937 mirabili

607 3982 788 4020 rerum
835 3970 1256 4024 commutatione
1305 3971 1566 4040 scriptum
1594 3972 1666 4026 sit
1714 3989 1728 4026 :
1789 3973 1856 4026 Et
1888 3989 2033 4027 mare
2072 3973 2188 4042 jam

605 4065 852 4119 nou-est;
885 4057 930 4110 si
957 4071 1089 4126 ergo
1113 4057 1339 4113 dixisset
1369 4059 1471 4114 iste
1493 4059 1782 4114 humanam
1813 4069 2061 4114 naturam
2085 4075 2190 4114 non

603 4157 764 4211 posse
814 4143 1014 4212 perire,
1057 4154 1332 4215 utcunque
1378 4149 1677 4203 audiendus
1701 4158 1865 4212 esset,
1920 4165 2026 4204 non
2057 4149 2183 4218 quia

607 4232 748 4286 Deus
780 4247 884 4286 non
917 4234 1092 4302 possit
1130 4249 1254 4289 eam
1307 4236 1626 4300 dissolvere,
1662 4239 1707 4291 si
1747 4237 1876 4292 velit
1906 4257 1919 4290 :
1945 4239 2038 4292 sed
2065 4237 2190 4307 quia

603 4324 895 4392 promissio
931 4324 1145 4379 Domini
1176 4327 1350 4381 nostri
1377 4327 1528 4382 irrita
1556 4343 1675 4382 esse
1703 4345 1809 4383 non
1832 4337 2028 4398 potest,
2059 4329 2188 4398 quia

603 4417 718 4485 ipse
741 4415 994 4486 promisit
1026 4416 1212 4470 dicens
1243 4433 1256 4470 :
1306 4415 1474 4470 Vestri
1503 4428 1678 4472 autent
1716 4428 1764 4472 et
1794 4418 1973 4487 capilli
1997 4419 2185 4489 capitis

2302 1893 2374 1947 illi
2399 1900 2546 1958 erat;
2569 1893 2653 1947 cui
2676 1899 2730 1946 et
2744 1891 2876 1945 dicit
2902 1905 2917 1944 :
2937 1889 3175 1955 Domine,
3202 1891 3258 1944 in
3280 1891 3549 1946 voluntate
3569 1903 3659 1945 tua
3681 1890 3848 1962 prasti-

2299 1984 2409 2037 tisti
2431 1983 2606 2036 decori
2630 1998 2741 2036 meo
2773 1982 3030 2036 virtutem.
3059 1979 3213 2047 Quod
3239 1989 3447 2047 autem,
3477 1991 3744 2037 avertente
3766 1981 3849 2035 Deo

2301 2073 2491 2128 faciem
2519 2088 2670 2128 suam
2695 2072 2897 2136 abillo,
2927 2089 3029 2128 nec
3052 2087 3177 2129 eum
3213 2073 3362 2128 vultu
3386 2090 3490 2130 suo
3513 2073 3846 2134 illuminanda,

2299 2162 2470 2230 [actus
2492 2172 2568 2215 est
2590 2161 2952 2226 conturbatus,
2977 2161 3227 2216 meritum
3248 2177 3314 2216 ac
3341 2177 3505 2233 paena
3538 2161 3735 2234 peccati
3755 2159 3848 2214 fuit.

2297 2251 2404 2307 Iste
2433 2263 2612 2307 autem
2641 2253 2754 2323 qui,
2778 2254 2981 2322 absque
3006 2252 3100 2308 illo
3120 2252 3318 2308 divina:
3343 2253 3534 2324 gratia:
3559 2253 3846 2321 adiumento,

2299 2340 2588 2395 iutantum
2613 2341 2668 2394 in
2696 2355 2762 2396 eo
2795 2341 2969 2396 solum
3012 2349 3223 2396 natura:
3259 2342 3460 2396 bonum
3492 2342 3765 2412 praedicat,
3799 2347 3845 2392 ut

2298 2428 2520 2484 liberam
2570 2429 2902 2486 voluntatem
2943 2469 2960 2496 ,
3000 2445 3103 2486 nec
3138 2431 3415 2500 peccando
3454 2431 3606 2486 illum
3643 2429 3848 2484 amisisse

2295 2522 2619 2586 contendat,
2659 2522 2731 2576 ita
2761 2530 2824 2576 ut
2860 2523 3028 2576 etiam
3073 2522 3243 2592 ipsam
3288 2522 3519 2577 liberam
3557 2523 3846 2578 voluntatem

2296 2621 2544 2665 naturam
2574 2611 2693 2683 ejus
2719 2625 2841 2666 esse
2869 2613 3036 2677 dicat,
3077 2611 3361 2668 manifeste
3381 2612 3672 2683 Pelagiana
3696 2623 3844 2666 errore

2297 2701 2634 2769 involvitur;
2680 2717 2932 2758 asserens
2957 2701 3228 2756 hominem
3271 2701 3385 2756 sola
3418 2713 3637 2766 natura,
3675 2710 3727 2756 et
3749 2709 3846 2753 ante

2293 2800 2575 2862 peccatum
2606 2793 2834 2849 liberam
2859 2791 3192 2846 voluntatem
3219 2791 3495 2858 habuisse,
3523 2802 3579 2847 et
3605 2798 3720 2862 post
3741 2803 3843 2858 pec-

2293 2889 2473 2935 catum
2501 2881 2749 2935 eamdem
2796 2879 3020 2935 liberam
3055 2877 3390 2934 voluntatem
3429 2895 3557 2934 eum
3599 2893 3700 2932 non
3730 2874 3839 2930 ami-

2294 2971 2519 3033 sisse,et
2535 2971 2706 3040 ipsam
2730 2970 2953 3026 liberam
2977 2969 3303 3026 voluntatem
3329 2980 3585 3026 naturam
3599 2968 3840 3036 eiusesss:

2295 3077 2414 3116 cum
2432 3062 2675 3133 profecto
2698 3077 2802 3116 non
2819 3060 2979 3116 fuerit
2996 3061 3185 3126 libera,
3214 3061 3318 3118 nisi
3342 3061 3581 3131 quandiu
3609 3060 3759 3115 Deum
3776 3057 3842 3126 pie

2293 3152 2509 3207 subdita
2558 3153 2855 3222 permansit
2881 3153 3052 3218 bona;
3085 3151 3174 3208 ubi
3204 3161 3406 3218 autem,
3427 3151 3602 3208 Deum
3637 3157 3841 3207 contem-

2296 3242 2494 3306 nendo,
2541 3252 2596 3314 et
2642 3244 2960 3298 mandatum
2997 3241 3116 3311 eius
3153 3241 3386 3310 superbe
3414 3237 3839 3312 transgrediendo,

2293 3330 2556 3400 peccavit,
2581 3331 2765 3386 statim
2795 3329 2936 3387 facta
2959 3331 3029 3386 sit
3051 3331 3151 3386 sub
3169 3330 3295 3401 iugo
3314 3331 3549 3400 peccati.
3569 3325 3842 3398 Quia,sicut

2295 3421 2410 3489 ipse
2440 3420 2700 3476 Dominus
2725 3422 2856 3476 dicit
2882 3439 2897 3477 :
2943 3421 3130 3476 Omnis
3158 3422 3249 3493 qui
3275 3421 3404 3490 facit
3431 3430 3721 3491 peccatum,
3750 3429 3837 3470 ser-

2292 3529 2385 3566 uus
2425 3521 2500 3567 est
2537 3514 2731 3584 peccati
2773 3513 2956 3583 (lacn.
2983 3529 3110 3580 vui,
3133 3513 3221 3576 54,
3249 3513 3360 3584 56).
3398 3513 3469 3567 Et
3500 3514 3572 3569 ita
3599 3526 3709 3581 qua:
3741 3513 3840 3562 ante

2291 3611 2409 3657 erat
2451 3603 2616 3658 libera
2645 3604 2710 3658 ad
2742 3605 2972 3669 bonum,
3005 3614 3127 3674 post
3170 3605 3318 3660 illam
3363 3605 3719 3661 miserabilem
3751 3597 3838 3653 rui-

2292 3706 2440 3755 nam,
2471 3706 2567 3760 per
2585 3693 2817 3762 seipsam
2841 3709 2945 3746 non
2968 3695 3140 3763 potuit
3163 3707 3282 3749 esse
3309 3693 3505 3760 libera,
3538 3692 3638 3749 nisi
3664 3691 3726 3744 ad
3749 3699 3836 3741 ma-

2293 3780 2424 3835 lum.
2466 3781 2542 3837 De
2569 3798 2678 3852 quo
2718 3783 3141 3854 profundissimo
3176 3785 3545 3840 damnationis
3579 3783 3711 3838 mala
3745 3776 3838 3833 nul-

2292 3873 2505 3928 latenus
2531 3875 2674 3929 valet
2701 3890 2984 3946 assurgere
3007 3877 3075 3930 ad
3113 3875 3413 3932 libertatem
3448 3876 3607 3932 bona:
3631 3873 3837 3928 volunta-

2293 3961 2384 4024 tis,
2410 3963 2514 4017 nisi
2543 3963 2634 4018 illo
2661 3963 2926 4020 liberante
2948 3965 3039 4034 qui
3059 3965 3136 4020 ait
3156 3983 3170 4019 :
3190 3964 3249 4020 Si
3273 3982 3362 4020 vos
3387 3967 3534 4035 filius
3562 3957 3834 4019 liberaverit.

2291 4062 2416 4106 tunc
2451 4070 2570 4107 vere
2602 4055 2751 4108 liberi
2778 4057 2945 4110 eritis.
3836 4118 3838 4120 ,

2363 4144 2467 4200 Iste
2491 4153 2694 4211 autem,
2726 4147 2814 4216 qui
2844 4156 3130 4217 prapterca
3157 4161 3280 4202 eum
3309 4156 3464 4219 putat
3490 4163 3600 4203 non
3623 4140 3833 4200 amisisse

2289 4235 2566 4305 peccando
2611 4235 2834 4291 liberam
2865 4236 3227 4303 voluntatem,
3256 4239 3382 4306 quia
3422 4253 3548 4292 cum
3594 4237 3700 4304 ipsa
3724 4231 3834 4284 bona

2287 4333 2339 4378 et
2388 4323 2557 4378 libera
2585 4324 2863 4380 voluntate
2897 4335 2980 4380 est
3006 4327 3286 4389 conditus:
3317 4334 3372 4381 et
3412 4327 3535 4380 ideo
3559 4317 3835 4380 naturaliter

2291 4413 2340 4468 ci
2384 4413 2562 4468 inerat
2604 4413 2720 4483 ipse
2741 4415 2898 4469 bona:
2926 4414 3222 4470 voluntatis
3249 4414 3496 4482 affectus,
3524 4415 3659 4470 scire
3682 4407 3830 4466 debet.

598 4477 778 4560 amnes
812 4507 1074 4560 numerati
1113 4516 1236 4561 sunt
1280 4505 1499 4578 (Matth.
1546 4524 1601 4572 χ,
1634 4507 1750 4577 50).
1783 4477 1990 4563 Et'alio
2019 4477 2139 4564 loco
2163 4527 2180 4564 :
2208 4477 2262 4538 D
2287 4503 2432 4572 quOd
2477 4503 2600 4559 ideo
2623 4477 2882 4559 ἐοηιιίᾶίι
2911 4505 3252 4576 munipoteus
3283 4506 3424 4561 Deus
3459 4477 3669 4561 omnem
3699 4493 3832 4554 ηιῑο·

600 4595 680 4650 Et
725 4596 950 4667 capillus
1015 4597 1082 4652 de
1139 4598 1308 4667 capite
1375 4605 1546 4651 vestro
1621 4614 1724 4652 non
1781 4597 1966 4668 peribit
2027 4597 2179 4669 (Luc.

598 4703 717 4752 XXI,
767 4689 888 4759 l8).
946 4688 1085 4744 Cum
1125 4697 1306 4743 autem
1353 4687 1683 4760 generaliter
1735 4689 1913 4756 dicat,
1982 4688 2182 4743 nullam

599 4788 854 4836 naturam
910 4797 1070 4851 posse
1141 4781 1353 4851 perire,
1423 4780 1672 4835 attendat
1719 4781 1848 4850 quid
1903 4781 2069 4835 etiam
2127 4780 2181 4834 iu

599 4875 798 4923 natura
845 4871 1112 4935 rationali,
1155 4871 1210 4925 id
1237 4877 1323 4925 est
1353 4868 1574 4933 diaboli,
1623 4877 1679 4924 et
1707 4867 2022 4939 angelorum
2064 4865 2183 4935 eius

597 4967 780 5014 actum
833 4959 905 5014 sit
963 4960 1148 5014 divino
1215 4968 1274 5015 et
1328 4958 1560 5014 terribili
1611 4957 1866 5027 iudicio,
1917 4957 2010 5028 qui
2068 4971 2178 5012 non

595 5049 773 5106 solum
829 5049 968 5106 velle
1012 5050 1236 5114 bonum,
1288 5051 1385 5106 sed
1432 5051 1598 5106 etiam
1637 5065 1796 5121 posse
1826 5049 1961 5113 velle
2004 5049 2179 5118 ipsum

596 5140 799 5193 bonum
839 5139 1212 5209 perdiderunt.
1255 5139 1546 5209 Postquam
1584 5149 1767 5195 autem
1803 5137 1941 5193 dixit
1975 5135 2179 5193 nullam

596 5236 847 5283 naturam
876 5228 1054 5297 perire
1082 5243 1258 5298 posse,
1291 5229 1474 5284 statim
1501 5230 1593 5298 qui
1623 5230 1738 5283 inec
1763 5226 1945 5282 omnia
1982 5226 2182 5280 dixerit

593 5317 888 5372 ostendens
927 5317 1204 5390 subiungit
1231 5333 1247 5373 :
1279 5318 1388 5374 Nec
1411 5319 1630 5373 liberam
1663 5317 1981 5372 voluntatem
2016 5316 2183 5370 homi-

591 5422 713 5462 stem
733 5407 1044 5474 perdidisse,
1067 5408 1124 5462 id
1148 5418 1224 5463 est
1255 5418 1501 5464 naturam
1521 5424 1697 5462 suam.
1737 5405 1998 5461 Videlicet
2023 5405 2178 5475 quasi

596 5497 682 5551 illa
707 5496 840 5553 falsa
858 5508 916 5555 et
932 5498 1107 5556 fallaci
1131 5501 1598 5573 argumentatione
1618 5511 1856 5569 sua,qua
1880 5496 1958 5552 ait
1977 5495 2177 5551 nullam

593 5597 841 5646 naturam
881 5605 1041 5662 posse
1087 5593 1299 5664 perire,
1335 5592 1438 5648 hoc
1478 5592 1648 5647 nobis-
1679 5589 1990 5661 probaverit
2029 5588 2174 5658 quod

593 5677 754 5736 homo
790 5683 1063 5754 peccando
1109 5684 1338 5738 liberam
1382 5682 1711 5738 voluntatem
1751 5697 1854 5738 non
1886 5680 2165 5747 amiserit;

2286 4593 2464 4649 nalem
2491 4603 2824 4660 creaturam,
2847 4603 2901 4651 et
2928 4596 3208 4651 hominum
3237 4597 3445 4653 scilicet
3466 4606 3522 4652 et
3535 4592 3828 4664 angelorum.

2284 4684 2425 4738 bona
2451 4691 2508 4738 et
2542 4694 2693 4738 recta
2731 4684 3008 4740 voluntate
3031 4686 3336 4755 praeditam,
3379 4695 3441 4741 ut
3481 4682 3708 4757 quandiu
3740 4687 3828 4731 ser-

2285 4780 2438 4827 varet
2459 4785 2617 4826 suum
2649 4771 2899 4827 ordinem
2929 4773 3016 4842 pie
3047 4775 3158 4829 Deo
3185 4774 3402 4829 subdita
3419 4815 3432 4838 ,
3462 4783 3519 4830 et
3543 4769 3708 4844 gratia
3733 4761 3829 4832 01⁸³⁵

2282 4863 2494 4932 adiuta,
2528 4873 2874 4932 permaneret
2901 4862 2956 4916 in
2984 4877 3048 4918 ea
3075 4862 3312 4935 dignitas
3339 4878 3435 4919 sua
3454 4903 3470 4928 ,
3500 4864 3552 4918 id
3575 4866 3659 4918 est
3679 4864 3728 4912 et
3753 4863 3829 4906 na-

2281 4961 2418 5008 tura;
2446 4952 2666 5019 bonum,
2691 4961 2748 5008 et
2781 4952 2949 5024 ipsius
2969 4954 3158 5023 gratia:
3185 4954 3406 5009 donum.
3449 4955 3507 5010 Si
3537 4955 3828 5009 autemcon-

2281 5049 2363 5096 tra
2391 5040 2710 5097 Creatorem
2738 5041 3120 5111 superbiendo,
3165 5049 3221 5096 et
3255 5042 3323 5097 de
3362 5056 3422 5097 se
3453 5042 3629 5114 potius
3656 5042 3826 5109 prum

2281 5134 2506 5200 mendo,
2533 5133 3068 5189 desereretur-dinem
3097 5132 3447 5204 subiectionis
3465 5142 3520 5188 et
3543 5118 3824 5188 obedienli2

2280 5241 2414 5290 suae,
2462 5225 2743 5288 continuo,
2790 5223 2962 5294 ipsius
3006 5222 3319 5278 Conditoris
3362 5222 3512 5292 iusto
3549 5213 3754 5292 iudicio,
3783 5210 3825 5259 ει

2282 5319 2426 5374 dono
2458 5317 2648 5389 gratia:
2675 5316 3002 5386 privaretur,
3034 5323 3091 5370 et
3137 5324 3333 5370 natura
3370 5316 3425 5370 in
3460 5310 3687 5370 deterius
3721 5311 3823 5356 οοη·

2281 5417 2604 5465 verteretur.
2635 5393 2790 5465 Unde
2816 5407 2870 5465 in
2895 5409 3104 5482 psalmo
3126 5409 3390 5481 scriptum
3412 5419 3496 5466 est
3520 5425 3534 5462 :
3560 5399 3822 5462 Romam

2278 5501 2333 5555 in
2355 5501 2550 5556 honore
2576 5511 2729 5566 esset,
2755 5518 2857 5556 non
2883 5501 3175 5568 intellexit;
3199 5510 3532 5571 comparatus
3558 5504 3630 5552 est
3645 5493 3822 5563 μαιε-

2279 5592 2345 5645 tis
2365 5590 2724 5650 insipientibus
2745 5600 2792 5645 et
2819 5584 3008 5644 similis
3035 5591 3208 5660 factus
3227 5600 3300 5646 est
3318 5589 3428 5644 illis
3451 5583 3619 5661 (Psal.
3634 5580 3820 5636 LXXXIV.

2280 5683 2348 5738 l5
2377 5724 2390 5738 .
2452 5681 2566 5753 2|).
2615 5682 2741 5737 Erat
2788 5695 3021 5751 namque
3075 5691 3200 5737 ante
3256 5688 3537 5751 peccatum
3571 5675 3623 5728 in
3661 5667 3822 5728 ιιοιρη
