4050 6302
203 322 321 385 135

1199 322 1399 381 LIBER
1439 320 1810 389 ADVERSUS
1845 322 2166 387 JOANNEM
2204 326 2510 399 SCOTUH.

3370 336 3473 393 lM

200 444 421 493 natum
443 436 599 495 bonae
626 453 655 492 a
688 436 797 492 Deo
827 436 1092 500 condite;
1136 445 1254 491 erat
1294 437 1347 489 in
1389 437 1583 490 honore
1610 438 1798 506 gratia:
1823 442 1874 500 Α
1900 439 1997 494 sed
2030 440 2098 496 de
2126 440 2218 497 illa
2254 443 2551 511 voluntate,
2576 456 2682 514 qua
2712 442 2793 509 vel
2814 454 3088 505 summum
3126 447 3473 508 bonumdili—

200 528 316 582 sibi
351 544 381 582 a
408 529 518 583 Deo
559 527 783 583 collatae.
828 526 933 581 Sed
961 528 1101 581 hunc
1130 526 1390 581 honorem
1417 527 1613 583 divinae
1635 526 1791 582 boni-

201 618 345 674 tatis
381 627 436 673 et
474 619 690 690 gratim,
732 618 873 673 unde
912 617 1137 673 haberet
1163 635 1262 671 non
1294 618 1584 683 intellexit,
1627 634 1748 673 cum
1774 658 1793 685 ,

198 709 432 765 deserto
456 710 713 765 Creatore
743 710 810 765 de
838 723 899 762 se
923 709 1291 778 praesumpsit,
1327 717 1411 772 et,
1450 710 1794 780 suggestione

200 799 515 868 serpentis,
567 800 678 854 Deo
718 798 912 853 similis
952 806 1206 867 tanquam
1251 798 1349 853 sub
1391 797 1535 852 nullo
1565 799 1793 853 Domino

203 904 338 943 esse
368 888 693 960 concupivit.
722 886 875 942 Unde
909 895 965 941 et
994 887 1109 956 ipse
1134 887 1328 941 merito
1350 902 1381 941 a
1409 887 1666 943 Creatore
1700 888 1793 943 de-

199 990 416 1045 sertus,
447 986 593 1035 totus
619 978 673 1033 in
703 978 939 1033 deterius
967 985 1327 1033 commutatus
1354 984 1475 1042 est,
1515 986 1574 1032 et
1609 976 1790 1032 anima

201 1069 467 1124 videlicet
508 1076 564 1122 et
600 1070 864 1137 corpore:
898 1066 1114 1132 anima,
1152 1066 1280 1137 quia
1305 1066 1504 1121 amissa
1539 1065 1790 1121 libertate

193 1158 454 1225 justitize,
482 1156 678 1212 amissa
702 1156 950 1212 libertate
977 1156 1130 1210 bona:
1155 1155 1465 1220 voluntatis,
1489 1164 1543 1209 et
1570 1163 1790 1225 peccato

200 1250 527 1304 dominante
552 1249 862 1318 depressus,
904 1262 968 1301 ea
992 1262 1111 1317 qua:
1132 1261 1345 1301 sursum
1373 1255 1514 1307 sunt,
1540 1259 1789 1316 quaerere

199 1340 480 1401 cessavit,
514 1346 569 1393 et
597 1337 777 1393 inﬁma
799 1378 814 1403 ,
848 1336 994 1392 velut
1020 1336 1199 1402 bruto,
1228 1346 1284 1392 et
1307 1337 1548 1405 pecudeo
1589 1351 1784 1402 sensu,

197 1433 505 1503 appetivit;
560 1445 803 1500 corpore;
845 1444 1007 1495 vero,
1056 1429 1182 1499 quia
1232 1430 1424 1484 mortis
1480 1429 1787 1484 conditione

199 1523 504 1576 damnatus
546 1528 606 1576 ut
641 1521 695 1574 in
724 1528 923 1574 terram
949 1528 1006 1573 et
1030 1512 1303 1589 pulverem
1324 1559 1339 1584 ,
1370 1520 1509 1575 unde
1538 1528 1786 1589 sumptus

194 1602 329 1678 est,
382 1626 533 1667 more
570 1609 937 1678 jumentorum
980 1609 1382 1675 dissolveretur,
1428 1609 1561 1679 justi
1595 1609 1784 1678 judieii

197 1703 535 1758 sententiam
562 1702 791 1770 excepit.
836 1700 976 1756 Ecce
1000 1702 1068 1756 ad
1091 1710 1350 1771 quantum
1388 1702 1585 1756 malum
1625 1703 1786 1756 devo-

1896 529 1995 599 git,
2022 544 2143 597 cum
2172 540 2321 586 recta
2341 540 2446 598 est,
2474 533 2527 588 id
2555 543 2641 589 est
2658 535 2848 603 Deum,
2869 535 2953 590 vel
2978 537 3221 593 intimum
3249 538 3473 608 bonum,

1892 634 2016 675 cum
2037 634 2202 691 prava
2229 632 2336 687 est,
2366 622 2420 677 id
2443 631 2528 679 est
2554 626 2833 691 mundum.
2871 625 2997 683 liae
3026 629 3170 685 enim
3200 631 3476 697 voluntas,

1893 723 2019 769 eum
2046 726 2152 766 una
2182 712 2255 766 sit
2283 720 2477 767 natura
2507 728 2629 769 cum
2651 730 2716 770 ea
2742 716 3016 781 voluntate
3036 733 3144 787 qua
3174 734 3327 773 mens
3347 718 3472 774 diti-

1892 798 1971 867 git
1994 800 2259 870 seipsam,
2292 801 2515 856 multum
2524 813 2727 877 men
2757 806 2926 863 distat
2944 806 3266 862 aﬂ'ectione:
3297 822 3473 877 quan-

1894 880 2009 941 tum
2034 885 2364 943 distat'inter
2386 889 2730 977 diggionem
2750 894 2867 960 sui,
2893 902 2948 950 et
2974 895 3316 951 dilectionem
3344 896 3466 959 Dei,

1892 976 2037 1031 inter
2083 976 2597 1045 dilectiontilisui,
2643 990 2700 1037 et
2737 983 3077 1040 dilectionem
3122 986 3328 1041 mundi.
3374 986 3471 1041 llla

1888 1066 2035 1120 enim
2078 1068 2357 1123 voluntate
2402 1069 2635 1139 seipsam
2681 1082 2871 1127 amat:
2916 1074 3019 1128 ista
3061 1075 3335 1131 voluntate
3381 1077 3470 1131 vel

1890 1146 2057 1210 Deum
2105 1157 2278 1227 diligit
2320 1172 2485 1227 super
2516 1174 2599 1223 se,
2630 1160 2714 1214 vel
2754 1163 3011 1217 mundum
3050 1164 3187 1218 infra
3222 1180 3301 1219 se.
3340 1165 3472 1232 Quae

1890 1255 2072 1302 tamen
2103 1248 2379 1313 voluntas,
2412 1258 2471 1303 ut
2500 1251 2761 1316 diximus,
2812 1263 3005 1308 natura
3048 1272 3153 1308 una
3200 1264 3320 1320 est,
3371 1256 3467 1310 sed

1889 1336 2171 1392 aﬂectione
2199 1336 2428 1392 eﬂicitur
2458 1339 2690 1394 diversa.
2732 1340 2798 1394 Et
2826 1342 3116 1412 singularis
3136 1352 3220 1398 est
3250 1344 3304 1397 in
3329 1344 3462 1398 dile-

1888 1429 2065 1483 ctione
2088 1429 2195 1493 sui,
2217 1437 2273 1483 et
2304 1429 2580 1499 multiplex
2607 1430 2659 1484 in
2688 1432 2971 1486 dilectione
2998 1448 3177 1486 rerum
3206 1433 3466 1488 bonarum

1886 1518 1973 1572 vel
2003 1518 2260 1572 malarum
2282 1518 2476 1587 quibus
2502 1519 2734 1573 trahitur
2754 1521 2866 1575 sive
2889 1522 3223 1575 distrahitur.
3258 1523 3324 1575 Et
3346 1522 3467 1577 ideo

1887 1624 2009 1661 cum
2034 1607 2121 1661 illa
2152 1607 2397 1661 voluntas
2421 1617 2645 1673 naturae,
2676 1609 2741 1663 de
2775 1624 2880 1678 qua
2911 1611 3098 1664 beatus
3134 1612 3469 1681 Augustinus

1889 1697 2149 1766 disputat,
2175 1695 2228 1750 id
2255 1706 2338 1750 est
2364 1713 2467 1766 qua
2500 1713 2654 1751 mens
2684 1698 2853 1768 diligit
2879 1700 3108 1769 seipsam
3130 1739 3146 1764 ,
3186 1701 3320 1753 nihil
3343 1718 3468 1770 per-

199 1796 322 1849 lnta
356 1802 439 1848 est
464 1794 696 1847 humana
720 1800 931 1854 natura,
963 1790 1169 1861 peccati
1196 1792 1387 1847 merito
1417 1801 1524 1845 tota
1558 1791 1610 1845 in
1640 1792 1785 1845 dete-
1814 1773 1861 1832 Β
1890 1788 2061 1840 tineat
2104 1789 2170 1841 ad
2200 1786 2425 1842 liberum
2464 1789 2747 1841 arbitrium
2789 1800 2844 1843 et
2886 1790 3109 1843 liberam
3135 1791 3465 1849 voluntatem

204 1888 325 1939 rius
354 1892 682 1941 commutata
706 1922 720 1946 ,
764 1881 1007 1935 libertate
1041 1881 1105 1933 ad
1137 1881 1335 1935 bonum
1361 1882 1558 1935 amissa
1578 1921 1592 1944 ,
1623 1888 1678 1934 et
1718 1880 1785 1933 ad

202 1977 385 2030 solum
418 1974 617 2029 malum
662 1972 1017 2042 appetendum
1047 1971 1249 2035 libera,
1298 1972 1403 2024 nisi
1452 1972 1567 2041 ejus
1611 1971 1785 2040 gratia

202 2074 435 2120 sanetur
461 2073 516 2118 et
547 2064 956 2133 redintegretur,
976 2062 1064 2130 qui
1088 2061 1221 2115 venit
1245 2077 1495 2131 qurererc,
1518 2070 1565 2115 et
1587 2059 1788 2115 salvnre

202 2157 349 2227 quod
379 2157 600 2225 perierat
622 2153 777 2226 (Luc.
801 2171 918 2219 nx,
952 2154 1064 2225 10).

279 2246 536 2316 Angelica
566 2254 743 2299 autem
771 2254 961 2299 natura
989 2253 1247 2315 quantum
1274 2245 1328 2299 in
1365 2244 1579 2301 diabolo
1608 2254 1665 2301 et
1688 2261 1785 2300 an-

207 2336 345 2407 gelis
374 2335 493 2404 ejus
520 2336 836 2406 depravata,
862 2344 918 2389 et
939 2336 1271 2390 horribiliter
1292 2336 1343 2389 in
1367 2336 1602 2391 deterius
1629 2352 1781 2392 com-

208 2432 417 2479 mutata
449 2426 550 2488 sit,
579 2426 779 2480 amisso
800 2424 970 2480 libero
995 2424 1224 2481 arbitrio
1244 2425 1311 2479 ad
1332 2425 1564 2491 bonum,
1593 2434 1652 2479 ut
1680 2442 1784 2480 non

207 2518 387 2572 solum
413 2519 480 2572 ad
500 2518 632 2573 illud
659 2517 922 2573 ullatenus
948 2533 1251 2587 assurgere,
1278 2516 1371 2572 sed
1397 2532 1493 2571 nec
1516 2515 1651 2571 velle
1670 2515 1785 2593 jam

210 2608 442 2679 possint,
474 2616 528 2663 et
555 2608 621 2662 ad
646 2607 820 2662 solum
850 2607 1045 2661 malum
1076 2623 1348 2677 nunquam
1381 2608 1637 2660 mutanda
1672 2620 1785 2658 ma-

210 2698 327 2753 litia
354 2699 623 2761 conversi,
653 2698 774 2766 quis
802 2697 960 2767 digne
984 2698 1152 2767 possit
1178 2712 1555 2767 expavescere,
1584 2705 1785 2765 quanto

211 2788 393 2841 minus
428 2786 607 2842 verbis
659 2787 971 2856 explicare?
1017 2787 1154 2842 Nam
1199 2799 1255 2842 et
1299 2788 1543 2857 corporis
1591 2795 1781 2841 natura

212 2879 326 2948 ipsa
347 2885 453 2941 est,
483 2885 537 2931 et
564 2892 717 2942 sana,
740 2885 795 2932 et
819 2886 1017 2947 aegrota
1046 2895 1059 2931 :
1103 2877 1197 2932 sed
1231 2893 1350 2947 quae
1379 2878 1519 2932 valet
1549 2894 1613 2933 ac
1643 2879 1784 2949 \iget

210 2970 355 3024 bono
376 2966 643 3031 sanitatis,
677 2968 793 3037 ejus
821 2968 1111 3023 amissione
1134 2969 1187 3022 in
1214 2968 1450 3023 deterius
1473 2984 1628 3023 versa
1660 2986 1785 3039 gra-

211 3068 372 3113 vatur
408 3067 464 3113 et
502 3057 755 3128 afﬂigitur
783 3058 971 3113 morbo
995 3056 1351 3127 aegritudinis.
1396 3056 1501 3111 Sed
1539 3058 1661 3124 istc,
1689 3059 1781 3128 qui

211 3150 436 3205 liberam
460 3150 809 3214 voluntatem,
836 3158 891 3204 et
918 3149 1143 3204 liberum
1164 3150 1443 3205 arbitrium
1467 3150 1533 3203 ad
1555 3151 1773 3216 bonum,

211 3258 319 3296 non
358 3241 531 3296 credit
556 3254 676 3296 esse
706 3242 905 3297 bonum
953 3240 1198 3295 humanae
1238 3239 1452 3305 mentis,
1480 3238 1574 3304 sed
1608 3239 1780 3308 ipsam

210 3339 471 3395 mentem,
508 3344 681 3400 neque
718 3344 839 3385 esse
865 3330 920 3384 in
957 3337 1152 3393 mente,
1198 3331 1291 3384 sed
1316 3330 1485 3399 ipsam
1522 3338 1779 3393 mentem,

209 3420 425 3474 videtur
446 3418 784 3474 occasionem
811 3433 1046 3482 sumere,
1073 3418 1213 3473 sicut
1232 3418 1344 3485 jam
1374 3427 1429 3473 et
1454 3434 1615 3488 supra
1643 3418 1780 3472 dixi-

210 3524 355 3570 mus,
397 3522 462 3561 ex
484 3506 804 3576 quibusdam
831 3506 1012 3561 verbis
1046 3506 1213 3559 sancti
1235 3506 1515 3575 Augustini
1546 3508 1597 3561 in
1629 3506 1782 3562 libris

213 3600 282 3652 de
307 3595 575 3653 Trinitate
611 3597 727 3668 (lib.
750 3611 818 3661 ι,
855 3612 904 3650 c.
934 3596 995 3650 ll
1022 3604 1071 3649 et
1109 3596 1242 3668 12),
1285 3611 1410 3651 cum
1448 3596 1537 3652 ille
1575 3597 1783 3652 veraci-

214 3696 298 3742 ter
320 3688 539 3742 omnino
564 3686 739 3750 dicat,
768 3695 823 3741 et
853 3694 1113 3749 mentem,
1153 3697 1209 3740 et
1244 3686 1524 3740 scientiam
1563 3687 1777 3751 mentis,

214 3792 318 3846 qua
340 3778 568 3845 seipsam
590 3777 757 3841 novit,
781 3785 836 3832 et
852 3776 1181 3830 voluntatem
1203 3775 1399 3829 mentis
1420 3791 1524 3846 qua
1546 3776 1779 3846 seipsam

213 3867 330 3920 vult
366 3874 423 3921 et
456 3866 659 3937 diligit,
701 3882 861 3921 unam
895 3881 1016 3921 esse
1050 3864 1365 3921 naturaliter
1398 3866 1778 3932 substantiam,

212 3972 336 4024 quae
371 3964 430 4011 et
454 3964 536 4011 est
565 3956 843 4011 esistendo
866 3997 881 4021 ,
919 3965 975 4009 et
1009 3956 1238 4025 seipsam
1267 3954 1508 4025 agnoscit
1540 3955 1779 4022 sciendo,

212 4054 269 4099 et
315 4046 546 4114 seipsam
589 4045 701 4099 vult
744 4044 1030 4116 diligendo.
1079 4043 1217 4099 Vere
1261 4045 1404 4099 enim
1450 4045 1551 4099 hoc
1589 4052 1778 4111 totum,

213 4135 266 4188 id
309 4143 394 4190 est
431 4145 489 4189 et
522 4150 705 4200 mens,
744 4145 800 4191 et
837 4136 1093 4201 scientia,
1130 4145 1185 4189 et
1220 4151 1374 4190 amor
1402 4135 1484 4190 sui
1526 4135 1778 4190 substan-

212 4226 420 4281 tialiter
467 4241 632 4280 unum
676 4237 818 4281 sunt.
857 4225 986 4293 Quae
1034 4234 1212 4281 tamen
1249 4227 1383 4293 duo,
1414 4228 1467 4282 id
1495 4235 1578 4282 est
1604 4227 1781 4282 scien-

210 4314 377 4380 tiam,
421 4322 480 4370 et
504 4315 832 4370 voluntatem
874 4316 1092 4380 mentis,
1136 4331 1240 4385 qua
1274 4318 1505 4386 seipsam
1537 4317 1688 4371 novit
1726 4324 1783 4371 et

1889 1891 1997 1944 quo
2019 1878 2102 1930 vel
2130 1877 2268 1930 bona
2298 1886 2645 1947 appetuntur,
2678 1880 2760 1931 vel
2788 1879 3063 1951 mala,sed
3090 1884 3465 1935 tantummodo

1887 1967 2086 2020 mentis
2120 1967 2210 2031 sit,
2238 1976 2292 2020 et
2315 1967 2381 2020 ad
2409 1967 2581 2034 ipsam
2612 1967 2911 2029 referatur;
2941 1969 3118 2022 minus
3145 1970 3355 2036 callide,
3383 1972 3467 2025 vel

1888 2055 2049 2110 nimis
2076 2055 2235 2109 stulte
2262 2056 2363 2110 iste
2388 2055 2631 2127 adjungit
2657 2057 2705 2109 ei
2734 2057 3061 2122 libertatem,
3086 2069 3143 2113 et
3172 2070 3327 2115 vocat
3347 2075 3464 2114 eam

1889 2147 2116 2202 liberum
2162 2149 2481 2214 arbitrium,
2527 2149 2608 2202 vel
2650 2150 2873 2205 liberam
2914 2152 3263 2207 voluntatem.
3316 2152 3468 2219 Quod

1887 2240 2078 2294 beatus
2104 2240 2435 2310 Augustinus
2464 2241 2769 2297 nullatenus
2798 2243 2960 2307 dicit,
2990 2254 3044 2297 et
3074 2244 3215 2297 absit
3240 2252 3298 2297 ut
3320 2244 3468 2298 dice-

1888 2338 1990 2383 ret.
2013 2328 2144 2395 Quis
2184 2330 2329 2383 enim
2356 2331 2569 2383 nesciat
2598 2330 2736 2385 hanc
2764 2333 2960 2385 mentis
2982 2332 3331 2395 voluntatem,
3363 2348 3466 2400 qua

1883 2421 2117 2489 seipsam
2147 2420 2261 2474 vult
2301 2431 2355 2474 et
2379 2421 2551 2489 diligit
2575 2460 2591 2485 ,
2633 2423 2886 2476 omnibus
2920 2422 3226 2477 hominibus
3256 2432 3467 2477 natura-

1887 2511 2010 2567 liter
2036 2528 2155 2567 esse
2198 2527 2570 2577 communem,
2612 2523 2669 2567 et
2705 2528 2918 2584 semper
2966 2516 3119 2569 liberi
3154 2515 3363 2570 arbitrii
3394 2516 3460 2569 ad

1889 2590 2123 2671 Seipsam
2156 2602 2494 2655 amandum?
2522 2603 2651 2668 Quae
2685 2605 2826 2657 enim
2870 2620 3024 2658 mens
3054 2605 3107 2659 in
3155 2605 3463 2659 hominibus

1884 2703 1996 2757 est,
2046 2693 2147 2746 nisi
2197 2693 2488 2745 amentium
2532 2700 2588 2747 et
2625 2694 2988 2758 dementiam,
3025 2693 3178 2762 cujus
3219 2693 3465 2767 voluntas

1884 2801 1991 2839 non
2016 2784 2335 2838 naturaliter
2353 2783 2498 2849 velit,
2513 2793 2568 2839 et
2589 2797 2823 2839 mentem
2840 2788 2923 2841 cui
2943 2789 3101 2849 inest,
3124 2796 3178 2840 et
3203 2786 3458 2855 seipsam,

1883 2890 2023 2940 esse,
2046 2876 2250 2940 vivere,
2276 2876 2594 2929 incolumem
2616 2878 2973 2946 permanere?
2992 2877 3071 2931 Ad
3095 2878 3195 2931 hoc
3219 2878 3459 2931 omnium

1885 2968 2143 3022 mentium
2166 2966 2409 3021 voluntas
2424 2976 2503 3021 est
2546 2967 2733 3022 libera.
2762 2968 2897 3035 Quid
2937 2968 3080 3022 enim
3116 2967 3338 3022 liberius
3364 2969 3457 3022 tali

1886 3056 2180 3121 voluntate,
2201 3072 2321 3126 qua:
2342 3058 2701 3121 mentem,cui
2732 3058 2899 3118 inest,
2929 3058 3100 3128 diligit
3122 3074 3259 3122 esse,
3292 3059 3465 3130 diligit

1884 3148 2086 3212 vivere,
2115 3146 2289 3215 diligit
2306 3162 2411 3202 non
2436 3148 2649 3216 perire?
2674 3147 2756 3202 vel
2778 3149 2907 3218 quid
2934 3150 3106 3217 magis
3131 3149 3456 3219 superﬂuum

1884 3246 1939 3292 et
1973 3252 2394 3307 supervacuum,
2428 3244 2486 3291 ut
2513 3234 2635 3290 talis
2670 3237 2915 3291 voluntas
2942 3237 3240 3307 appelletur
3266 3238 3460 3300 libera,

1882 3343 2003 3397 qua:
2024 3342 2296 3396 nunquam
2318 3336 2494 3396 potest
2513 3341 2633 3381 esse
2654 3326 2818 3390 aliud,
2833 3325 2897 3379 ad
2924 3326 3245 3395 diligendam
3271 3341 3350 3390 se,
3373 3327 3457 3380 vel

1881 3420 1948 3473 ad
1977 3429 2207 3475 mentem
2231 3419 2385 3489 cujus
2411 3429 2528 3474 est:
2554 3429 2647 3473 aut
2675 3418 2928 3474 uteadem
2948 3420 3071 3474 talis
3096 3418 3341 3473 voluntas
3363 3434 3459 3489 ap-

1880 3509 2108 3580 pelletur
2132 3511 2360 3567 liberum
2391 3512 2695 3579 arbitrium,
2738 3528 2858 3567 cum
2885 3512 3168 3583 arbitrium
3198 3526 3319 3567 esse
3344 3526 3449 3567 non

1881 3602 2070 3671 possit,
2098 3602 2199 3658 nisi
2228 3602 2281 3657 in
2311 3603 2539 3658 diversis
2569 3603 2760 3669 rebus,
2790 3618 2911 3673 quae
2945 3602 3311 3657 discernenda:
3332 3642 3347 3667 ,
3374 3604 3458 3656 vel

1882 3692 2240 3763 dijudicandze
2264 3734 2280 3760 ,
2314 3693 2398 3748 vel
2434 3694 2717 3763 eligendae,
2769 3694 2882 3748 sive
2921 3694 3269 3762 reprobanda:
3298 3680 3461 3748 sunt?

1882 3781 2140 3835 Voluntas
2160 3796 2289 3835 vero
2317 3781 2512 3835 mentis
2541 3781 2673 3835 nihil
2707 3782 2848 3835 inter
2872 3782 3103 3850 seipsam
3132 3781 3459 3837 diversitatis

1881 3870 2140 3934 inveniat,
2168 3869 2261 3924 sed
2284 3878 2339 3923 et
2365 3870 2597 3939 seipsam
2623 3884 2837 3938 semper
2857 3870 3137 3940 aequaliter
3164 3870 3367 3940 diligat,
3398 3881 3455 3925 et

1880 3958 2109 4014 naturali
2137 3972 2270 4028 pace
2298 3966 2457 4028 atque
2482 3958 2687 4014 unitate
2710 3974 2924 4028 semper
2952 3959 3053 4013 sibi
3080 3960 3371 4014 cohaereat.

1953 4048 2175 4102 Desinat
2217 4047 2398 4117 itaque
2426 4046 2639 4112 dicere,
2667 4062 2789 4102 cum
2820 4048 2886 4102 de
2909 4046 3078 4103 libero
3108 4048 3334 4103 arbitrio
3359 4049 3458 4103 ho-

1880 4136 2041 4193 minis
2069 4137 2267 4207 agitur,
2307 4151 2415 4206 quo
2441 4136 2523 4191 vel
2546 4136 2684 4192 bona
2711 4138 2777 4192 ad
2805 4136 3031 4193 salutem
3052 4178 3068 4204 ,
3101 4139 3183 4194 vel
3214 4126 3353 4193 mala
3389 4143 3457 4195 ad

1878 4229 2173 4298 perniciem
2195 4242 2347 4282 suam
2367 4226 2559 4298 diligit,
2583 4227 2741 4283 talem
2764 4228 3093 4284 voluntatem
3119 4230 3315 4285 mentis
3337 4246 3458 4286 esse

1880 4326 2146 4372 naturam.
2175 4317 2309 4386 Quia
2339 4317 2462 4372 licet
2486 4328 2542 4373 et
2567 4320 2681 4388 ipsa
2717 4320 2790 4375 sit
2818 4320 3015 4375 mentis
3041 4321 3307 4388 voluntas,
3334 4338 3455 4392 qua:

211 4404 416 4473 diligit,
460 4417 567 4459 non
595 4403 726 4459 dicit
768 4405 857 4459 ille
892 4420 1014 4460 esse
1039 4416 1271 4460 mentem
1302 4406 1556 4471 hominis,
1594 4408 1687 4461 sed
1722 4408 1775 4461 in
1807 4440 1857 4501 ο
1880 4415 1934 4461 et
1960 4408 2212 4476 seipsam,
2244 4416 2299 4461 et
2320 4406 2433 4462 haec
2456 4407 2660 4480 diligit,
2693 4418 2873 4464 tamen
2899 4408 3003 4463 alia
3032 4409 3313 4465 all'ectione
3336 4411 3457 4466 dili-

212 4504 398 4549 triente
441 4496 710 4563 hominis;
750 4506 805 4553 et
846 4497 966 4553 ideo
1003 4497 1162 4566 hujus
1192 4498 1569 4567 disputationis
1599 4499 1775 4553 mani-
1807 4496 1841 4501 '
1882 4498 1960 4568 git
1983 4498 2236 4567 seipsam,
2263 4513 2383 4568 qua:
2412 4498 2483 4554 ita
2512 4498 2774 4555 naturalis
2810 4508 2899 4567 est
2933 4505 2994 4553 ut
3028 4512 3300 4566 nunquam
3331 4514 3451 4552 mu-

211 4586 387 4639 t'estus
410 4594 495 4640 est
516 4599 690 4641 error.

281 4675 436 4742 Quod
453 4690 575 4731 eum
594 4677 661 4732 de
681 4676 851 4733 libero
868 4677 1093 4733 arbitrio
1113 4678 1432 4749 disputatur,
1460 4692 1588 4749 quo,
1612 4677 1776 4734 libera

211 4766 448 4820 hominis
470 4766 759 4831 voluntate,
800 4767 885 4823 vel
923 4767 1120 4824 bonum
1149 4768 1232 4824 vel
1258 4768 1456 4824 malum
1482 4770 1774 4841 appetitur,

210 4870 323 4910 non
340 4856 407 4911 de
431 4857 517 4912 illa
539 4856 812 4913 voluntate
831 4857 1010 4928 agitur
1028 4874 1135 4929 qua
1156 4874 1309 4915 mens
1327 4859 1501 4932 diligit
1520 4861 1782 4931 seipsam,

1882 4596 2059 4653 tetur;
2088 4588 2193 4643 alia
2216 4587 2498 4644 aﬂ'ectione
2522 4589 2696 4660 diligit
2722 4589 2824 4642 ista
2841 4628 2857 4655 ,
2887 4602 3008 4658 qua:
3033 4587 3253 4642 omnino
3278 4587 3453 4641 varia-

1880 4685 1969 4731 tur
2006 4685 2062 4731 et
2103 4684 2362 4741 mutatur,
2399 4677 2527 4732 dum
2554 4676 2640 4733 vel
2680 4677 2747 4731 ad
2771 4676 2912 4757 bona
2939 4674 3022 4730 vel
3049 4676 3117 4729 ad
3156 4673 3296 4729 mala
3321 4676 3448 4731 dili-

1879 4772 2050 4844 genda
2072 4773 2465 4841 convertitur‘;
2494 4788 2616 4828 nam
2637 4772 2685 4827 si
2702 4772 2824 4828 talis
2841 4771 3087 4826 voluntas
3106 4770 3324 4833 mentis,
3345 4785 3451 4839 qua

1881 4878 1988 4919 non
2014 4864 2247 4934 seipsam
2277 4878 2453 4929 mens,
2486 4863 2581 4919 sed
2601 4862 2707 4918 alia
2734 4863 2815 4918 vel
2842 4862 2982 4917 bona
3005 4860 3087 4916 vel
3117 4860 3257 4915 mala
3278 4860 3453 4931 diligit

1131 4992 1339 5050 ΝΟΤᾸΕ
1381 4993 1703 5051 DUVALLII
1742 4993 2085 5055 DOCTORIS
2123 4993 2502 5051 SORBONICI.

283 5117 311 5147 ι
338 5103 454 5174 Non
470 5113 790 5174 _asseqmtur
811 5112 1049 5173 mentem
1077 5102 1300 5174 Joannis
1326 5104 1567 5174 Erigenae
1596 5104 1779 5160 Eccle-

209 5177 294 5231 sia
340 5170 746 5243 Lugdunensis,
793 5170 1050 5244 qnantum
1098 5170 1213 5244 ipse
1242 5170 1456 5244 possum
1485 5174 1774 5243 conjicere.

210 5246 331 5299 Nec
346 5246 486 5314 enim
506 5245 637 5298 dicit
661 5245 832 5314 primo
856 5243 1436 5314 Erigenagvoluntatem
1464 5254 1520 5297 et
1543 5258 1774 5297 ammam

208 5313 452 5383 ejusdem
483 5328 604 5369 esse
628 5312 848 5375 natura,
896 5312 995 5383 sed
1026 5312 1197 5367 solum
1238 5312 1562 5368 voluntatem
1607 5314 1775 5382 ipsius

211 5381 410 5465 utentis
443 5391 500 5438 et
526 5383 717 5465 animis
752 5383 807 5436 in
828 5381 1121 5465 dilectione
1144 5382 1377 5465 suipsius
1400 5397 1561 5465 agere
1593 5381 1653 5438 ut
1672 5398 1776 5465 pa-

208 5462 411 5517 taram,
457 5467 562 5507 non
600 5460 781 5506 autem
810 5461 867 5505 ut
895 5451 1138 5507 liberam.
1166 5451 1411 5507 Secundo
1443 5451 1533 5522 pie
1571 5452 1774 5522 pariter

209 5530 271 5579 et
310 5521 573 5577 catholice
618 5521 786 5576 sentit
814 5516 1040 5591 Erigena
1078 5537 1201 5591 cum
1228 5521 1358 5577 dicit
1386 5520 1687 5578 libertatem
1717 5521 1772 5576 in

203 5591 432 5647 homine
457 5599 575 5661 post
601 5598 879 5662 peccatum
912 5590 1268 5662 fremansisse,
1318 5592 1555 5662 vigorem
1594 5600 1773 5648 tamen

205 5668 269 5717 et
307 5652 628 5733 potestatem
655 5652 798 5716 iisut
816 5661 1094 5717 amisisse:
1124 5652 1301 5731 arguit
1323 5652 1501 5717 au'tem
1522 5675 1645 5723 eum
1675 5662 1778 5718 Ec-

1878 5105 2043 5161 clesia
2059 5103 2430 5175 Lugdunensis
2456 5104 2598 5173 quod
2621 5103 2849 5175 accipiat
2874 5104 3177 5175 libertatem
3201 5112 3261 5159 ut
3276 5108 3450 5163 servi-

1881 5177 1980 5245 tuti
2011 5173 2215 5245 peccati
2252 5184 2555 5244 opponatur
2574 5173 2895 5241 juxta'illud
2934 5173 3126 5237 Joann.
3158 5190 3294 5230 vm:
3343 5176 3449 5241 Qui

1840 5310 1851 5317 _
1879 5244 2021 5312 facit
2053 5256 2350 5317 peccqtunt,
2396 5260 2571 5317 servits
2607 5254 2683 5297 est
2723 5246 2938 5317 peccati.
2991 5246 3217 5317 Erigena
3253 5256 3454 5317 tamen

1876 5328 1997 5368 eam
2044 5329 2140 5382 pro
2178 5313 2436 5382 facultate
2485 5315 2551 5366 ad
2595 5313 2928 5379 utrumlibet,
2980 5313 3109 5369 tam'
3135 5315 3202 5368 ad
3249 5314 3447 5370 bonum

1874 5381 2135 5452 quam’ad
2163 5381 2382 5447 malum,
2411 5382 2630 5454 accipit,
2658 5398 2819 5453 quam
2849 5386 2901 5439 in
2934 5385 3149 5439 homine
3173 5394 3295 5453 post
3324 5399 3449 5454 pec»

1873 5460 2053 5523 catum
2090 5464 2370 5523 remanere
2414 5453 2831 5523 engugustino
2875 5463 3079 5510 certum
3110 5462 3223 5518 est,
3269 5453 3349 5523 ita
3392 5462 3453 5509 ut

1873 5520 2165 5589 disputatio
2188 5521 2292 5589 hoc
2317 5519 2438 5575 loco
2460 5519 2704 5585 videatur
2729 5537 2850 5579 esse
2877 5524 2944 5580 de
2972 5524 3207 5579 nomine.
3233 5552 3305 5563 -
3328 5522 3447 5577 ltel-

1875 5589 2157 5714 laggiiius,
2183 5588 2277 5645 lib.
2314 5605 2346 5645 v
2378 5592 2445 5648 de
2471 5591 2655 5649 Gratia
2674 5633 2690 5660 ,
2717 5601 2771 5649 et
2796 5593 2887 5649 lib.
2919 5592 3076 5660 Arb.,
3116 5594 3280 5648 variis
3304 5594 3449 5662 capi-

1875 5667 2040 5714 tibus.
