4050 6302
557 329 680 392 .55‘
984 362 985 365 η
1558 349 1566 355 -
1658 319 1866 377 FLOR!
1905 315 2695 373 DlACONlLUGDUNENSlS
3628 393 3630 395 ν
3723 319 3805 377 136

551 448 754 518 quibus
781 451 875 501 aut
895 440 1256 500 beatificetur.
1283 445 1371 491 aut
1405 434 1600 489 misera
1626 431 1910 496 afﬁciatur,
1941 437 2130 484 natura
2159 439 2210 492 Α
2233 427 2429 496 potuit,
2461 426 2560 480 nisi
2596 439 2692 496 per
2723 411 3144 518 redemptionem
3169 422 3340 477 crucis
3364 433 3426 478 et
3457 427 3807 509 mortisChri-

554 512 705 594 esset
745 532 1002 597 hominis,
1033 531 1172 585 sicut
1202 531 1302 582 iste
1324 527 1486 588 dicit,
1517 532 1608 576 aut
1645 523 1784 576 bona
1828 528 1987 576 esset
2017 523 2166 572 tan-i
2235 522 2329 583 sti,
2353 521 2493 574 sicut
2517 519 2804 590 Apostolus
2827 519 2901 573 ait
2931 512 2999 571 ad
3029 518 3314 587 quosdam,
3341 521 3444 588 qui
3473 536 3534 575 se
3557 521 3709 575 aliter
3725 539 3807 592 pu-

560 625 861 688 tummodo,
905 632 998 678 aut
1030 621 1198 683 mala,
1227 627 1276 673 et
1299 633 1361 670 ex
1388 615 1494 669 alio
1521 615 1574 668 in
1606 613 1751 666 aliud
1797 609 1995 665 mutari
2019 624 2170 663 .non'
2239 610 2427 663 tabam
2471 624 2630 679 posse
2671 608 2959 680 iustificari
2997 626 3010 662 :
3051 607 3191 677 Ergo
3219 607 3469 662 Christus
3505 613 3670 679 gratis
3695 630 3809 666 mor-

558 726 759 788 posset.
805 716 933 770 Haec
961 714 1124 784 igitur
1155 711 1417 771 voluntas,
1445 707 1496 760 id
1525 715 1608 760 est
1638 704 1762 759 talis
1796 702 2013 757 affectio
2039 703 2138 755 hu-
2164 705 2173 718 ’
2238 711 2358 764 tuus
2385 711 2459 755 est
2501 700 2667 772 (Gal;
2698 717 2755 764 ιι,
2779 700 2896 769 2|),
2927 710 2976 754 et
3013 699 3123 753 Ιιαισ
3161 709 3236 753 est
3271 701 3544 768 sapientia
3589 703 3739 764 verbi,
3767 706 3807 756 in

557 825 735 866 manu:
759 808 1048 864 voluntatis
1079 807 1229 875 juxta
1257 803 1540 857 veritatem
1569 797 1972 868 Scripturarum
2005 795 2135 862 Dei,
2169 819 2172 827 ι

555 913 590 953 a
611 898 755 954 bono
781 897 1038 952 Creatore
1059 896 1273 950 bona'et
1295 901 1442 947 recta
1466 899 1548 944 est
1576 889 1735 943 insita
1759 887 1988 951 homini,
2012 900 2137 941 cum
2167 893 2171 900 '

2167 985 2174 993 ‘
2236 972 2368 1025 here
2401 972 2730 1041 potuit,‘non
2759 971 2990 1042 indiguit
3022 972 3420 1042 redemptione,
3465 987 3581 1027 non
3609 973 3810 1046 indiguit

2173 1067 2178 1072 ’
2238 1063 2598 1133 redemptore,
2645 1073 2700 1119 et
2739 1063 3046 1133 superﬂuus
3069 1072 3156 1120 est
3176 1064 3446 1121 adventus
3471 1063 3702 1133 Christi,
3731 1084 3809 1124 su-

557 999 858 1054 crearetur,
903 990 1016 1043 haec
1047 987 1136 1058 (in
1169 986 1259 1040 illo
1286 991 1613 1055 coeperante
1633 972 1736 1034 Dei
1763 980 1959 1050 gratia)
1995 980 2134 1033 bona

557 1088 614 1136 et
654 1086 799 1134 recta
833 1078 1165 1149 permansit,
1203 1077 1446 1148 quandiu
1471 1073 1716 1129 Creatori
1755 1072 1841 1141 pie
1877 1070 2132 1125 obedivit.

557 1171 666 1228 Sed
711 1171 836 1240 quia
878 1178 932 1224 et
969 1171 1084 1240 ipsa
1113 1170 1346 1223 humana
1375 1175 1565 1222 natura
1597 1165 1664 1219 ab
1710 1160 2136 1217 iucommutahili

555 1263 812 1318 Creatore
829 1263 1102 1316 mutabilis
1117 1261 1334 1316 condita
1360 1267 1464 1324 est,
1479 1267 1533 1312 et
1559 1257 1681 1311 talis
1701 1255 1918 1310 affectio
1940 1255 2135 1310 mentis
2171 1251 2179 1263 ’

554 1354 805 1410 hdmanze
827 1354 1078 1408 similiter
1100 1352 1373 1407 mutabilis
1395 1361 1498 1415 est,
1531 1350 1681 1403 stetit
1711 1349 1762 1402 in
1794 1348 1935 1402 bono
1967 1346 2138 1418 (adiu-

551 1455 715 1502 vante
763 1447 854 1500 Dei
903 1445 1098 1516 gratia)
1147 1454 1202 1500 et
1241 1445 1437 1500 cecidit
1477 1445 1542 1497 ad
1575 1442 1771 1496 malum
1803 1441 2014 1496 occulto
2042 1440 2136 1494 Dei

550 1535 776 1605 judicio,
821 1538 1008 1589 eadem
1042 1537 1216 1605 gratia
1261 1535 1495 1588 deserta.
1547 1533 1614 1585 Et
1643 1533 1805 1602 (sicut
1842 1529 2137 1599 saepissime

551 1626 756 1680 dictum
797 1626 902 1697 est)
925 1640 1046 1696 quae
1070 1636 1188 1681 erat
1224 1625 1394 1680 libera
1425 1625 1493 1679 ad
1529 1625 1730 1679 bonum
1753 1663 1768 1688 ,
1815 1623 2015 1677 amissa
2045 1622 2134 1677 illa

552 1713 697 1769 felici
723 1714 996 1780 libertate,
1027 1716 1193 1785 coepit
1232 1731 1353 1770 esse
1392 1714 1494 1770 sub
1531 1713 1736 1784 peccati
1777 1713 1974 1768 misera
2014 1727 2132 1770 ser-

552 1807 750 1860 vitute.

627 1895 682 1949 4.
723 1894 980 1964 Adiungit
1011 1895 1100 1949 ille
1122 1895 1278 1964 quasi
1310 1893 1622 1949 definiendo
1653 1910 1668 1946 :
1694 1891 2007 1947 Libertatem
2034 1892 2133 1946 Ito-

553 1987 688 2040 mini
715 1996 829 2054 post
857 1997 1128 2055 peccatum
1155 1984 1488 2049 remansisse,
1511 1983 1736 2052 vigorem
1759 1991 1808 2036 et
1831 1992 2136 2051 potestatem

557 2076 674 2144 ejus
698 2075 1005 2144 perdidisse.
1031 2074 1089 2127 in
1120 2074 1315 2142 quibus
1350 2073 1532 2127 verbis
1559 2088 1664 2126 non
1695 2081 1780 2126 est
1806 2070 2005 2125 diutius
2028 2085 2137 2124 mo-

554 2167 780 2221 randum
815 2183 827 2219 :
859 2165 1008 2234 quia,
1033 2165 1178 2220 sicut
1204 2181 1368 2234 supra
1403 2164 1517 2234 jam
1540 2165 1736 2234 saipius
1757 2164 2012 2226 diximus,
2043 2159 2135 2232 qui

553 2265 682 2310 ante
727 2265 1006 2326 peccatqu
1055 2263 1174 2310 erat
1227 2255 1412 2310 liberae
1459 2254 1776 2318 voluntatis,
1825 2261 1880 2307 et
1932 2261 2136 2307 naturae

557 2348 729 2412 bonae,
759 2355 816 2401 et
855 2346 997 2400 dono
1025 2345 1214 2416 gratia:
1243 2345 1310 2400 ad
1338 2359 1611 2398 summum
1653 2351 1710 2397 et
1749 2351 2008 2397 aeternum
2036 2342 2133 2397 bo-

555 2455 708 2502 num,
729 2439 799 2492 ad
820 2425 964 2507 quod
1009 2435 1262 2492 conditus
1303 2434 1483 2489 fuerat
1506 2434 1817 2498 amandum,
1842 2443 1897 2488 et
1925 2433 2136 2488 deside-

557 2530 804 2592 randum,
832 2527 1208 2597 qumrendum,
1242 2523 1624 2580 inveniendum
1671 2532 1726 2578 et
1762 2522 2134 2592 contemplan-

554 2619 996 2689 dum,peccaudo
1023 2616 1145 2690 [al.,
1175 2614 1423 2687 peccato]
1449 2614 1645 2670 cecidit
1673 2629 1702 2667 a
1727 2622 1876 2667 tanto
1896 2613 2061 2677 bono,
2083 2623 2141 2668 et

553 2713 724 2780 factus
748 2723 824 2764 est
853 2726 1033 2764 servus
1055 2709 1279 2779 peccati,
1316 2708 1459 2763 sicut
1484 2706 1746 2762 Dominus
1775 2706 1890 2775 ipse
1912 2714 2140 2760 testatur

551 2799 741 2854 dicens
767 2818 780 2852 :
811 2798 995 2853 Omnis
1039 2799 1127 2869 qui
1154 2799 1282 2868 facit
1316 2807 1599 2868 peccatum
1635 2812 1812 2850 servus
1840 2805 1912 2848 est
1942 2797 2141 2864 peccati

556 2890 741 2963 (Joan.
780 2906 895 2956 vm,
925 2891 1049 2960 54);
1098 2899 1154 2945 et
1189 2892 1383 2946 beatus
1423 2889 1616 2944 Petrus
1659 2888 1936 2958 apostolus
1962 2887 2091 2941 dicit
2123 2905 2134 2940 :

557 2982 730 3052 Aque
772 2983 910 3035 enim
963 2999 1078 3052 quts
1128 2993 1429 3051 superatur,
1482 2982 1597 3050 ejus
1645 2991 1691 3033 et
1745 2997 1921 3033 servus
1948 2989 2020 3032 est
2054 2977 2139 3049 (11

561 3069 708 3124 Pert.
741 3087 801 3134 ιι,
836 3070 922 3140 l9)
950 3087 964 3124 :
991 3071 1086 3135 ita,
1115 3071 1315 3124 antisso
1344 3071 1485 3125 dono
1505 3070 1708 3140 gratiae,
1732 3069 1921 3122 vitiato
1947 3079 1999 3121 et
2020 3084 2141 3122 cor-

2236 809 2340 863 qua
2376 803 2662 846 evacuatur
2691 789 2824 847 crux
2849 792 3044 849 Christi
3067 791 3118 861 (1
3145 791 3268 846 Cor.
3292 807 3332 858 ι,
3362 792 3484 864 i7).
3527 791 3668 849 Vere
3689 797 3808 851 enim

2238 883 2284 937 si
2312 891 2434 951 post
2457 882 2600 936 aliud
2628 891 2911 952 peccatum
2952 899 3138 938 veram
3182 882 3498 938 libertatem
3539 884 3700 940 homo
3726 887 3808 940 ha-

2236 1153 2442 1225 peillua
2469 1164 2552 1210 est
2584 1172 2729 1211 mors
2757 1156 2984 1213 Christi.
3669 1220 3674 1222 _

2308 1247 2458 1312 Quod
2483 1255 2660 1301 autem
2683 1248 2814 1303 dicit
2829 1248 2930 1303 iste
2950 1247 3250 1319 peccantem
3272 1250 3549 1307 hominem
3573 1267 3674 1306 non
3695 1250 3808 1307 anti-

2237 1337 2368 1392 sisse
2393 1336 2683 1391 libertatem
2707 1338 2797 1392 sed
2828 1338 2995 1408 ipsius
3045 1339 3300 1395 libertatis
3344 1342 3584 1411 vigorem
3627 1351 3675 1396 et
3692 1353 3812 1411 pote-

2236 1435 2447 1488 statem.
2479 1441 2584 1481 non
2630 1437 2778 1482 recte
2802 1427 2971 1494 .dicit,
3002 1430 3129 1498 quia
3159 1446 3265 1483 non
3300 1441 3452 1485 recte
3490 1431 3680 1487 sentit.
3712 1430 3810 1486 Non

2173 1525 2176 1530 '
2240 1516 2384 1572 enim
2424 1515 2629 1572 bonum
2680 1517 2944 1573 libertatis
2975 1535 3037 1574 ex
3084 1529 3238 1591 parte
3285 1521 3465 1576 tenuit
3497 1531 3557 1577 et
3585 1537 3651 1578 ex
3682 1533 3837 1595 parte.

2182 1615 2187 1618 '
2239 1607 2470 1672 amisit;
2503 1607 2622 1672 sed,
2661 1607 2801 1662 sicut
2839 1608 3101 1677 vigorem,
3149 1618 3207 1663 et
3248 1618 3584 1679 potestatem
3611 1608 3804 1666 liberta-

2245 1699 2348 1764 tis,
2383 1699 2457 1752 ita
2486 1700 2658 1769 ipsam
2688 1698 2922 1770 perdidit
2963 1698 3299 1765 libertatem,
3322 1709 3384 1755 ut
3411 1700 3535 1770 jam
3557 1716 3654 1772 per
3681 1716 3734 1754 se
3755 1699 3810 1752 ad

2168 1807 2216 1866 Β
2244 1806 2433 1846 verum
2491 1790 2710 1856 bonum,
2763 1789 2905 1846 unde
2941 1792 3158 1855 cecidit,
3201 1791 3339 1846 liber
3390 1808 3520 1848 esse
3555 1808 3662 1847 non
3702 1806 3808 1862 pos-

2238 1883 2327 1938 sit.
2382 1883 2665 1937 Remansit
2690 1890 2870 1938 autem
2925 1882 3063 1938 liber
3109 1884 3178 1937 ad
3217 1883 3419 1938 malum
3453 1901 3468 1950 ;
3505 1884 3658 1954 quia,
3694 1882 3812 1937 sicut

2238 1971 2409 2027 libera
2441 1971 2716 2027 voluntate
2754 1972 2993 2028 deseruit
3040 1973 3272 2039 bonum,
3323 1973 3399 2027 ita
3448 1973 3621 2028 libera
3649 1970 3808 2026 volun-

2240 2071 2353 2118 tate
2396 2065 2626 2118 adhaesit
2671 2063 2830 2118 malo.
2880 2063 3055 2118 Habet
3101 2063 3284 2134 itaque
3333 2065 3502 2119 homo
3533 2075 3654 2134 post
3682 2064 3808 2119 illam

2238 2160 2637 2216 damnationem
2677 2159 2906 2214 liberum
2956 2157 3267 2224 arbitrium,
3309 2175 3418 2229 quo
3465 2160 3685 2230 propria
3727 2173 3805 2213 vo-

2241 2251 2448 2306 luntate
2477 2251 2725 2306 inclinari
2752 2259 2929 2322 potest
2954 2261 3010 2306 et
3033 2251 3320 2307 inclinatur
3337 2252 3405 2306 ad
3423 2253 3652 2316 malum,
3672 2251 3810 2307 habet

2239 2343 2469 2398 liberum
2497 2340 2804 2408 arbitrium,
2837 2358 2945 2412 quo
2972 2343 3141 2412 possit
3170 2357 3459 2415 assurgere
3485 2345 3558 2398 ab
3591 2344 3806 2405 bonum;

2238 2440 2299 2485 ut
2340 2440 2518 2484 autem
2547 2440 2795 2501 assurgat
2823 2431 2891 2484 ad
2928 2431 3129 2486 bonum
3168 2447 3276 2486 non
3303 2447 3426 2488 esse
3459 2433 3691 2502 propria:
3717 2431 3808 2485 vir-

2191 2521 2196 2526 ’
2241 2523 2390 2586 tutis,
2419 2525 2513 2580 sed
2539 2524 2725 2594 gratiae
2757 2523 2850 2578 Dei
2880 2525 3207 2581 miserentis.
3234 2525 3408 2582 liabet
3432 2527 3665 2582 liberum
3687 2525 3810 2580 arbi-

2239 2615 2404 2670 trium
2438 2624 2497 2669 ut
2523 2615 2694 2686 possit
2722 2615 2858 2670 bene
2904 2615 3059 2682 velle,
3093 2627 3151 2671 ut
3184 2617 3357 2688 possit
3383 2619 3528 2673 bene
3553 2618 3744 2678 vivere,
3762 2623 3810 2667 ut

2237 2707 2412 2778 possit
2435 2707 2540 2762 Deo
2568 2706 2878 2773 adhaerere;
2901 2707 2994 2762 sed
3019 2717 3078 2761 ut
3099 2708 3234 2762 bene
3261 2708 3410 2772 velit,
3427 2717 3490 2763 ut
3515 2709 3649 2765 bene
3670 2706 3807 2770 vivat,

2242 2797 2431 2852 utDeo
2480 2797 2757 2861 adhereat,
2801 2814 2906 2851 non
2956 2807 3038 2851 est
3075 2813 3186 2854 sua:
3215 2798 3459 2864 virtutis,
3511 2797 3605 2854 sed
3648 2795 3808 2865 gratia:

2241 2888 2337 2941 Dei
2363 2888 2691 2942 miserentis.
2731 2886 2863 2940 Nam
2903 2896 2959 2941 et
2984 2889 3074 2956 qui
3105 2889 3345 2959 graviter
3373 2896 3628 2959 aegrotat,
3653 2893 3808 2956 potest

2242 2978 2348 3032 dici
2377 2994 2535 3049 posse
2567 2979 2808 3048 recipere
2834 2980 3145 3044 sanitatem,
3175 2981 3268 3034 sed
3296 2989 3354 3034 ut
3379 2981 3612 3051 recipiat
3632 2977 3806 3034 sanita—

2245 3078 2378 3134 tem,
2411 3071 2572 3124 habet
2597 3069 2960 3123 necessarium
2986 3070 3464 3125 medicamentum.
3488 3071 3557 3125 Et
3581 3069 3668 3138 qui
3688 3081 3808 3120 mor-

559 3169 718 3232 rupto
759 3167 814 3215 et
847 3161 1141 3229 depravato
1170 3161 1312 3215 bono
1339 3169 1565 3223 naturae,
1591 3160 1670 3214 sic
1697 3159 2077 3213 miserabiliter
2110 3175 2140 3212 a
2170 3149 2215 3210 C
2246 3171 2372 3213 tuus
2399 3169 2498 3220 est.
2527 3168 2706 3229 posset
2734 3159 2840 3213 dici
2879 3174 3038 3229 posse
3089 3174 3388 3230 resurgere,
3426 3176 3592 3232 posse
3628 3159 3803 3218 vivere,

559 3264 713 3308 tanta
740 3253 1002 3308 felicitate
1045 3253 1228 3324 lapsus
1269 3262 1352 3308 est
1374 3294 1388 3317 ,
1415 3263 1472 3306 ut
1497 3253 1562 3306 ad
1586 3253 1714 3307 illud
1738 3253 1936 3306 bonum
1963 3267 2148 3306 ainan-

563 3346 713 3408 dum,
730 3353 785 3399 et
806 3343 1212 3414 perfruendum,
1231 3344 1319 3399 cui
1344 3343 1611 3398 inhaerere
1631 3341 1911 3404 debuerat,
1941 3341 2145 3394 nullum

559 3435 734 3505 possit
774 3436 974 3489 habere
1022 3450 1322 3499 recursum,
1369 3434 1470 3489 nisi
1510 3448 1604 3504 per
1655 3433 2146 3488 misericordissimi

565 3524 995 3580 reconciliatoris
1018 3535 1072 3579 et
1099 3526 1419 3580 mediatoris
1455 3523 1739 3588 auxilium,
1772 3533 1827 3578 et
1869 3523 2146 3594 sanguinis

561 3613 678 3684 ejus
716 3615 970 3685 pretium,
993 3629 1022 3669 a
1053 3629 1161 3685 quo
1186 3615 1506 3671 redimimur
1531 3615 1597 3670 de
1628 3623 1778 3668 tanta
1805 3614 2142 3684 captivitate,

562 3715 623 3760 ut
665 3706 906 3776 recipere
948 3706 1219 3776 possimus
1259 3707 1544 3777 pristinam
1598 3705 1938 3770 libertatem,
1978 3715 2034 3760 et
2080 3705 2147 3759 de

561 3797 799 3852 inimicis
845 3795 1145 3852 elliciamur
1172 3797 1354 3852 amici.
1399 3795 1475 3851 De
1524 3811 1631 3868 quo
1663 3795 1962 3851 mediato‘re
1996 3794 2146 3850 Scri-

562 3896 715 3956 ptum
742 3895 826 3941 est
859 3905 871 3939 :
907 3884 1054 3939 Unus
1082 3887 1219 3939 enim
1249 3885 1390 3939 Deus
1411 3895 1458 3938 et
1487 3885 1745 3939 mediator
1773 3884 1871 3938 Dei
1912 3894 1959 3939 et
1981 3883 2147 3938 homi-

565 3992 618 4031 κς
641 3993 692 4028 nt
717 3974 883 4028 homo
921 3975 1162 4028 Christus
1206 3975 1382 4039 Iesus,
1409 3975 1499 4044 qui
1527 3975 1666 4028 dedit
1695 3974 1922 4043 seipsum
1953 3975 2148 4027 redem-

563 4067 793 4135 ptionem
822 4081 918 4134 pro
943 4066 1180 4118 omnibus
1208 4064 1256 4136 (ι
1291 4063 1426 4119 Tim.
1458 4082 1520 4130 ιι,
1553 4066 1640 4136 5);
1678 4075 1731 4120 et
1752 4066 1948 4120 iterum
1975 4082 1988 4118 :
2014 4062 2147 4118 Cum

567 4157 768 4211 inimici
798 4173 1046 4221 essemus,
1083 4157 1404 4211 reconciliati
1441 4175 1621 4211 sumus
1665 4157 1775 4212 Deo
1812 4152 1903 4226 per
1930 4167 2147 4212 mortem

567 4245 668 4314 ﬁlii
695 4245 809 4314 ejus
837 4244 1007 4315 (Rom.
1031 4261 1083 4310 v,
1111 4245 1220 4317 lO).
1245 4244 1562 4316 Quicunque
1585 4262 1716 4317 ergo
1756 4247 1905 4312 dicit,
1934 4254 2056 4316 post
2081 4244 2142 4300 il-

567 4333 674 4389 lam
723 4335 1172 4406 transgressionis
1224 4335 1651 4391 infelicissimam
1708 4331 1971 4403 ruinam,
2016 4352 2146 4407 qua,

567 4426 764 4481 amissa
815 4425 1041 4495 pristina
1068 4425 1339 4491 libertate,
1389 4424 1563 4480 factus
1589 4435 1674 4482 est
1702 4443 1889 4481 servus
1916 4425 2144 4496 peccati,

2249 3267 2355 3305 non
2390 3255 2568 3306 tamen
2615 3267 2711 3305 sua
2744 3252 2957 3315 virtute,
3006 3252 3099 3307 sed
3130 3241 3248 3308 Dei.
3279 3253 3358 3308 lta
3400 3262 3460 3309 et
3486 3253 3707 3308 liberum
3735 3263 3806 3302 ar-

2247 3341 2466 3396 bitrium
2497 3343 2729 3396 hominis
2756 3342 2922 3397 semel
2952 3333 3286 3408 sauciatam,
3325 3346 3495 3400 semel
3541 3353 3802 3403 mortuum,

2247 3443 2424 3504 potest
2450 3435 2655 3500 sanari,
2689 3450 2794 3490 non
2829 3443 3004 3490 tamen
3026 3451 3122 3492 sua
3147 3437 3368 3504 virtute,
3397 3441 3498 3495 sed
3533 3438 3699 3510 gratia
3723 3433 3804 3487 mi—

2247 3523 2481 3579 seruatis
2530 3524 2643 3578 Dei.
2695 3524 2764 3578 Et
2821 3525 2943 3580 ideo
3003 3535 3152 3581 recte
3199 3542 3392 3583 omnes
3437 3529 3802 3584 admonentur.

2248 3623 2395 3668 recte
2422 3604 2673 3668 omnibus
2704 3616 2925 3670 verbum
2957 3616 3050 3671 Dei
3078 3617 3422 3686 praedicatur,
3475 3619 3603 3689 quia
3632 3614 3804 3672 habent

2247 3718 2406 3772 posse
2437 3704 2681 3769 credere,
2714 3704 2916 3759 habent
2955 3720 3118 3774 posse
3157 3708 3401 3764 converti
3440 3709 3516 3764 ad
3553 3708 3728 3768 Deum.
3755 3707 3803 3755 ul

2245 3795 2413 3851 verbo
2459 3795 2800 3851 extrinsecus
2848 3797 3190 3863 admonente,
3239 3807 3295 3852 et
3321 3797 3469 3870 intus
3510 3801 3620 3854 Deo
3654 3783 3801 3852 Susci-

2249 3893 2419 3947 tante,
2445 3883 2535 3952 qui
2558 3884 2783 3938 audiunt
2810 3885 3155 3940 reviviscant.
3196 3884 3270 3940 Ut
3292 3897 3440 3942 recte
3465 3887 3536 3944 de
3559 3887 3803 3956 huiusmo-

2249 3975 2302 4028 di
2330 3971 2547 4028 homine
2573 3974 2788 4030 dicatur
2819 3993 2839 4036 ε,
2863 3974 3000 4042 Quia
3021 3986 3258 4050 mortuus
3281 3977 3489 4046 fuerat,
3530 3987 3578 4033 et
3615 3971 3802 4034 revisit;

2245 4065 2492 4135 perierat,
2519 4077 2566 4120 et
2596 4068 2830 4121 inventus
2879 4077 2972 4122 est.
3005 4067 3080 4122 De
3109 4081 3212 4123 nac
3252 4068 3609 4139 possibilitate
3636 4069 3799 4122 huma-

2214 4151 2216 4153 ’
2249 4170 2332 4210 nze
2374 4164 2600 4219 natum,
2645 4172 2766 4225 qua:
2805 4166 2983 4212 tamen
3024 4159 3159 4213 nihil
3201 4159 3344 4214 valet
3387 4161 3592 4231 absque
3635 4155 3803 4213 divinat

2215 4246 2437 4318 'gratia:
2490 4246 2772 4317 largitate,
2817 4248 2892 4302 ita
2934 4249 3126 4304 beatus
3167 4249 3506 4321 Augustinus
3551 4252 3698 4311 docet
3731 4243 3800 4299 δί’

2217 4331 2220 4334 ’
2245 4353 2377 4392 cens
2405 4337 2501 4408 (de
2531 4336 2783 4393 Prtedest.
2818 4349 2985 4394 sanat.
3005 4380 3022 4405 ,
3069 4356 3188 4410 cap.
3214 4341 3281 4412 5)
3315 4359 3331 4398 ε
3361 4360 3380 4393 ι
3434 4342 3601 4399 Posse
3629 4338 3800 4400 habet?
3861 4357 3865 4362 '

2250 4427 2448 4493 fidem,
2495 4429 2635 4484 sicut
2681 4445 2838 4499 posse
2887 4430 3088 4485 habere
3134 4431 3454 4486 charitalem
3499 4441 3695 4488 natura:
3732 4429 3801 4478 est

563 4516 742 4571 factus
770 4524 854 4570 est
886 4531 1074 4570 servus
1103 4516 1220 4586 ejus
1262 4531 1292 4570 a
1330 4531 1437 4586 quo
1460 4525 1514 4570 et
1536 4525 1820 4585 superatus
1842 4526 1946 4582 est,
1971 4516 2144 4572 factus
2173 4497 2223 4558 D
2251 4519 2528 4574 hominum
2560 4533 2575 4571 :
2603 4497 2800 4574 habere
2827 4529 3008 4573 autem
3036 4519 3218 4585 fidem,
3254 4521 3397 4576 sicut
3421 4522 3620 4576 habere
3643 4511 3797 4592 chari-

569 4608 818 4663 inimicus
850 4607 966 4672 Dei,
997 4616 1054 4663 et
1097 4608 1300 4680 indiget
1327 4624 1434 4664 uno
1466 4608 1764 4664 mediatore
1800 4619 1856 4664 et
1905 4607 2147 4664 reconci-

565 4699 780 4766 liatore,
801 4715 898 4770 per
919 4715 1078 4770 quem
1105 4699 1335 4771 accipiat
1359 4696 1780 4768 redemptionem
1804 4715 1834 4753 a
1860 4701 2145 4769 servitute,

567 4798 626 4844 et
662 4790 1152 4846 reconciliationem
1207 4791 1274 4845 ad
1316 4791 1503 4845 Deum.
1551 4790 1682 4845 Post
1708 4791 1867 4855 hanc,
1901 4792 2144 4861 inquam,

495 4867 500 4874 ’
571 4889 682 4933 tam
727 4894 975 4949 magnam
1025 4890 1081 4936 et
1119 4881 1486 4937 miserabilem
1531 4881 1742 4936 ruinam
1769 4922 1784 4946 ,
1836 4883 2148 4952 quicunque

567 4968 702 5025 dicit
726 4985 850 5026 eum
874 4969 1126 5025 habuisse
1155 4973 1241 5028 vel
1284 4973 1483 5028 habere
1505 4972 1809 5028 libertatem
1850 4974 1919 5027 ad
1960 4986 2147 5028 verum

570 5061 772 5117 bonum
823 5062 1212 5131 appetendum,
1265 5064 1557 5119 amandum
1597 5073 1654 5117 et
1697 5063 2148 5132 promerendum.

571 5151 678 5206 nisi
700 5166 798 5221 per
827 5151 1056 5222 gratiam
1098 5152 1209 5206 veri
1252 5153 1566 5208 mediatoris
1612 5150 2150 5220 redimatur,justili-

572 5249 751 5308 cetur,
782 5241 1160 5297 reconcilietur
1198 5252 1254 5297 et
1296 5243 1643 5309 reformetur,
1693 5243 1914 5298 omnino
1953 5251 2148 5298 contra

573 5333 733 5388 fidem
781 5333 1035 5389 Ecclesiae
1078 5335 1264 5402 sentit,
1309 5348 1498 5392 contra
1540 5338 1826 5392 veritatem
1868 5335 2149 5406 Evangeli-
2232 5370 2240 5386 ε

572 5440 698 5482 eam
737 5433 792 5480 et
834 5425 1186 5496 apostolicam
1224 5427 1402 5493 docet,
1433 5437 1490 5484 et
1529 5427 2064 5499 omnino.(quantum
2093 5426 2148 5481 in

573 5529 635 5571 se
658 5514 762 5582 est)
791 5524 1080 5570 evacuator
1125 5524 1209 5572 est
1252 5519 1431 5573 crucis
1480 5518 1706 5585 Christi,
1744 5526 2039 5574 evacuatur
2064 5525 2150 5572 est

574 5617 766 5664 mortis
793 5608 1016 5664 Christi.
1042 5609 1177 5676 Quia
1203 5610 1248 5665 si
1279 5609 1440 5664 aliter
1467 5609 1626 5664 homo
1658 5623 1780 5680 post
1813 5609 1939 5665 illud
1964 5625 2154 5680 pecca-

573 5716 664 5764 wn
703 5716 882 5756 veram
913 5703 1109 5757 mentis
1139 5700 1444 5757 libertatem
1470 5701 1673 5756 habere
1700 5710 1793 5756 aut
1821 5718 2150 5773 recuperare

2251 4619 2441 4675 tatem,
2471 4610 2640 4680 gratia
2675 4620 2759 4666 est
2784 4610 3042 4666 fidelium.
3077 4632 3096 4665 ι
3139 4612 3248 4668 Sed
3292 4630 3419 4669 cum
3443 4615 3683 4671 voluntas
3701 4620 3798 4662 cre-

2251 4701 2411 4757 dendi
2442 4702 2564 4756 aliis
2592 4711 2949 4772 prmparatur,
2983 4703 3104 4758 aliis
3133 4719 3242 4759 non
3289 4715 3622 4775 praeparatur
3660 4715 3689 4755 ι
3713 4697 3798 4750 Dor

2251 4792 2420 4856 mino,
2457 4791 2874 4847 discernendum
2908 4803 2992 4848 est
3020 4793 3152 4862 quid
3187 4795 3372 4849 veniat
3415 4795 3482 4850 de
3528 4789 3798 4850 misericor-

2253 4882 2342 4938 dia
2367 4883 2507 4950 ejus,
2537 4883 2665 4951 quid
2693 4883 2759 4938 de
2777 4881 3003 4951 judicio.
3028 4875 3299 4940 Universae
3331 4888 3469 4940 enim
3498 4887 3590 4941 vite
3614 4871 3796 4936 Domini

2254 4975 2616 5029 misericordia
2653 4985 2702 5030 et
2745 4978 2931 5030 ueritas
2956 4977 3073 5048 ('Ps.
3101 4994 3250 5033 xxrv.
3289 4979 3398 5050 10).
3441 4967 3795 5044 Ιηυεειὶῃαὺὲιεε

2228 5074 2437 5120 ~autem
2471 5076 2598 5121 sunt
2640 5067 2737 5120 vim
2781 5068 2948 5136 ipsius
2993 5067 3170 5138 (Rom.
3196 5085 3258 5135 ιι,
3285 5071 3397 5136 53).
3429 5058 3795 5136 lnvestigabiles

2227 5156 2418 5226 igitur
2444 5167 2590 5221 sunt,
2627 5167 2683 5211 et
2730 5159 3101 5215 misericordia
3155 5175 3261 5230 qua
3313 5162 3486 5233 gratis
3524 5161 3722 5218 liberal.
3751 5154 3796 5202 οι

2254 5248 2457 5302 veritas
2487 5263 2590 5316 qua
2615 5245 2759 5316 juste
2791 5247 3018 5316 iudicat.

2325 5339 2380 5394 5.
2407 5339 2513 5396 iste
2541 5350 2824 5411 postquam
2866 5342 3100 5399 inaniter
3146 5353 3204 5399 et
3229 5343 3511 5400 fallaciter
3538 5338 3664 5399 dixit
3697 5334 3796 5402 ροϐε

2221 5446 2230 5448 ⁷·
2255 5439 2538 5502 peccatum
2591 5432 2797 5488 homini
2841 5433 3146 5491 libertatem
3196 5435 3552 5501 remansisse,
3605 5417 3795 5492 subice“

2258 5521 2418 5576 aliam
2443 5521 2867 5600 conclusionem,
2883 5532 2937 5579 et
2955 5525 3032 5580 ait
3058 5543 3072 5579 :
3099 5523 3313 5595 Semper
3332 5533 3573 5580 naturam
3589 5514 3794 5600 inclinate

2257 5630 2404 5683 posse
2422 5624 2468 5669 et
2489 5597 2737 5684 per/icere
2774 5616 2980 5671 nonnisi
2998 5632 3092 5687 per
3111 5617 3356 5687 gratiam.
3395 5615 3548 5683 Quod
3575 5610 3620 5666 si
3647 5607 3710 5661 ita
3733 5595 3794 5651 ἀί-

2261 5709 2364 5775 cit,
2413 5711 2566 5780 quasi
2619 5719 2815 5766 natura
2851 5711 3088 5768 hominis
3138 5726 3236 5781 per
3278 5711 3506 5768 tiberum
3550 5694 3790 5762 arbitrium
