4050 6302
684 372 790 431 959

1781 357 1984 415 FLOR]
2023 357 2292 415 DlACONl
2332 357 2814 418 LUGDUNENSIS
3775 369 3838 422 liti

683 484 803 558 ipse
833 478 988 538 nobis
1018 492 1179 534 causa
1211 472 1593 532 misericordiae
1629 480 1683 528 et
1713 472 1901 542 gratiae
1923 513 1941 539 ,
1989 487 2095 543 qua
2143 486 2250 525 non
2279 481 2326 541 Α
2354 488 2475 527 cum
2498 473 2752 528 delibero
2773 471 2998 528 arbitrio
3020 478 3302 527 tractatur.
3327 470 3634 540 Quia,sicut
3655 478 3839 546 diximus,

685 575 859 634 solum
896 573 1034 628 bene
1059 569 1227 634 velle,
1264 582 1368 622 non
1399 565 1572 622 solum
1603 565 1740 619 bene
1776 578 1966 634 agere,
2007 572 2059 618 et
2087 563 2252 633 peril-

687 679 834 729 cere,
863 662 957 717 sed
983 661 1145 714 etiam
1177 660 1312 712 bene
1339 656 1578 724 cogitare
1606 653 1894 722 possimus.
1939 654 2006 707 Et
2031 668 2136 706 non
2167 666 2255 706 so-

686 755 800 810 lum
831 754 883 808 in
911 749 1162 822 praesenti
1199 749 1309 802 haec
1338 745 1449 817 agit
1478 746 1530 798 in
1558 744 1746 799 electis
1773 743 1914 806 suis;
1947 742 2039 797 sed
2065 742 2248 802 etiam,

685 854 813 902 ante
835 841 1015 898 mundi
1039 837 1492 900 constitutionem,
1516 833 1917 905 przedestinavit
1942 831 2058 887 illos
2079 831 2251 902 gratia

687 949 783 990 sua
809 942 867 986 ut
887 939 1066 986 essent
1090 927 1261 982 sancti
1285 934 1346 982 et
1365 923 1694 979 immaculati
1720 937 1899 978 coram
1926 922 2039 992 ipso
2063 938 2076 986 ;
2110 921 2252 976 sicut

686 1022 974 1095 Apostolus
1013 1027 1261 1082 testatur,
1291 1016 1513 1072 dicens:
1547 1014 1692 1070 Sicut
1731 1013 1880 1084 elegit
1921 1030 2012 1066 nos
2051 1013 2105 1065 in
2142 1011 2253 1080 ipso

647 1109 650 1116 ’
685 1125 806 1170 ante
833 1111 1014 1166 mundi
1042 1108 1491 1172 constitutionem,
1531 1115 1588 1159 ut
1627 1120 1852 1159 essemus
1890 1103 2057 1158 sancti
2082 1111 2129 1155 et
2157 1102 2256 1155 im—

683 1202 938 1258 maculati
976 1201 1030 1254 iu
1067 1208 1339 1268 conspectu
1369 1197 1486 1266 ejus
1513 1196 1568 1249 iu
1595 1195 1850 1249 charitate
1877 1194 2037 1265 (Eph.
2063 1208 2148 1256 ιιι,
2174 1191 2254 1263 4).

686 1297 818 1352 Cum
847 1308 977 1366 ergo
1009 1300 1156 1346 tanta
1187 1297 1241 1346 et
1269 1289 1393 1344 talis
1421 1303 1606 1353 causa,
1632 1301 1750 1358 quae
1775 1292 1859 1342 est
1885 1285 2066 1354 utique
2093 1297 2255 1338 causa

685 1385 925 1440 omnium
956 1384 1242 1444 bonorum,
1271 1379 1384 1434 sive
1411 1378 1465 1432 in
1496 1377 1810 1440 condendis,
1842 1376 1954 1431 sive
1985 1377 2038 1429 in
2069 1389 2258 1428 nume-

685 1475 870 1531 randis
913 1471 1181 1528 creaturis
1211 1469 1353 1534 suis,
1394 1469 1466 1524 sit
1510 1469 1664 1529 nobis
1709 1468 1911 1537 Optima
1956 1475 2012 1520 et
2053 1474 2256 1520 {eterna

685 1578 850 1620 causa
878 1563 1032 1617 bona;
1058 1559 1369 1620 voluntatis,
1401 1559 1715 1628 praecedens
1749 1573 1848 1613 nos
1875 1557 2044 1627 gratia
2075 1571 2170 1610 sua
2198 1562 2258 1610 ut

685 1657 826 1712 bene
859 1652 998 1708 velle
1043 1659 1098 1706 et
1139 1650 1276 1704 bene
1316 1663 1473 1720 agere
1515 1648 1804 1718 possimus,
1851 1646 2120 1717 quomodo
2155 1645 2259 1700 iste

687 1744 819 1799 dicit
852 1741 1053 1797 nullam
1094 1754 1312 1796 causam
1355 1739 1658 1808 praecedere
1697 1738 1892 1792 bonam
1925 1735 2255 1790 voluntatem

2359 580 2465 618 una
2494 565 2786 633 eademque
2812 563 3059 618 voluntas
3090 563 3287 617 mentis
3312 563 3418 616 alia
3451 574 3533 618 est
3556 581 3665 618 cum
3691 577 3843 623 natura-

2355 657 2478 712 liter
2499 656 2672 726 diligit
2694 657 2947 725 seipsam,
2970 654 3072 708 alia
3099 670 3220 709 cum
3244 655 3324 709 vel
3352 655 3522 726 gratia
3548 655 3709 724 adjuta
3728 659 3846 731 diligit

2356 747 2558 809 Deum,
2606 744 2687 799 vel
2732 745 2947 814 proprio
2975 743 3116 797 vitio.
3135 751 3390 812 corrupta
3433 744 3602 817 diligit
3639 747 3842 800 mundum.

2354 836 2471 890 Alia
2501 845 2585 890 est
2610 843 2787 889 autem
2817 843 2872 887 et
2901 834 3003 888 alia
3028 849 3131 888 non
3159 843 3386 897 naturai,
3405 834 3497 888 sed
3523 833 3846 892 aifectionisdi-

2353 931 2626 984 versitate.
2663 929 2729 983 Et
2754 929 2873 982 ideo
2894 937 3072 998 potest
3093 943 3214 984 esse
3236 937 3291 984 et
3311 929 3454 984 bona
3481 937 3534 984 et
3554 929 3702 999 mala,
3719 946 3834 988 secti

2353 1017 2480 1074 dum
2508 1032 2572 1074 ea
2598 1033 2718 1089 qua:
2745 1019 2918 1090 diligit
2944 1018 3024 1072 vel
3054 1019 3190 1073 bene
3216 1019 3300 1072 vel
3326 1019 3490 1074 male.

2965 1107 3194 1164 CAPUT
3230 1107 3320 1164 Vl.

2427 1197 2592 1254 Sexto
2617 1197 2853 1268 capitulo
2879 1198 3104 1254 deﬁnit:

2426 1292 2477 1345 l.
2510 1290 2731 1344 Nullum
2752 1299 3019 1360 peccatum
3043 1289 3343 1360 nullamque
3365 1290 3480 1361 ejus
3499 1306 3686 1361 panem
3703 1292 3851 1347 aliud:

2356 1382 2522 1445 nasci,
2547 1382 2647 1434 nisi
2671 1381 2884 1451 propria
2904 1381 3130 1435 hominis
3154 1380 3420 1436 voluntate
3442 1381 3598 1436 libero
3619 1381 3738 1437 male
3753 1394 3852 1436 utn-

2358 1471 2423 1524 tis
2449 1470 2689 1523 arbitrio.

2427 1559 2482 1613 2.
2522 1559 2588 1614 Et
2617 1559 2982 1614 stultissimum
3010 1576 3143 1625 esse,
3172 1559 3414 1616 dubitare
3436 1562 3706 1616 humanam
3728 1563 3852 1616 σοικα-
3930 1565 3931 1616 i

2357 1657 2524 1704 tatem
2543 1666 2652 1704 esse
2681 1649 2962 1703 secundum
2993 1659 3256 1708 naturam.
3700 1636 3704 1641 ”

2429 1737 2481 1792 5.
2512 1737 2624 1793 Nec
2643 1739 2874 1792 dubitari
2897 1756 3044 1809 posse
3063 1741 3230 1810 ipsam
3253 1742 3564 1796 rationalem
3585 1741 3852 1797 substantiam

687 1841 746 1888 et
767 1834 908 1887 bona
936 1844 1098 1900 opera
1127 1828 1356 1882 nostra?
1399 1835 1524 1891 aut,
1556 1827 1601 1880 si
1635 1825 1906 1895 praecedat
1933 1825 2047 1880 haec
2078 1823 2258 1892 aliqua
2286 1822 2334 1882 B
2360 1842 2489 1884 esse.

688 1939 852 1980 causa
879 1937 977 1992 per
1003 1935 1164 1990 quam
1193 1919 1342 1983 ﬁant,
1375 1917 1543 1986 ipsam
1572 1931 1788 1971 causam
1818 1919 1926 1969 non
1954 1928 2076 1968 esse
2102 1921 2259 1966 natu-

688 2030 808 2071 ram
834 2053 850 2079 ,
893 2026 1017 2067 cum
1061 2009 1401 2078 omnipotens
1445 2007 1606 2071 Deus,
1651 2006 1742 2075 qui
1788 2008 1940 2059 bona:
1966 2001 2259 2058 voluntatis

687 2103 845 2162 nobis
872 2109 1182 2164 estcausa,
1230 2097 1346 2168 ipse
1385 2096 1458 2151 sit
1501 2111 1613 2166 prae
1659 2095 1908 2151 omnibus
1951 2109 2158 2148 summa
2204 2099 2261 2147 et

688 2195 892 2266 optima
927 2199 1141 2246 natura.
1190 2187 1292 2256 Qui
1328 2203 1456 2258 ergo
1487 2203 1593 2242 non
1620 2186 1794 2242 credit
1828 2186 1968 2241 hanc
1994 2197 2259 2241 summam

688 2294 746 2340 et
772 2280 1201 2338 efﬁcacissimam
1230 2292 1450 2333 causam
1470 2317 1484 2340 ,
1526 2278 1880 2346 eamdemque
1909 2290 2174 2330 summam
2206 2281 2263 2329 et

689 2375 950 2447 optimam
983 2380 1230 2426 naturam
1270 2367 1581 2440 praecedere
1616 2367 1944 2421 voluntatem
1984 2373 2260 2431 nostram,

688 2474 751 2520 ut
775 2472 924 2519 recte
947 2461 1086 2517 velle
1122 2468 1178 2514 et
1216 2466 1364 2514 recte
1401 2457 1613 2527 operari
1653 2457 1946 2526 possimus,
1975 2453 2262 2509 manifeste

689 2553 898 2609 resistit
920 2548 1172 2614 veritati,
1211 2555 1269 2602 et
1302 2545 1574 2616 Pelagiani
1603 2545 1810 2600 erroris
1839 2559 1960 2600 esse
1987 2542 2264 2599 convinci-

687 2651 797 2699 tur.
848 2641 906 2698 Si
935 2641 1076 2697 enim
1105 2640 1221 2694 haec
1246 2637 1374 2692 felix
1401 2651 1563 2692 causa
1591 2651 1697 2690 non
1726 2636 2059 2706 praecederet
2083 2633 2261 2689 homi-

686 2750 819 2790 num
843 2733 1166 2793 voluntates,
1197 2728 1343 2784 nulla
1371 2736 1515 2784 esset
1544 2728 1947 2799 praedestinatio
1976 2729 2261 2792 bonorum,

688 2823 834 2878 nulla
869 2820 1168 2890 redemptio
1199 2819 1542 2881 miserorum,
1570 2817 1716 2872 nulla
1743 2817 2110 2873 remuneratio
2134 2831 2265 2888 ope-

689 2927 813 2966 rum
842 2911 1072 2980 piorum.

761 2999 845 3054 Ad
888 2997 1029 3054 mala
1069 3005 1248 3051 autem
1286 2997 1571 3068 cogitanda
1602 2996 1685 3052 vel
1722 2997 2002 3064 facienda,
2041 2998 2179 3052 absit
2207 3006 2267 3052 ttt

691 3091 810 3145 ιιωο
849 3103 1059 3144 summa
1103 3095 1159 3141 et
1201 3089 1401 3158 optima
1453 3103 1612 3142 causa
1653 3089 1982 3144 voluntatem
2027 3098 2264 3144 nostram

2431 1917 2541 1973 Has
2567 1927 2680 1974 tres
2710 1918 3049 1974 deﬁnitiones
3085 1933 3253 1989 quare
3290 1920 3562 1990 posuerit,
3603 1929 3652 1976 et
3681 1921 3782 1990 quid
3809 1935 3852 1974 ex

2360 2010 2441 2066 eis
2471 2009 2683 2066 edicere
2714 2009 2982 2074 voluerit,
3025 2025 3132 2064 non
3177 2011 3309 2065 satis
3355 2021 3604 2081 apparet,
3645 2013 3729 2066 nisi
3762 2011 3855 2064 forte

2360 2100 2486 2171 quia
2512 2099 2781 2170 praecipua
2810 2099 2930 2170 ejus
2957 2098 3186 2154 intentio
3213 2109 3296 2155 est
3335 2102 3388 2154 in
3426 2103 3664 2156 omnibus
3691 2101 3782 2154 istis
3800 2117 3856 2152 ar-

2361 2191 2873 2262 gumentationibus,
2894 2199 2953 2243 ut
2973 2189 3055 2244 vel
3081 2190 3310 2244 liberum
3335 2191 3614 2246 arbitrium
3636 2193 3854 2247 secundum

2360 2287 2608 2332 naturam
2641 2277 2912 2340 defendat,
2943 2278 3086 2347 quod
3116 2287 3200 2333 est
3227 2281 3414 2350 utique
3443 2281 3774 2350 Pelagianum,
3797 2289 3858 2333 aut

2359 2369 2888 2440 prtedestinationem
2910 2368 3039 2437 justi
3061 2368 3252 2438 judicii
3278 2372 3373 2426 Dei
3400 2382 3648 2441 quantum
3677 2373 3722 2426 in
3743 2380 3858 2426 secs!

2362 2461 2626 2524 destruat,
2654 2461 2795 2530 quod
2825 2470 2907 2514 est
2931 2459 3366 2515 Ciceroniannm.
3401 2462 3532 2518 Nam
3556 2463 3740 2525 Cicero,
3764 2462 3858 2516 sicut
3934 2477 3935 2486 η

2361 2551 2554 2606 beatus
2573 2549 2902 2619 Augustinus
2926 2549 2978 2604 in
3001 2549 3154 2604 libris
3176 2549 3242 2603 de
3261 2550 3493 2606 Civitate
3514 2553 3600 2606 Dei
3617 2548 3857 2621 (lib.v,c.9)

2363 2649 2776 2705 commemorat,
2807 2649 2863 2694 et
2891 2656 2958 2696 ex
2984 2640 3152 2710 ipsius
3177 2641 3458 2698 Ciceronis
3481 2644 3650 2698 verbis
3667 2640 3858 2699 ostendit,

2365 2735 2419 2790 in
2451 2742 2656 2789 tantum
2694 2740 2921 2788 conatus
2963 2741 3047 2787 est
3086 2733 3281 2787 divina:
3324 2735 3664 2804 providentiae
3693 2730 3858 2801 disposi-

2366 2827 2566 2882 tionem
2593 2839 2891 2890 evacuare,
2932 2832 2990 2878 ut
3024 2841 3128 2881 non
3167 2826 3338 2880 solum
3375 2827 3860 2898 prtedestinationem.

2365 2920 2459 2976 sed
2499 2919 2661 2973 etiam
2700 2916 3092 2987 prtescientiam
3141 2917 3232 2971 Dei
3270 2919 3494 2973 omnino
3537 2924 3759 2987 negaret,
3794 2911 3861 2964 in:

2366 3009 2520 3079 quasi
2553 3009 2760 3062 ratione
2789 3007 2976 3062 volens
3006 3005 3293 3062 defendere
3332 3007 3560 3062 liberum
3590 3004 3786 3061 hominis
3806 3015 3861 3053 ar-

2368 3099 2626 3154 bitrium:
2661 3105 2822 3166 atque
2861 3097 2933 3150 ita
2970 3096 3245 3150 auditores
3282 3112 3435 3162 suos,
3469 3097 3588 3152 dum
3615 3093 3713 3148 vult
3736 3091 3861 3146 facere

691 3179 998 3250 praecedat!
1034 3177 1299 3233 Praecedit
1325 3185 1500 3231 tamen
1536 3193 1654 3231 eam
1683 3192 1843 3232 causa
1873 3193 1976 3232 non
2004 3177 2260 3243 elliciens,
2290 3169 2334 3230 C
2366 3188 2586 3254 liberos,
2628 3187 2756 3244 [ερίι
2782 3187 3094 3256 sacrilegos.
3131 3187 3221 3256 qui
3253 3188 3323 3241 ίιε,
3355 3203 3417 3242 se
3444 3179 3862 3242 existimat-enub-

640 3281 644 3285 ‘
693 3271 792 3326 sed
829 3267 1110 3332 deﬁciens,
1155 3266 1207 3321 id
1236 3275 1319 3321 est
1345 3267 1540 3320 summi
1572 3267 1696 3320 boni
1726 3267 1978 3331 dcsertio,
2027 3276 2081 3321 et
2127 3265 2262 3322 infe-

691 3361 859 3418 rioris
898 3358 1176 3430 appetitio,
1221 3373 1344 3413 cum
1386 3358 1454 3412 ab
1485 3372 1667 3412 amore
1707 3357 1802 3413 Dei
1835 3359 2010 3411 anima
2050 3357 2261 3422 deﬁcit,

695 3463 752 3510 et
779 3468 844 3509 ea
874 3468 995 3522 qua:
1033 3460 1159 3506 sunt
1200 3448 1429 3505 inferius
1466 3449 1821 3519 concupiscit.
1872 3449 1952 3502 Ad
1988 3449 2100 3503 haec
2136 3463 2265 3518 ergo

699 3541 918 3612 delapsa
966 3540 1214 3594 humanae
1261 3546 1466 3590 naturae
1511 3536 1764 3591 voluntas
1812 3535 2041 3592 edicitur
2087 3535 2264 3603 mala,

695 3633 900 3690 nullam
939 3631 1099 3685 aliam
1142 3630 1345 3684 habens
1375 3644 1627 3694 causam,
1670 3629 1794 3698 quia
1825 3629 1963 3682 mala
1994 3629 2094 3692 sit,
2130 3630 2261 3690 nisi,

695 3730 757 3776 ut
783 3721 987 3776 dictum
1013 3727 1119 3782 est,
1147 3718 1411 3772 defectum
1443 3731 1474 3771 a
1503 3733 1712 3772 summo
1739 3719 1898 3773 bono.
1935 3717 2079 3772 Talis
2108 3733 2264 3771 nam-

691 3824 799 3882 que
827 3805 1071 3864 defectus
1093 3804 1402 3870 voluntatis,
1429 3815 1485 3860 et
1509 3805 1725 3877 angelos
1754 3804 1881 3860 fecit
1913 3806 2084 3860 malos
2110 3805 2268 3861 dese-

691 3907 875 3954 rentes
913 3895 1112 3958 Deum,
1160 3901 1218 3948 et
1261 3894 1534 3949 hominem
1565 3895 1813 3949 similiter
1840 3895 2041 3948 malum
2075 3895 2267 3949 iuobe-

693 3986 934 4042 dientem
973 3985 1105 4038 Deo.
1153 3981 1298 4037 Talis
1335 3991 1516 4037 autem
1553 3982 1794 4038 defectus
1831 3983 2117 4039 manifeste
2160 4000 2267 4040 non

693 4085 781 4132 est
809 4075 986 4144 aliqua
1017 4082 1242 4138 natura;
1281 4082 1364 4127 est
1395 4083 1572 4128 tamen
1600 4074 1768 4142 ipsius
1793 4075 1876 4129 vel
1909 4076 2155 4131 humana:
2185 4075 2268 4131 vel

697 4164 956 4236 angelicae
983 4172 1186 4218 natura:
1216 4162 1471 4217 deserens
1492 4163 1826 4228 Creatorem,
1857 4172 1912 4218 et
1935 4164 2174 4220 defluens
2201 4167 2268 4220 ad

694 4259 965 4330 seipsam,
996 4255 1080 4311 vel
1107 4255 1270 4310 etiam
1306 4256 1374 4309 ad
1403 4255 1640 4310 inﬁmam
1671 4265 2023 4312 creaturamx
2048 4258 2111 4312 Et
2157 4260 2269 4314 haec

697 4359 783 4406 est
809 4350 964 4418 origo
996 4347 1162 4402 totius
1191 4345 1344 4400 malae
1372 4345 1682 4414 voluntatis,
1719 4349 1878 4402 totius
1913 4365 2093 4418 pravae
2123 4353 2271 4422 cupi-

694 4441 882 4499 ditatis
910 4450 965 4495 et
989 4441 1187 4510 operis.
1242 4438 1380 4502 Sed,
1421 4441 1666 4508 quamvis
1697 4455 1800 4494 non
1832 4441 1902 4496 sit
1936 4443 2076 4499 Deus
2102 4461 2264 4500 causa

696 4532 858 4590 malis
884 4529 1251 4586 voluntatibus
1290 4529 1509 4594 nostris,
1558 4544 1660 4584 nec
1705 4531 1808 4585 ulla
1859 4542 2049 4587 natura
2094 4535 2271 4590 subsi-
2298 4513 2347 4571 D

696 4632 881 4688 stens,
929 4621 1024 4677 sed
1067 4628 1330 4675 creatura:
1379 4620 1658 4676 rationalis
1706 4622 1928 4678 allectus
1975 4625 2042 4678 ab
2084 4641 2268 4680 amore

696 4714 996 4772 conditoris
1023 4713 1299 4777 deﬁciens,
1331 4727 1435 4766 non
1464 4723 1641 4768 tamen
1671 4729 1774 4769 non
1813 4716 2013 4771 idcirco
2048 4734 2151 4772 non
2187 4727 2274 4773 est

694 4805 882 4874 judex,
911 4813 966 4858 et
986 4804 1178 4858 vindex
1205 4805 1439 4872 ipsarum
1461 4804 1838 4872 cogitationum
1869 4818 2192 4872 nostrarum,
2219 4818 2273 4864 et

694 4897 856 4966 justze
877 4893 1144 4955 vindictae,
1172 4908 1236 4948 ac
1254 4892 1441 4960 judicii
1470 4891 1550 4946 sui
1577 4895 1983 4961 praedestinator
2001 4906 2270 4963 internus;

698 4983 846 5056 quod
895 4983 997 5038 iste
1047 4983 1212 5038 tantis
1257 4982 1572 5052 ambagibus
1614 4993 1670 5038 et
1711 4989 2268 5055 argumentationibus

701 5087 971 5132 evacuare
993 5073 1290 5128 contendit.
1335 5070 1487 5138 Quod
1512 5089 1640 5129 vero
1667 5076 1881 5130 assidue
1912 5083 2059 5130 amat
2092 5078 2272 5134 dicere

703 5169 876 5238 ipsam
900 5164 1230 5220 voluntatem
1259 5179 1379 5220 esse
1402 5174 1683 5229 naturam,
1726 5167 1838 5235 jam
1883 5175 1937 5222 et
1978 5183 2137 5238 supra
2179 5169 2274 5225 ad-

703 5255 1012 5312 monuimus
1040 5253 1182 5323 quod
1209 5267 1276 5308 ex
1301 5253 1479 5310 verbis
1502 5255 1672 5309 sancti
1695 5255 1978 5325 Augustini
2006 5257 2162 5324 hujus
2188 5274 2276 5314 er-

700 5347 845 5405 roris
886 5345 1177 5415 sumpserit
1209 5346 1584 5410 occasionem;
1629 5346 1754 5400 dum
1784 5347 1926 5415 quod
1959 5345 2047 5400 ille
2079 5356 2275 5404 tractat

703 5441 770 5496 de
789 5438 1060 5500 voluntate
1081 5439 1278 5494 mentis
1296 5438 1563 5502 humanae,
1588 5452 1692 5506 qua
1713 5437 1884 5508 diligit
1902 5439 2272 5508 scmctipsam,

703 5548 824 5600 quae
843 5546 1057 5601 semper
1079 5531 1260 5601 utique
1279 5537 1363 5586 est
1382 5531 1518 5583 bona
1541 5529 1808 5599 diligendo
1829 5537 2073 5586 naturam
2097 5547 2272 5600 suam,

705 5640 805 5679 nec
849 5623 994 5679 aliud
1038 5623 1122 5679 vel
1167 5623 1326 5677 aliter
1369 5635 1491 5677 esse
1537 5631 1745 5690 potest,
1797 5623 1896 5678 iste
1943 5626 2277 5682 contentiose

707 5716 930 5773 omnino
956 5715 1212 5771 transfert
1241 5714 1307 5769 ad
1338 5729 1456 5768 eam
1485 5712 1817 5768 voluntatem
1848 5716 1914 5769 de
1943 5732 2045 5784 qua
2077 5718 2274 5786 agitur,

2365 3282 2568 3338 solutos
2597 3281 2678 3337 sui
2711 3281 2920 3335 arbitrii
2955 3279 3238 3343 libertate,
3283 3287 3344 3333 ut
3373 3280 3429 3334 in
3472 3279 3613 3335 nullo
3637 3269 3863 3331 essentob-

2367 3372 2512 3427 noxii
2553 3372 2747 3427 divina:
2791 3369 3210 3440 dispensationis
3253 3370 3600 3439 providentia:
3624 3365 3695 3420 vel
3719 3357 3864 3433 prude-

2367 3463 2682 3528 stinationi;
2735 3472 2996 3531 negantes
3026 3461 3166 3525 Deo,
3213 3462 3356 3531 quod
3396 3476 3602 3518 summe
3627 3474 3685 3512 ac
3708 3449 3864 3524 proprie

2367 3552 2458 3606 Dei
2491 3561 2602 3614 est,
2637 3552 2687 3604 id
2715 3560 2799 3605 est
2825 3550 3219 3621 praescientiam
3252 3551 3496 3606 omnium
3527 3543 3864 3603 futurorutn,el

2366 3644 2894 3714 prmdestinationem
2919 3644 3330 3714 dispositionum
3360 3659 3600 3700 suarum.
3628 3637 3758 3708 Quod
3779 3629 3865 3702 ςυίά

2365 3741 2450 3788 est
2478 3733 2622 3786 aliud
2656 3733 2859 3799 dicere,
2893 3748 3056 3802 quam
3083 3733 3249 3786 Deum
3281 3748 3386 3788 non
3420 3751 3540 3790 esse
3565 3727 3750 3787 Deum?
3775 3734 3864 3792 quo-

2367 3826 2527 3879 modo
2573 3825 2718 3879 enim
2746 3840 2871 3880 vere
2912 3826 3053 3880 Deus
3089 3832 3199 3887 est,
3230 3825 3321 3894 qui
3355 3826 3556 3879 nullam
3596 3822 3738 3876 habet
3776 3824 3863 3883 pm

2369 3914 2650 3969 scientiam
2681 3914 3024 3969 futurorum?
3045 3913 3197 3980 Quod
3218 3923 3274 3968 et
3302 3929 3448 3969 nunc
3473 3913 3618 3968 valde
3644 3901 3867 3963 timendum

2368 4011 2425 4058 et
2448 4003 2746 4059 cavendum
2776 4011 2860 4058 est
2898 4019 2987 4067 ne,
3036 4019 3134 4072 per
3173 4002 3545 4070 hujuscemodi
3572 3994 3869 4056 contentiones

2367 4104 2423 4150 et
2455 4095 2887 4150 concertationes
2912 4134 2928 4160 ,
2975 4095 3101 4148 dum
3147 4094 3201 4148 in
3243 4104 3398 4164 parte
3427 4091 3728 4163 suscipimus
3759 4089 3802 4134 et
3833 4078 3868 4128 ill

2368 4196 2521 4257 parte
2542 4200 2797 4256 negamus
2832 4184 3358 4254 przedestinationcm
3385 4182 3767 4255 dispositionum
3789 4167 3869 4224 Dei,

2371 4279 2614 4331 volentes
2641 4278 2884 4330 homines
2925 4277 3078 4344 quasi
3103 4277 3286 4331 facere
3325 4277 3544 4342 liberos,
3569 4272 3792 4328 faciamus
3811 4274 3870 4313 SI-

2371 4368 2620 4438 crilegos.
2646 4366 2781 4433 Quia
2807 4375 2863 4420 et
2893 4367 2996 4420 hoc
3037 4366 3222 4436 utique
3266 4368 3332 4420 ad
3364 4368 3526 4423 ﬁdem
3553 4370 3763 4420 nostram
3788 4363 3872 4421 P9"

2373 4459 2530 4521 tinet,
2553 4465 2614 4510 ut
2635 4456 3163 4526 praedestinationem
3185 4457 3303 4521 Dei,
3325 4473 3446 4527 quas
3469 4457 3645 4524 utique
3663 4449 3783 4517 ius“
3798 4445 3869 4496 δεῖν

2376 4549 2429 4601 in
2461 4557 2747 4617 utramque
2778 4556 2984 4615 partem
3018 4547 3230 4616 plenam
3274 4555 3330 4602 et
3361 4547 3642 4616 perfectam
3670 4548 3771 4594 esse
3791 4539 3868 4623 σνς’

2375 4636 2584 4692 damus.
2610 4636 2763 4704 Quod
2784 4637 2908 4706 quia
2935 4644 3124 4692 contra
3155 4634 3311 4690 ﬁdem
3341 4645 3442 4700 est,
3475 4636 3518 4690 si
3548 4636 3772 4700 negetur,
3797 4625 3872 4670 uu-

2376 4742 2480 4795 que
2507 4727 2827 4797 sacrilegum
2860 4735 2962 4782 est.
2992 4724 3125 4792 Quia
3153 4739 3302 4795 ergo,
3345 4735 3405 4780 ut
3431 4725 3674 4782 diximus,
3697 4709 3870 4770 maxima

2379 4816 2538 4883 hujus
2569 4817 2796 4872 intentio
2816 4826 2927 4882 est,
2959 4816 3044 4872 vel
3071 4815 3298 4872 liberum
3341 4815 3618 4871 arbitrium
3645 4798 3874 4894 sesami“?

2376 4915 2626 4959 naturam
2671 4905 2990 4970 defendere,
3039 4904 3124 4958 vel
3163 4905 3678 4975 pmdestinationem
3709 4887 3876 4962 ,Ῑυεῑὶιίπ

2375 4993 2468 5048 Dei
2495 5008 2559 5047 ex
2591 4993 2809 5047 dimidia
2833 5001 2987 5062 parte
3007 5008 3228 5063 negare,
3252 4995 3426 5063 potuit
3453 5003 3508 5050 et
3534 4994 3626 5047 has
3651 4997 3748 5041 tres
3763 4986 3877 5067 are“:

2377 5083 2734 5138 mentationes
2783 5083 2930 5138 velut
2991 5083 3047 5138 in
3096 5082 3473 5140 defensionem
3529 5077 3670 5136 liberi
3722 5066 3874 5124 arbitr"

2374 5187 2598 5243 ponere.
3829 5242 3836 5252 ⁸

2449 5265 2601 5333 Quod
2647 5281 2774 5335 ergo
2812 5267 2909 5334 ait,
2953 5265 3173 5321 Nullum
3215 5277 3482 5336 peccatum
3512 5261 3779 5323 nullamque
3799 5253 3877 5310 (1³⁸⁵

2377 5373 2579 5425 paruam
2610 5357 2822 5412 aliunde
2847 5360 3011 5423 nasci,
3059 5359 3159 5412 nisi
3199 5359 3412 5428 propria
3443 5352 3652 5411 hominis
3680 5339 3877 5426 volutus“

2380 5445 2540 5499 libero
2571 5448 2704 5501 male
2742 5449 2930 5502 utentis
2954 5449 3192 5512 arbitrio,
3216 5462 3399 5502 verum
3425 5455 3505 5503 est
3541 5439 3754 5511 quidem,
3789 5429 3876 5490 qu“

2382 5535 2620 5592 hominis
2639 5539 2853 5608 pr0pria
2879 5538 3154 5593 voluntate
3179 5538 3524 5593 commissum
3543 5539 3623 5588 est
3639 5520 3875 5608 peccatum,

2383 5636 2438 5682 et
2464 5629 2671 5696 peccati
2698 5630 2891 5684 merito
2915 5640 3200 5685 consecuta
3227 5638 3311 5684 est
3352 5643 3507 5699 pmna
3537 5615 3743 5694 peccati,
3762 5605 3802 5699 id
3822 5601 3878 5693 cf"

2386 5732 2554 5784 mors,
2587 5719 2799 5774 miseria
2853 5730 2906 5776 et
2947 5720 3284 5790 supplicium.
3334 5719 3388 5774 In
3427 5721 3525 5775 hoc
3565 5721 3724 5768 tamen
3757 5694 3876 5766 plur"
