4050 6302
204 378 312 439 ιιι

1198 378 1401 437 LIBER
1435 373 1807 436 ADVERSUS
1839 373 2154 432 JOANNEM
2190 372 2487 433 SCOTUM.

205 515 360 555 mum
388 496 555 553 distat
581 495 722 552 inter
748 502 1027 565 peccatum
1052 503 1109 548 et
1134 508 1350 564 poenam
1386 493 1618 565 peccati,
1639 490 1783 563 quod
1811 492 1861 553 Α
1884 488 2076 543 vitium
2098 496 2325 554 naturae,
2349 489 2443 544 sed
2462 487 2636 544 virtus
2651 501 2720 544 ex
2743 486 2936 545 dlvinm
2955 487 3141 565 gratiae
3163 487 3455 563 infuslone,

202 596 494 659 peccatum
522 585 652 639 illud
676 585 823 639 solus
868 585 1031 640 homo
1061 583 1218 651 fecit;
1259 585 1468 654 peccati
1497 598 1625 639 vero
1668 597 1784 654 poe-

205 692 339 732 nam
363 684 420 731 et
447 675 563 745 ipse
594 675 810 739 meruit,
837 684 892 729 et
916 675 1058 731 Deus
1086 674 1233 745 iuste
1252 675 1543 744 iudicando
1568 674 1781 731 inﬂixit.

204 765 281 819 Et
307 765 433 819 ideo
484 763 576 817 tali
622 765 1094 834 argumentatione
1133 780 1472 835 nequaquam
1513 767 1787 822 concludit

198 855 296 911 vel
345 856 583 912 ostendit
622 856 725 911 iste
767 856 912 926 quod
962 855 1096 922 vult,
1145 857 1394 913 videlicet
1433 858 1590 927 quasi
1638 858 1784 913 nulla

199 960 370 1018 parua
395 947 624 1017 peccati,
650 946 794 1001 nulla
818 947 1054 1012 miseria,
1078 948 1283 1003 nullum
1304 948 1643 1019 supplicium,
1665 965 1785 1019 qua:

198 1037 561 1106 peccantibus
596 1037 927 1108 irrogantur,
957 1054 987 1093 a
1021 1040 1131 1093 Deo
1158 1040 1286 1094 sint.
1316 1040 1381 1095 Et
1409 1041 1529 1096 ideo
1560 1058 1666 1098 non
1689 1057 1787 1112 po-

204 1128 382 1184 tuisse
407 1142 440 1181 a
466 1127 576 1182 Deo
596 1128 966 1198 przedestinari
997 1130 1303 1201 iniquorum
1336 1140 1538 1188 aeterna
1579 1134 1786 1204 suppli-

198 1219 293 1275 cia
319 1238 333 1274 :
363 1220 490 1288 quia
518 1219 587 1274 ab
608 1220 726 1289 ipso
753 1235 859 1275 non
879 1229 1026 1285 sunt,
1071 1222 1211 1277 sicut
1234 1230 1536 1292 peccatum,
1565 1223 1640 1279 ita
1684 1237 1786 1279 nec

200 1311 551 1381 supplicium.
582 1311 739 1377 Cum,
771 1312 912 1367 sicut
926 1310 1041 1380 jam
1068 1328 1228 1382 supra
1254 1316 1610 1380 ostendimus,
1632 1330 1811 1386 aper:

203 1403 417 1459 tissime
440 1411 627 1458 contra
655 1402 800 1458 hunc
824 1417 1066 1460 errorem
1106 1403 1388 1475 Scriptura
1414 1404 1609 1462 clamet
1634 1423 1649 1462 :
1681 1405 1787 1463 Bo-

204 1508 277 1546 na
317 1501 367 1546 et
403 1490 581 1555 mala,-
612 1492 717 1546 vita
755 1501 804 1545 et
850 1508 1025 1558 mors;
1069 1505 1350 1565 paupertas
1377 1504 1427 1550 et
1473 1495 1716 1550 honestas
1751 1513 1787 1550 a

202 1582 319 1634 Deo
337 1590 459 1635 sunt
488 1578 677 1649 (δοριξ.
708 1596 796 1647 st,
834 1580 945 1653 ll).
987 1581 1105 1638 Non
1149 1584 1333 1655 utique
1364 1584 1452 1640 illa
1495 1586 1655 1652 mala,
1684 1587 1785 1642 ho-

204 1669 384 1724 mines
410 1672 707 1740 peccando,
731 1682 787 1726 et
807 1672 990 1743 inique
1012 1674 1242 1747 agendo,
1266 1677 1631 1742 committunt,
1652 1691 1786 1749 quo-

208 1774 333 1814 rum
368 1761 589 1816 omnino
624 1770 819 1817 auctor
851 1763 994 1820 Deus
1038 1780 1145 1821 non
1194 1772 1319 1828 est;
1374 1766 1469 1821 sed
1514 1767 1621 1833 illa,
1664 1781 1783 1838 qua:

1883 582 2075 637 vitium
2093 596 2160 638 ex
2180 581 2413 653 propriae
2429 581 2719 638 voluntatis
2735 580 3139 652 depravatione.
3162 583 3231 638 Et
3251 584 3353 641 hoc
3371 591 3457 640 est

1882 672 2111 728 liberum
2137 673 2386 728 humana:
2409 673 2606 728 mentis
2631 671 2945 737 arbitrium,
2975 688 3099 728 cum
3129 675 3196 728 ad
3226 674 3336 736 illa.
3365 673 3457 732 vel

1883 763 1975 819 illa
2003 765 2297 835 appetenda
2326 763 2551 819 allectus
2576 765 2809 821 hominis
2837 766 3148 821 inclinatur.
3181 766 3283 834 Qui
3314 766 3455 823 επο-

1883 861 2005 910 ctus
2042 870 2142 911 nec
2165 864 2320 911 extra
2350 865 2599 911 naturam
2628 865 2742 924 est,
2767 852 2893 928 quia
2923 859 2974 913 in
3006 866 3289 929 utramque
3318 873 3448 929 par-

1885 951 1992 998 tem
2016 953 2311 1014 spontanea
2341 947 2611 1001 voluntate
2635 958 2903 1014 movetur,
2930 965 3032 1006 nec
3064 960 3246 1007 tamen
3283 950 3453 1009 solius

1884 1042 2090 1091 natura:
2116 1044 2232 1101 est;
2265 1037 2361 1092 sed
2390 1045 2448 1091 ut
2460 1038 2528 1093 ad
2549 1038 2693 1093 bona
2722 1048 3019 1106 moveatur,
3042 1041 3221 1096 divina
3246 1044 3452 1097 excitae

1884 1131 1992 1188 tur,
2022 1134 2078 1181 et
2098 1126 2274 1197 agitur
2291 1126 2496 1198 gratia;
2529 1135 2589 1182 ut
2618 1143 2749 1183 vero
2773 1131 2840 1183 ad
2868 1130 3030 1196 mala,
3053 1134 3269 1203 propria
3296 1133 3450 1203 cupi-

1884 1211 2051 1268 ditate
2075 1216 2413 1284 depravatur.
2440 1216 2594 1284 Quod
2622 1217 2744 1274 ideo
2769 1219 2822 1274 in
2854 1221 2957 1276 hoc
2986 1221 3106 1278 loco
3132 1221 3371 1277 breviter
3396 1230 3456 1280 et

1883 1300 2171 1374 diligenter
2185 1344 2201 1370 ,
2222 1314 2383 1377 prout
2405 1308 2675 1376 potuimus
2691 1349 2708 1375 ,
2742 1311 3220 1369 demonstrandum
3240 1314 3456 1385 putavi-

1884 1407 2024 1457 mus,
2047 1402 2107 1448 ut
2131 1396 2366 1451 scienter
2391 1397 2731 1456 discernatur
2747 1410 2804 1457 et
2828 1403 3153 1474 intelligatur
3177 1420 3337 1475 quam
3358 1406 3461 1463 ab-

1883 1484 2046 1538 surde
2083 1492 2140 1540 et
2186 1485 2447 1543 fallaciter
2475 1490 2778 1546 naturalem
2822 1495 3196 1551 tantummodo
3235 1497 3449 1555 arbitrii

1882 1569 2185 1629 libertatem
2209 1573 2311 1631 iste
2330 1576 2527 1647 ubique
2553 1594 2800 1635 asserere
2839 1590 3096 1646 conetur,
3126 1593 3347 1653 propter
3389 1585 3456 1640 il-

1884 1662 1992 1718 lam
2021 1665 2226 1721 scilicet
2254 1667 2502 1725 humanae
2527 1671 2724 1726 mentis
2753 1671 3081 1729 voluntatem
3099 1714 3115 1739 ,
3145 1690 3253 1744 qua
3290 1684 3450 1731 natu-

1884 1754 2073 1810 raliter
2098 1756 2269 1826 diligit
2296 1758 2545 1828 seipsam.
2582 1760 2694 1817 Nec
2716 1763 2974 1827 attendit,
3000 1772 3093 1819 aut
3113 1772 3264 1820 certe
3289 1765 3452 1821 dissi-

200 1857 428 1919 propter
471 1858 693 1919 peccata
722 1852 1031 1910 hominibus
1066 1854 1216 1927 justo
1263 1853 1357 1910 Dei
1390 1852 1595 1923 judicio
1641 1857 1779 1913 ἱιιι-ο.
1805 1844 1855 1906 Β
1879 1846 2070 1914 mulat,
2094 1848 2225 1903 nihil
2247 1851 2313 1903 ad
2337 1849 2638 1919 huiusmodi
2661 1854 2990 1909 voluntatem
3009 1857 3304 1924 pertinere,
3326 1871 3450 1912 cum

200 1951 422 2010 gantur,
457 1942 596 1996 sicut
617 1942 808 2008 fames,
833 1944 1033 2010 caedes,
1058 1945 1400 2011 hostilitates,
1427 1947 1778 2015 vastationes,

200 2038 262 2085 et
308 2039 521 2085 castum
563 2047 837 2098 aerumnae,
878 2042 939 2089 et
961 2033 1179 2089 clades:
1217 2035 1284 2091 de
1308 2035 1502 2106 quibus
1530 2044 1585 2091 et
1616 2035 1783 2093 Amos

199 2121 468 2189 propheta
496 2121 628 2176 dicit
657 2137 672 2175 :
717 2121 779 2177 Si
808 2124 903 2177 erit
938 2124 1132 2180 malum
1166 2126 1223 2180 iu
1263 2127 1468 2181 civitate
1497 2126 1637 2196 quod
1674 2127 1781 2182 Do-

198 2213 377 2265 minus
418 2213 542 2283 non;
569 2212 689 2281 fecit
718 2212 911 2284 (Amos
951 2229 1049 2281 tu,
1092 2213 1182 2285 6).
1232 2214 1298 2271 Et
1360 2217 1474 2286 ipse
1518 2216 1780 2272 Dominus

195 2315 301 2371 per
324 2301 519 2357 Isaiam
541 2304 857 2372 prophetam
886 2303 961 2358 ait
986 2317 1002 2357 :
1039 2303 1153 2375 Ego
1185 2304 1437 2361 Dominus
1466 2305 1667 2375 faciens
1688 2323 1779 2377 pa-

198 2408 313 2448 cem
341 2431 359 2458 ,
394 2401 443 2446 et
484 2408 666 2447 creans
710 2393 907 2447 malum
940 2392 1095 2465 (lsa.
1126 2410 1251 2461 xcv,
1295 2395 1388 2466 7).
1420 2395 1575 2451 Unde
1622 2407 1676 2453 ct
1712 2399 1780 2453 de

197 2482 403 2538 talibus
445 2482 602 2538 malis
643 2483 965 2553 quibusdam
1000 2486 1365 2541 comminatur
1414 2487 1599 2543 dicens
1640 2502 1655 2541 :
1711 2487 1779 2543 Et

191 2572 464 2627 adducam
488 2588 645 2642 super
669 2590 766 2628 eos
800 2574 968 2639 mala,
1004 2591 1201 2629 annuat
1238 2577 1552 2631 uisitationis
1594 2593 1776 2633 eorum

193 2661 338 2732 (Jer.
371 2676 449 2725 ιι,
466 2660 581 2730 23).
604 2660 674 2717 Et
698 2661 893 2717 iterum
918 2680 932 2716 :
964 2662 1293 2737 Congregabo
1313 2682 1468 2735 super
1484 2682 1571 2721 eos
1588 2667 1732 2722 mala
1755 2707 1773 2735 ,

190 2760 248 2805 et
287 2752 509 2821 sagittas
532 2768 674 2806 meas
714 2740 975 2824 complebo
1017 2755 1075 2808 in
1102 2757 1176 2809 eis
1214 2755 1394 2827 (Deut.
1436 2773 1612 2823 xxx",
1656 2757 1772 2830 23).

197 2837 333 2909 Qua:
368 2840 549 2894 omnia
580 2841 721 2895 Deus
749 2856 938 2897 creare
959 2842 1176 2909 dicitur,
1207 2860 1314 2899 uou
1342 2846 1496 2914 quasi
1540 2848 1773 2917 aliquam

199 2939 455 2984 naturam
485 2932 796 2997 condendo;
842 2934 936 2988 sed
961 2949 1023 2988 ea
1042 2933 1191 3002 justo
1231 2950 1330 2991 suo
1351 2936 1558 3007 judicio
1586 2939 1774 2996 decer-

194 3023 399 3088 nendo,
445 3023 797 3090 instituendo,
845 3035 901 3080 et
937 3025 1236 3083 inferendo.
1275 3027 1557 3096 Quomodo
1591 3039 1772 3087 autem

1884 1935 1951 1990 de
1974 1936 2142 1992 libero
2159 1938 2383 1995 arbitrio
2395 1940 2605 2011 agitur;
2628 1943 2721 1998 sed
2744 1944 2810 1998 ad
2833 1944 2976 1998 illam
2997 1960 3118 2015 quas
3137 1946 3244 2001 alio
3269 1947 3453 2009 modo,

1883 2023 1986 2079 alia
2014 2025 2320 2092 aii'ectione,
2345 2028 2427 2083 vel
2451 2029 2518 2084 ad
2544 2028 2684 2086 bona
2710 2031 2976 2102 diligenda
2996 2034 3078 2089 vel
3098 2035 3168 2089 ad
3194 2034 3333 2090 mala
3359 2051 3456 2106 pe-

1884 2116 2044 2170 tenda
2065 2155 2081 2181 ,
2112 2127 2205 2172 aut
2228 2117 2409 2174 divina
2436 2121 2608 2190 gratia
2636 2120 2817 2192 adiuta
2842 2131 2935 2177 aut
2965 2139 3063 2179 suo
3090 2125 3225 2180 vitio
3255 2126 3450 2195 depra-

1883 2214 2005 2259 vata
2032 2216 2295 2261 movetur.
2330 2209 2406 2263 Ac
2432 2223 2531 2279 per
2551 2211 2655 2266 hoc
2681 2212 3027 2269 manifestum
3053 2223 3138 2270 est
3165 2217 3308 2286 quod
3333 2216 3451 2286 ejus

1884 2306 1994 2350 tam
2033 2298 2365 2353 contentiosa
2406 2308 2462 2353 et
2498 2301 2750 2370 pervicax
2790 2302 3042 2369 intentio,
3080 2309 3185 2375 qua
3221 2304 3452 2361 liberum

1881 2386 2173 2441 arbitrium
2214 2388 2530 2443 naturaliter
2561 2389 2847 2447 defendere
2869 2403 3128 2459 conatur,
3160 2395 3446 2451 manifeste

1879 2488 2030 2531 cassa
2054 2484 2110 2531 et
2134 2476 2417 2533 irrita-est.
2445 2477 2609 2546 Quia,
2638 2479 2766 2536 licet
2810 2481 2865 2536 in
2900 2492 3095 2537 natura
3124 2485 3358 2540 hominis
3391 2493 3451 2541 et

1878 2563 2158 2620 voluntate
2202 2565 2451 2622 humana:
2496 2570 2691 2624 mentis
2732 2569 2961 2626 liberum
2998 2573 3265 2628 consistat
3304 2575 3451 2631 arbi-

1876 2658 2455 2724 trium,etnaturaliter
2481 2661 2678 2717 habeat
2702 2678 2861 2733 posse
2880 2663 3081 2718 bonum
3105 2665 3262 2732 velle,
3292 2680 3454 2735 posse

1877 2756 2024 2805 recte
2043 2748 2251 2815 vivere,
2280 2764 2440 2819 posse
2464 2751 2616 2806 beate
2642 2767 2796 2817 esse;
2834 2762 3036 2819 tamen,
3064 2765 3125 2809 ut
3152 2754 3325 2825 ipsum
3349 2757 3447 2811 bo-

1877 2851 2005 2892 num
2029 2836 2174 2903 velit,
2197 2847 2257 2892 ut
2273 2849 2416 2894 recte
2438 2839 2599 2903 vivat,
2623 2849 2681 2894 ut
2698 2841 2856 2896 beata
2876 2840 3002 2909 ﬁat,
3020 2858 3127 2898 non
3159 2843 3325 2900 habet
3372 2860 3442 2900 ex

1872 2942 1976 2984 sua
2023 2930 2257 2996 virtute,
2307 2931 2403 2987 sed
2456 2946 2525 2987 ex
2577 2931 2687 2988 sola
2715 2932 2909 2989 divina:
2963 2935 3149 3006 gratia:
3166 2934 3438 3006 largitate.

1872 3072 1879 3077 .
1948 3019 2056 3078 Sed
2092 3025 2219 3095 quia
2255 3024 2356 3079 iste
2400 3023 2492 3079 tali
2530 3028 2992 3097 argumentatione
3028 3043 3129 3083 nos
3166 3039 3448 3085 coarctare

194 3125 357 3172 recte
379 3116 707 3187 distinguere
755 3125 811 3172 et
841 3116 1137 3189 intelligere
1160 3119 1450 3177 debeamus
1476 3123 1770 3178 secundum
1818 3186 1843 3189 _
1875 3113 2010 3179 Vult,
2056 3123 2116 3169 ut
2143 3124 2237 3169 aut
2273 3115 2508 3171 divinam
2550 3118 3073 3188 praedestinationem
3112 3134 3185 3174 ex
3222 3119 3445 3175 dimidia

194 3207 347 3261 hunc
372 3186 619 3273 sensum,
648 3208 791 3276 quod
815 3208 959 3263 Deus
998 3186 1220 3266 mortem
1256 3228 1361 3267 non
1386 3212 1509 3282 fecit
1539 3213 1694 3285 (Sep.
1726 3230 1766 3280 t,

1875 3211 2027 3272 parte
2050 3218 2304 3274 negemus
2323 3244 2340 3269 ,
2364 3213 2459 3259 aut
2491 3186 2733 3261 eamdem
2766 3207 3292 3277 praedestinationem
3318 3223 3447 3278 per-

194 3295 312 3366 45).
343 3296 409 3350 Et
429 3305 606 3355 tamn
634 3315 773 3352 mors
811 3316 845 3352 a
866 3298 975 3354 Deo
1007 3309 1094 3355 est
1124 3300 1296 3372 (Eccl.
1327 3318 1404 3368 υ,
1431 3304 1541 3374 ll).
1574 3304 1775 3363 Claris—

192 3384 339 3440 sime
359 3385 549 3440 beatus
574 3387 909 3457 Augustinus
946 3389 1166 3459 exponit
1189 3398 1244 3446 et
1268 3393 1504 3448 ostendit
1540 3394 1726 3451 dicens
1750 3412 1770 3451 :

190 3475 433 3547 ilustum
461 3476 554 3532 Dei
574 3476 835 3545 judicium
858 3488 1028 3536 estut
1053 3490 1279 3552 peccato
1304 3498 1404 3539 suo
1417 3486 1653 3556 quisque
1679 3502 1775 3558 pe-

194 3574 339 3631 reat,
364 3581 485 3620 cum
508 3578 789 3637 peccatum
818 3570 960 3625 Deus
998 3587 1104 3626 non
1147 3572 1332 3639 faciat,
1365 3576 1508 3630 sicut
1545 3585 1601 3630 et
1626 3591 1773 3634 mor-

191 3669 307 3715 tem
331 3675 436 3714 non
459 3658 605 3715 fecit.
633 3661 701 3716 Et
728 3670 905 3718 tamen
930 3679 1088 3733 quem
1120 3675 1293 3721 morte
1317 3667 1535 3738 dignum
1563 3679 1768 3735 censet,

182 3752 411 3806 occidit.
443 3750 598 3807 Unde
622 3751 818 3823 legitur
844 3753 983 3809 Deus
1020 3766 1237 3812 mortem
1261 3773 1363 3812 non
1405 3757 1548 3828 fecit.
1576 3760 1645 3815 Et
1687 3761 1769 3817 le-

184 3843 343 3914 gitur
369 3859 383 3895 :
411 3841 556 3897 Mors
581 3852 631 3897 et
654 3845 759 3898 vita
782 3862 816 3898 a
836 3844 946 3900 Deo
969 3856 1066 3901 est.
1091 3847 1220 3913 Quae
1241 3847 1349 3903 duo
1368 3864 1473 3904 non
1497 3864 1617 3905 esse
1634 3850 1772 3905 inter

189 3948 255 3988 se
278 3933 555 3989 contraria
578 3932 822 4004 profecto
848 3936 996 3991 videt
1021 3937 1267 4008 quisquis
1295 3940 1364 3995 ab
1392 3940 1646 4011 operibus
1687 3942 1773 3996 di-

186 4021 554 4092 vinisjudicia
584 4024 763 4080 divina
786 4024 1066 4082 discernit.
1089 4026 1225 4094 Quia
1253 4028 1398 4085 aliud
1424 4039 1513 4087 est
1533 4031 1770 4087 creando

188 4127 305 4168 non
352 4112 650 4168 instituisse
679 4113 981 4178 mortalem,
1026 4115 1175 4171 aliud
1204 4116 1500 4188 iudicando
1535 4119 1770 4191 plectere

188 4203 587 4276 peccatorem.]

267 4293 421 4361 Quod
441 4303 623 4349 autem
653 4292 929 4366 subiungit
949 4295 1055 4352 iste
1075 4335 1093 4363 ,
1117 4305 1174 4353 et
1191 4297 1322 4354 dicit
1344 4316 1360 4353 :
1388 4298 1769 4357 Stultissimum

188 4386 1773 4448 andabﬂmhmmuolmemmm

188 4490 463 4533 naturam.
509 4478 704 4534 Verum
734 4490 819 4534 est
862 4480 1079 4550 quidem
1112 4483 1254 4551 quod
1282 4484 1526 4539 voluntas
1574 4485 1770 4541 anima:

185 4566 480 4622 rationalis
521 4568 810 4621 secundum
839 4577 1088 4624 naturam
1121 4569 1256 4624 etin
1282 4579 1471 4625 natura
1499 4580 1584 4628 est
1620 4573 1765 4644 ejus-

188 4660 320 4712 dem
362 4657 553 4712 auimae
581 4658 885 4725 rationalis;
921 4659 1013 4715 sed
1035 4699 1053 4725 ,
1082 4661 1224 4716 sicut
1248 4677 1391 4731 saepe
1410 4661 1524 4730 jam
1562 4663 1763 4720 dictum

182 4755 302 4810 est,
329 4746 517 4801 eadem
540 4746 654 4816 ipsa
688 4747 948 4801 naturalis
972 4734 1217 4803 voluntas
1234 4749 1393 4804 aliter
1424 4751 1765 4819 intelligenda

184 4847 279 4892 est
304 4852 428 4892 cum
462 4850 522 4891 se
549 4836 661 4891 vult
688 4845 744 4893 et
781 4837 970 4908 diligit,
1009 4847 1065 4894 et
1090 4841 1158 4895 ad
1198 4856 1257 4896 se
1301 4841 1551 4909 refertur,
1600 4858 1763 4914 quam

188 4939 359 4980 nemo
395 4923 604 4979 dubitat
626 4940 838 4994 semper
857 4927 1175 4983 naturaliter
1207 4928 1399 4984 bonam
1431 4946 1585 4997 esse;
1609 4933 1767 4987 aliter

186 5029 328 5070 van
350 5029 475 5070 cum
495 5015 578 5069 vel
599 5016 878 5071 Dominum
902 5017 987 5087 pie
1011 5019 1200 5090 diligit,
1228 5020 1311 5074 vel
1337 5036 1586 5090 perverse
1613 5039 1768 5078 umn—

186 5102 348 5168 dum,
370 5111 427 5157 et
453 5104 520 5158 ad
541 5119 604 5158 ea
633 5103 864 5160 refertur
880 5122 999 5175 qua:
1026 5108 1111 5161 vel
1137 5124 1301 5178 supra
1329 5124 1410 5173 se,
1440 5110 1522 5163 vel
1544 5110 1683 5164 infra
1706 5128 1769 5169 se

187 5191 394 5263 diligit.
432 5192 501 5247 Et
536 5193 655 5248 ideo
673 5192 788 5263 jam
821 5197 942 5252 talis
980 5196 1257 5265 voluntas,
1300 5215 1406 5254 nou
1429 5201 1503 5254 ad
1534 5211 1765 5257 mentem

190 5298 357 5338 suam
391 5296 515 5336 cum
546 5285 861 5341 naturaliter
886 5286 1061 5354 inest;
1089 5289 1183 5343 sed
1207 5291 1274 5344 ad
1303 5289 1446 5345 aliud
1479 5290 1563 5346 vel
1602 5290 1764 5357 aliud,

188 5374 343 5446 quod
370 5381 520 5429 extra
543 5376 895 5433 substantiam
913 5386 998 5433 est
1019 5379 1208 5445 relata,
1229 5389 1405 5449 potest
1423 5396 1542 5437 esse
1561 5383 1768 5438 etbona

190 5474 250 5518 et
280 5464 456 5529 mala,
498 5479 604 5519 non
649 5474 854 5530 natura,
900 5468 993 5523 sed
1036 5468 1319 5526 allectioue
1353 5472 1642 5528 :videlicet
1676 5481 1767 5527 aut

192 5564 345 5610 recte
384 5556 659 5625 superiora
700 5556 989 5627 diligendo,
1029 5560 1224 5627 quibus
1264 5561 1633 5629 beatiﬁcatur;
1674 5573 1769 5618 aut

191 5662 363 5716 prave
405 5642 704 5718 appetendo
742 5651 993 5708 inferiora
1015 5695 1029 5719 ,
1060 5656 1255 5725 quibus
1295 5658 1676 5728 corrumpitur.
1708 5658 1765 5713 In

195 5756 300 5807 qua
340 5755 401 5795 rc
429 5756 535 5794 non
559 5737 672 5808 jam
695 5752 779 5797 est
801 5742 912 5799 sola
940 5753 1165 5811 natura;
1198 5747 1295 5803 sed
1326 5755 1418 5802 aut
1447 5748 1646 5807 virtus.
1674 5760 1770 5806 aut

1873 3291 2013 3348 fecte
2031 3295 2320 3349 assereudo
2351 3294 2579 3350 liberum
2610 3296 2890 3352 videamur
2918 3297 3104 3353 tollere
3132 3299 3442 3363 arbitrium,

1872 3384 2013 3439 sicut
2035 3385 2196 3440 etiam
2219 3384 2410 3442 Cicero
2429 3385 2754 3457 disputabat,
2779 3389 3019 3444 divinam
3036 3391 3436 3462 praescientiam

1871 3472 2233 3545 impugnando
2256 3483 2313 3529 et
2335 3477 2607 3546 negando,
2638 3490 2887 3533 asserens
2915 3480 3055 3548 quod
3075 3480 3121 3535 si
3148 3496 3276 3536 vere
3294 3491 3440 3538 esset

1872 3562 1970 3619 Dei
1997 3565 2355 3635 pmscientia,
2387 3581 2493 3621 non
2529 3576 2712 3636 posset
2737 3567 2938 3623 essein
2967 3569 3275 3627 hominibus
3302 3571 3440 3628 libe-

1871 3668 1992 3708 rum
2017 3655 2301 3710 arbitrium
2330 3673 2347 3709 :
2384 3663 2478 3709 aut
2514 3657 2559 3711 si
2585 3666 2730 3713 esset
2770 3659 2826 3712 in
2858 3659 3164 3715 hominibus
3207 3662 3438 3718 liberum

1867 3744 2174 3811 arbitrium,
2218 3747 2417 3800 nullam
2473 3761 2596 3803 esse
2648 3748 2743 3802 Dei
2804 3750 3219 3818 praescientiam.
3286 3751 3441 3808 Unde

1870 3843 1928 3890 et
1945 3835 2108 3907 elegit
2121 3834 2212 3891 ille
2238 3831 2587 3907 impiissi'mus
2600 3847 2661 3894 et
2680 3839 3008 3895 detestabilis
3032 3841 3433 3913 blasphemator

1870 3924 1989 3993 Dei,
2014 3935 2076 3981 ut
2100 3926 2327 3983 liberum
2352 3928 2585 3984 hominis
2607 3929 2891 3985 arbitrium
2913 3930 3244 3998 defenderet,
3266 3942 3323 3989 et
3343 3934 3441 3990 Dei

1869 4018 2265 4088 praescieutiam
2282 4019 2606 4076 omnimodis
2626 4020 2934 4090 denegaret.
2960 4022 3130 4091 Quem
3152 4025 3254 4080 iste
3272 4039 3436 4096 quam

1872 4124 2066 4180 magna
2095 4123 2164 4164 ex
2199 4118 2356 4182 parte
2401 4109 2458 4166 in
2498 4111 2601 4167 bac
2634 4111 3002 4182 disputatione
3045 4129 3142 4171 sua
3182 4118 3355 4186 sequi,
3384 4126 3443 4174 et

1868 4199 2071 4255 imitari
2092 4200 2341 4256 videatur
2362 4199 2521 4258 facile
2536 4202 2802 4274 intelligit,
2823 4205 2916 4275 qui
2937 4205 3222 4276 diligenter
3250 4209 3444 4263 adver-

1867 4291 1954 4347 tit.
1987 4288 2121 4356 Quia
2147 4290 2240 4361 qui
2269 4299 2430 4362 negat
2474 4291 2571 4347 Dei
2612 4294 3029 4362 praescientiam,
3065 4306 3227 4368 negat
3268 4299 3434 4355 etiam

1870 4382 1965 4438 Dei
2003 4383 2547 4451 przedestinatiouem,
2590 4399 2711 4455 quat
2751 4386 2869 4442 sine
2909 4388 3247 4456 praescientia
3286 4391 3436 4446 nulla

1872 4483 1974 4530 est.
2000 4474 2072 4531 Ut
2090 4489 2219 4545 ergo
2240 4475 2577 4531 manifestius
2599 4484 2656 4531 et
2673 4475 2902 4532 lucidius
2925 4477 3285 4548 intelligamus
3305 4493 3441 4548 quo-

1873 4568 2032 4623 modo
2051 4576 2336 4636 utrumque
2357 4568 2638 4623 verissime
2658 4568 3163 4632 antistet,.videlicet
3180 4578 3237 4625 et
3258 4570 3441 4625 divina

1867 4660 2289 4730 praedestinatio,
2337 4668 2395 4715 et
2438 4658 2664 4715 liberum
2711 4660 2947 4714 hominis
2986 4660 3293 4726 arbitrium,
3332 4676 3435 4718 nec

1868 4752 2087 4807 omnino
2118 4752 2343 4808 alterum
2365 4753 2536 4809 altero
2564 4756 2893 4816 destruatur,
2917 4754 3285 4810 necessarium
3318 4769 3459 4811 om-.

1866 4841 1996 4895 nino
2020 4852 2076 4896 et
2102 4841 2317 4898 salubre
2343 4844 2716 4898 existimamus
2757 4844 2808 4897 in
2832 4843 2933 4899 hoc
2956 4844 3077 4899 loco
3117 4844 3232 4914 ipsa
3273 4847 3437 4905 verba

1868 4935 2038 4987 sancti
2060 4933 2342 5003 Augustini
2368 4935 2712 5004 subjungere,
2732 4933 2927 5002 quibus
2940 4934 3196 4991 adversus
3216 4936 3434 5008 impiam

1867 5022 2144 5077 Ciceronis
2162 5022 2596 5093 disputationem,
2629 5035 2917 5093 utrumque
2944 5024 3206 5092 delendit,
3230 5036 3439 5083 utrum-

1869 5129 1973 5183 que
2003 5116 2290 5170 tenendum
2312 5116 2627 5171 suavissime
2640 5116 2797 5170 docet
2824 5116 3008 5188 (Aug.,
3030 5118 3094 5173 de
3119 5117 3270 5173 σενα.
3298 5119 3429 5186 Dei,

1866 5204 1961 5260 lib.
1983 5221 2039 5270 v,
2068 5223 2117 5261 c.
2145 5208 2220 5277 9).

1942 5294 2020 5365 [ln
2048 5297 2174 5360 has,
2211 5297 2416 5366 inquit,
2446 5299 2719 5367 angustias
2757 5309 3001 5357 coarctat
3028 5303 3267 5358 animum
3305 5304 3434 5360 reli-

1871 5386 2099 5456 giosum,
2123 5396 2182 5441 ut
2209 5403 2371 5442 unum
2388 5388 2550 5457 eligat
2575 5404 2606 5442 e
2627 5391 2852 5455 duobus,
2889 5400 2982 5447 aut
3005 5409 3125 5449 esse
3149 5394 3347 5464 aliquid
3373 5396 3427 5450 in

1871 5485 2054 5531 nostra
2091 5479 2380 5545 voluntate,
2409 5490 2502 5534 aut
2530 5496 2633 5535 nou
2664 5497 2783 5538 esse
2807 5486 3198 5555 praescientiam
3228 5488 3435 5542 futuro-

1872 5585 2013 5623 rum.
2037 5569 2299 5636 Quoniam
2325 5581 2614 5643 utrumque
2639 5576 2933 5633 arbitratur
2957 5592 3076 5634 esse
3109 5595 3214 5636 non
3237 5597 3426 5651 posse;

1869 5659 1963 5715 sed
1988 5661 2033 5715 si
2057 5659 2284 5715 alterum
2309 5662 2732 5733 conﬁrmabitur,
2759 5669 2985 5724 alterum
3013 5671 3153 5726 tolli:
3179 5673 3223 5726 si
3253 5674 3430 5743 elegc-
3460 5694 3467 5701 ί

1872 5751 2038 5806 rimus
2065 5753 2455 5822 pracscientiam
2484 5755 2808 5827 futurorum,
2835 5762 2947 5821 tolli
2974 5761 3264 5818 voluntatis
3285 5763 3431 5816 arbi-
