4050 6302
706 356 807 409 ﬂ")

1801 355 2004 412 ηοω
2044 357 2254 412 [ΠᾹΟΟῙ

2354 356 2837 415 LUGDUNENSIS
3815 371 3882 428 lli

708 477 901 540 trium;
932 475 974 530 si
1009 474 1334 547 elegerlnms
1359 473 1646 528 voluntatis
1671 473 1972 537 arbitrium,
2005 474 2112 527 tolli
2143 489 2278 542 prre-
2308 478 2352 533 Α
2384 485 2505 524 men
2543 472 2678 525 mori
2716 479 2771 525 et
2799 468 2908 524 falli
2940 485 3047 525 non
3077 480 3270 542 potest.
3300 473 3508 530 Dicltur
3533 475 3670 530 enim
3694 483 3879 551 omnipo-

704 565 987 620 s‘cieutiain
1026 565 1349 620 futurorum.
1382 566 1497 634 Ipse
1528 565 1711 634 itaque
1753 579 1822 618 ex
1874 564 2078 618 duobus
2120 564 2282 632 elegit

671 655 932 710 .liberum
987 656 1274 712 voluntatis
1325 655 1644 720 arbitrium,
1689 656 1840 725 quod
1892 665 1952 709 ut
1993 656 2280 712 conﬁrma-

703 754 890 809 retur,
953 748 1167 815 negavit
1225 747 1618 815 pnescientiam
1685 745 1989 817 futurorum
2054 763 2068 797 :
2116 755 2277 816 atque

702 839 791 912 ita
837 839 961 894 dum
1007 839 1121 893 vult
1153 837 1329 893 facere
1375 838 1603 903 liberos,
1660 837 1787 892 fecit
1840 839 2148 908 sacrilegos.
2179 837 2277 892 Be-

669 929 924 998 .ligiosus
972 935 1150 982 autem
1205 929 1416 982 animus
1453 937 1740 998 utrumque
1775 927 1954 998 eligit,
1991 938 2276 996 utrumque

699 1017 1022 1082 conﬁtetur,
1081 1025 1138 1071 et
1185 1016 1290 1071 ﬁde
1339 1017 1555 1086 pietatis
1609 1027 1895 1087 utrumque
1945 1016 2273 1089 conﬁrmat.]

697 1109 826 1164 Item
855 1117 973 1178 post
993 1108 1265 1178 aliquanta
1293 1127 1306 1162 :
1342 1109 1598 1182 [Spiritus
1619 1126 1747 1181 ergo
1773 1112 1898 1166 vita:
1921 1112 2010 1182 qui
2035 1111 2274 1166 viviﬁcat

696 1200 897 1264 omnia,
919 1210 1242 1270 creatorque
1265 1211 1349 1256 est
1369 1201 1546 1256 omnis
1568 1202 1811 1272 corporis
1832 1213 1886 1257 et
1908 1204 2084 1258 omnis
2105 1203 2272 1258 creati

695 1290 936 1358 spiritus,
972 1290 1088 1359 ipse
1119 1299 1204 1346 est
1232 1292 1393 1355 Deus,
1422 1293 1641 1360 spiritus
1670 1293 1856 1361 utique
1885 1308 1990 1347 non
2024 1303 2268 1359 creatus;

694 1379 747 1432 in
771 1377 887 1444 ejus
914 1379 1190 1433 voluntate
1218 1395 1426 1434 summa
1455 1389 1692 1449 potestas
1716 1390 1818 1446 est,
1845 1398 1949 1450 qua
1971 1392 2270 1438 creatorum

691 1468 979 1537 spirituum
1024 1469 1194 1524 bonas
1219 1469 1522 1524 voluntates
1549 1471 1806 1539 adjuvat,
1841 1473 2011 1528 malas
2045 1473 2268 1542 judicat,

690 1573 880 1613 omnes
903 1559 1146 1625 ordinat;
1178 1569 1232 1614 et
1257 1559 1574 1630 quibusdam
1603 1562 1789 1616 tribuit
1812 1573 2126 1633 potestates,
2151 1566 2268 1637 qui-

689 1648 915 1703 busdam
945 1650 1291 1712 non,tribuit.
1332 1650 1484 1706 Sicut
1511 1651 1652 1706 enim
1683 1654 1922 1708 omnium
1954 1667 2266 1714 naturarum

690 1750 905 1792 creator
935 1749 1050 1802 est,
1085 1741 1156 1794 ita
1193 1741 1434 1796 omnimn
1463 1752 1784 1810 potestatum
1815 1741 2001 1812 dator',
2035 1762 2140 1802 non
2173 1764 2266 1805 vo-

2382 570 2501 616 tens
2548 560 2792 615 faciendo
2832 562 2974 630 quod
3023 563 3173 628 vult,
3221 580 3326 618 non
3369 566 3620 634 patiendo
3663 573 3783 636 quod
3810 590 3881 628 nou

2377 650 2511 704 vult.
2546 651 2695 717 Quod
2725 651 2774 706 ei
2806 651 2852 705 si
2896 651 3207 717 accideret,
3239 669 3573 723 nequaquam
3613 658 3881 728 omnipotens

2377 751 2538 798 esset.
2584 741 2736 796 Unde
2783 752 3064 812 propterea
3114 745 3358 812 quaedam
3407 762 3515 801 non
3567 758 3764 817 potest,
3795 755 3879 821 quia

2376 833 2714 902 omnipotens
2763 841 2865 888 est.
2911 833 3003 888 Sic
3049 835 3212 888 etiam
3261 850 3380 889 eum
3425 837 3681 903 dicimus,
3719 855 3880 897 necesse

2375 941 2496 980 esse
2525 935 2582 980 ut
2605 966 2621 990 ,
2661 941 2782 980 cum
2826 925 3104 989 volumus,
3139 927 3308 983 libero
3337 929 3566 984 velimus
3599 932 3817 997 arbitrio,
3845 946 3879 989 et

2376 1030 2559 1068 verum
2603 1015 2789 1084 procul
2835 1016 2998 1071 dubio
3039 1017 3314 1084 dicimus;
3353 1029 3410 1074 et
3455 1036 3566 1074 non
3610 1021 3722 1076 ideo
3755 1025 3877 1094 ipsum

2372 1104 2600 1158 Iibermn
2643 1105 2926 1159 arbitrium
2966 1107 3274 1162 necessitati
3313 1109 3656 1178 subjicimus,
3682 1128 3781 1182 quae
3799 1117 3877 1168 adi-

2372 1194 2471 1250 mit
2499 1195 2820 1250 libertatem.
2861 1194 2998 1250 Sunt
3035 1198 3200 1267 igitur
3232 1209 3431 1255 nostra:
3471 1201 3777 1267 voluntates,
3799 1221 3879 1274 qua

2371 1295 2427 1342 et
2464 1287 2590 1356 ipsa:
2620 1285 2823 1342 faciunt
2849 1289 3105 1360 quidquid
3135 1290 3358 1347 volendo
3383 1292 3630 1360 facimus,
3657 1298 3779 1365 quod
3805 1315 3876 1352 non

2370 1380 2526 1436 ﬁeret
2570 1381 2614 1434 si
2646 1380 2930 1436 nollemus.
2971 1380 3086 1436 Non
3120 1398 3250 1450 ergo
3285 1394 3571 1454 propterea
3599 1388 3720 1441 nihil
3749 1396 3812 1442 est
3842 1390 3878 1443 in

2370 1483 2557 1530 nostra
2588 1473 2882 1537 voluntate,
2908 1475 3034 1544 quia
3073 1476 3214 1531 Deus
3256 1480 3527 1546 prazscivit
3552 1481 3674 1549 quid
3700 1481 3875 1538 futura

2339 1574 2511 1619 esset
2543 1565 2598 1620 in
2631 1573 2814 1620 nostra
2854 1565 3167 1632 voluntate;
3213 1583 3318 1622 non
3349 1569 3494 1624 enim
3541 1571 3628 1640 qui
3671 1573 3758 1626 hoc
3785 1588 3876 1642 pra-

2368 1656 2558 1720 scivit,
2601 1655 2734 1710 nihil
2772 1657 3063 1725 przescivit.
3113 1657 3284 1712 Porro
3331 1660 3374 1713 si
3416 1659 3507 1715 ille
3539 1663 3628 1732 qui
3673 1665 3875 1732 pra‘scirit

2366 1747 2496 1818 quid
2525 1746 2762 1802 futurum
2788 1757 2934 1804 esset
2966 1749 3020 1802 in
3047 1758 3233 1806 nostra
3262 1749 3572 1817 voluntate,
3610 1770 3707 1808 non
3743 1758 3876 1824 utique

691 1829 977 1882 luntatum.
1013 1829 1163 1884 Malae
1193 1830 1388 1900 quippe
1413 1832 1716 1888 voluntates
1754 1835 1822 1888 ab
1853 1834 1942 1890 illo
1974 1852 2080 1891 non
2116 1847 2263 1906 sunt,
2294 1837 2341 1896 B
2369 1839 2500 1893 nihil
2522 1879 2538 1903 ,
2587 1840 2684 1894 sed
2726 1839 2926 1909 aliquid
2973 1841 3272 1910 przescivit;
3310 1842 3553 1912 profecto
3592 1855 3641 1899 et
3684 1845 3760 1900 illo
3783 1864 3875 1916 pra:-

673 1919 946 1988 quoniam
977 1931 1164 1974 cutura
1195 1930 1444 1976 naturam
1477 1932 1636 1989 sunt,
1661 1941 1782 1994 quae
1816 1926 1884 1981 ab
1914 1927 2006 1982 illo
2035 1929 2163 2002 est.]
2199 1930 2267 1985 Et

687 2020 810 2078 post
845 2009 1021 2078 aliqua
1051 2027 1064 2063 :
1097 2009 1318 2082 (Causa,
1351 2013 1555 2082 inquit,
1588 2029 1799 2081 rerum,
1826 2031 1946 2086 qua:
1975 2017 2136 2084 facit,
2166 2037 2266 2078 nec

688 2099 781 2162 ﬁt,
823 2101 964 2155 Deus
999 2113 1114 2166 est;
1155 2101 1272 2156 alia:
1311 2119 1441 2157 vero
1483 2120 1658 2160 causa:
1708 2106 1947 2174 faciunt,
1985 2119 2036 2164 et
2082 2110 2262 2168 ﬁunt:

688 2193 958 2260 quomodo
992 2193 1152 2263 igitur
1179 2194 1312 2249 ordo
1339 2211 1624 2250 causarum
1645 2239 1659 2262 ,
1691 2199 1780 2267 qui
1812 2203 2112 2269 praescienti
2149 2219 2266 2259 cer-

689 2294 776 2338 tus
802 2294 884 2338 est
917 2286 1048 2349 Deo,
1080 2286 1132 2341 id
1183 2297 1266 2341 est
1309 2297 1367 2342 ut
1391 2289 1528 2342 nihil
1559 2291 1628 2344 sit
1657 2289 1710 2343 in
1740 2303 1919 2346 nostra
1949 2296 2265 2352 voluntate?

686 2390 808 2430 cum
839 2376 892 2430 in
929 2377 1044 2446 ipso
1077 2392 1366 2432 causarum
1406 2380 1595 2434 ordine
1635 2398 1884 2453 magnum
1915 2385 2148 2442 habeant
2181 2387 2262 2444 lo-

685 2481 809 2521 cum
837 2477 1036 2523 nostrae
1068 2468 1416 2541 voluntates]

753 2557 886 2612 Item
915 2568 1038 2629 post
1061 2575 1232 2629 pauca
1261 2574 1274 2613 :
1302 2560 1477 2631 [Quod
1507 2577 1636 2615 vero
1663 2572 1853 2633 negat,
1887 2565 2090 2635 inquit,
2115 2568 2261 2622 ordi-

681 2664 805 2704 nem
855 2653 1095 2704 omnium
1149 2667 1434 2706 causarum
1480 2667 1599 2707 esse
1639 2656 2022 2722 certissimum,
2067 2669 2121 2714 et
2165 2660 2258 2716 Dei

680 2740 1034 2811 praescientia:
1064 2741 1442 2806 notissimum,
1479 2743 1599 2812 plus
1627 2759 1750 2798 eum
1781 2761 1940 2815 quam
1965 2748 2131 2804 Stoici
2167 2751 2260 2805 de-

681 2839 944 2884 testamur
973 2849 986 2884 :
1015 2838 1110 2884 aut
1145 2831 1285 2885 enim
1312 2845 1432 2885 esse
1473 2831 1638 2886 Deum
1688 2843 1879 2904 negat,
1919 2845 2011 2890 aut
2051 2837 2097 2892 si
2139 2853 2258 2894 esse

681 2920 972 2992 conﬁtetur
997 2921 1163 2975 Deum
1183 2961 1198 2985 ,
1218 2936 1386 2990 quem
1415 2930 1573 2992 negat
1604 2925 1886 2992 praescium
1921 2925 2251 2996 futurorum;

679 3013 843 3068 etiam
875 3014 956 3069 sic
984 3013 1119 3067 nihil
1151 3013 1284 3068 dicit
1321 3014 1462 3070 aliud
1493 3029 1652 3084 quam
1674 3018 1818 3084 quod
1856 3017 1944 3072 ille
1970 3018 2100 3073 dixit
2127 3020 2257 3074 insi-

678 3108 824 3176 piens
852 3106 906 3160 in
935 3105 1090 3161 corde
1115 3123 1210 3161 suo
1237 3122 1256 3160 :
1286 3104 1408 3160 Non
1432 3118 1506 3162 est
1530 3106 1672 3162 Deus
1695 3105 1871 3178 (Psal.
1897 3125 2014 3175 xm,
2041 3112 2093 3183 I)
2123 3129 2137 3166 :
2161 3116 2252 3181 qui

2367 1928 2572 1983 sciente
2625 1936 2711 1983 est
2753 1929 2955 1998 aliquid
3005 1929 3059 1984 in
3109 1940 3288 1985 nostra
3335 1931 3630 1989 voluntate.
3675 1935 3874 2001 Quocirca

2367 2017 2514 2073 nullo
2542 2020 2702 2074 modo
2731 2020 2960 2090 cogitur,
2989 2030 3081 2074 aut
3109 2033 3314 2076 retenta
3357 2026 3683 2092 pnescientia
3710 2026 3785 2080 Dei
3808 2027 3873 2080 lol.

2366 2109 2476 2164 lere
2509 2111 2798 2166 voluntatis
2832 2112 3114 2167 arbitrium
3145 2128 3160 2167 :
3191 2126 3283 2168 aut
3311 2125 3523 2170 retento
3552 2118 3802 2172 voluntatis
3818 2135 3873 2172 ar-

2364 2201 2550 2266 bitrio,
2581 2199 2750 2255 Deum
2777 2201 2940 2272 (quod
2965 2202 3117 2257 nefas
3140 2205 3244 2275 est)
3273 2221 3470 2277 negare
3497 2208 3754 2277 przescium
3775 2208 3871 2261 futu-

2365 2305 2583 2357 rorum;
2623 2292 2716 2346 sed
2751 2302 3038 2362 utrumque
3069 2295 3464 2365 amplectimur,
3495 2311 3757 2367 utrumque
3779 2300 3870 2353 ﬁde-

2363 2380 2487 2435 liter
2522 2392 2577 2436 et
2615 2383 2884 2437 veraciter
2923 2386 3283 2440 conﬁtemur:
3325 2387 3453 2442 illud
3494 2398 3551 2443 ut
3584 2389 3708 2444 bene
3741 2391 3870 2444 cred:-

2363 2487 2504 2536 mus,
2529 2474 2628 2527 hoc
2650 2481 2707 2526 ut
2736 2475 2870 2528 bene
2895 2475 3156 2529 vivamus.
3189 2475 3325 2531 Male
3349 2488 3532 2532 autem
3556 2479 3752 2542 vivitur,
3775 2479 3870 2531 side

2361 2561 2473 2616 Deo
2502 2577 2605 2616 non
2641 2563 2778 2617 bene
2803 2563 3058 2618 creditur.
3097 2565 3244 2620 Unde
3281 2567 3423 2620 absit
3451 2583 3480 2620 a
3515 2569 3662 2622 nobis
3685 2567 3780 2636 ejus
3807 2583 3868 2620 ne-

2359 2666 2487 2721 gare
2546 2653 2962 2722 praascientiam,
2990 2664 3048 2708 ut
3099 2654 3264 2710 libere
3298 2656 3565 2722 velimus,
3618 2674 3714 2727 quo
3764 2659 3867 2726 adjn.

2358 2750 2519 2796 vaute
2557 2757 2744 2797 sumus
2792 2741 2944 2796 liberi
2982 2744 3063 2799 vel
3115 2745 3334 2800 erimus.
3377 2745 3534 2802 Juste
3578 2747 3739 2817 itaque
3775 2763 3866 2816 pne-
3949 2807 3951 2818 Ι

2357 2831 2466 2890 mia
2512 2831 2669 2886 bonis
2713 2831 2905 2898 factis,
2958 2841 3013 2886 et
3061 2835 3296 2902 peccatis
3341 2836 3596 2906 supplicia
3638 2835 3864 2890 constituta
3949 2831 3951 2906 l

2356 2931 2482 2977 sunt
2528 2940 2541 2976 :
2589 2938 2762 2992 neque
2806 2923 2949 2980 enim
2996 2925 3115 2979 ideo
3158 2936 3345 2992 peccat
3391 2929 3584 2992 homo,
3622 2929 3730 2998 quia
3767 2929 3864 2982 Deus

2357 3013 2505 3089 illum
2537 3023 2885 3082 peccaturum
2918 3028 3040 3069 esse
3072 3017 3372 3084 prascivit;
3415 3019 3525 3072 imo
3553 3020 3664 3073 ideo
3692 3032 3776 3071 non
3798 3017 3862 3067 du-

2353 3103 2560 3158 bitatur
2604 3105 2776 3174 ipsum
2820 3119 3067 3174 peccare,
3095 3121 3216 3160 cum
3244 3115 3453 3176 peccat,
3486 3109 3606 3178 quia
3642 3108 3720 3161 ille
3754 3107 3861 3174 cujus

679 3196 823 3252 enim
855 3212 961 3250 non
987 3205 1071 3251 est
1105 3197 1392 3266 praescieris
1417 3197 1655 3251 omnium
1685 3197 2006 3263 futurorum,
2032 3215 2138 3254 non
2169 3209 2254 3256 est

2354 3193 2688 3262 praescientia
2719 3192 2828 3247 falli
2861 3210 2964 3248 non
2995 3203 3170 3263 potest
3190 3234 3208 3261 ,
3244 3211 3350 3250 non
3391 3197 3592 3262 fatum,
3616 3215 3708 3252 non
3740 3197 3860 3250 fortu-

675 3287 864 3357 utique
899 3287 1059 3342 Deus.
1107 3288 1444 3358 Quapropter
1480 3296 1534 3343 et
1558 3288 1863 3343 voluntates
1899 3302 2096 3345 nostra:
2137 3299 2255 3345 tan-

676 3389 793 3433 tum
834 3379 1014 3434 valent
1041 3389 1301 3450 quantum
1348 3381 1486 3435 Deus
1530 3395 1623 3434 eas
1659 3380 1841 3436 valere
1883 3382 2049 3437 voluit
2093 3391 2253 3452 atque

674 3473 976 3541 praescivit;
1006 3456 1061 3527 et
1086 3473 1207 3527 ideo
1221 3473 1478 3542 quidquid
1502 3472 1696 3534 valent,
1714 3475 2013 3531 certissime
2038 3476 2246 3532 valent:

675 3564 814 3633 (cap.
846 3562 932 3634 IO)
985 3571 1041 3617 et
1071 3562 1212 3631 quod
1244 3560 1465 3617 factura:
1493 3570 1635 3627 sunt,
1664 3563 1791 3634 ipsa:
1839 3565 2060 3618 omnino
2081 3565 2252 3620 factu-

672 3669 750 3708 rze
787 3662 933 3717 sunt,
991 3653 1116 3722 quia
1154 3651 1411 3706 valituras
1441 3662 1602 3722 atque
1643 3653 1879 3708 facturas
1923 3655 2012 3709 ille
2034 3657 2250 3726 prmsci-

671 3745 750 3799 vit
779 3758 827 3810 ει,
873 3743 1026 3812 cujus
1072 3745 1407 3814 praescientia
1454 3743 1563 3798 l‘alli
1605 3759 1710 3800 non
1751 3755 1946 3816 potest.
1996 3747 2052 3802 Si
2104 3750 2246 3803 enim

670 3837 969 3891 necessitas
997 3846 1180 3891 nostra
1207 3837 1292 3890 illa
1329 3836 1552 3892 dicenda
1594 3846 1701 3900 est,
1748 3855 1868 3908 qum
1913 3856 2018 3894 non
2065 3850 2146 3895 est
2191 3841 2244 3895 in

671 3938 856 3983 nostra
883 3936 1168 3998 potestate,
1202 3928 1327 3992 sed,
1357 3928 1570 3982 etiamsi
1609 3929 1877 3992 nolumus,
1907 3929 2067 3984 eﬂicit
2105 3931 2245 3999 quod

669 4026 879 4090 potest,
910 4021 1050 4074 sicut
1090 4026 1172 4074 est
1208 4021 1500 4074 necessitas
1540 4020 1756 4086 mortis;
1788 4021 2128 4075 manifestum
2165 4031 2248 4077 est

669 4110 974 4164 voluntates
1009 4118 1244 4174 nostras,
1278 4110 1474 4178 quibus
1505 4118 1653 4164 recte
1676 4109 1764 4164 vel
1804 4126 2085 4180 perperam
2113 4113 2244 4166 vivi-

667 4211 780 4265 tur,
813 4202 911 4256 sub
943 4201 1034 4254 tali
1065 4199 1390 4254 necessitate
1420 4216 1524 4254 non
1566 4215 1705 4255 esse.
1751 4200 1913 4254 Multa
1942 4200 2085 4255 enim
2115 4201 2244 4258 faci-

667 4306 792 4346 mus
835 4306 975 4359 quae,
1007 4290 1051 4345 si
1090 4289 1370 4354 nollemus,
1404 4305 1508 4344 non
1555 4290 1736 4360 utique
1781 4290 2099 4358 faceremus,
2136 4308 2241 4362 quo

667 4382 916 4450 primitus
944 4381 1177 4450 pertinet
1198 4380 1371 4449 ipsum
1403 4379 1538 4434 velle
1567 4399 1579 4434 :
1610 4395 1734 4434 nam
1759 4380 1804 4435 si
1828 4381 2094 4446 volmnus,
2121 4394 2236 4450 est;

666 4473 711 4525 si
740 4472 1008 4534 uolumus,
1038 4479 1268 4524 nonest.
1300 4467 1414 4523 Non
1435 4469 1585 4524 enim
1606 4470 1862 4525 vellemus
1887 4471 1931 4526 si
1955 4471 2234 4528 nollemus.

667 4562 725 4618 Si
762 4571 940 4615 autem
989 4560 1076 4614 illa
1119 4558 1374 4614 deﬁnitur
1401 4574 1521 4615 esse
1562 4561 1893 4626 necessitas,
1943 4565 2236 4620 secundum

664 4667 827 4722 quam
861 4651 1089 4705 dicimus
1119 4665 1341 4705 necesse
1367 4664 1490 4705 esse
1525 4658 1584 4703 ut
1613 4649 1686 4704 ita
1715 4651 1786 4705 sit
1809 4651 2008 4720 aliquid
2046 4653 2237 4708 velita
2273 4680 2276 4682 η

664 4744 782 4804 ﬁat,
834 4742 1016 4796 nescio
1042 4757 1140 4798 cur
1162 4743 1324 4797 etiam
1353 4744 1632 4796 timeamus
1661 4757 1728 4797 ne
1755 4743 1908 4797 nobis
1936 4743 2237 4799 libertatem

663 4830 875 4886 auferat
919 4833 1228 4888 voluntatis.
1281 4831 1463 4902 Neque
1505 4831 1653 4886 enim
1704 4841 1760 4886 et
1803 4833 1966 4887 vitam
2015 4834 2132 4899 Dei,
2180 4843 2236 4890 et

663 4925 1056 4994 praeseientiam
1095 4924 1189 4980 Dei
1231 4924 1332 4979 sub
1357 4923 1678 4978 necessitate
1703 4925 1980 4994 ponimus,
2008 4925 2052 4979 si
2090 4925 2234 4980 dica-

666 5030 787 5070 mus
834 5030 1055 5071 uecesse
1083 5030 1204 5071 esse
1248 5017 1413 5069 Deum
1459 5030 1670 5086 semper
1705 5017 1905 5081 vivere,
1948 5027 2002 5071 et
2039 5027 2233 5072 cuncta

662 5107 940 5176 praescire,
972 5109 1111 5160 sicut
1139 5121 1237 5161 nec
1289 5115 1528 5176 potestas
1555 5105 1670 5174 ejus
1707 5107 1982 5172 minuitur,
2008 5123 2129 5162 cum
2155 5109 2235 5162 di-

664 5197 806 5250 citur
831 5199 1002 5262 mori,
1042 5197 1260 5266 fallique
1295 5211 1399 5250 non
1435 5212 1628 5265 posse;
1671 5197 1750 5250 sic
1787 5197 1930 5251 enim
1981 5199 2083 5251 hoc
2125 5214 2234 5253 non

663 5299 879 5360 potest,
927 5300 986 5344 ut
1027 5291 1241 5361 potius,
1285 5290 1328 5344 si
1368 5299 1587 5360 posset,
1626 5289 1850 5344 minoris
1876 5297 2020 5343 esset
2048 5290 2233 5360 utique

660 5381 964 5450 potestatis.
995 5379 1164 5436 Recte
1193 5380 1386 5451 quippe
1411 5379 1763 5448 Omnipotens
1787 5377 2001 5441 dicitur,
2034 5380 2123 5447 qui
2157 5388 2237 5433 ta-

2354 3298 2501 3346 nam,
2529 3297 2635 3336 non
2665 3281 2865 3352 aliquid
2905 3283 3080 3349 aliud,
3111 3285 3206 3339 sed
3238 3286 3410 3354 ipsum
3437 3297 3755 3357 peccaturum
3777 3300 3859 3339 esse

2350 3373 2658 3440 pnescivit,
2701 3372 2793 3440 qui
2841 3372 2886 3441 si
2934 3373 3103 3438 nolit,
3139 3375 3322 3443 utique
3351 3392 3462 3430 non
3506 3386 3703 3448 peccat;
3736 3375 3807 3430 sed
3827 3373 3858 3427 si

2349 3481 2575 3537 peccare
2606 3465 2867 3530 noluerit,
2893 3466 3055 3520 etiam
3085 3467 3185 3521 boc
3212 3468 3299 3521 ille
3327 3468 3642 3541 praescivit.]

2427 3557 2554 3611 Ilzec
2578 3557 2645 3610 ad
2673 3557 3081 3611 instructionem
3106 3567 3161 3612 et
3188 3559 3642 3616 conﬁrmationem
3676 3567 3855 3613 nostram

2347 3659 2537 3707 contra
2579 3651 2825 3705 humana:
2871 3651 3303 3720 praesumptionis
3345 3662 3399 3706 et
3444 3649 3856 3724 argumentationis

2347 3754 2562 3795 errores
2588 3739 2937 3794 beatissimus
2958 3739 3144 3795 doctor
3169 3740 3501 3796 lucidissime
3525 3740 3773 3800 disseruit,
3792 3735 3855 3804 qui

2345 3831 2509 3886 etiam
2539 3829 2645 3884 alio
2671 3829 2788 3884 loco
2817 3831 2883 3885 de
2919 3831 3022 3886 hac
3048 3832 3235 3886 eadem
3271 3848 3329 3886 re
3364 3833 3434 3886 ita
3475 3834 3547 3888 ait
3574 3847 3588 3886 :
3620 3830 3856 3903 [Neminem

2345 3921 2489 3976 Deus
2525 3922 2593 3976 ad
2628 3920 2959 3990 peccandum
3003 3923 3177 3991 cogit,
3207 3923 3463 3992 praevidet
3498 3933 3662 3976 tamen
3685 3934 3762 3973 eos
3791 3914 3853 3984 qui
3944 3933 3945 3992 ἦ

2344 4013 2560 4083 propria
2591 4011 2866 4067 voluntate
2904 4013 3220 4081 peccabuut.
3261 4005 3370 4066 Cur
3411 4028 3542 4083 ergo
3579 4027 3674 4065 non
3702 4008 3854 4076 judice!

2337 4103 2538 4174 justus,
2563 4118 2682 4172 quae
2713 4103 2829 4158 ﬁeri
2855 4118 2959 4158 non
2983 4105 3128 4172 cogit
3151 4105 3407 4173 praescius
3433 4122 3446 4157 :
3483 4105 3616 4160 sicut
3638 4103 3757 4158 enim
3777 4112 3854 4151 uie-

2343 4195 2514 4250 tnoria
2545 4211 2640 4249 sua
2671 4208 2829 4250 nemo
2856 4195 2997 4265 cogit
3035 4193 3177 4251 facta
3207 4212 3326 4251 esse
3361 4213 3482 4266 qua:
3524 4195 3850 4268 prmterierunl,
3942 4221 3943 4270 ἕ

2341 4286 2420 4340 sic
2436 4285 2576 4340 Deus
2591 4300 2696 4340 nou
2717 4286 2861 4356 cogit
2874 4286 3211 4354 prmscientia
3226 4302 3320 4340 sua
3338 4285 3709 4355 facienda,qu:e
3721 4281 3850 4334 futura

2341 4386 2486 4433 sunt.
2502 4377 2569 4431 Et
2587 4378 2727 4432 sicut
2741 4379 2899 4432 homo
2911 4379 3154 4447 quaedam
3167 4393 3289 4447 qua:
3301 4379 3429 4433 fecit
3445 4378 3693 4440 meminit,
3707 4387 3784 4428 nec
3793 4380 3850 4422 ta-

2342 4485 2465 4524 men
2485 4469 2666 4524 omnia
2678 4484 2799 4539 qua:
2819 4470 3063 4524 meminit
3081 4469 3238 4536 fecit;
3258 4471 3331 4525 ita
3344 4472 3487 4526 Deus
3499 4471 3664 4526 omnia
3677 4473 3848 4535 quorum

2342 4560 2458 4630 ipse
2476 4569 2664 4615 auctor
2684 4570 2784 4623 est,
2804 4560 3102 4630 priescivit;
3127 4576 3356 4630 quorum
3371 4570 3550 4616 autem
3576 4574 3669 4613 non
3687 4563 3754 4610 est
3769 4563 3846 4604 ma-

2341 4649 2426 4705 lus
2445 4658 2654 4716 auctor,
2668 4648 2848 4718 justus
2866 4658 2949 4705 est
2965 4649 3150 4722 ultor.]
3177 4650 3309 4705 Item
3329 4651 3395 4706 de
3412 4646 3710 4705 immutabili
3729 4639 3846 4696 ratio

2339 4754 2410 4794 ne
2436 4754 2616 4794 rerum
2638 4739 2974 4795 mutabilium
2998 4740 3052 4794 in
3074 4739 3204 4805 Deo,
3225 4748 3278 4794 et
3297 4741 3363 4795 de
3386 4750 3583 4796 aiterua
3603 4737 3706 4808 ejus
3720 4748 3771 4787 ac
3785 4742 3846 4798 ὅθ·

2339 4831 2508 4887 nerali
2528 4832 3022 4900 praedestinatione,
3041 4841 3096 4888 et
3115 4834 3455 4901 praescientia
3475 4833 3577 4886 alio
3593 4831 3697 4884 loco
3715 4827 3771 4878 ita
3788 4820 3843 4873 di-
3938 4883 3939 4886 η

2338 4921 2412 4976 cit
2433 4936 2448 4974 :
2473 4920 2577 4994 [Ira
2599 4921 2693 4977 Dei
2721 4938 2828 4977 non
2854 4923 3188 4993 perturbatio
3207 4924 3373 4977 animi
3395 4922 3511 4992 ejus
3529 4930 3624 4986 est,
3649 4917 3726 4972 sed
3748 4909 3844 4978 judi-

2342 5013 2482 5069 cium
2506 5029 2614 5083 quo
2641 5015 2910 5086 irrogatur
2928 5029 3085 5084 poena
3106 5023 3346 5085 peccato.
3363 5015 3620 5086 Cogitatio
3641 5023 3748 5065 vero
3764 5004 3843 5069 eius

2341 5113 2396 5159 et
2415 5105 2728 5174 recogitatio
2747 5107 3119 5160 mutandarum
3145 5122 3323 5161 rerum
3347 5117 3432 5161 est
3462 5096 3769 5160 immutabilis
3786 5105 3842 5142 η·
3936 5177 3937 5180 η

2340 5195 2435 5250 tio.
2463 5193 2577 5251 Non
2603 5195 2746 5248 enim
2776 5195 2916 5250 sicut
2944 5196 3240 5261 hominem,
3284 5197 3358 5251 ita
3399 5197 3564 5250 Deum
3593 5189 3840 5257 cujusquam

2340 5287 2466 5343 facti
2503 5289 2585 5343 sui
2615 5289 2867 5357 ptenitet,
2903 5288 3060 5358 cujus
3095 5297 3177 5342 est
3204 5288 3271 5342 de
3305 5289 3551 5342 omnibus
3577 5280 3762 5338 cumino
3784 5282 3840 5323 r6-

2337 5379 2437 5436 bus
2466 5388 2575 5433 tam
2608 5380 2712 5432 ﬁxa
2741 5381 3031 5445 sententia,
3055 5395 3216 5449 quam
3240 5390 3390 5434 certa
3415 5363 3760 5450 praescieutiaJ

1584 5494 1792 5550 ΝΟΤΑΞ
1835 5494 2161 5551 DUVALLII
2199 5496 2540 5555 DOCTORIS
2581 5497 2960 5554 SURBONICI.

735 5622 762 5652 ι
800 5608 930 5664 Cum
967 5611 1041 5664 ait
1066 5611 1398 5665 voluntatem
1436 5609 1563 5662 illud
1592 5623 1731 5680 esse
1780 5606 2042 5680 facturam
2092 5611 2234 5680 quod

661 5680 801 5735 Deus
826 5683 1112 5750 prmscivit,
1144 5698 1248 5734 non
1280 5680 1392 5733 vult
1413 5678 1820 5750 praescieutiam
1843 5677 2122 5747 imponere
2143 5697 2232 5736 vo-

659 5747 853 5808 luntati
901 5753 1312 5816 necessitatem,
1349 5747 1468 5804 cum
1501 5751 1601 5805 hoc
1638 5747 1951 5803 haereticum
1995 5751 2101 5818 sit,
2135 5752 2230 5808 sed

2341 5620 2546 5666 tantum
2596 5585 2948 5668 infallibiliter
2988 5628 3108 5667 esse
3153 5611 3418 5666 facturam
3454 5619 3508 5667 et
3547 5601 3839 5664 indubitanter

2338 5693 2673 5754 eventuram,
2722 5685 2894 5752 posito
2917 5683 3083 5754 quod
3121 5683 3274 5754 Deus
3311 5683 3385 5738 ita
3425 5674 3713 5754 praesciuit:
3750 5675 3838 5719 cum
3931 5735 3933 5738 .

2335 5753 2453 5824 cjus
2485 5751 2822 5824 praescicntia
2856 5753 3078 5810 minime
3111 5751 3345 5808 fallatur.
3426 5751 3443 5754 ’
3931 5755 3933 5824 j
