4050 6302
142 346 264 408 1&5

768 460 994 519 CAPUT
1033 461 1140 517 VII.

230 573 483 647 Septimo
508 575 744 647 capitulo
771 575 930 632 talem
957 576 1321 632 deﬁnitionem
1349 577 1519 648 ponit.

234 666 290 719 l.
332 664 578 720 Liberum
606 664 881 719 arbitrium
922 667 1057 741 inter
1081 667 1251 721 media
1281 666 1421 721 dona
1449 667 1547 721 Dei
1579 666 1742 738 depu-
1770 710 1774 719 .

146 753 388 808 tandum
414 769 434 808 :
463 753 679 823 ideoque
707 770 767 808 eo
798 755 998 823 peccari
1029 756 1277 824 potuisse.

238 840 345 897 Ubi
376 843 477 896 hoc
504 842 740 897 breviter
762 843 1066 907 dicendum,
1095 852 1149 896 et
1176 844 1606 915 distinguendum
1633 855 1740 914 est,

150 918 309 1001 quod
348 931 449 986 iste
477 930 606 986 licet
648 931 845 986 donum
889 931 983 986 Dei
1014 932 1159 986 dicat
1198 948 1317 988 esse
1346 934 1570 989 liberum
1599 936 1742 990 arbi-

151 1021 334 1076 trium
379 1038 393 1074 :
442 1029 619 1076 tamen
663 1020 908 1075 naturale
955 1021 1080 1077 illud
1129 1026 1499 1080 tantummodo
1547 1028 1743 1081 asserit

151 1123 320 1164 more
365 1107 817 1180 Pelagianorum;
863 1124 988 1165 cum
1037 1110 1170 1166 ﬁdes
1220 1109 1472 1167 Ecclesia:
1514 1113 1740 1168 multum

152 1197 489 1275 distinguat_
518 1199 660 1254 inter
691 1198 830 1255 dona
868 1209 1075 1254 natura:
1113 1210 1168 1256 et
1213 1201 1354 1257 dona
1398 1204 1583 1273 gratia:
1612 1222 1625 1258 :
1658 1214 1741 1273 ut,

152 1288 305 1356 quod
331 1288 479 1343 dedit
497 1287 837 1358 omnipotens
858 1288 1000 1343 Deus
1023 1289 1227 1345 homini
1254 1292 1575 1347 naturaliter
1597 1308 1744 1348 meu-

154 1385 269 1431 tem
296 1377 618 1433 rationalem
659 1388 713 1433 et
738 1378 1174 1446 intellectualem,
1195 1390 1250 1436 et
1277 1382 1329 1436 in
1352 1383 1539 1437 eadem
1563 1397 1743 1439 mente

154 1470 482 1524 memoriam
506 1510 523 1537 ,
559 1470 962 1542 intelligentiam
984 1513 998 1537 ,
1026 1473 1388 1541 voluntatem;
1426 1474 1569 1544 quod
1597 1474 1744 1530 dedit

149 1561 327 1616 etiam
362 1561 680 1618 naturaliter
708 1563 920 1632 corpori
953 1563 1188 1618 humano
1217 1565 1607 1630 substantiam,
1634 1563 1744 1620 for-

151 1666 326 1715 mam,
358 1652 614 1720 speciem,
647 1650 1088 1718 incolumitatem,
1119 1666 1337 1708 sensum
1365 1653 1609 1716 videndi,
1649 1668 1743 1707 au-

152 1741 373 1802 diendi,
419 1740 742 1808 olfaciendi,
789 1743 1076 1813 gustandi,
1124 1745 1743 1815 tangendi,viviﬁcante

1149 328 1351 407 Lmen
1385 350 1756 411 ADVERSUS
1794 347 2107 407 JOANNEM
2146 346 2447 406 scema.

1766 467 1814 525 Λ
1841 462 2000 520 aliter
2025 470 2176 533 putat
2207 476 2326 518 esse
2360 461 2620 527 liberum,
2648 461 2751 517 nisi
2797 461 2958 517 fuerit
2999 463 3196 520 Christi
3236 469 3408 538 gratia

3306 351 3408 407 “6

1838 553 2142 609 liberatum.

1910 646 2061 713 Quod
2084 654 2261 701 autem
2297 646 2427 702 dicit
2462 645 2586 711 iste,
2625 646 2753 701 illud
2778 658 2803 688 ιι
2844 646 3070 702 liberum
3105 646 3410 716 arbitrium,
3441 682 3444 686 λ

1840 737 1871 777 ι»
1889 736 2086 791 bonum
2110 746 2165 792 et
2193 745 2417 801 rectum,
2439 738 2513 806 fet
2534 738 2670 791 bona
2697 736 2972 792 voluntate
2997 737 3068 791 ad
3096 752 3327 808 superna
3355 744 3415 794 et

1772 826 1773 831 “
1841 827 2018 882 divina
2059 836 2321 893 erectum,
2366 828 2521 898 quale
2564 829 2618 882 in
2665 829 2839 899 primo
2881 829 3098 883 homine
3137 829 3409 883 conditum

1843 917 1962 979 fuit.
2002 918 2073 972 ita
2109 927 2168 972 ut
2215 927 2361 973 esset
2397 918 2513 974 sine
2556 918 2666 973 ullo
2710 926 2955 988 peccato,
2999 928 3054 974 et
3083 926 3263 989 posset
3306 935 3411 975 non

1774 1018 1775 1021 ‘
1840 1021 2069 1076 peccare
2105 1007 2150 1061 si
2186 1007 2389 1063 vellet:
2430 1008 2592 1078 quod,
2635 1009 2876 1078 inquam,
2923 1009 3027 1063 tale
3063 1018 3118 1063 et
3164 1019 3273 1064 tam
3297 1026 3415 1064 ma-

1841 1111 2003 1166 gnum
2032 1095 2229 1150 bonum
2258 1110 2363 1151 non
2392 1096 2533 1152 inter
2567 1111 2798 1162 summa,
2825 1097 2919 1152 sed
2945 1097 3084 1152 inter
3116 1098 3409 1153 mediocria

1843 1186 1936 1243 Dei
1952 1188 2090 1242 dona
2110 1202 2230 1243 esse
2249 1187 2844 1258 asseritdeputamlnm,
2871 1189 3096 1243 multum
3125 1205 3156 1243 a
3184 1189 3412 1243 veritate

1842 1278 2132 1334 discordat.
2166 1277 2334 1345 Quia,
2366 1279 2508 1333 sicut
2534 1278 2788 1343 diximus,
2834 1286 3041 1331 tantmn
3069 1293 3134 1333 ac
3158 1277 3268 1333 tale
3293 1285 3412 1333 erat

1844 1372 1899 1427 in
1928 1372 2019 1427 illo
2042 1372 2217 1443 primo
2241 1372 2456 1427 homine
2477 1371 2629 1426 liberi
2662 1372 2870 1427 arbitrii
2896 1372 3092 1427 bonum
3116 1413 3131 1438 ,
3158 1372 3318 1441 quale
3352 1373 3407 1427 in

1843 1464 1990 1519 nullo
2008 1472 2092 1520 est
2110 1473 2415 1520 sanctorum
2438 1464 2492 1518 in
2514 1463 2768 1533 praesenti
2791 1465 2899 1518 vita
2923 1478 2938 1517 :
2964 1464 3017 1518 in
3044 1464 3259 1534 quibus,
3285 1464 3412 1518 licet

1843 1555 1916 1611 sit
1960 1555 2186 1612 liberum
2235 1556 2516 1612 arbitrium
2541 1555 2651 1625 jam
2681 1556 2883 1612 Christi
2920 1556 3098 1628 gratia
3128 1556 3413 1611 liberatum

1843 1656 2006 1719 atque
2046 1658 2324 1713 sanatum,
2383 1658 2561 1705 tamen
2608 1657 2755 1704 tanta
2799 1656 2882 1704 est
2924 1648 3013 1703 illa
3056 1649 3280 1715 sanitas,
3332 1640 3412 1714 ut,

1843 1740 2080 1810 qua‘ndiu
2127 1739 2427 1794 mortaliter
2467 1742 2687 1804 vivunt,
2733 1740 2851 1794 sine
2885 1751 3108 1810 peccato
3149 1755 3269 1795 esse
3307 1755 3413 1794 non

152 1832 289 1888 illud
320 1833 501 1888 anima
533 1842 587 1888 et
624 1835 975 1889 sensilicante
995 1875 1010 1901 ,
1047 1834 1331 1890 manifeste
1371 1838 1479 1890 sint
1521 1837 1657 1891 dona
1685 1847 1740 1890 ct
1771 1843 1815 1915 Β
1846 1832 2082 1901 possint;
2108 1842 2163 1886 ct
2182 1848 2302 1887 cum
2332 1832 2555 1887 multum
2585 1833 2749 1891 velint
2785 1843 2947 1902 atque
2973 1833 3279 1887 desiderent
3306 1847 3412 1885 non

152 1936 386 1976 munera
429 1932 664 1987 naturae,
707 1938 826 1992 qua:
862 1922 1033 1992 prima
1059 1924 1337 1979 creatione
1366 1925 1507 1979 Deus
1535 1925 1739 1980 homini

152 2013 419 2079 inseruit,
462 2024 517 2070 et
560 2015 795 2069 creando
831 2014 1152 2070 naturaliter
1179 2014 1355 2081 dedit;
1389 2016 1531 2086 quod
1560 2027 1737 2071 autem

151 2106 251 2160 dat
286 2106 427 2161 Deus
455 2106 659 2160 homini
687 2105 868 2173 ﬁdem,
894 2122 1065 2177 spem,
1098 2108 1440 2174 charitatem,
1462 2109 1737 2178 pietatem,

148 2193 354 2247 bonam
388 2194 747 2259 voluntatem,
782 2195 905 2250 boni
947 2196 1127 2264 operis
1161 2194 1505 2262 facultatem,
1542 2207 1599 2253 et
1636 2213 1741 2254 ca)-

150 2294 277 2340 tera
313 2284 619 2356 hujusmodi
648 2289 784 2340 dona
815 2301 925 2340 sua:
953 2287 1160 2358 gratim,
1187 2287 1325 2342 dona
1358 2287 1593 2359 Spiritus
1615 2306 1741 2345 san-

149 2378 267 2442 cti,
304 2378 371 2431 de
408 2377 603 2447 quibus
630 2378 919 2448 Apostolus
956 2378 1087 2435 dicit
1130 2398 1142 2434 :
1180 2379 1308 2436 lla’c
1346 2392 1525 2437 autem
1565 2383 1740 2437 omnia

148 2478 404 2537 operatur
435 2485 571 2522 unus
635 2478 787 2539 atque
824 2470 962 2524 idem
1001 2471 1213 2540 spiritus
1248 2470 1480 2529 dividens
1518 2472 1739 2543 singulis

151 2566 312 2626 prout
344 2557 451 2611 vult
480 2558 530 2628 (I
560 2557 682 2613 Cor;
714 2575 766 2633 ξι
787 2601 802 2624 ,
834 2560 944 2631 19.).
978 2561 1054 2615 De
1104 2561 1300 2631 quibus
1325 2562 1485 2618 etiam
1513 2562 1565 2617 in
1594 2562 1739 2632 psal-

154 2663 248 2703 tuo
273 2648 476 2702 dictum
496 2664 617 2704 esse
638 2650 876 2719 exponit,
891 2650 1184 2708 Ascendens
1210 2652 1264 2711 in
1292 2651 1458 2709 altum
1484 2654 1740 2723 captivam

152 2740 312 2793 duxit
339 2730 710 2810 captivitatem,
734 2741 876 2797 dedit
904 2741 1042 2799 dona
1071 2741 1365 2797 hominibus
1395 2741 1553 2814 (Eph.
1582 2759 1655 2809 tv,
1682 2744 1737 2810 8;

158 2830 254 2886 Ps.
297 2848 479 2897 vau,
522 2833 651 2902 l9);
697 2834 837 2888 unde
867 2843 922 2889 et
964 2836 1137 2905 ipsum
1183 2835 1411 2893 liberum
1457 2838 1738 2894 arbitrium

158 2921 297 2977 ﬁdes
322 2923 610 2985 catholica,
641 2924 772 2980 ﬁdes
800 2940 927 2981 vera
956 2925 1098 2980 inter
1118 2927 1256 2982 dona
1285 2929 1473 2996 gratiae
1499 2929 1736 2999 deputat.

157 3014 322 3082 Quia,
357 3015 483 3070 licet
510 3016 828 3073 naturaliter
869 3017 998 3072 illud
1029 3019 1230 3074 homini
1260 3020 1403 3076 Deus
1431 3021 1737 3090 inseruerit,

157 3105 378 3175 quando
415 3120 537 3160 eum
573 3106 779 3160 ereavit
813 3107 997 3176 utique
1032 3107 1262 3174 bonum,
1297 3118 1353 3165 et
1385 3113 1522 3167 bona
1552 3113 1740 3178 volun-

1842 1936 2087 1993 peceare,
2121 1933 2144 1961 ο
2176 1938 2281 1976 non
2325 1923 2533 1991 possint
2562 1932 2737 1976 tamen
2778 1938 2882 1976 non
2910 1937 3157 1991 peccare.
3185 1920 3337 1976 Unde
3361 1929 3418 1975 et
3452 1912 3455 1921 ’

1840 2011 2079 2081 quotidie
2101 2012 2342 2085 indigent
2385 2012 2686 2082 supplicare
2721 2021 2775 2067 et
2802 2011 3071 2067 veraciter
3095 2012 3275 2067 dicere
3304 2010 3410 2066 Pa-

1844 2103 1908 2157 tri
1941 2101 2145 2156 etelesti
2178 2116 2193 2155 :
2226 2101 2441 2156 Dimitte
2469 2102 2614 2156 nobis
2645 2102 2817 2156 debita
2838 2112 3047 2167 nostra,
3080 2101 3216 2157 sicut
3238 2110 3285 2156 et
3321 2118 3416 2157 nos

1839 2191 2151 2246 dimittimus
2181 2190 2496 2246 debitoribus
2516 2192 2727 2246 nostris.
2749 2190 2865 2245 Non
2885 2205 3014 2263 ergo
3034 2189 3293 2256 medium,
3318 2190 3418 2246 sed
3448 2200 3449 2203 ‘

1841 2299 2109 2339 summum
2150 2284 2347 2337 donum
2376 2292 2495 2338 erat
2523 2282 2819 2338 secundum
2857 2299 2980 2339 eum
3023 2283 3241 2363 modum
3262 2322 3278 2349 ,
3308 2296 3418 2352 quo

1841 2384 1970 2431 tunc
1998 2375 2156 2431 homo
2183 2376 2234 2429 in
2258 2375 2512 2446 paradiso
2535 2375 2768 2441 vivebat,
2789 2374 2927 2431 liber
2949 2390 2979 2430 a
3001 2384 3249 2445 peccato,
3281 2382 3338 2429 et
3356 2373 3418 2429 li-

1840 2464 2105 2520 bertatem
2145 2481 2251 2519 non
2281 2466 2540 2536 peccandi
2577 2465 2782 2521 habens
2808 2465 2863 2521 in
2897 2465 3116 2536 propria
3144 2464 3419 2521 voluntate

1841 2556 2079 2627 quandiu
2114 2556 2201 2626 pie
2234 2556 2345 2612 Deo
2388 2573 2448 2613 se
2479 2556 2771 2626 subiiceret
2804 2558 3096 2630 regendum
3127 2567 3294 2628 atque
3324 2557 3416 2628 ju—

1838 2648 2095 2713 vandum,
2125 2647 2249 2703 licet
2270 2648 2448 2704 adhuc
2475 2657 2619 2704 esset
2636 2649 3023 2720 perﬁciendum
3048 2650 3103 2704 in
3129 2649 3343 2714 melius,
3369 2649 3414 2704 si

1839 2737 1893 2793 in
1926 2739 2019 2793 Dei
2050 2740 2356 2795 obedientia
2387 2741 2793 2811 permansisset,
2825 2749 2884 2795 ut
2917 2749 3123 2797 tantam
3156 2743 3415 2797 virtutem

1839 2829 2141 2899 acciperet,
2166 2836 2227 2883 ut
2245 2829 2360 2899 jam
2387 2845 2614 2902 peccare
2634 2847 2737 2887 non
2764 2841 2965 2904 posset.
2990 2831 3061 2888 Ut
3084 2842 3262 2888 autem
3287 2834 3413 2901 tale,

1837 2925 1892 2973 et
1914 2925 2024 2973 tam
2054 2919 2283 2975 liberum
2323 2921 2607 2977 arbitrium
2636 2923 2689 2977 in
2714 2921 2806 2977 illo
2833 2924 3008 2993 primo
3037 2925 3255 2980 homine
3285 2941 3414 2995 pec-

1838 3025 1965 3066 care
2001 3019 2203 3082 posset,
2247 3012 2373 3069 l'ecit
2410 3015 2514 3071 hoc
2556 3016 2793 3072 desertio
2830 3015 2928 3072 Dei
2968 3026 3024 3072 et
3066 3019 3416 3089 prmsumptio

1839 3102 1952 3169 sui;
1986 3103 2110 3158 dum
2136 3105 2237 3161 sub
2261 3105 2368 3160 Deo
2395 3121 2515 3161 esse
2542 3106 2839 3178 negligens,
2864 3114 2919 3162 et
2943 3107 2997 3162 in
3023 3124 3119 3163 sua
3144 3117 3412 3179 potestate

157 3208 274 3253 tate
301 3200 619 3269 przeditum;
648 3207 825 3254 tamen
856 3209 910 3256 et
936 3209 1062 3257 tunc
1096 3202 1369 3275 indigebat
1395 3205 1565 3276 gratia
1591 3205 1733 3261 Con-
1761 3189 1807 3252 C
1838 3206 1958 3248 esse
1996 3193 2203 3260 volens,
2250 3196 2433 3251 amisit
2470 3196 2673 3253 donum
2716 3197 2911 3254 divinae
2955 3201 3176 3272 gratiae,
3233 3201 3417 3256 amisit

157 3288 385 3353 ditoris,
411 3298 473 3344 ut
498 3289 549 3342 iu
579 3288 719 3344 bono
743 3305 853 3360 quo
878 3298 1116 3345 creatum
1148 3290 1322 3348 fuerat
1354 3305 1730 3365 permaneret;

152 3386 213 3431 et
238 3377 400 3446 primi
428 3378 571 3434 illius
603 3379 811 3449 peccati
851 3381 1042 3436 merito
1076 3382 1273 3439 amissa
1309 3383 1556 3440 libertate
1584 3387 1733 3442 inﬁr-

152 3476 386 3533 matam,
417 3468 660 3523 vitiatum
693 3478 853 3539 atque
884 3480 1224 3543 corruptum,
1250 3485 1305 3529 et
1335 3474 1478 3531 velut
1501 3477 1730 3546 quadam

153 3558 314 3613 ruina
343 3557 678 3631 depressum,
705 3560 1007 3618 nullatenus
1027 3563 1168 3618 valet
1191 3580 1475 3637 assurgere
1503 3569 1570 3623 ad
1600 3569 1727 3626 illud

150 3657 416 3703 aeternum
445 3658 501 3704 et
528 3665 796 3704 summum
824 3651 1052 3718 bonum,
1083 3653 1148 3709 ad
1183 3657 1325 3724 quod
1355 3657 1516 3713 homo
1540 3661 1729 3715 condi-

153 3745 250 3790 tus
270 3745 389 3811 est,
420 3736 520 3791 nisi
552 3736 645 3791 Dei
675 3739 845 3809 gratia
884 3750 1129 3807 sanetur,
1162 3745 1575 3817 redintegretur,
1604 3748 1728 3803 illu-

151 3827 393 3882 minetur
415 3835 472 3881 et
496 3827 794 3883 liberetur:
829 3845 929 3885 nec
958 3841 1136 3901 potest
1164 3835 1387 3891 omnino
1422 3837 1579 3892 aliter
1613 3838 1728 3894 ﬁeri

149 3920 411 3983 liberum,
441 3921 543 3976 nisi
573 3920 732 3977 fuerit
757 3923 852 3978 Dei
881 3926 1053 3995 gratia
1087 3926 1340 3994 liberum,
1366 3946 1463 4000 per
1489 3947 1611 3986 eum
1638 3934 1730 4003 qui

148 4010 289 4065 dicit
317 4029 333 4066 τ
364 4010 425 4066 Si
451 4029 541 4067 vos
570 4010 743 4068 Filius
784 4014 1097 4084 liberaverit,
1127 4027 1249 4073 tunc
1279 4036 1394 4076 vere
1418 4020 1566 4077 liberi
1589 4025 1735 4079 eritis

151 4098 339 4169 (Joau.
385 4116 504 4167 vm,
553 4103 644 4175 56)
682 4121 696 4159 :
738 4111 800 4159 ut
842 4106 939 4160 ﬁat
978 4106 1031 4160 in
1080 4108 1235 4164 nobis
1280 4112 1421 4181 quod
1448 4113 1736 4183 Apostolus

149 4190 230 4243 ait
253 4208 267 4281 ς
296 4189 399 4246 Ubi
424 4194 639 4263 spiritus
661 4194 891 4263 Domini,
916 4198 989 4252 ibi
1012 4182 1224 4278 libertas
1250 4201 1336 4273 (II
1358 4203 1479 4259 Cor.
1500 4182 1585 4273 ’...,
1615 4209 1731 4281 l7):

149 4289 210 4335 et
252 4280 413 4348 ideo,
457 4284 598 4338 sicut
631 4285 865 4342 diximus
892 4328 907 4352 ,
945 4288 1165 4346 insanus
1207 4300 1263 4347 et
1289 4292 1611 4366 Pelagianus
1651 4308 1737 4356 est

148 4382 332 4436 error,
358 4371 403 4427 si
431 4374 552 4443 quis
578 4374 807 4431 liberum
839 4376 1120 4433 arbitrium
1138 4420 1153 4446 ,
1184 4383 1327 4451 quod
1353 4383 1405 4438 in
1436 4384 1605 4442 Adam
1633 4404 1730 4459 pe.

1838 3283 2041 3338 bonum
2084 3294 2313 3355 naturae,
2359 3296 2413 3343 et
2458 3287 2665 3344 invenit
2704 3304 2765 3346 se
2804 3289 2904 3347 sub
2945 3291 3292 3348 damnatione
3316 3293 3415 3348 mi-

1839 3389 2013 3431 serue.

2425 3471 2652 3529 CAPUT
2693 3472 2825 3530 VIII.

1906 3576 2110 3635 Octavo
2137 3579 2372 3652 capitulo
2400 3582 2498 3638 has
2526 3583 2865 3640 deﬁnitiones
2885 3586 3054 3658 ponit.

1908 3669 1960 3723 l.
1999 3668 2274 3726 Interioris
2320 3674 2545 3728 hominis
2585 3676 2983 3730 substantialem
3032 3678 3319 3734 trinitatem
3359 3680 3416 3733 in

1833 3762 2079 3826 essentia,
2101 3771 2150 3817 et
2172 3763 2452 3831 voluntate,
2478 3774 2525 3820 et
2548 3767 2763 3821 scientia
2789 3768 3058 3823 contineri.

1906 3849 1962 3905 2.
2004 3850 2116 3906 Nec
2137 3852 2285 3907 aliud
2306 3855 2353 3908 ei
2378 3871 2487 3909 esse
2511 3865 2559 3910 et
2578 3856 2725 3923 velle,
2756 3874 2847 3910 uec
2870 3858 3015 3911 aliud
3039 3858 3163 3913 velle
3182 3869 3231 3913 et
3257 3863 3412 3926 scire,

1836 3940 1927 3994 sed
1959 3941 2068 3995 lure
2102 3942 2205 3997 tria
2236 3960 2397 3999 unam
2436 3954 2677 3999 naturam
2698 3987 2714 4013 ,
2748 3956 3010 4022 totamque
3035 3948 3225 4005 anima:
3265 3959 3419 4005 natu-

1838 4046 1953 4085 ram
1984 4031 2295 4089 voluntatem
2314 4052 2444 4091 esse.

1911 4121 1966 4177 5.
2007 4120 2249 4177 Liberam
2299 4124 2614 4181 voluntatem
2671 4144 2781 4184 esse
2842 4138 3087 4189 naturam
3144 4132 3369 4187 hominis
3397 4124 3441 4200 ,‘

1842 4215 2057 4285 ejusque
2102 4213 2321 4270 liberum
2380 4229 2617 4286 motum,
2668 4237 2731 4274 ac
2782 4231 3085 4292 potestatem
3142 4226 3381 4281 movendi
3396 4267 3412 4292 ,

1839 4305 1980 4376 quod
2007 4307 2074 4360 sit
2104 4306 2323 4362 liberum
2345 4310 2659 4378 arbitrium,
2682 4312 2993 4369 ltocdomtm
3022 4312 3305 4383 Creatoris.

1908 4396 1963 4451 4.
2006 4396 2155 4452 Sicut
2181 4398 2407 4454 animale
2445 4417 2632 4472 corpus
2668 4404 2837 4473 potuit
2875 4404 3039 4470 mori,
3078 4407 3203 4474 quia
3243 4405 3415 4460 adhuc

151 4459 249 4517 ΐίίι
272 4465 548 4535 Ρθθωιιάο
566 4506 584 4534 ν
611 4467 812 4522 amisso
849 4466 990 4523 dono
1020 4477 1228 4555 ηθιιιττε
1263 4480 1320 4528 et
1350 4472 1492 4530 dono
1522 4479 1731 4548 gratias,
1761 4497 1813 4558 ι)
1840 4502 1943 4541 non
1964 4496 2075 4541 erat
2103 4486 2424 4559 perfectum,
2467 4459 2643 4549 idfest
2663 4459 2929 4564 ipiritale,
2950 4459 3038 4551 ita
3077 4459 3315 4550 voluntas
3343 4495 3412 4548 li-

1092 4599 1305 4659 NOTIE
1342 4604 1665 4666 DUVALLII
1702 4613 2043 4675 DOCTORIS
2082 4617 2505 4679 SORBONICI.-'

225 4731 544 4814 I‘nrguitur
571 4734 802 4807 Erigena
850 4737 991 4807 quod
1006 4737 1248 4814 liberum
1275 4740 1555 4814 arbitrium
1586 4743 1728 4799 inter

152 4803 334 4859 media
361 4802 453 4856 Dei
481 4802 619 4859 dona
654 4802 933 4862 recenseat
957 4836 980 4873 ,π
1005 4809 1145 4864 inter
1168 4819 1415 4866 naturam
1444 4813 1646 4868 scilicet
1675 4823 1732 4868 et

152 4875 383 4950 gratiam
416 4874 541 4950 gusic
566 4876 707 4950 enim
739 4878 974 4950 viamad
1022 4879 1469 4950 Pelagianismum
1507 4883 1726 4938 sternit.

155 4944 216 4998 Si
240 4944 389 5023 enim
416 4943 639 5023 libertas
663 4947 734 5001 sit
778 4948 1011 5023 medium
1040 4943 1307 5023 quoddam
1334 4952 1529 5007 donum
1570 4969 1731 5023 supra

154 5022 429 5077 naturam,
479 5016 721 5091 sequitur
748 5016 1162 5091 auxiliaigratite
1189 5020 1255 5072 ad
1288 5016 1670 5091 resurgendum
1698 5041 1729 5078 a

152 5091 382 5155 peccato
406 5092 499 5160 aut
519 5084 586 5139 ad
600 5086 706 5160 ‘pie
729 5084 1064 5160 operandam
1087 5103 1193 5143 non
1219 5103 1357 5160 esse
1382 5084 1682 5147 necessaria
1710 5111 1725 5160 ;

153 5153 349 5231 verum
375 5153 552 5231 siuper
599 5153 851 5231 liberum“
881 5157 1162 5231 arbitrium
1214 5158 1474 5229 intelligat
1499 5153 1729 5231 Erigena

152 5225 399 5299 πείσῃς)
422 5224 638 5289 liberas,
673 5229 916 5283 nonnihil
946 5237 1124 5299 potest
1172 5224 1440 5299 excusari,
1483 5224 1733 5286 cum'illae

152 5311 187 5349 a
217 5295 283 5350 D.
318 5294 509 5371 Thom.
541 5312 558 5349 ι
583 5305 724 5367 part,
759 5315 814 5368 q.
843 5294 1157 5371 57',_art.4,
1187 5298 1346 5355 medii
1396 5300 1604 5371 ordinis
1644 5302 1731 5357 itt-

153 5375 243 5421 ter
285 5366 560 5422 naturales
616 5376 673 5423 et
719 5366 1157 5438 supernatur'ales
1194 5384 1312 5425 esse
1354 5370 1623 5437 dicantur,
1666 5382 1732 5427 ac

148 5446 443 5519 propterea
473 5438 552 5491 ait
589 5438 659 5493 ab
685 5440 892 5519 angelis
937 5440 1254 5496 naturaliter
1299 5456 1406 5497 non
1454 5456 1615 5511 posse
1640 5457 1734 5499 co-

187 5522 364 5563 IIOSCI.
856 5518 866 5529 ’

148 5523 564 5651 gm'ecipitur
592 5577 645 5634 in
673 5579 922 5651 universa
962 5578 1321 5651 disputatione
1368 5580 1595 5637 liberum
1641 5597 1729 5636 ar-

144 5647 376 5720 bitrium
406 5647 499 5702 aut
525 5664 625 5720 pro
653 5649 847 5705 actuali
882 5647 1235 5706 conversione
1277 5652 1343 5705 ad
1382 5653 1603 5716 bonum,
1634 5661 1729 5707 aut

142 5732 249 5788 pro
272 5717 581 5775 libertates
626 5720 886 5777 servitute
913 5721 1117 5792 peccati
1145 5739 1158 5787 ;
1206 5729 1261 5777 et
1294 5723 1372 5779 sic
1399 5723 1597 5794 ubique
1629 5724 1731 5779 do.-

1833 4760 1989 4808 cetur
2016 4751 2145 4807 illttd
2190 4768 2309 4810 esse
2354 4754 2553 4811 bonum
2600 4765 2805 4812 rectum
2858 4765 2915 4812 et
2961 4760 3103 4813 bona
3133 4760 3413 4821 voluntate

1834 4824 1901 4878 ad
1931 4837 2163 4898 superna
2189 4834 2253 4878 et.
2270 4825 2447 4879 divina
2475 4836 2748 4891 erectum;
2780 4828 3004 4898 ideoque
3032 4845 3286 4889 non«esse
3312 4836 3413 4890 mi-

1834 4908 1954 4968 rum
1993 4893 2037 4946 si
2065 4903 2274 4968 asserat
2296 4909 2422 4968 esse
2446 4897 2710 4953 duntaxat.
2736 4893 2931 4968 gratite'
2956 4898 3178 4965 donum,
3211 4913 3267 4957 et
3293 4921 3411 4960 om-

1833 4964 1962 5018 nino
1989 4963 2213 5032 periisse
2249 4966 2302 5042 in
2345 4965 2574 5042 Adamo,
2613 4963 2936 5042 cum'tamen
2970 4970 3044 5042 si.
3066 4978 3124 5027 ut
3166 4963 3410 5042 potentia

1836 5045 2103 5105 sumatur,
2157 5044 2251 5105 aut
2278 5035 2461 5091 habito
2509 5045 2755 5105 respectu
2786 5038 2852 5091 ad
2880 5040 3120 5096 actiones
3139 5035 3326 5101 civiles
3354 5056 3411 5102 et

1834 5103 2117 5190 humanas,
2149 5103 2806 5190 donumﬂnaturm—debeat
2832 5108 3110 5190 appellari.

1909 5184 1932 5212 ο
1962 5172 2097 5229 Cum
2142 5174 2273 5229 dicit
2308 5176 2839 5246 optimosquosque
2866 5172 2950 5234 'in
2996 5190 3147 5236 ‘statu
3204 5192 3410 5242 naturae

1836 5240 2000 5320 lapsa:
2026 5258 2129 5299 non
2155 5259 2312 5320 posse
2345 5240 2450 5320 non
2478 5240 2729 5320 peccare,
2745 5240 3160 5320 intelligendum
3188 5265 3271 5309 est
3297 5240 3408 5312 col;

1838 5312 2051 5378 lective,
2083 5312 2190 5370 non
2217 5312 2591 5380 distributi—ve,
2625 5316 2677 5369 id
2705 5329 2808 5383 est,
2867 5312 3079 5376 etiamsi
3108 5324 3310 5379 nullum
3338 5329 3411 5384 sit

1838 5383 2537 5460 peccatumksingulariter
2583 5398 2882 5458 acceptum,
2921 5393 3062 5460 quod
3092 5393 3264 5450 vitare
3300 5412 3406 5453 non

1838 5453 2076 5532 possint,
2107 5453 2453 5509 nihilominus
2482 5466 2699 5532 propter
2712 5453 3016 5515 'careutiam
3041 5465 3231 5532 gratia!
3254 5466 3409 5524 valde

1839 5523 2106 5605 specialis.
2134 5532 2197 5580 et.
2218 5532 2424 5605 naturae
2452 5523 2845 5605 carri—iptionem
2875 5545 2952 5605 ex
2988 5523 3209 5605 peccato
3230 5523 3409 5605 prole;

1834 5604 2019 5676 ctamn
2045 5610 2148 5676 nop
2178 5602 2402 5676 possunt
2430 5611 2534 5676 non
2592 5597 2829 5676 incidere
2874 5601 2926 5654 in
2955 5597 3168 5676 aliquod
3209 5597 3403 5676 pecu-

1834 5671 1966 5719 tum.
2000 5663 2075 5719 ita
2109 5663 2391 5721 DCThom.
2442 5666 2559 5735 1-2,
2598 5683 2653 5738 q.
2698 5668 2798 5726 109
2863 5680 2963 5727 art.
2996 5674 3047 5727 8.
