4050 6302
663 301 763 358 H7

1753 303 1956 360 FLORI
1994 302 2265 363 DIACONI
2301 299 2788 359 LUGDUNENSIS
3781 306 3852 362 ili

659 417 786 470 beta
805 454 821 480 ,
849 413 1022 469 adhuc
1061 414 1309 470 animalis
1341 416 1526 470 merita
1543 455 1558 480 ,
1602 418 1727 487 quia
1753 419 1992 474 mortalis
2017 460 2035 486 ,
2062 420 2231 491 potuit
2257 441 2308 499 Α
2335 413 2502 477 sonis,
2528 413 2732 466 unitam
2761 411 3059 468 substantia
3078 451 3095 478 ,
3125 411 3386 480 aequalem
3413 419 3604 467 natura
3631 422 3771 487 atque
3788 436 3852 488 po-

660 523 894 576 peccare,
925 523 1172 577 quoniam
1198 508 1370 562 adhuc
1399 525 1501 562 non
1520 519 1632 561 erat
1649 511 1900 579 perfecta,
1923 529 2040 582 ante
2058 513 2233 583 utique

664 598 914 668 perfectio
959 599 1214 655 libertatis
1259 609 1370 670 post
1415 600 1650 654 mandati
1687 602 2000 656 -custodiam
2044 605 2230 674 imple-

665 699 851 756 retur,
901 689 1028 745 dum
1083 692 1132 745 ei
1185 691 1432 760 peccandi
1491 689 1732 746 voluntas
1781 695 1988 762 penitus
2046 697 2229 765 aufer-

657 789 732 834 ret
738 794 822 834 ur.

729 895 784 950 ὅ.
827 895 984 950 Hunc
1009 905 1205 950 malum
1241 895 1371 950 nulli
1410 897 1719 951 animalium
1749 911 1939 968 prtcter
1969 900 2228 956 hominem

656 1001 982 1040 concessum.

728 1095 778 1152 6.
823 1095 1002 1167 Sitque
1023 1095 1144 1151 talis
1167 1098 1463 1167 iii/ferentia
1492 1099 1628 1154 inter
1648 1101 1865 1154 liberum
1887 1101 2111 1156 hominis
2141 1119 2229 1156 ar-

657 1189 870 1243 bitrium
897 1229 912 1254 ,
943 1199 989 1243 et
1021 1190 1135 1259 ejus
1161 1192 1506 1245 substantiam
1534 1233 1550 1257 ,
1586 1202 1639 1244 ut
1666 1203 1856 1245 natura
1886 1195 1939 1246 in
1969 1194 2228 1248 voluntate

652 1281 919 1344 rationali,
949 1281 1168 1335 liberum
1192 1299 1308 1336 vero
1334 1283 1607 1336 arbitrium
1631 1283 1743 1352 ejus
1771 1284 2028 1349 libertate,
2050 1287 2153 1340 sive
2175 1287 2228 1341 in

650 1379 793 1422 motu
816 1369 993 1425 libera:
1023 1371 1336 1426 naturaliter
1356 1372 1633 1428 voluntatis
1652 1414 1671 1440 ,
1699 1375 1803 1428 sive
1829 1375 1883 1427 in
1911 1391 2122 1429 munere
2147 1377 2228 1430 in-

650 1458 966 1530 telligentiaz.

721 1571 776 1624 7.
820 1571 952 1637 Qua:
976 1572 1112 1639 tria,
1139 1572 1196 1628 id
1219 1583 1294 1629 est
1314 1573 1462 1640 liber,
1495 1585 1681 1639 motus,
1716 1575 2077 1647 intelligentia,
2102 1578 2229 1633 libe-

649 1682 766 1719 rum
793 1666 1067 1720 arbitrium
1099 1667 1236 1722 inter
1272 1685 1325 1722 se
1351 1680 1662 1738 componunt
1686 1684 1704 1722 :
1727 1681 1804 1734 ut,
1830 1671 1963 1724 sicut
1986 1671 2224 1724 substan-

2340 499 2552 572 tentia.]

2408 595 2513 649 Iste
2559 609 2689 649 vero
2731 608 2855 649 cum
2885 593 3001 650 haec
3043 593 3290 663 legisset,
3317 601 3433 649 tam
3460 595 3660 650 utiliter
3678 605 3726 651 et
3752 600 3853 654 salu-

2335 683 2506 738 briter
2541 685 2608 739 ad
2646 683 3090 738 illuminationem
3131 691 3327 737 nostra:
3365 683 3494 738 ﬁdei
3516 684 3672 750 dicta,
3697 698 3854 743 nonest

2334 782 2620 828 contentus
2649 774 3015 828 moderamine
3038 781 3094 827 et
3120 772 3318 844 pietate
3350 775 3527 828 sancti
3554 774 3780 840 doctoris,
3805 794 3852 832 ne

2337 864 2601 918 terminos
2619 864 2686 917 ab
2707 879 2772 918 eo
2787 863 3032 933 praefixos
3057 863 3372 918 excederet:
3391 864 3488 919 sed
3511 865 3771 920 addiditde
3785 881 3855 922 suo

2334 955 2477 1025 quod
2507 955 2620 1010 haec
2651 956 2752 1009 tria
2778 969 2898 1024 quae
2919 955 2972 1007 in
2997 962 3175 1008 mente
3201 954 3435 1009 hominis
3460 955 3855 1024 contemplantur,

2333 1046 2573 1102 Trinitas
2601 1047 2671 1101 sit
2691 1044 3060 1101 substantialis
3090 1062 3102 1095 :
3127 1059 3251 1099 cum
3271 1045 3514 1100 Trinitas
3541 1046 3857 1101 substantialis

2332 1147 2388 1193 et
2436 1139 2795 1203 substantiva,
2829 1137 2880 1192 id
2908 1145 2994 1192 est
3022 1153 3142 1207 qute
3177 1138 3607 1193 substantialiter
3634 1140 3683 1194 in
3714 1155 3854 1209 perso-

2332 1232 2419 1287 nis
2449 1233 2733 1298 consistat,
2766 1232 3074 1287 nullatenus
3121 1231 3351 1286 inveniri
3400 1233 3590 1302 possit,
3621 1233 3715 1287 nisi
3740 1233 3856 1287 unius
3952 1255 3953 1292 ;

2333 1321 2449 1377 Dei.
2479 1321 2632 1377 Unde
2663 1330 2718 1377 et
2745 1322 2886 1378 idem
2911 1322 3103 1376 doctor
3122 1361 3138 1387 ,
3167 1335 3234 1375 ne
3258 1321 3381 1391 quis
3429 1331 3577 1376 erret
3617 1323 3667 1376 in
3707 1322 3856 1375 talibus
3952 1319 3953 1328 “

2331 1412 2562 1468 sollicite
2599 1413 2879 1476 admonet,
2912 1420 2966 1466 et
3001 1413 3157 1466 docet
3188 1412 3237 1465 in
3284 1411 3495 1466 eisdem
3547 1412 3692 1466 libris
3713 1452 3729 1478 ,
3752 1413 3855 1482 quod
3952 1463 3953 1468 η

2332 1518 2438 1557 non
2462 1503 2622 1556 homo
2650 1502 2721 1557 sit
2758 1501 3025 1566 hae’tria,
3056 1503 3148 1556 sed
3176 1501 3410 1556 hominis
3453 1503 3539 1556 vel
3592 1502 3641 1556 in
3691 1503 3858 1556 homine
3952 1483 3953 1506 ξ

2331 1595 2440 1649 sint
2470 1595 2586 1649 hanc
2633 1595 2755 1648 tria.
2807 1593 2940 1649 Cum
2982 1607 3013 1647 e
3037 1593 3313 1648 contrario
3344 1594 3400 1647 in
3433 1603 3617 1648 sancta
3645 1592 3856 1646 Trinitate
3952 1611 3953 1664 γ

2331 1683 2420 1738 illa
2450 1685 2549 1738 tria
2587 1699 2708 1754 qua)
2761 1684 3012 1738 distincte
3066 1682 3138 1737 ibi
3193 1692 3584 1752 agnoscuntur,
3611 1681 3856 1734 nullatenus

650 1759 726 1811 tia
748 1759 803 1811 in
830 1775 932 1829 qua
959 1769 1055 1823 est,
1083 1760 1224 1813 trina
1254 1763 1363 1814 sit:
1391 1771 1464 1816 est
1493 1764 1628 1816 enim
1652 1804 1667 1827 ,
1691 1772 1741 1816 et
1769 1763 1896 1828 vult,
1919 1773 1966 1816 et
1986 1765 2085 1818 scit
2109 1779 2128 1816 :
2150 1762 2223 1818 ita
2253 1784 2302 1844 Β
2330 1773 2436 1828 dici
2466 1773 2698 1828 debeam
2719 1782 2812 1826 aut,
2844 1772 3052 1842 possint
3100 1771 3152 1824 in
3195 1786 3302 1824 uno
3345 1770 3460 1824 Deo
3488 1784 3630 1833 esse,
3653 1768 3735 1822 sed
3763 1783 3857 1821 rem

649 1858 698 1902 et
724 1848 856 1904 illud
878 1851 1071 1904 trinum
1095 1852 1191 1920 ﬁat
1217 1868 1230 1906 :
1256 1851 1406 1917 liber,
1433 1864 1623 1918 motus,
1649 1852 1957 1922 intelligens.

722 1960 876 2028 Quod
914 1976 1041 2032 ergo
1070 1962 1218 2028 dicit,
1263 1963 1524 2017 interioris
1569 1964 1795 2018 hominis
1831 1965 2228 2019 substantialem

651 2052 938 2106 trinitatem
958 2053 1012 2106 in
1032 2054 1254 2108 essentia
1280 2064 1326 2107 et
1355 2053 1616 2108 voluntate
1638 2065 1686 2108 et
1709 2057 1926 2109 scientia
1953 2056 2224 2119 contineri,

653 2159 721 2198 ex
745 2154 898 2213 parte
926 2158 993 2199 ex
1021 2143 1472 2213 disputationibus
1503 2147 1676 2201 sancti
1697 2147 1981 2218 Augustini
2005 2148 2057 2200 in
2078 2147 2228 2202 libris

651 2235 719 2290 de
750 2235 1015 2289 Trinitate
1057 2235 1285 2304 sumpsit
1313 2251 1328 2301 ;
1361 2249 1428 2289 ex
1461 2246 1617 2306 parte
1651 2238 1718 2292 de
1748 2253 1846 2293 suo
1880 2239 2229 2309 excogitavit.

657 2327 799 2382 Dicit
834 2328 976 2381 enim
1016 2327 1210 2383 beatus
1239 2328 1571 2398 Augustinus
1617 2330 1685 2385 de
1718 2338 1903 2385 sancta
1933 2339 1989 2384 et
2018 2345 2228 2385 summa

653 2417 920 2472 Trinitate
933 2419 1213 2487 disputans
1236 2417 1348 2489 (lib.
1373 2435 1447 2482 IX,
1470 2436 1586 2486 cap.
1608 2419 1664 2486 2,
1691 2429 1738 2474 et
1764 2419 1854 2473 lib.
1885 2435 1976 2484 xv,
2004 2437 2121 2489 cap.
2149 2421 2228 2491 7),

657 2520 714 2562 et
743 2510 808 2564 de
837 2519 1018 2564 mente
1051 2509 1282 2564 hominis
1309 2510 1400 2565 ubi
1424 2509 1490 2563 ad
1517 2510 1804 2580 imaginem
1839 2520 1895 2566 et
1922 2510 2228 2564 similitudi-

654 2617 782 2657 nem
811 2602 904 2656 Dei
931 2601 1180 2657 conditus
1217 2610 1330 2665 est,
1379 2602 1784 2670 similitudinem
1825 2603 1892 2657 ad
1921 2603 2087 2658 Deum
2116 2611 2226 2656 tra-

656 2682 814 2759 hens,
855 2701 916 2748 ut
954 2708 1054 2763 per
1085 2693 1231 2747 illam
1273 2693 1560 2764 imaginem
1607 2693 1865 2748 trinitatis
1891 2707 2011 2762 qum
2044 2701 2129 2748 est
2173 2693 2228 2748 in

656 2795 838 2842 mente
887 2785 1121 2842 hominis
1167 2784 1475 2841 sublevaret
1518 2799 1618 2840 nos
1656 2785 1723 2839 ad
1757 2782 2228 2854 contemplandum

652 2885 927 2946 utcunque
965 2877 1285 2930 Trinitatem
1325 2891 1444 2944 qua:
1480 2876 1623 2931 Deus
1659 2884 1760 2930 est.
1783 2875 1943 2939 Dicit,
1987 2875 2231 2944 inquam,

656 2965 795 3040 [hinc
839 2968 965 3030 tria,
996 2968 1048 3022 id
1095 2976 1179 3022 est
1223 2982 1364 3030 esse,
1392 2982 1572 3032 nosse,
1611 2977 1664 3022 et
1695 2966 1948 3032 velle,ita
1971 2967 2022 3020 in
2051 2975 2231 3022 mente

654 3055 892 3111 hominis
914 3054 1163 3119 inveniri,
1193 3064 1252 3109 ut
1271 3064 1327 3108 et
1347 3056 1597 3110 distincte
1625 3057 1722 3110 tria
1745 3057 1874 3122 sint,
1903 3065 1958 3110 et
1982 3057 2224 3110 substan-

656 3148 733 3202 tia
764 3161 928 3200 unum
951 3145 1087 3211 sint;
1119 3144 1372 3200 videlicet
1399 3145 1615 3214 quando
1638 3160 1810 3209 mens,
1837 3160 1956 3213 quae
1977 3143 2230 3197 uaturali-
2257 3126 2302 3189 C

657 3247 740 3293 ter
761 3247 862 3302 est,
891 3237 1210 3292 naturaliter
1231 3236 1382 3292 novit
1410 3250 1470 3292 se
1488 3245 1542 3290 et
1570 3236 1891 3292 naturaliter
1911 3235 2044 3299 vult,
2074 3235 2126 3288 id
2148 3245 2234 3290 est

656 3329 831 3399 diligit
867 3343 959 3395 se,
988 3344 1090 3385 nec
1115 3328 1182 3384 ad
1216 3327 1360 3382 aliud
1387 3338 1513 3383 tunc
1540 3327 1770 3383 refertur
1796 3328 1912 3398 ejus
1949 3328 2139 3382 notitia
2176 3337 2232 3384 et

653 3422 902 3477 voluntas
928 3422 1030 3476 nisi
1070 3421 1139 3476 ad
1167 3421 1420 3491 seipsam.
1461 3420 1611 3476 Tunc
1645 3421 1789 3476 enim
1823 3421 1950 3476 licet
1980 3420 2232 3475 distincte

655 3515 1022 3583 intelligantur
1057 3515 1171 3570 hac
1215 3513 1318 3568 tria
1369 3527 1489 3569 esse
1536 3514 1590 3568 in
1638 3523 1835 3580 mente,
1882 3513 1936 3568 id
1983 3521 2068 3568 est
2114 3526 2234 3568 esse

653 3613 712 3660 et
737 3621 895 3661 nosse
944 3621 1036 3670 se,
1089 3614 1144 3662 et
1199 3605 1335 3660 velle
1379 3620 1472 3670 se,
1526 3612 1704 3658 tamen
1758 3612 1812 3659 et
1870 3603 2044 3674 ipsum
2112 3617 2233 3658 esse

655 3705 888 3762 natura,
938 3698 991 3753 id
1039 3707 1123 3754 est
1182 3697 1417 3753 essentia
1471 3696 1667 3751 mentis
1724 3704 1843 3762 est,
1905 3702 1961 3749 et
2012 3695 2240 3749 omnino,

658 3791 979 3847 naturaliter
1026 3793 1175 3847 novit
1207 3806 1298 3858 se,
1325 3802 1380 3847 et
1413 3793 1733 3847 naturaliter
1765 3791 1876 3846 vult
1912 3807 2005 3858 se;
2037 3799 2093 3847 et
2120 3799 2231 3846 tota

653 3891 760 3950 est,
799 3892 853 3938 et
888 3885 1024 3939 sicut
1053 3893 1163 3938 tota
1191 3885 1348 3939 habet
1370 3899 1488 3938 esse
1507 3926 1520 3947 ,
1546 3884 1625 3938 sic
1653 3885 1819 3938 etiam
1844 3892 1953 3937 tota
1975 3897 2034 3938 se
2057 3883 2231 3946 novit,

655 3973 736 4030 sic
764 3984 876 4030 tota
901 3991 958 4030 se
986 3975 1103 4030 vult
1136 3983 1192 4029 et
1216 3976 1407 4046 diligit.
1442 3977 1508 4030 Et
1562 3976 1680 4030 ideo
1726 3984 1853 4029 tunc
1903 3983 2103 4044 quanta
2147 3973 2234 4028 εει

657 4065 893 4120 essentia
923 4064 1062 4133 ejus,
1090 4073 1238 4118 tanta
1283 4073 1368 4120 est
1401 4075 1458 4121 et
1493 4066 1681 4120 notitia
1730 4063 1845 4134 ejus
1884 4073 1938 4120 et
1986 4064 2244 4120 voluntas,

658 4155 798 4224 ejus.
840 4158 907 4211 Et
933 4174 1000 4212 ex
1032 4159 1133 4212 hac
1171 4161 1569 4227 comparatione
1605 4159 1859 4213 admonet
1898 4159 2090 4214 beatus
2133 4159 2224 4212 doc

660 4260 800 4313 ctor,
838 4259 899 4304 ut
923 4264 991 4304 ex
1020 4250 1370 4306 similitudine
1413 4252 1608 4306 mentis
1633 4262 1829 4306 nostra:
1882 4263 2244 4322 exsurgamus.

659 4344 727 4396 ad
757 4342 1219 4412 contemplandam
1243 4357 1424 4396 veram
1451 4342 1767 4397 Trinitatem
1793 4359 1911 4412 quae
1933 4343 2074 4396 Deus
2109 4351 2191 4397 est
2217 4360 2228 4395 :

656 4435 875 4491 utsicut
897 4435 1012 4490 inec
1041 4434 1166 4500 tria,
1200 4434 1250 4488 id
1287 4441 1371 4489 est
1412 4449 1553 4498 esse,
1585 4449 1741 4488 nosse
1775 4450 1854 4498 se,
1885 4441 1939 4488 et
1968 4432 2104 4487 velle
2150 4447 2226 4495 se,
2256 4474 2309 4533 Β

657 4525 732 4581 ita
763 4526 1109 4580 inveniuntur
1133 4524 1184 4578 in
1212 4533 1392 4577 mente
1426 4523 1658 4577 hominis
1684 4563 1699 4587 ,
1729 4532 1786 4577 ut
1807 4531 1860 4577 et
1881 4522 2095 4592 proprie
2118 4521 2232 4574 sin-

658 4616 784 4687 gula
808 4616 1207 4680 discernantur,
1256 4624 1311 4670 et
1348 4625 1526 4670 tamen
1581 4613 2005 4669 substantialiter
2043 4621 2096 4668 et
2136 4626 2232 4665 na-

657 4708 906 4765 turaliter
935 4725 1097 4763 unum
1123 4709 1250 4763 sint.
1280 4707 1347 4762 Et
1365 4715 1566 4777 quanta
1604 4715 1689 4761 est
1724 4706 1837 4777 ipsa
1871 4721 2041 4768 mens,
2071 4713 2224 4759 tanta

661 4809 789 4855 tunc
815 4800 885 4855 sit
910 4809 963 4855 et
985 4800 1169 4855 notitia
1196 4799 1279 4854 sui
1307 4808 1361 4852 et
1382 4797 1596 4853 dilectio
1623 4798 1732 4861 sui,
1753 4797 1875 4866 quia
1907 4805 2017 4853 tota
2047 4810 2105 4850 se
2137 4812 2231 4850 no-

657 4892 758 4958 vit,
789 4898 899 4947 tota
936 4907 994 4946 se
1029 4892 1238 4963 diligit:
1279 4891 1351 4946 ita
1389 4906 1454 4946 ex
1491 4891 1593 4945 hac
1630 4890 1862 4961 imagine
1900 4896 1956 4944 et
1985 4889 2233 4942 similitu-

658 4981 784 5038 dine
814 4981 907 5036 Dei
948 4979 1287 5036 subtevemus
1325 4980 1652 5036 intellectum
1685 4981 1752 5034 ad
1798 4979 1968 5048 ipsam
1998 4975 2230 5030 Trinita-

658 5081 768 5128 tem
797 5070 1032 5134 Domini,
1061 5079 1118 5124 et
1141 5086 1494 5140 agnoscamus
1519 5071 1571 5123 in
1602 5070 1715 5140 ipsa
1746 5070 1901 5124 beata
1941 5074 1997 5120 et
2017 5079 2229 5119 smnma

659 5161 927 5217 Trinitate
946 5203 961 5225 ,
987 5161 1235 5216 distincte
1262 5170 1316 5216 et
1358 5161 1573 5230 proprie
1606 5161 1708 5215 tria
1745 5173 1862 5214 esse
1886 5199 1900 5220 ,
1931 5157 1981 5211 id
2007 5164 2089 5210 est
2132 5154 2224 5209 Pa-

659 5265 823 5318 trem,
855 5261 908 5307 et
934 5251 1162 5316 Filium,
1205 5262 1258 5308 et
1286 5252 1544 5323 Spiritum
1581 5259 1827 5306 sanctum
1846 5291 1860 5314 ,
1887 5257 1942 5303 et
1971 5249 2084 5303 htec
2131 5247 2232 5300 tria

658 5343 1021 5401 essentialiter
1070 5350 1124 5397 et
1153 5343 1469 5398 naturaliter
1519 5357 1682 5396 unum
1736 5349 1965 5405 esse,et
2007 5335 2232 5406 aaqualia

658 5451 796 5501 esse,
823 5444 881 5490 ut
908 5443 1142 5506 quantus
1163 5444 1249 5490 est
1273 5436 1343 5489 ibi
1374 5434 1550 5498 Pater,
1576 5443 1754 5488 tantus
1774 5440 2094 5502 agnoscatur
2116 5443 2236 5483 esse

656 5531 715 5587 et
742 5528 939 5596 Filius,
966 5537 1147 5584 tantus
1184 5537 1239 5583 et
1276 5527 1510 5598 Spiritus
1554 5538 1788 5581 sanctus.
1840 5524 2059 5593 Sicque,
2090 5521 2237 5574 velut

658 5633 758 5696 per
787 5622 1060 5695 speculum
1087 5630 1140 5676 et
1171 5621 1224 5674 in
1263 5621 1548 5689 :enigmate
1591 5617 1782 5672 tuentis
1830 5623 2026 5670 nostra:
2055 5614 2230 5667 disca-

659 5730 784 5772 mus
804 5714 1097 5788 intelligere
1130 5721 1371 5770 sanctam
1401 5711 1754 5774 Trinitatem,
1780 5707 2083 5762 distinctam
2113 5717 2233 5772 per-

2327 1879 2470 1918 unus
2512 1863 2654 1917 Deus
2691 1877 2832 1917 esse.
2886 1861 3069 1930 Neque
3122 1860 3266 1914 enim
3313 1858 3634 1912 Trinitatem
3679 1857 3857 1912 dicimus

2328 1967 2449 2010 esse
2487 1953 2541 2006 in
2573 1952 2706 2016 Deo,
2731 1951 2824 2006 sed
2854 1951 3024 2020 ipsam
3052 1949 3372 2003 Trinitatem
3408 1948 3576 2002 Deum
3600 1961 3622 2000 :_
3639 1945 3708 1999 sic
3745 1943 3856 1997 enim

2326 2047 2444 2116 ipse
2471 2052 2689 2100 sanctus
2716 2045 2905 2099 doctor
2925 2041 3055 2096 dicit
3076 2041 3192 2110 (lib.
3225 2045 3380 2094 xvde
3413 2038 3625 2102 Triait.,
3662 2051 3762 2104 cap.
3781 2034 3850 2101 6):

2330 2136 2657 2211 [Invenimus
2682 2137 2736 2190 in
2778 2133 2993 2189 homine
3027 2131 3359 2196 trinitatem,
3387 2130 3441 2184 id
3470 2139 3553 2184 est
3581 2134 3784 2182 mentem
3815 2133 3854 2176 et

2328 2228 2574 2284 notitiam
2601 2242 2706 2296 qua
2735 2241 2796 2282 se
2817 2225 2982 2287 novit,
3012 2233 3066 2277 et
3093 2222 3434 2276 dilectionem
3467 2235 3571 2289 qua
3611 2233 3667 2272 se
3691 2215 3848 2284 diligit;

2328 2320 2425 2376 sed
2465 2321 2581 2376 haec
2629 2317 2730 2374 tria
2765 2313 2844 2372 ita
2873 2324 3000 2371 sunt
3029 2315 3083 2369 in
3109 2314 3356 2378 homine,
3402 2320 3463 2365 ut
3511 2327 3613 2364 non
3645 2312 3743 2378 ipsa
3772 2306 3852 2358 sint

2328 2414 2491 2470 homo
2522 2429 2535 2465 :
2565 2411 2725 2466 homo
2752 2409 2897 2464 enim
2936 2417 3038 2472 est,
3071 2407 3210 2462 sicut
3243 2416 3299 2460 et
3321 2415 3536 2459 veteres
3549 2400 3850 2458 .detiuierunt,

2331 2503 2532 2559 animal
2555 2502 2814 2558 rationale
2835 2500 3079 2555 mortale.
3111 2499 3205 2552 Illa
3235 2511 3365 2568 ergo
3403 2494 3665 2550 excellunt
3710 2491 3754 2543 in
3785 2488 3851 2540 lto-

2331 2595 2499 2659 mine,
2530 2607 2636 2648 non
2675 2591 2790 2661 ipsa
2828 2599 2954 2646 sunt
2991 2590 3151 2645 homo
3174 2628 3189 2653 ,
3220 2596 3276 2642 et
3301 2602 3410 2640 una
3448 2597 3695 2655 persona,
3725 2579 3768 2632 id
3793 2583 3852 2628 est

2329 2688 2569 2760 singulas
2609 2688 2835 2756 quisque
2878 2681 3090 2756 1101110.]
3126 2681 3298 2736 liabet
3323 2679 3416 2734 illa
3471 2678 3570 2732 tria
3611 2675 3660 2728 in
3695 2677 3850 2760 tuente,

2331 2756 2678 2836 vel'mentem
2710 2795 2724 2831 :
2758 2789 2822 2832 ac
2844 2790 2940 2846 per
2958 2775 3061 2829 hoc
3084 2772 3175 2827 illa
3207 2771 3308 2825 tria
3332 2786 3441 2825 non
3457 2769 3616 2823 homo
3632 2770 3759 2824 sunt,
3778 2756 3848 2812 sed

2332 2871 2566 2929 hominis
2603 2876 2744 2934 sunt,
2777 2867 2862 2922 vel
2890 2867 2945 2921 in
2997 2864 3216 2920 homine
3263 2872 3413 2918 sunt.
3456 2860 3696 2914 Detracta
3724 2852 3848 2907 etiam

2332 2979 2580 3036 corpore,
2607 2964 2652 3017 si
2680 2962 2793 3017 sola
2833 2960 3012 3014 anima
3038 2959 3302 3028 cogitetur
3341 2953 3565 3024 aliquid,
3605 2950 3710 3004 eius
3735 2954 3852 3036 mens

2333 3029 2699 3125 est-tanquam
2727 3061 2889 3122 caput
2916 3051 3031 3121 ejus
3056 3089 3072 3114 ,
3098 3047 3181 3103 vel
3220 3046 3443 3111 oculus,
3480 3043 3560 3098 vel
3585 3039 3759 3099 iacies,

2333 3165 2440 3205 non
2468 3149 2583 3203 haec
2608 3155 2664 3202 ut
2691 3159 2916 3216 corpora
2948 3141 3231 3212 cogitanda
3258 3147 3407 3193 sunt.
3435 3137 3549 3193 Non
3588 3133 3733 3202 igitur
3763 3139 3846 3178 am-

2333 3256 2458 3306 ma,
2488 3239 2581 3295 sed
2627 3239 2770 3309 quod
2820 3235 3033 3292 excellit
3071 3236 3130 3290 in
3183 3232 3396 3298 anima,
3443 3244 3593 3285 mens
3633 3230 3843 3276 vocatur:

2333 3332 2573 3402 nunquid
2601 3339 2775 3384 autem
2806 3339 3092 3398 possumus
3122 3324 3300 3379 dicere
3326 3321 3643 3376 Trinitatem
3656 3313 3736 3379 ,sic
3758 3314 3846 3360 esse

2333 3426 2388 3481 in
2416 3425 2547 3488 Deo,
2573 3431 2633 3478 ut
2655 3421 2853 3490 aliquid
2879 3417 2976 3473 Dei
2998 3417 3086 3481 sit,
3116 3431 3214 3470 nec
3241 3414 3356 3484 ipsa
3395 3414 3468 3468 sit
3493 3406 3656 3464 Deus?
3755 3488 3788 3496 _
3814 3487 3822 3496 .

2406 3516 2511 3571 Iste
2533 3528 2663 3568 vero
2693 3488 2974 3581 postquam
3006 3524 3111 3563 non
3138 3516 3284 3561 recte
3323 3497 3734 3583 substantialemg
3755 3488 3844 3583 Tri-

2332 3607 2555 3661 nitatem
2586 3605 2639 3657 in
2671 3580 2865 3656 mentis
2913 3598 3144 3653 essentia
3167 3606 3223 3650 et
3255 3595 3532 3649 voluntate
3579 3595 3630 3642 et
3672 3580 3846 3637 scientia

2335 3694 2598 3752 contineri
2628 3693 2797 3754 dixit,
2827 3689 2974 3743 addit
3006 3688 3180 3742 adhuc
3224 3685 3365 3738 aliud
3417 3683 3597 3754 pejus,
3623 3675 3779 3729 dicens
3798 3662 3846 3715 de

2332 3790 2449 3858 ipsa
2480 3785 2710 3842 hominis
2746 3789 2966 3836 mente:
3000 3779 3108 3833 Nec
3148 3777 3292 3832 aliud
3313 3776 3360 3830 ei
3381 3790 3492 3830 esse
3528 3780 3572 3824 et
3609 3763 3750 3858 velle,
3782 3767 3848 3858 nec

2334 3853 2481 3934 aliud
2503 3878 2626 3933 velle
2649 3886 2694 3931 et
2719 3877 2883 3940 scire;
2903 3883 3163 3941 totamque
3183 3869 3373 3922 anima:
3402 3875 3638 3920 naturam
3663 3853 3848 3910 volunta-

2335 3979 2435 4024 tem
2459 3985 2597 4034 esse;
2619 3967 2707 4022 sed
2733 3967 2842 4020 lucc
2865 3965 2962 4018 tria
2991 3977 3148 4016 unam
3171 3969 3436 4013 naturam.
3462 3955 3590 4011 Cum
3626 3966 3654 4003 e
3683 3950 3849 4001 contra-

2336 4061 2418 4115 rio
2448 4059 2753 4115 firmissime
2779 4056 2911 4110 lides
2956 4059 3134 4108 teneat
3180 4049 3379 4102 nullatn
3419 4053 3706 4102 creaturam
3732 4041 3849 4125 esse,

2336 4153 2388 4206 id
2423 4158 2505 4206 est
2540 4164 2638 4204 nec
2684 4146 2977 4216 angelicam
3003 4184 3018 4207 ,
3057 4157 3157 4196 nec
3213 4141 3526 4200 humanam,
3551 4146 3661 4202 qua:
3703 4126 3762 4178 ita
3800 4121 3850 4168 snt

2335 4241 2591 4311 simplicis
2617 4247 2840 4299 naturae,
2885 4232 2969 4289 vel
3007 4231 3253 4288 essentia:
3277 4269 3292 4294 ,
3315 4237 3374 4283 ut
3402 4225 3542 4298 quod
3566 4231 3642 4278 est
3667 4216 3711 4271 ei
3743 4217 3846 4311 esse.

2341 4310 2452 4388 hoc
2469 4331 2540 4386 sit
2561 4328 2880 4398 intelligere,
2908 4325 3032 4394 quia
3063 4322 3313 4377 videlicet
3359 4327 3535 4391 potest
3562 4326 3672 4371 esse
3706 4310 3848 4399 etnon

2343 4425 2666 4493 intelligere.
2689 4420 2796 4475 Nec
2821 4420 2963 4490 quod
2989 4425 3072 4472 est
3091 4417 3138 4470 ei
3171 4431 3314 4476 esse,
3345 4415 3449 4468 hoc
3472 4419 3552 4468 est
3580 4403 3702 4460 velle
3721 4439 3735 4463 ,
3755 4402 3848 4493 qm?

2317 4477 2657 4590 ‘potestuesse
2682 4522 2736 4568 et
2769 4477 2871 4567 non
2903 4510 3054 4565 velle.
3110 4507 3218 4563 Nec
3257 4509 3361 4562 hoc
3395 4507 3469 4561 illi
3495 4510 3574 4558 est

2336 4573 2514 4672 nosse,
2542 4607 2667 4676 quia
2695 4613 2872 4674 potest
2893 4616 3012 4658 esse
3034 4609 3216 4654 etnon
3246 4610 3422 4652 nosse.
3457 4594 3563 4650 Nec
3587 4575 3763 4680 liocilli
3787 4573 3848 4680 θξι

2336 4714 2455 4754 esse
2487 4670 2629 4768 quod
2659 4670 2900 4764 diligere,
2934 4691 3061 4760 quia
3087 4697 3263 4759 potest
3285 4699 3403 4741 esse
3429 4694 3609 4768 etnon
3653 4670 3844 4768 diliget?

2338 4745 2520 4844 Solius
2553 4795 2732 4839 autem
2755 4745 2954 4838 Divina:
2983 4788 3190 4834 natura:
3211 4784 3296 4831 est
3319 4787 3526 4829 summa
3553 4767 3634 4823 illa
3675 4745 3846 4856 et

2337 4878 2514 4934 labilis
2563 4873 2903 4944 simplicitas,
2945 4883 3006 4925 ut
3051 4869 3194 4939 quod
3223 4876 3305 4923 est
3346 4867 3394 4921 ei
3437 4876 3572 4924 esse,
3602 4859 3695 4911 hoc
3726 4845 3768 4901 ei
3797 4842 3848 4944 ξιξ

2332 4925 2905 5039 quidquid—veraciter
2933 4925 3125 5016 dicitur
3147 4975 3287 5013 esse.
3333 4955 3492 5011 Verbi
3530 4925 3845 5039 gratia-.1192?

2333 5021 2416 5115 est
2441 5021 2497 5114 ei
2519 5074 2659 5122 esse,
2686 5058 2788 5112 hoc
2825 5062 2908 5109 est
2933 5052 3230 5122 intelligere
3252 5091 3267 5116 ,
3299 5050 3422 5118 quia
3457 5061 3561 5102 non
3585 5045 3663 5095 est
3702 5032 3747 5122 iit
3779 5021 3846 5122 ί¹¹ίξ

2335 5114 2478 5207 aliud
2503 5114 2740 5206 essentia
2779 5156 2834 5202 et
2879 5145 3021 5200 aliud
3065 5114 3461 5212 intelligentia:
3501 5133 3588 5191 sed
3626 5119 3749 5195 (Ιυοίί
3783 5114 3846 5212 ξεί

2335 5242 2601 5304 essentia,
2646 5239 2748 5293 hoc
2796 5234 3184 5303 intelligentia;
3233 5239 3292 5288 et
3336 5230 3478 5301 quod
3527 5212 3844 5304 intelligentia:

2338 5293 2747 5386 boeircssentia.
2797 5293 3057 5386 Sitniliier
3107 5293 3223 5378 non.
3261 5293 3369 5378 est-
3396 5319 3470 5374 illi
3527 5309 3657 5369 aliud
3685 5310 3781 5355 esse
3805 5293 3844 5339 εί

2339 5421 2483 5476 aliud
2538 5421 2831 5488 sapientem
2881 5432 3021 5478 esse,
3048 5414 3174 5483 quia
3199 5428 3303 5468 non
3335 5420 3416 5466 est
3439 5411 3489 5464 in
3517 5406 3602 5461 illo
3629 5389 3750 5496 aliud

2336 5514 2507 5570 sentia
2550 5523 2606 5567 et
2648 5510 2789 5565 aliud
2843 5507 3105 5578 sapientia
3137 5525 3149 5558 :
3180 5505 3273 5559 sed
3322 5503 3464 5572 quod
3517 5486 3745 5578 essentia,

2338 5607 2597 5677 sapientia
2620 5646 2634 5668 ,
2675 5614 2730 5659 et
2765 5602 2906 5672 quod
2937 5598 3220 5669 sapientia,
3253 5597 3357 5651 hoc
3380 5588 3621 5651 essentia.
3669 5577 3731 5632 De
3767 5572 3841 5634 qua

2337 5715 2396 5755 re
2435 5699 2572 5752 idem
2597 5698 2781 5751 beatus
2806 5695 2994 5749 doctor
3021 5691 3092 5746 ita
3119 5689 3384 5760 loquitur,
3407 5687 3619 5741 dicens:
3665 5715 3668 5718 .
