4050 6302
191 337 302 393 H9

1185 329 1385 386 LIBER
1417 329 1781 388 ADVERSUS
1817 329 2131 386 JOANNEM
2167 330 2463 389 SCOTUM.

271 447 354 522 [Si
385 455 566 502 autem
587 444 846 516 quaeritur
870 442 1139 515 quomodo
1168 443 1443 512 multiplex
1467 451 1523 498 et
1545 442 1770 512 simplex
1799 447 1842 501 Δ
1874 443 1998 498 dum
2028 459 2126 514 per
2165 443 2334 500 solam
2377 443 2692 500 memoriam
2735 443 2819 500 sul
2858 445 3120 511 meminit,
3151 461 3248 518 per
3271 446 3446 504 solam

190 545 291 598 illa
337 543 409 598 sit
449 541 771 603 substantia,
803 536 1273 592 animadvertenda
1314 545 1398 591 est
1423 535 1597 606 primo
1624 550 1777 590 crea-

190 647 322 690 tura
351 646 517 703 quare
539 631 610 686 sit
632 629 925 698 multiplex,
959 626 1101 682 nullo
1120 635 1298 682 autem
1320 627 1480 681 modo
1504 641 1629 680 vere
1651 625 1779 682 sim-

189 723 372 795 ptex.]
425 724 492 778 Et
519 731 640 791 post
689 720 863 790 aliqua
897 738 908 772 :
939 718 1126 792 [etiam
1157 719 1358 783 anima,
1409 718 1601 787 inquit,
1655 733 1777 772 cum

192 815 347 868 aliud
370 813 444 868 sit
471 811 822 866 artiﬁciosum
853 824 995 872 esse,
1028 807 1169 862 aliud
1199 808 1447 872 inertem,
1480 807 1620 861 aliud
1652 823 1779 862 acu-

193 912 338 966 tum,
370 901 514 956 aliud
544 914 876 964 memorem;
908 897 1048 952 aliud
1083 895 1376 966 cupiditas,
1407 896 1549 950 aliud
1577 896 1775 960 timor;

193 992 350 1046 aliud
400 991 614 1054 laetitia,
663 988 805 1043 aliud
853 987 1105 1053 tristitia;
1152 987 1464 1057 possintque
1512 985 1614 1039 alia
1665 986 1780 1040 sine

195 1081 348 1142 aliis,
379 1089 434 1134 et
463 1079 566 1132 alia
591 1078 783 1148 majus,
818 1077 921 1130 alia
948 1077 1147 1141 minus,
1189 1075 1596 1130 innumerabilia
1623 1083 1679 1129 et
1701 1075 1780 1128 in-

196 1169 615 1224 numerabiliter
637 1169 689 1222 in
711 1168 901 1222 anima:
924 1175 1116 1220 natura
1143 1166 1369 1221 inveniri
1395 1183 1407 1219 :
1437 1164 1782 1220 manifestum

193 1270 286 1316 cst
312 1279 421 1318 non
447 1260 766 1331 simplicem,
811 1259 906 1314 sed
952 1257 1299 1327 multiplicem
1343 1271 1464 1312 esse
1509 1265 1779 1321 naturam,

193 1354 342 1409 nihil
400 1353 543 1408 enim
587 1351 814 1420 simplex
873 1349 1127 1404 mutabile
1177 1356 1281 1404 est.
1349 1347 1540 1404 Omnis
1601 1355 1782 1402 autem

193 1452 461 1499 creatura
505 1440 811 1505 mutabilis,
858 1439 1000 1494 Deus
1038 1446 1214 1494 autem
1254 1437 1620 1508 multipliciter
1664 1437 1784 1507 qui-

192 1535 325 1589 dem
360 1522 582 1597 dicitur,
607 1547 850 1603 magnus,
881 1531 1068 1595 bonus,
1098 1531 1330 1600 sapiens,
1359 1530 1568 1594 beatus,
1602 1545 1780 1595 verus,

192 1638 256 1683 et
289 1627 552 1697 quidquid
594 1625 736 1679 aliud
765 1641 870 1679 non
900 1623 1116 1694 indigne
1140 1623 1244 1678 dici
1276 1623 1506 1678 videtur.
1562 1623 1667 1678 Sed
1696 1638 1786 1679 ea-

194 1719 327 1772 dem
361 1717 673 1786 magnitudo
700 1714 815 1784 ejus
843 1723 949 1781 est,
985 1730 1107 1785 quae
1141 1715 1422 1784 sapientia.
1472 1713 1588 1770 Non
1635 1715 1780 1769 enim

195 1809 348 1864 mole
390 1825 634 1879 magnus,
671 1809 764 1862 sed
803 1808 1020 1862 virtute.
1071 1808 1139 1864 Et
1177 1809 1365 1864 eadem
1411 1809 1624 1863 bonitas
1661 1823 1780 1877 qua:

193 1899 473 1969 sapientia
519 1907 574 1954 et
620 1899 958 1969 magnitudo;
1005 1906 1060 1953 et
1097 1899 1286 1954 eadem
1316 1899 1514 1954 veritas
1542 1914 1662 1969 qua:
1689 1897 1780 1953 illa

193 1989 410 2044 omnia.
461 1988 530 2044 Et
565 2004 670 2043 non
700 1997 784 2043 est
810 1987 880 2042 ibi
916 1987 1061 2042 aliud
1098 1987 1310 2042 beatum
1355 2002 1494 2052 esse,
1542 1993 1598 2043 et
1638 1986 1782 2042 aliud

196 2093 464 2149 magnum
485 2086 578 2132 aut
603 2077 924 2147 sapientem,
954 2083 1048 2130 aut
1081 2091 1288 2139 verum,
1320 2085 1413 2130 aut
1441 2075 1662 2143 bonum,
1689 2086 1783 2132 aut

195 2169 430 2223 omnino
457 2167 628 2237 ipsum
655 2179 805 2232 esse;
845 2180 946 2221 nec
983 2166 1236 2234 quoniam
1262 2165 1499 2221 Trinitas
1527 2175 1630 2231 est,
1661 2166 1784 2223 ideo

200 2259 407 2328 triplex
435 2257 705 2328 putandus
740 2265 844 2311 est.
894 2256 1143 2326 Alioquin
1179 2257 1355 2313 minor
1377 2257 1482 2312 erit
1511 2257 1670 2312 Pater
1693 2273 1783 2313 so-

198 2350 310 2414 lus,
346 2359 441 2404 aut
481 2348 650 2404 Filius
695 2347 858 2412 solus,
908 2364 1070 2418 quam
1109 2349 1268 2404 simul
1295 2349 1456 2405 Pater
1481 2360 1537 2405 et
1560 2349 1780 2424 Filius]

203 2441 344 2495 Item
378 2455 504 2495 cum
546 2439 612 2494 de
652 2438 766 2494 solo
797 2437 935 2492 Filio
962 2438 1292 2508 loqueretur,
1325 2439 1398 2493 ita
1427 2441 1502 2494 ait
1545 2441 1613 2495 dc
1646 2441 1736 2495 illo
1767 2458 1783 2495 :

205 2533 340 2605 [Ubi
373 2541 456 2588 est
481 2533 652 2604 prima
677 2540 731 2587 et
753 2547 960 2586 summa
990 2534 1125 2598 vita,
1163 2534 1247 2588 cui
1282 2549 1386 2588 non
1416 2545 1500 2590 est
1542 2535 1685 2590 aliud
1709 2535 1789 2591 vi-

202 2639 360 2688 vere,
387 2623 532 2678 aliud
566 2639 706 2688 esse,
732 2623 826 2678 sed
861 2625 1000 2679 idem
1039 2634 1123 2682 est
1155 2635 1210 2682 et
1239 2641 1357 2681 esse
1384 2635 1440 2681 et
1477 2627 1684 2690 vivere;
1732 2635 1788 2683 et

203 2713 421 2784 primus
453 2729 516 2767 ac
548 2729 787 2769 summus
813 2715 1131 2780 intellectus,
1165 2716 1249 2771 cui
1277 2731 1381 2770 non
1420 2725 1504 2771 est
1536 2716 1678 2770 aliud
1707 2718 1785 2772 vi-

205 2818 360 2867 vere,
386 2813 443 2857 et
468 2801 612 2858 aliud
642 2804 934 2876 intelligere
959 2821 970 2858 :
1003 2805 1096 2860 sed
1123 2805 1174 2859 id
1197 2807 1337 2875 quod
1363 2814 1445 2860 est
1467 2806 1785 2876 intelligere,

206 2891 313 2948 hoc
359 2892 563 2957 vivere,
605 2894 708 2949 hoc
751 2908 872 2950 esse
924 2903 1050 2950 est:
1083 2911 1246 2950 unum
1297 2897 1476 2950 omnia
1530 2904 1788 2965 tanquam

209 2989 441 3042 verbum
466 2986 781 3056 perfectum.
806 2990 891 3044 cui
913 3005 1017 3044 non
1040 2988 1178 3042 desit
1198 2987 1426 3057 aliquid;
1451 2995 1505 3042 et
1529 3003 1615 3043 ars
1637 3003 1784 3058 quaa-

207 3076 338 3132 dam
370 3076 748 3147 omnipotentis
770 3086 932 3146 atque
962 3076 1216 3146 sapientis
1247 3075 1339 3130 Dei
1370 3075 1523 3145 plena
1547 3077 1786 3130 omnium

1877 532 2284 604 intelligentiam
2317 549 2376 590 se
2404 534 2672 606 intelligit,
2699 550 2796 605 per
2820 535 2989 590 solam
3027 537 3364 592 dilectionem
3389 552 3453 592 se

1878 621 2051 693 diligit
2081 642 2096 678 :
2123 623 2265 678 aliud
2289 638 2417 693 ergo
2444 623 2516 679 ibi
2556 632 2731 694 potest
2757 625 3037 691 memoria,
3072 626 3220 682 aliud
3248 625 3450 681 intelli-

1879 715 2079 784 gentia,
2123 715 2268 769 aliud
2311 715 2571 770 dilectio:
2617 730 2718 770 ncc
2761 715 2903 784 quod
2947 725 3125 789 potest
3163 717 3447 784 memoria,

1882 805 1982 858 hoc
1996 805 2559 875 potestiutelligentia,
2589 821 2688 861 nec
2713 808 2852 876 quod
2874 816 3052 876 potest
3096 807 3451 878 intelligentia

1881 895 1984 949 hoc
2013 895 2268 949 memoria
2302 913 2315 949 :
2349 911 2448 951 nec
2491 897 2632 966 quod
2670 904 2848 968 potest
2877 899 3133 953 memoria
3170 908 3226 954 et
3255 898 3453 954 intelli-

1881 986 2079 1056 gentia,
2107 987 2206 1040 hoc
2229 987 2502 1049 ,voluutas.
2547 988 2612 1042 Et
2643 989 2688 1043 si
2712 989 2908 1044 mentis
2934 989 3166 1045 essentia
3195 990 3452 1046 distincte

1881 1076 2269 1139 consideretur,
2302 1076 2445 1146 quod
2475 1085 2649 1147 potest
2666 1079 3091 1134 substantialiter
3127 1079 3184 1134 in
3221 1081 3310 1136 his
3358 1079 3460 1136 tri-

1881 1164 1999 1227 bus,
2033 1165 2236 1234 absque
2277 1164 2382 1219 illis
2421 1166 2606 1236 utique
2648 1181 2753 1222 non
2801 1169 2988 1237 possit.
3041 1167 3149 1223 Iste
3194 1179 3374 1225 autem
3423 1184 3461 1226 ο

1881 1256 2154 1311 contrario
2181 1256 2333 1320 dicit,
2367 1257 2533 1312 menti
2570 1273 2674 1312 non
2703 1257 2848 1312 aliud
2880 1272 3002 1313 esse
3034 1267 3090 1313 et
3121 1258 3265 1314 aliud
3290 1257 3456 1327 velle;

1883 1361 1984 1403 nec
2023 1347 2166 1402 aliud
2197 1347 2330 1404 velle
2369 1358 2424 1404 et
2466 1348 2609 1403 aliud
2658 1348 2816 1403 scire.
2858 1349 3010 1416 Quod
3054 1351 3100 1405 si
3143 1349 3456 1420 recipiatur,

1883 1435 2011 1506 quid
2032 1437 2176 1492 aliud
2202 1437 2304 1493 ista
2329 1444 2385 1494 et
2408 1453 2569 1503 nova,
2595 1439 2829 1494 inaudita
2857 1439 3294 1510 praesumptione,
3312 1455 3462 1496 asse-

1883 1527 2039 1594 ritur,
2069 1528 2192 1592 nisi,
2221 1537 2281 1582 ut
2308 1529 2449 1584 Deus
2477 1529 2737 1600 simplicis
2756 1538 2839 1586 est
2857 1539 3098 1596 naturae,
3127 1531 3198 1586 ita
3224 1540 3280 1586 et
3305 1545 3462 1587 mens

1885 1619 2116 1676 humana
2163 1621 2421 1692 simplicis
2448 1631 2653 1677 natura:
2700 1637 2821 1678 esse
2862 1623 3156 1679 credatur?
3209 1622 3267 1678 Si
3312 1623 3460 1679 enim

1885 1714 2027 1783 quod
2066 1722 2150 1770 cst
2181 1714 2429 1768 humana:
2458 1715 2623 1770 menti
2665 1729 2807 1777 esse,
2834 1715 2936 1770 hoc
2962 1724 3048 1770 est
3078 1713 3234 1780 velle,
3276 1714 3454 1769 mani-

1807 1792 1856 1852 Β
1882 1804 2020 1861 l'esle
2055 1820 2162 1860 non
2195 1813 2280 1860 est
2307 1804 2380 1860 ibi
2407 1805 2550 1859 aliud
2591 1806 2855 1870 essentia,
2897 1814 2953 1862 et
2991 1806 3135 1861 aliud
3181 1805 3460 1873 voluntas;

1882 1897 1980 1954 sed
2011 1898 2125 1968 ipsa
2149 1897 2380 1952 essentia
2412 1896 2680 1963 voluntas,
2708 1905 2764 1952 et
2793 1896 2906 1964 ipsa
2929 1897 3179 1951 voluntas
3196 1896 3458 1952 essentia.

1882 1985 2040 2053 Item,
2069 1988 2113 2043 si
2143 1989 2390 2042 humanae
2418 1987 2584 2042 menti
2623 2002 2730 2042 non
2767 1996 2850 2042 est
2880 1985 3023 2042 aliud
3057 1985 3191 2042 velle
3227 1993 3284 2041 et
3311 1984 3459 2041 aliud

1884 2079 2048 2144 scire,
2079 2093 2209 2146 ergo
2237 2093 2342 2133 non
2372 2086 2457 2134 est
2484 2078 2556 2134 ibi
2582 2078 2724 2133 aliud
2751 2079 2998 2134 voluntas
3018 2086 3074 2133 et
3101 2078 3245 2134 aliud
3278 2091 3465 2134 essen-

1887 2171 1999 2237 tia;
2029 2171 2121 2226 sed
2151 2171 2268 2240 ipsa
2304 2170 2553 2226 voluntas
2585 2170 2835 2236 scientia,
2869 2179 2925 2224 et
2958 2169 3072 2240 ipsa
3112 2169 3338 2225 scientia
3368 2182 3464 2224 vo-

1889 2262 2089 2319 luntas.
2144 2261 2224 2317 Ex
2253 2262 2358 2317 hac
2385 2261 2686 2318 incredibili
2715 2261 2923 2318 ratione
2955 2262 3199 2332 sequitur
3227 2269 3286 2315 ut
3311 2261 3460 2316 dica-

1889 2363 1999 2420 tur,
2027 2353 2166 2408 sicut
2201 2360 2257 2408 et
2293 2352 2396 2408 iste
2424 2353 2583 2418 dicit,
2616 2352 2758 2422 quod
2802 2351 2917 2422 ipsa
2963 2365 3116 2407 mens
3160 2351 3301 2407 sicut
3349 2357 3467 2407 tota

1888 2455 1972 2504 est
2001 2445 2255 2512 essentia,
2285 2445 2363 2501 sic
2390 2454 2503 2500 tota
2533 2445 2605 2500 sit
2636 2445 2905 2511 voluntas,
2944 2452 3055 2500 tota
3090 2444 3338 2501 scientia.
3393 2442 3466 2499 Et

1888 2538 2029 2595 sicut
2069 2538 2136 2592 de
2175 2537 2284 2593 Deo
2330 2536 2608 2592 verissime
2661 2537 2902 2592 creditur
2961 2545 3022 2592 ut
3073 2535 3141 2591 de
3193 2536 3309 2606 ipso
3349 2533 3467 2590 solo

1887 2627 2158 2684 veraciter
2189 2627 2400 2682 dicatur
2436 2627 2561 2697 quia
2604 2627 2745 2696 quod
2790 2627 2976 2694 habet,
3021 2627 3124 2683 hoc
3149 2636 3263 2691 est;
3304 2625 3469 2681 habet

1888 2718 2033 2774 enim
2057 2717 2344 2788 justitiam,
2375 2718 2469 2772 sed
2505 2717 2618 2785 ipse
2641 2715 2846 2787 justitia
2884 2725 2998 2780 est;
3050 2717 3214 2772 habet
3251 2715 3462 2786 sapien-

1892 2808 2054 2872 tiam,
2080 2807 2172 2862 sed
2202 2807 2316 2876 ipse
2351 2807 2610 2877 sapientia
2657 2815 2770 2872 est;
2812 2806 2974 2861 habet
3016 2807 3330 2870 bonitatem,
3369 2804 3469 2860 sed

1892 2899 2006 2969 ipse
2036 2899 2249 2954 bonitas
2275 2905 2395 2964 est;
2427 2898 2691 2967 sequitur,
2724 2898 2962 2969 inquam,
2987 2906 3121 2953 utet
3142 2897 3209 2952 de
3233 2898 3468 2952 humana

1894 2998 2074 3043 mente
2111 2988 2363 3042 similiteT
2399 2987 2646 3042 dicatur:
2672 2987 2797 3057 quia
2829 2988 2969 3056 quod
3002 2987 3182 3052 habet,
3213 2986 3316 3041 hoc
3343 2993 3460 3040 est:

1892 3077 2142 3132 videllcet
2170 3078 2294 3147 quia
2327 3077 2490 3132 habet
2511 3077 2863 3141 voluntatem,
2900 3077 2994 3132 sed
3025 3077 3137 3145 ipsa
3165 3086 3247 3130 est
3266 3075 3462 3130 volun-

209 3169 490 3223 rationum
533 3167 828 3222 viventium
881 3165 1416 3222 incommutabilium.
1484 3165 1552 3220 Et
1601 3180 1788 3222 omnes
1815 3155 1862 3220 C
1895 3175 2008 3233 tas;
2051 3167 2215 3222 habet
2256 3166 2557 3230 scientiam,
2600 3167 2696 3222 sed
2728 3167 2840 3236 ipsa
2873 3176 2957 3222 est
2994 3166 3248 3230 scientia;
3281 3165 3354 3219 ita
3386 3173 3468 3228 ut,

211 3275 383 3312 unum
413 3259 466 3312 in
494 3273 580 3322 ea,
597 3257 736 3311 sicut
761 3257 870 3327 ipsa
897 3273 1060 3311 unum
1087 3257 1152 3311 de
1176 3271 1282 3310 uno
1295 3271 1417 3311 cum
1440 3271 1546 3325 quo
1568 3257 1787 3330 unum.]

279 3349 420 3404 Cum
463 3365 591 3420 ergo
637 3349 750 3402 haec
797 3349 866 3402 ita
908 3349 1034 3418 sint,
1076 3347 1343 3417 quomodo
1384 3348 1484 3404 iste
1512 3364 1674 3404 ausus
1709 3359 1792 3404 est

210 3441 397 3495 dicere
419 3439 485 3494 de
509 3449 754 3494 creatura
778 3440 1025 3493 humana:
1047 3439 1241 3494 mentis
1272 3456 1285 3492 :
1314 3436 1426 3493 Nec
1460 3438 1607 3492 aliud
1643 3449 1716 3494 est
1745 3440 1792 3495 ei

209 3549 322 3586 esse
362 3542 410 3584 et
451 3531 598 3595 velle,
640 3547 732 3583 nec
771 3529 917 3582 aliud
958 3529 1084 3584 velle
1125 3539 1172 3584 et
1218 3529 1370 3594 scire,
1413 3528 1502 3583 sed
1545 3529 1656 3583 lucc
1690 3531 1793 3585 tria

209 3639 378 3676 unam
409 3633 650 3675 naturam
687 3630 946 3690 tutamque
974 3621 1164 3674 anima:
1193 3629 1438 3672 naturam
1480 3618 1794 3673 voluntatem

211 3729 324 3766 esse
347 3711 376 3765 .7
411 3710 543 3765 Cum
571 3726 603 3765 e
628 3711 901 3765 contrario
927 3719 1146 3765 sanctus
1168 3709 1358 3764 doctor
1390 3724 1550 3778 quem
1581 3709 1681 3764 sibi
1709 3725 1794 3764 se-

211 3801 304 3871 qui
338 3801 572 3865 videtur,
596 3809 650 3853 et
676 3799 828 3868 cujus
854 3798 1120 3854 cautelam
1164 3807 1325 3868 atque
1368 3799 1794 3854 moderationem

212 3908 310 3947 sua
345 3892 565 3946 levitate
604 3899 765 3959 atque
790 3890 1028 3944 vanitate
1057 3889 1219 3944 nimis
1245 3889 1583 3958 impudenter
1615 3899 1792 3945 trans-

212 3981 451 4037 cendere
486 3980 780 4050 praesumit,
814 3980 954 4033 inter
981 3978 1067 4032 illa
1098 3979 1198 4033 tria
1233 3993 1353 4048 qua:
1390 3978 1442 4033 in
1472 3987 1650 4034 mente
1695 3981 1795 4033 hu-

212 4086 379 4125 mana
408 4070 553 4124 velut
585 4071 825 4139 quaedam
859 4069 1152 4123 similitudo
1193 4068 1473 4123 Trinitatis
1515 4068 1794 4124 inveniun-

213 4171 326 4223 tur,
358 4160 412 4214 id
441 4168 524 4215 est
560 4175 700 4225 esse,
744 4175 918 4223 nosse,
963 4159 1204 4228 diligere,
1256 4167 1456 4212 tantam
1481 4159 1792 4214 distantiam

213 4267 336 4306 esse
357 4251 621 4315 ostendat,
645 4259 702 4304 ut
725 4251 800 4304 sic
827 4251 892 4305 de
916 4250 1000 4304 his
1031 4251 1173 4304 dicat
1199 4250 1284 4321 (de
1308 4249 1452 4304 Trin.
1477 4250 1512 4304 Ι.
1539 4268 1595 4316 x,
1625 4268 1674 4306 c.
1701 4252 1792 4318 ll,

215 4341 304 4410 li)
340 4358 354 4392 :
385 4337 535 4410 [Sive
567 4347 798 4394 mentem
827 4341 1066 4394 dicamus
1100 4340 1152 4394 in
1180 4341 1424 4405 homine,
1457 4339 1676 4410 ejusque
1699 4357 1792 4396 no-

218 4433 397 4485 titiam
411 4440 466 4484 et
480 4430 837 4491 dilectionem,
865 4431 978 4485 sive
999 4432 1328 4494 memoriam,
1363 4431 1789 4502 intelligentiam,

1894 3255 2034 3311 sicut
2071 3257 2136 3311 de
2173 3257 2283 3311 Deo
2319 3256 2590 3312 credimus
2614 3295 2630 3322 ,
2670 3271 2776 3312 non
2820 3257 2890 3312 sit
2937 3255 3014 3311 illi
3061 3255 3204 3312 aliud
3246 3268 3367 3312 esse
3411 3263 3472 3310 et

1894 3348 2034 3403 aliud
2074 3348 2293 3403 habere.
3469 3390 3474 3394 .

1966 3451 1993 3480 ιι
2035 3439 2173 3495 Ecce
2214 3454 2344 3510 ergo
2381 3438 2486 3494 isto
2527 3446 2770 3504 auctore,
2809 3437 2918 3493 imo
2945 3437 3251 3508 deceptore,
3278 3443 3469 3492 contra

1892 3546 2108 3588 omnem
2153 3531 2273 3586 ﬁdei
2317 3531 2636 3596 veritatem,
2687 3539 2874 3586 contra
2926 3528 3220 3599 Scriptura:
3267 3535 3470 3583 sanctae

1895 3623 2294 3687 auctoritatem,
2327 3630 2515 3678 contra
2549 3629 2890 3692 paternorum
2911 3621 3217 3691 dogmatum
3241 3617 3470 3674 sinceri-

1895 3719 2084 3778 tatem,
2133 3713 2241 3766 imo
2284 3720 2475 3768 contra
2522 3726 2740 3766 omnem
2793 3711 3030 3766 divinam
3068 3711 3468 3776 humanamque

1895 3804 2176 3865 rationem,
2208 3803 2423 3857 inventa
2444 3810 2526 3857 est
2555 3809 2816 3863 creatura,
2851 3801 2902 3855 id
2926 3810 3010 3855 est
3034 3814 3184 3854 mens
3207 3799 3470 3865 humana,

1893 3906 2013 3960 qua:
2039 3892 2110 3946 sit
2135 3900 2339 3945 natura:
2364 3891 2642 3960 simplicis,
2667 3905 2732 3946 ac
2753 3905 2850 3960 per
2869 3891 2971 3947 hoc
2993 3888 3469 3955 incommutabilis.

1895 3984 2033 4037 sicut
2059 3983 2199 4038 Deus
2222 3992 2424 4037 naturae
2459 3981 2717 4052 simplicis
2747 3989 2802 4037 et
2833 3979 3319 4045 incommutabilis,
3361 3989 3464 4036 est.

1893 4073 2028 4129 Cum
2053 4089 2085 4129 e
2114 4074 2389 4129 contrario
2415 4075 2618 4129 veritas
2654 4073 2868 4136 clamet,
2897 4080 2951 4127 et
2977 4072 3092 4142 ipse
3117 4079 3338 4126 sanctus
3361 4071 3467 4125 Au-

1897 4166 2164 4237 gustinus,
2193 4166 2334 4220 sicut
2358 4179 2519 4234 supra
2539 4163 2898 4229 ostendimus,
2929 4161 3212 4218 manifeste
3240 4160 3468 4216 afﬁrmet

1894 4256 2020 4324 quia
2044 4255 2220 4308 omnis
2244 4263 2492 4310 creatura
2543 4253 2842 4322 multiplex,
2894 4252 3038 4307 nullo
3075 4262 3257 4306 autem
3307 4251 3467 4306 modo

1894 4359 2022 4399 vere
2049 4344 2275 4412 simplex
2302 4360 2316 4407 ;
2349 4350 2405 4398 et
2431 4343 2622 4396 iterum
2647 4343 2790 4398 dicat
2820 4359 2832 4396 :
2877 4343 3011 4397 nihil
3050 4341 3303 4396 mutabile
3341 4343 3472 4396 sim-

1893 4433 2226 4503 plex,omnis
2241 4441 2419 4486 autem
2439 4441 2686 4487 creatura
2708 4432 2996 4487 mutabilis.
3025 4431 3196 4502 Eligat
3219 4446 3347 4500 ergo
3368 4431 3472 4485 iste

217 4523 576 4586 voluntatem,
606 4520 736 4575 nihil
767 4521 960 4576 mentis
993 4521 1332 4575 meminimus
1355 4561 1370 4584 ,
1409 4521 1511 4576 nisi
1550 4537 1646 4592 per
1683 4538 1793 4577 me—
1820 4495 1870 4554 ι)
1897 4525 2122 4580 alterum
2155 4524 2220 4578 de
2241 4524 2484 4578 duobus:
2519 4525 2564 4577 si
2597 4525 2794 4579 mentis
2819 4534 3033 4587 natura,
3062 4524 3202 4576 sicut
3226 4537 3470 4578 asserere

219 4614 474 4677 moriam,
505 4627 605 4667 nec
634 4612 998 4683 intelligimus,
1021 4611 1120 4666 nisi
1147 4611 1676 4683 perintelligentiam,
1699 4630 1800 4670 nec

219 4717 488 4767 amamus,
510 4702 611 4757 nisi
626 4717 722 4771 per
735 4701 1110 4773 voluntatem]
1125 4702 1284 4765 Ecce,
1299 4701 1588 4757 secundum
1603 4703 1713 4758 veri
1722 4713 1800 4758 ta-

223 4803 333 4847 tem
363 4807 523 4860 quam
551 4799 768 4846 sanctus
793 4791 877 4844 vir
905 4793 1060 4846 docet
1080 4831 1095 4854 ,
1125 4792 1176 4845 in
1204 4792 1318 4860 ipsa
1359 4792 1591 4848 hominis
1621 4801 1798 4848 mente

222 4891 425 4950 quanta
456 4889 540 4936 cst
569 4881 821 4935 distantia
869 4889 926 4935 et
971 4881 1299 4936 diversitas:
1330 4881 1473 4936 inter
1514 4883 1628 4938 haec
1673 4883 1795 4950 tria,

221 4990 344 5044 quae
375 4972 688 5027 naturaliter
709 4973 761 5026 iu
786 4972 872 5026 illa
899 4982 955 5027 ct
983 4972 1122 5027 illius
1143 4982 1296 5037 sunt;
1329 4974 1379 5027 id
1405 4982 1490 5028 est
1515 4974 1656 5028 inter
1683 4990 1796 5030 me-

226 5063 452 5116 moriam
490 5061 574 5116 sui
602 5069 659 5116 et
691 5060 1096 5132 intelligentiam
1121 5060 1204 5115 sui
1237 5070 1293 5116 et
1320 5059 1659 5116 dilectionem
1687 5063 1792 5130 sui,

1897 4623 2143 4679 conatur,
2176 4623 2366 4668 natura
2399 4615 2623 4683 simplex
2651 4623 2734 4668 est
2761 4613 3032 4668 mutabilis
3049 4629 3152 4667 non
3177 4622 3281 4676 est,
3309 4613 3458 4682 quia,

1898 4704 2038 4758 sicut
2060 4704 2174 4772 ipse
2202 4704 2391 4758 doctor
2413 4704 2562 4768 dicit,
2585 4712 2640 4758 et
2660 4702 2941 4757 verissime
2961 4702 3108 4765 dicit,
3137 4701 3268 4754 nihil
3292 4709 3462 4754 muta-

1901 4793 2005 4848 bile
2039 4793 2306 4862 simplex;
2343 4793 2387 4848 si
2441 4801 2620 4847 autem
2676 4789 2792 4861 ipSa
2829 4791 3028 4846 mentis
3079 4798 3295 4855 natura,
3325 4791 3466 4846 sicut

1899 4883 2076 4937 omnis
2103 4891 2353 4937 creatura
2382 4897 2509 4938 vere
2535 4881 2806 4936 mutabilis
2843 4888 2946 4946 est,
2977 4880 3202 4950 simplex
3227 4895 3332 4934 non
3358 4891 3461 4936 est.

1899 4974 2053 5028 Absit
2080 4975 2242 5044 igitur
2265 4982 2324 5029 ut
2345 4975 2534 5030 beatus
2557 4972 2907 5043 Augustinus,
2933 4971 3024 5041 qui
3067 4987 3282 5026 omnem
3310 4987 3467 5027 crea-

1901 5073 2076 5120 turam
2111 5065 2341 5120 aﬂirmat
2367 5081 2486 5120 esse
2514 5063 2826 5120 mutabilem
2847 5071 2903 5118 et
2941 5062 3308 5133 multiplicem,
3361 5076 3462 5116 nec

1145 5171 1351 5229 NOTAE
1394 5171 1713 5227 DUVALLll
1749 5172 2088 5232 DOCTORIS
2125 5176 2500 5234 SORBONICI.

299 5299 329 5329 ι
375 5286 730 5343 Meminerunt
785 5284 943 5354 hujus
991 5284 1194 5341 erroris
1260 5283 1614 5354 Hieronymus
1672 5283 1788 5354 epi-

229 5357 367 5413 stola
413 5357 479 5412 ad
540 5351 906 5410 Marcellinum
967 5364 1023 5410 et
1088 5351 1520 5423 Auapsychiani,
1578 5359 1633 5406 et
1679 5351 1791 5423 Au-

229 5369 367 5413 stola
413 5369 479 5412 au
540 5369 906 5410 Dlarcelltnum
967 5369 1023 5410 et
1088 5369 1520 5478 Auapsﬁrcntam,
1578 5369 1633 5406 et
1679 5369 1791 5406 Λιι-

229 5427 607 5498 ςυειηίερᾉὶερι.
671 5425 775 5490 28,
827 5425 894 5479 ad
945 5423 1208 5498 eumdem
1301 5425 1690 5498 ieronymum:
1736 5422 1792 5475 in

269 5510 390 5550 uem
419 5491 725 5564 incidemnt
749 5503 863 5564 tum
907 5493 1390 5564 philosophiLtum
1413 5491 1673 5564 G’nostici,
1725 5505 1792 5545 ex

269 5512 390 5550 uem
419 5512 724 5550 tnctaemnt
749 5512 860 5547 tum
907 5512 1233 5564 pnuosopnt,
1275 5512 1386 5546 tum
1413 5512 1673 5554 ωιθδιιει,
1725 5512 1791 5545 ex

229 5512 454 5634 Rugust.
486 5563 737 5634 ἣξει-θεεὸ
761 5580 776 5630 ;
801 5562 1058 5634 βαι-(1οη,
1094 5577 1171 5634 ex
1211 5560 1698 5634 T_he0d_oreto,_lib.
1752 5575 1791 5614 ιι

234 5631 604 5688 luereticarum
650 5632 1010 5696 Fabularum;
1042 5641 1098 5687 et
1128 5631 1421 5693 Maniclimi,
1451 5647 1517 5684 ex
1565 5631 1788 5699 August.

1892 5285 2016 5340 cilio
2043 5286 2386 5341 Braccarensi
2421 5301 2458 5347 ι,
2483 5300 2602 5339 can.
2629 5283 2681 5338 5.
2713 5283 2777 5338 lli
2799 5283 2942 5338 enim
2965 5299 3152 5338 omnes
3177 5299 3283 5338 non
3306 5283 3463 5337 aliam

1897 5354 1952 5409 in
2002 5357 2219 5411 homine
2274 5356 2540 5424 ponebant
2592 5355 2825 5409 animam
2877 5364 3073 5424 praeter
3125 5369 3244 5408 eam
3302 5353 3465 5424 totius

1897 5427 2102 5490 mundi,
2138 5435 2232 5480 aut
2259 5423 2448 5480 saltem
2479 5433 2683 5492 partem
2725 5423 2893 5487 illius,
2935 5424 3201 5493 quomodo
3227 5423 3464 5476 animam

1895 5494 2130 5552 hominis
2151 5509 2270 5549 esse
2297 5493 2462 5548 Deum
2491 5493 2573 5546 vel
2601 5493 2980 5562 partemjllius
3007 5493 3164 5547 fateri
3199 5495 3464 5562 cogeban-

1896 5571 2002 5618 tur.
2043 5564 2377 5620 Rel‘elluntur
2424 5564 2492 5617 ab
2535 5552 2836 5632 Augustino
2887 5571 2941 5618 et
2972 5552 3295 5632 Hieronymo
3329 5561 3461 5617 locis

1893 5634 2110 5698 citatis,
2167 5634 2401 5703 itemque
2450 5649 2480 5688 a
2530 5631 2590 5686 D.
2647 5633 2853 5691 Thoma
2899 5649 2914 5687 ι
2957 5639 3120 5702 part.,
3174 5631 3362 5702 qumst.
3406 5633 3466 5697 9,

235 5712 420 5758 contra
447 5702 832 5760 Fortunatum:
879 5703 1113 5772 itemque
1147 5701 1530 5765 Priscillianus,
1577 5714 1644 5755 ex
1664 5714 1790 5754 CQII-
1823 5715 1835 5729 ·
1891 5711 1996 5758 art.
2027 5705 2078 5760 l.

2603 5774 2640 5802 δ
