4050 6302
627 284 721 342 151
1717 285 1922 342 ηοω
1959 282 2226 341 DlACONl

2267 283 2754 344 LUGDUNENSIS
3755 293 3831 349 {52

633 397 742 453 ullo
779 397 938 453 modo
961 396 1284 467 simplicem,
1309 395 1434 452 talia
1463 397 1696 453 senserit
1719 395 1803 452 vel
1826 397 2105 468 scripserit
2129 396 2196 450 de
2221 400 2269 456 Α
2298 407 2390 452 aut
2413 406 2616 468 pereat.
2638 398 2824 454 Cesset
2845 397 3025 470 itaque
3047 399 3150 455 iste
3177 400 3357 458 dicere
3377 409 3546 458 totam
3572 404 3744 460 animae
3758 423 3831 460 na-

629 496 823 543 natura
853 496 1050 543 mentis
1075 488 1342 552 humanm,
1363 496 1423 542 ut
1446 502 1566 542 eam
1590 501 1696 542 non
1719 495 1928 542 tantum
1949 487 2199 552 similem,
2305 498 2482 545 turam
2504 505 2625 546 esse
2642 491 2996 558 voluntatem,
3023 492 3076 546 id
3101 501 3183 548 est
3206 494 3374 563 ipsam
3423 494 3656 550 animam
3678 498 3831 552 volun-

628 578 723 633 sed
755 577 920 632 etiam
947 576 1210 646 aqualem
1258 575 1368 631 Deo
1401 589 1524 632 esse
1564 586 1853 642 assereret,
1887 577 1932 632 si
1954 592 2072 633 eam
2101 577 2203 632 im—
2305 587 2469 635 tatem
2497 595 2639 635 esse.
2672 581 2806 648 Quia
2837 596 2942 636 non
2970 591 3056 637 est
3079 594 3284 639 naturae
3313 585 3596 655 simplicis,
3631 597 3685 641 ut
3705 588 3834 654 Deus,

626 668 904 724 mutabilis
931 677 988 724 et
1021 667 1282 738 simplicis
1330 676 1537 722 natura:
1584 680 1704 724 esse
1741 668 2007 724 dixisset!
2037 669 2204 740 Legat
2303 671 2524 739 utquod
2563 669 2636 724 illi
2665 680 2910 737 estesse,
2938 672 3041 727 hoc
3067 673 3136 727 sit
3192 674 3350 741 velle,
3377 691 3482 731 nec
3529 677 3668 732 aliud
3690 679 3749 733 sit
3779 681 3834 735 illi

629 760 722 830 qui
751 759 980 816 voluerit
1007 769 1060 816 et
1104 761 1334 818 valuerit
1378 762 1804 834 diligentissime,
1861 772 1916 818 et
1961 763 2201 818 attentis-
2301 774 2444 821 esse,
2472 759 2615 814 aliud
2647 761 2846 817 habere
2869 763 3216 819 voluntatem.

629 849 767 904 sime
791 860 1160 920 perscrutetur
1197 852 1341 907 dicta
1387 853 1528 906 illius
1555 853 1622 907 de
1661 852 1762 908 hac
1791 869 1848 907 re
1878 854 1930 906 in
1961 853 2112 907 libris
2139 854 2204 908 de
2374 851 2502 918 Qua:
2545 867 2663 906 cum
2696 852 2765 907 ita
2793 855 2901 908 siut
2923 895 2937 917 ,
2973 855 3222 926 abigatur
3273 857 3341 912 ab
3389 858 3611 913 auribus
3641 858 3834 914 ﬁdelium

631 941 918 1008 Trinitate,
962 951 1017 997 et
1051 943 1286 998 inveniet
1311 958 1434 998 eum
1465 944 1666 1000 dixisse
1711 944 1801 1000 illa
1850 947 1953 1026 tria
1983 961 2102 1014 quze
2151 947 2203 1000 in
2304 950 2413 997 tam
2452 942 2674 1012 impium
2726 952 2782 997 et
2833 944 3117 1014 profanum
3169 959 3566 1015 commentum;
3614 952 3835 1006 memine-

632 1047 814 1093 mente
845 1038 1076 1094 hominis
1100 1040 1463 1110 reperiuntur,
1508 1041 1576 1094 de
1611 1041 1805 1111 quibus
1834 1055 1975 1110 smpe
2005 1041 2204 1095 dictum
2303 1035 2414 1090 rint
2439 1035 2527 1104 qui
2559 1035 2715 1089 talem
2759 1035 3033 1091 doctorem
3083 1039 3352 1094 mirantur
3394 1050 3453 1096 et
3501 1041 3722 1096 libenter
3765 1059 3836 1096 au-

629 1139 737 1194 εει,
765 1131 1265 1212 propterunimtem
1291 1133 1604 1187 substantia),
1632 1134 1828 1188 mentis
1863 1132 1948 1187 cui
2001 1133 2205 1198 insunt,
2304 1123 2488 1188 diunt,
2524 1141 2584 1180 se
2630 1140 2752 1180 esse
2805 1125 3175 1189 Christianos:
3224 1131 3574 1184 meminerint
3622 1147 3677 1186 se
3714 1132 3835 1186 (idem

629 1237 798 1276 unum
825 1237 966 1287 esse,
991 1232 1046 1277 et
1069 1239 1230 1278 unam
1255 1234 1488 1279 mentem
1515 1239 1654 1287 esse,
1675 1240 1942 1294 unamque
1959 1227 2208 1280 substan-
2304 1215 2638 1279 catholicam.
2674 1217 2834 1270 ﬁdem
2861 1234 3041 1273 Veram
3077 1221 3341 1275 sentiendi
3382 1223 3449 1276 de
3478 1223 3587 1277 Deo
3617 1224 3834 1293 integram

627 1310 797 1376 tiam;
822 1310 1058 1368 inveniet
1075 1328 1198 1368 eum
1225 1315 1446 1379 dixisse,
1472 1316 1596 1383 quia
1627 1316 1740 1369 hmo
1769 1317 1931 1370 menti
1960 1317 2208 1370 substan-
2305 1308 2832 1379 sibiinviolatamquc
2848 1314 3165 1366 servandam
3182 1329 3196 1378 ;
3216 1313 3836 1384 meminerintdeposuum

625 1400 832 1457 tialiter
857 1403 1060 1475 insunt,
1085 1412 1140 1458 et
1161 1414 1393 1460 mentem
1423 1421 1543 1460 esse
1568 1407 1944 1470 substantiam,
1972 1417 2027 1461 et
2064 1407 2206 1461 noti-
2303 1414 2540 1469 paternae
2566 1402 2822 1456 doctrinae
2850 1402 3156 1459 ﬁdelissime
3190 1407 3600 1461 costodieudum
3626 1426 3638 1460 :
3666 1416 3717 1462 et
3758 1408 3836 1461 im-

625 1489 760 1544 tiam
791 1491 872 1545 sui
898 1493 1276 1557 substantiam,
1299 1504 1353 1548 et
1376 1493 1702 1549 voluntatem
1725 1494 1805 1548 sui
1831 1494 2203 1549 substantiam.
2305 1491 2422 1560 pias
2447 1506 2637 1544 vocum
2665 1494 3111 1562 prtesumptiones
3143 1497 3288 1550 omni
3326 1497 3543 1565 pietatis
3587 1499 3837 1552 intentione

625 1577 760 1634 Item
790 1581 1026 1636 inveniet
1058 1598 1184 1637 eum
1207 1583 1407 1637 dixisse
1435 1583 1576 1652 quod
1608 1598 1759 1637 mens
1797 1593 1903 1637 tota
1944 1599 2001 1637 se
2037 1585 2205 1649 novit,
2304 1579 2556 1634 vitandas
2583 1598 2597 1633 :
2631 1580 2769 1634 sicut
2796 1580 3086 1649 Apostolus
3109 1583 3582 1638 vehementissime
3613 1600 3838 1640 commen-

626 1678 739 1725 tota
778 1687 837 1727 se
868 1673 1004 1736 vult,
1038 1673 1127 1727 vel
1167 1673 1370 1743 diligit;
1405 1689 1669 1744 nusquam
1718 1683 1892 1726 tamen
1939 1674 2046 1729 illic
2082 1689 2204 1729 eum
2246 1743 2253 1744 ί
2307 1667 2415 1726 dat.
2445 1668 2668 1723 dicens:
2703 1667 2746 1722 0
2774 1669 3058 1737 Τίῖηοτίιεε,
3081 1673 3368 1734 depositum
3395 1675 3618 1738 custodi.
3645 1676 3841 1729 devium

627 1761 829 1817 dixisse
854 1763 1089 1818 inveniet
1117 1764 1285 1834 ipsam
1312 1773 1546 1820 mentem
1577 1779 1698 1819 esse
1726 1766 1968 1819 notitiam
1986 1807 2004 1830 ,
2036 1767 2205 1837 ipsam

2238 1743 2284 1803 Β
2308 1755 2557 1826 profanas
2578 1773 2755 1810 vocum
2778 1760 3046 1824 novitates,
3064 1771 3114 1814 et
3131 1764 3476 1832 oppositiones
3498 1766 3837 1834 pseudbrtyma',

629 1865 866 1909 mentem
915 1871 1036 1910 esse
1085 1856 1412 1910 voluntatem
1464 1873 1479 1909 :
1531 1871 1652 1910 cum
1704 1857 1952 1925 superius
1986 1857 2096 1926 jam
2142 1873 2208 1913 ex
2308 1849 2457 1903 idest
2487 1849 2612 1918 falsi
2647 1851 2868 1905 nominis
2907 1856 3168 1918 scientirr;
3207 1872 3362 1924 quam
3414 1857 3625 1927 quidam
3665 1859 3838 1926 pfomit-

628 1944 868 2015 ejusdem
893 1947 1076 2002 verbis
1102 1955 1375 2002 ostensum
1407 1947 1498 2012 sit,
1526 1947 1669 2001 aliud
1699 1947 1768 2002 ibi
1796 1962 1916 2003 esse
1939 1949 2207 2015 notitiam,

2309 1946 2469 1991 tentes
2495 1941 2634 1992 circa
2659 1940 2815 2006 ﬁdem
2839 1942 3160 2003 exciderunt,
3192 1943 3268 1997 vel
3299 1946 3440 1998 circa
3477 1946 3631 2012 ﬁdem
3664 1947 3836 2014 naufra-

627 2051 915 2107 perquam
939 2036 1111 2092 solum
1155 2053 1214 2092 se
1257 2052 1410 2093 mens
1458 2038 1630 2102 novit,
1659 2047 1714 2093 et
1758 2039 1903 2094 aliud
1958 2040 2208 2096 volunta-

2305 2040 2554 2098 gaveruut
2578 2029 2628 2101 (I
2655 2029 2785 2084 Tim.
2803 2031 2981 2096 vt,20,
2999 2032 3111 2098 2|).
3129 2032 3412 2090 Discamus
3435 2051 3540 2090 non
3564 2036 3742 2090 habere
3767 2051 3837 2088 au-

629 2135 762 2191 tem,
778 2141 878 2196 per
897 2143 1059 2198 quam
1086 2127 1258 2184 solum
1282 2143 1341 2184 se
1360 2144 1514 2184 mens
1535 2112 1723 2200 diligit.
1742 2130 1850 2185 Cur
1868 2131 2070 2202 itaque,
2084 2147 2204 2187 cum

2307 2133 2396 2174 res
2427 2119 2753 2189 prurientes,
2779 2121 2826 2205 id
2853 2130 2936 2176 est
2963 2122 3168 2187 avidas,
3207 2136 3262 2178 et
3284 2133 3595 2194 appetentes
3638 2125 3837 2178 inanium

630 2227 746 2273 una
775 2233 834 2273 se
880 2219 1030 2274 ηονῑι
1055 2235 1228 2285 mens,
1263 2235 1368 2275 ηοη
1411 2221 1547 2276 (ἤχει
1589 2223 1757 2292 ipsam
1809 2233 2040 2279 mensem
2086 2237 2212 2280 esse
2307 2219 2362 2265 et
2392 2211 2611 2265 anilium
2641 2212 2962 2267 fabularum.
2999 2215 3073 2268 De
3099 2231 3205 2284 quo
3233 2217 3376 2271 malo
3398 2217 3680 2287 Apostolus
3706 2217 3834 2270 dicit:

627 2308 876 2364 notitiam
897 2309 923 2363 ?
949 2309 1014 2364 Et
1035 2325 1154 2366 cum
1186 2319 1297 2365 tota
1329 2327 1387 2366 se
1409 2310 1542 2377 vult,
1573 2328 1678 2366 non
1707 2313 1841 2368 dixit
1865 2314 2032 2383 ipsam
2057 2330 2208 2370 men-

2306 2300 2424 2354 Erit
2445 2302 2579 2354 enim
2618 2311 2817 2373 tempus
2846 2321 2964 2358 eum
2989 2323 3170 2359 sanam
3195 2306 3490 2363 doctrinam
3533 2327 3631 2363 non
3665 2310 3838 2362 sustine-

627 2407 737 2454 ιεηι
768 2413 887 2456 esse
937 2400 1304 2456 voluntatem?
1332 2402 1432 2457 nisi
1461 2403 1586 2472 quia
1617 2419 1770 2460 mens
1799 2405 1912 2474 ipsa
1955 2415 2204 2462 creatura
2305 2394 2474 2447 bunt:
2503 2394 2593 2448 sed
2623 2395 2692 2448 ad
2725 2412 2822 2450 sua
2861 2397 3119 2453 desideria
3158 2401 3534 2454 coacervabunt
3585 2401 3678 2454 sibi
3711 2399 3837 2464 magi-

625 2503 728 2558 εει,
756 2495 1055 2566 “simplex
1106 2513 1210 2552 ηοη
1236 2505 1356 2563 οδες
1385 2506 1442 2553 ει
1469 2499 1608 2553 aliud
1652 2508 1736 2555 est
1768 2499 1837 2554 mi
1882 2516 2020 2566 esse,
2061 2487 2206 2558 amid
2303 2491 2439 2536 stros
2463 2484 2752 2551 prurientes
2777 2487 2991 2539 auribus
3033 2501 3054 2541 :
3081 2496 3128 2541 et
3167 2505 3198 2540 a
3240 2491 3456 2543 veritate
3481 2490 3678 2556 quidem
3716 2487 3835 2540 audi-

549 2612 551 2615 .
624 2601 806 2652 nosse,
838 2587 981 2642 aliud
1007 2588 1161 2643 vene.
1203 2587 1308 2644 Sed
1357 2589 1408 2644 si,
1456 2589 1667 2658 “quis,
1712 2590 1797 2645 vel
1829 2591 1929 2646 iste
1963 2594 2054 2661 qui
2100 2591 2204 2647 hoc
2303 2580 2413 2626 tum
2449 2584 2695 2639 avertent,
2729 2576 2799 2628 ad
2821 2576 3029 2646 fabulas
3059 2588 3230 2632 autent
3253 2578 3707 2649 convertenturUl
3730 2576 3832 2630 Tim.

624 2675 783 2742 dim,
811 2677 1084 2748 opponat:
1113 2681 1384 2748 quomodo
1409 2695 1538 2749 ergo
1576 2679 1691 2734 [me
1744 2681 1842 2734 ma
1869 2697 2054 2745 unum,
2095 2696 2200 2736 una
2305 2677 2379 2727 tv,
2405 2663 2461 2726 3,
2497 2663 2575 2733 4).
2615 2664 2749 2731 Quid
2788 2665 2932 2720 enim
2972 2675 3142 2722 restat
3170 2668 3297 2722 talia
3332 2669 3635 2723 dicentibus
3666 2667 3736 2720 vel
3765 2680 3828 2718 re-

619 2783 801 2833 mens,
832 2785 934 2824 una
963 2772 1286 2834 substantia,
1312 2772 1356 2826 si
1376 2781 1460 2826 est
1481 2773 1551 2826 ibi
1579 2773 1740 2836 aliud,
1771 2782 1824 2828 et
1848 2773 2007 2834 aliud,
2039 2789 2204 2844 agno-

2303 2751 2676 2823 cipienzibus,
2737 2754 2789 2808 id
2847 2763 2932 2810 est
2989 2757 3278 2810 humanam
3351 2768 3590 2812 mentem
3639 2757 3703 2810 ita
3751 2754 3837 2808 Deo

621 2869 740 2917 “at
783 2861 898 2917 hac
935 2863 1038 2918 ma
1089 2871 1145 2918 et
1179 2863 1604 2919 ειὼειωηίςιιίιρι.
1652 2879 1814 2917 unum
1864 2879 2022 2934 posse
2069 2843 2204 2928 dici,
2303 2845 2574 2913 exaequari
2609 2853 2685 2910 ut,
2714 2845 2854 2900 sicut
2886 2846 3047 2909 Deus,
3082 2848 3156 2901 ita
3187 2847 3348 2901 etiam
3381 2849 3485 2902 ista
3518 2846 3751 2916 simplicis
3779 2843 3833 2897 sit

622 2953 750 3024 quia
773 2969 900 3016 una,
928 2961 981 3008 et
1011 2953 1066 3008 in
1093 2969 1200 3008 una
1229 2954 1525 3008 substantia
1569 2961 1710 3007 sunt.
1745 2954 1810 3008 Et
1839 2933 2204 3023 potentialiter

2303 2943 2555 2988 natura:
2596 2934 2698 2989 nisi
2756 2944 2844 3000 ut,
2905 2937 3048 2990 sicut
3104 2938 3324 3006 pessimi
3381 2938 3587 3007 antiqui
3640 2933 3834 2990 lmretici

626 3043 794 3106 aliud,
815 3051 870 3098 et
894 3043 1062 3109 aliud,
1083 3045 1230 3112 troia,
1260 3045 1400 3099 sicut
1433 3045 1544 3113 ipse
1573 3045 1760 3099 doctor
1779 3045 2030 3106 ostendit,
2058 3045 2200 3102 aliud
2233 3087 2276 3113 η
2305 3025 2581 3092 dixem“:
2609 3024 2856 3095 ειῖυεάθηι
2873 3036 3078 3083 "illum
3099 3043 3214 3084 esse
3241 3029 3612 3099 ωδδριιθηιεηι
3631 3028 3770 3082 Deum
3791 3033 3834 3076 θί

2233 3087 2278 3151 C

622 3137 678 3191 in
695 3137 808 3207 ipsa
829 3147 1006 3193 mente
1023 3146 1198 3208 potest
1217 3138 1654 3203 memoria,aliud
1679 3139 2206 3208 intelligentia,aliud
2233 3115 2278 3151 υ
2306 3115 2562 3171 ³ηῖίῃ³¹¹¹⁸

620 3227 892 3282 voluntas.
909 3207 1041 3283 Cum
1056 3247 1086 3283 c
1111 3230 1445 3284 eontrarioin
1461 3230 1636 3284 divina
1659 3207 1922 3284 Trinitate
1943 3231 2208 3300 possimus

2377 3208 2506 3264 Post
2535 3209 2649 3264 haec
2701 3208 2834 3264 dicit
2865 3210 2966 3266 iste
2994 3224 3009 3264 :
3045 3207 3285 3265 Liberam
3317 3211 3623 3266 voluntatem
3646 3224 3739 3262 esse
3763 3222 3830 3257 na.

625 3317 810 3372 dicere
833 3317 989 3380 alius,
1011 3327 1066 3372 et
1101 3318 1258 3382 alius,
1291 3327 1341 3373 et
1364 3319 1536 3383 alius;
1563 3319 1654 3374 sed
1679 3319 1821 3373 nullo
1850 3319 2009 3375 modo
2031 3321 2209 3377 dicere

2305 3310 2478 3356 turam
2507 3299 2749 3363 hominis,
2775 3300 2986 3370 ejusque
3010 3303 3224 3356 liberum
3253 3313 3472 3367 motum,
3498 3319 3559 3355 ac
3579 3306 3827 3370 potestatem

619 3410 891 3479 possimus
905 3409 1137 3475 aliud,et
1157 3410 1389 3474 aliud,et
1409 3411 1574 3474 aliud,
1591 3420 1811 3481 propter
1840 3427 2062 3467 summa!
2086 3414 2210 3468 sim-
2308 3391 2544 3488 ²²³⁰ξ¹εηίίξ
2560 3407 2576 3453 ξ
2607 3390 2745 3462 quad
2764 3391 2829 3443 δίε
2855 3391 3365 3488 ίίθςνιιηιίινξὶίινὶιυη
3389 3393 3485 3445 hoc
3505 3392 3687 3488 donum
3703 3386 3826 3488 (Erect-

621 3499 818 3570 plicem
845 3509 1048 3556 naturae
1073 3501 1354 3556 unitatem.
1387 3501 1460 3554 ibi
1483 3479 1610 3572 ergo
1631 3479 1837 3557 sutnma
1875 3502 2208 3573 simplicitas,
2309 3481 2456 3573 "in."
2629 3488 2830 3543 πίθων
2858 3479 3040 3548 "nam
3067 3481 3298 3535 diximus
3319 3521 3332 3544 ν
3361 3490 3418 3535 ει
3449 3491 3505 3534 ¹¹ί
3533 3481 3638 3550 ipsa
3671 3479 3736 3530 rei
3760 3486 3826 3525 ve.

619 3592 711 3647 ubi
742 3608 1020 3663 nunquam
1044 3593 1268 3648 inveniri
1299 3603 1474 3664 potest
1497 3571 1664 3660 aliud,
1685 3603 1741 3648 ει
1766 3594 1927 3650 aliud.
1980 3571 1990 3573 ’
2310 3572 2445 3626 ritas
2476 3571 2752 3627 evidenter
2777 3573 3030 3636 ostendit,
3060 3589 3168 3627 non
3201 3573 3432 3629 dicimus
3464 3573 3715 3664 hominem
3735 3578 3826 3664 esse

695 3660 972 3737 invenitur
997 3683 1215 3752 Quidam
1245 3660 1496 3753 antiQuus
1517 3684 1840 3754 disputator,
1889 3699 2012 3740 cum
2037 3685 2103 3740 de
2128 3684 2209 3740 in-
2307 3661 2668 3726 ν⁰¹¹¹¹¹ί³¹θ¹¹¹ν
2691 3662 2781 3716 Sed
2815 3662 3048 3717 "ominis
3095 3678 3214 3717 esse
3252 3663 3607 3727 ν⁰¹¹¹¹¹¹³ίθ¹¹¹ἶ
3639 3660 3825 3754 α¹¹ί²¹,⁸’ί’

624 3785 882 3841 corporea
914 3749 1108 3827 εηίέηπ
1130 3749 1392 3829 tractare;
1412 3749 1628 3839 mlum"
1655 3774 1798 3828 inter
1823 3782 2014 3829 “tam
2039 3774 2111 3828 ita
2139 3773 2207 3831 de
2307 3752 2502 3807 delicct
2535 3753 2678 3804 aliud
2711 3762 2794 3808 est
2813 3753 2862 3808 ei
2887 3769 3029 3818 esse,
3057 3754 3200 3808 aliud
3230 3755 3392 3818 velle;
3423 3767 3478 3811 et
3506 3757 3618 3809 ideo
3644 3767 3732 3807 non
3755 3749 3825 3841 ho-

623 3878 689 3920 ea
721 3836 961 3919 dixisse:
1001 3864 1068 3919 Et
1117 3879 1238 3919 cum
1278 3864 1390 3919 vult
1425 3836 1627 3930 anima,
1675 3865 1718 3920 si
1768 3873 1875 3919 tota
1916 3866 2051 3930 vult,
2093 3874 2204 3920 tota
2308 3857 2398 3898 m0
2466 3842 2750 3907 "omni-"So
2788 3845 2880 3898 80d
2919 3845 3154 3900 imminis
3194 3855 3276 3900 est
3316 3847 3582 3900 voluntas.
3627 3836 3825 3898 Ostendit

623 3953 873 4012 voluntas
897 3964 1000 4018 est,
1026 3955 1122 4010 ubi
1156 3956 1345 4024 utique
1379 3956 1767 4024 circumspecte
1797 3965 1852 4011 et
1892 3956 2206 4011 cautissime
2307 3942 2486 3988 “me”
2519 3935 2620 3989 is“:
2644 3935 2782 4030 Wo“
2815 3935 3101 4030 Pelagiano
3126 3953 3337 4000 "mre,
3377 3938 3658 3994 δθευηδυίη
3704 3938 3824 4030 αἶψ’

624 4044 706 4100 δίο
734 4046 966 4100 assem“
995 4045 1168 4114 ipsam
1200 4046 1434 4099 animam
1457 4046 1751 4101 secundum
1771 4045 2058 4115 quemdam
2085 4061 2206 4102 mo-
2306 4042 2423 4080 ram
2457 4035 2660 4080 tantum
2691 4027 2923 4082 hominis
2949 4027 3176 4083 liberum
3207 4030 3490 4083 arbitrium
3516 4042 3627 4083 esse
3648 4026 3820 4115 sentiat.

623 4136 750 4188 dum
801 4111 1086 4204 aliquoties
1123 4141 1288 4189 totam
1336 4135 1446 4191 dic'r
1489 4151 1650 4204 posse
1700 4111 2050 4199 voluntatem,
2083 4150 2204 4190 cum
2305 4125 2362 4172 εί
2405 4117 2602 4172 donum
2649 4131 2768 4172 esse
2799 4127 3042 4184 natum:
3077 4135 3182 4174 “0"
3215 4119 3413 4174 donum
3461 4117 3663 4190 statim:
3695 4111 3735 4165 id
3761 4114 3821 4162 ⁸⁵⁸

623 4224 830 4279 scilicet
855 4233 966 4278 tota
1001 4223 1137 4287 vult,
1163 4224 1290 4292 quia
1317 4223 1602 4279 manifeste
1655 4239 1760 4278 non
1808 4232 1963 4278 extra
2004 4239 2084 4287 se,
2110 4223 2204 4278 sed

2304 4209 2598 4264 voluntatis
2625 4209 2891 4274 humanm,
2931 4219 2991 4266 ut
3023 4210 3137 4280 ipse
3173 4211 3340 4275 dicit,
3371 4211 3594 4266 liberum
3638 4211 3817 4259 motum.

624 4316 679 4368 in
706 4328 785 4377 se,
808 4323 864 4367 et
890 4315 1028 4384 apud
1060 4329 1118 4368 se
1153 4313 1285 4378 vult,
1322 4322 1380 4367 ut
1407 4314 1552 4368 nullo
1597 4315 1755 4369 modo
1799 4328 1915 4368 eam
1963 4313 2204 4369 absolute

2305 4314 2368 4356 ac
2395 4309 2715 4369 potestatem
2756 4301 3024 4356 movendi.
3061 4301 3166 4356 Per
3195 4303 3337 4370 quod
3380 4301 3654 4356 manifeste
3677 4301 3814 4349 osten-

626 4402 900 4458 dellnierit
942 4417 1064 4457 esse
1090 4403 1442 4467 voluntatem,
1473 4403 1564 4458 sed
1591 4418 1851 4472 suspense
1873 4405 2112 4472 posuerit
2138 4419 2201 4460 ac

2229 4437 2276 4496 D
2304 4392 2382 4447 dit
2412 4393 2483 4447 ita
2513 4408 2571 4448 se
2596 4393 2797 4446 sentire
2824 4395 2967 4462 quod
3006 4393 3252 4449 voluntas
3293 4395 3525 4449 humana
3556 4406 3649 4447 non
3683 4384 3815 4496 soluit:

624 4491 842 4554 dixerit,
871 4491 915 4546 si
947 4500 1058 4545 tota
1083 4490 1219 4552 vult,
1244 4499 1356 4546 tota
1382 4491 1630 4546 voluntas
1654 4471 1775 4545 est:
1806 4471 1946 4546 unde
1984 4491 2198 4546 indubi-
2229 4471 2275 4496 ν
2302 4484 2531 4540 liberum
2564 4483 2885 4538 naturaliter
2918 4493 3120 4538 motum
3169 4486 3381 4547 habent.
3416 4497 3476 4540 ut
3503 4489 3748 4539 moveam
3769 4471 3817 4524 ³⁸

627 4590 805 4638 tanter
829 4583 1231 4655 intelligendum
1271 4591 1375 4647 est,
1425 4583 1534 4638 imo
1587 4581 1875 4652 unicuique
1921 4582 1973 4636 in
2023 4582 2200 4652 seipso
2301 4576 2658 4645 appetendum
2691 4574 2992 4628 bonumvel
3023 4575 3260 4636 malum.
3295 4578 3390 4632 sed
3431 4577 3584 4632 etiam
3636 4571 3815 4624 "item"

629 4674 947 4730 naturaliter
968 4675 1385 4746 agnoscendum,
1413 4673 1536 4743 quia
1569 4673 1612 4726 si
1641 4680 1748 4726 tota
1783 4687 1886 4727 non
1923 4673 2056 4738 vult,
2086 4681 2198 4728 tota
2301 4673 2622 4736 potestatem
2664 4679 2768 4734 qua
2808 4663 2969 4718 faciat
3021 4663 3194 4733 ipsum
3251 4667 3452 4721 bonum
3496 4665 3573 4719 vel
3626 4657 3814 4714 malum;

625 4762 872 4819 voluntas
907 4780 1012 4819 non
1040 4772 1144 4820 est.
1175 4764 1360 4819 Potest
1387 4778 1617 4832 namque
1660 4777 1830 4817 unum
1858 4771 2018 4832 atque
2058 4763 2196 4818 idem
2301 4755 2396 4810 sed
2430 4769 2460 4808 e
2497 4753 2770 4808 contrario
2799 4752 2930 4808 ﬁdes
2959 4753 3223 4808 catholica
3256 4763 3399 4809 tenet
3422 4797 3438 4820 ,
3470 4761 3643 4810 contra
3669 4752 3816 4834 omnes

623 4869 692 4909 ex
713 4862 866 4923 parte
893 4842 1048 4916 velle,
1077 4862 1134 4908 et
1165 4868 1228 4908 ex
1251 4863 1403 4924 parte
1429 4867 1534 4907 non
1575 4851 1710 4906 velle
1739 4861 1916 4922 potest
1943 4853 2196 4921 idipsum,
2302 4843 2669 4912 hujuscemodi
2694 4857 2939 4907 errores,
2961 4844 3100 4911 quod
3131 4843 3360 4898 liberum
3415 4843 3701 4899 arbitrium,
3735 4837 3811 4883 etSt

626 4947 768 5016 quod
791 4953 901 5001 tota
928 4947 1063 5010 vult,
1087 4947 1299 5016 penitus
1325 4961 1432 4999 non
1461 4943 1616 4999 velle.
1657 4944 1724 4998 Et
1756 4945 1875 4999 ideo
1907 4945 2058 5014 juxta
2101 4945 2201 4997 hu-
2307 4934 2404 4990 iuit
2435 4935 2488 4988 in
2512 4934 2726 4989 homine
2755 4933 3072 4988 naturaliter
3107 4943 3310 4988 ret‘ttlm
3349 4944 3405 4989 (δι
3435 4937 3679 5002 integrum
3723 4925 3815 5021 τξηιέ

619 5035 854 5105 jusmodi
882 5035 1174 5090 voluntatis
1198 5034 1512 5089 mutabilem
1534 5042 1589 5089 et
1631 5033 1941 5089 variabilem
1971 5042 2199 5095 motum,
2305 5036 2600 5098 peccatum,
2660 5036 2836 5081 tamen
2872 5024 3076 5094 peccati
3112 5025 3304 5080 merito
3354 5018 3816 5111 depravatum,.imo

623 5140 733 5180 non
757 5133 839 5179 est
861 5124 1084 5180 dicenda
1122 5123 1362 5176 absolute
1385 5138 1447 5176 ac
1480 5123 1751 5178 deﬁnitive
1789 5123 1979 5176 anima:
2007 5131 2200 5175 natura
2305 5117 2582 5179 amissum,
2616 5115 2818 5169 nullum
2876 5115 3072 5168 habeat
3109 5123 3344 5180 motum,
3375 5116 3422 5170 id
3470 5122 3547 5170 est
3573 5108 3813 5176 appetitum

625 5223 740 5270 tota
771 5227 891 5268 esse
912 5212 1161 5265 voluntas
1187 5229 1200 5264 :
1245 5211 1368 5281 quia
1396 5211 1581 5279 procul
1625 5211 1784 5266 dubio
1831 5211 1934 5264 hoc
1962 5225 2068 5263 nou
2095 5217 2200 5273 est,
2304 5208 2458 5262 bona:
2485 5207 2796 5270 voluntatis,
2827 5221 2924 5260 ncc
2953 5215 3281 5276 potestatem
3312 5208 3478 5277 ipsius
3507 5206 3645 5257 bona:
3673 5189 3813 5243 νοιιιη·

627 5319 728 5360 nec.
753 5318 876 5359 cum
899 5318 964 5357 ex
987 5310 1138 5371 parte
1161 5280 1290 5365 vult,
1322 5301 1404 5357 vel
1451 5317 1572 5356 cum
1615 5302 1836 5355 omnino
1860 5299 1910 5354 id
1935 5299 2076 5368 quod
2101 5313 2196 5351 vo-
2307 5296 2432 5350 tatis
2461 5295 2757 5365 implenda},
2807 5296 2910 5350 nisi
2947 5313 3043 5367 per
3069 5297 3334 5351 occultam
3366 5294 3604 5364 gratiam,
3629 5280 3814 5375 donati“

629 5393 809 5446 luerat
843 5406 949 5446 non
980 5369 1113 5454 vult,
1160 5390 1362 5445 habens
1406 5405 1620 5459 semper
1672 5390 1723 5443 in
1773 5405 1831 5443 se
1882 5387 2198 5442 naturaliter
2303 5396 2359 5441 et
2389 5387 2692 5454 inspirante
2724 5386 2813 5440 illo
2839 5388 2906 5442 de
2934 5404 3040 5457 quo
3075 5386 3361 5457 Apostolus
3396 5381 3654 5440 verissime
3681 5369 3808 5423 dicit:

629 5481 790 5536 velle:
816 5482 888 5536 ita
913 5489 1087 5536 tamen
1112 5490 1187 5544 ut,
1208 5489 1456 5536 manente
1479 5493 1694 5549 semper
1715 5479 1794 5532 sui
1825 5487 2015 5532 natura
2035 5486 2194 5546 atque
2305 5476 2446 5530 Deus
2473 5486 2544 5528 est
2573 5477 2732 5539 enim,
2763 5479 2852 5546 qui
2882 5489 3124 5546 operatur
3148 5477 3199 5528 in
3224 5477 3389 5538 trabis,
3418 5487 3467 5529 et
3494 5468 3634 5528 velle,
3659 5469 3698 5514 ελ
3720 5465 3808 5525 P‘"

626 5570 944 5633 substantia,
986 5569 1038 5624 id
1076 5569 1246 5639 ipsum
1268 5569 1402 5625 velle
1437 5568 1729 5623 secundum
1757 5582 1818 5622 ea
1850 5583 1968 5637 qua:
1998 5566 2198 5636 appetit
2305 5568 2458 5637 ﬁcere
2483 5584 2575 5637 pro
2613 5567 2743 5620 bona
2780 5569 3042 5622 uoluntate
3068 5565 3232 5638 (Phil.
3265 5583 3336 5631 ll,
3371 5566 3476 5630 13).
3522 5557 3675 5647 "alii"

626 5660 738 5714 sive
769 5660 989 5730 respuit,
1020 5659 1103 5714 vel
1143 5669 1356 5714 maneat
1381 5659 1568 5713 eodem
1625 5658 1802 5722 modo,
1845 5656 1926 5712 vel
1964 5666 2196 5712 mutetur
2305 5677 2429 5730 quo,
2457 5669 2514 5714 ut
2531 5657 2643 5726 jam
2675 5661 2934 5724 diximus,
2960 5659 3277 5714 naturaliter
3301 5676 3330 5714 a
3363 5659 3601 5714 Creatorc
3633 5640 3807 5698 ius'ttmll
