4050 6302
216 326 326 382 153

1198 320 1400 377 LIBER
1434 317 1802 378 ADVERSUS
1837 318 2152 377 JOANNEM
2188 318 2483 378 SGOTUM.

3371 317 3473 374 ιω

216 449 279 494 ιιι
309 437 482 508 possit
511 434 664 498 velle,
691 444 750 491 ut
785 434 956 504 possit
998 433 1160 489 etiam
1205 449 1362 505 posse
1400 435 1544 505 quod
1594 435 1794 495 bonum
1823 437 1872 494 A
1899 437 1988 501 cit,
2013 452 2182 490 sermo
2225 437 2315 507 qui
2347 436 2569 504 scriptus
2604 441 2718 489 est:
2763 432 3020 504 Absorpta
3049 441 3124 488 est
3156 449 3293 488 mors
3329 449 3362 487 a
3394 434 3472 487 si-

216 537 335 594 est;
369 537 426 581 ut
454 535 631 580 autem
661 525 761 578 hoc
785 525 929 586 velit,
963 535 1022 579 ut
1053 525 1156 579 hoc
1191 524 1359 594 possit
1386 539 1490 578 non
1530 523 1693 578 habet
1725 538 1794 578 ex

217 632 304 680 se,
346 617 440 672 sed
461 615 650 671 ex‘illo
683 623 890 669 tantum
933 616 1024 684 qui
1049 625 1296 684 aperatur
1339 616 1392 669 in
1443 614 1698 669 cordibus
1736 613 1794 668 li-

1896 526 2062 580 ctoria
2103 524 2287 596 (Ibid.,
2319 524 2409 587 55,
2436 522 2523 594 54)
2551 540 2565 588 ;
2605 531 2661 576 ut
2700 538 2886 592 corpus
2911 521 3048 592 quod
3088 538 3225 576 nunc
3245 519 3475 576 animale

1897 616 2184 670 seminatur
2229 615 2282 667 in
2323 623 2519 678 morte,
2543 623 2664 666 tunc
2704 621 2938 682 resurgat
2968 610 3242 682 spirituale
3283 609 3471 683 (Ibid.,

218 707 426 784 delium
456 715 506 761 et
536 705 661 760 velle
680 715 726 759 et
753 706 999 774 perﬁcere
1025 722 1119 776 pro
1163 705 1296 760 bona
1335 706 1616 760 voluntate.
1673 704 1800 761 lude
1898 707 2012 778 44),
2060 707 2206 762 nullo
2228 707 2336 774 jam
2366 705 2619 760 alimento
2651 704 3082 768 sustentandum,
3129 699 3473 757 nulla'mole-

218 805 308 852 est
345 796 434 850 illa
470 794 837 850 ecclesiastica
890 803 945 848 et
991 795 1299 849 ﬁdelissima
1343 795 1603 861 delinitio,
1637 809 1797 863 quam

217 881 418 943 beatus
444 902 579 957 papa
603 886 925 942 leestinus
955 887 1104 955 ponit
1130 888 1183 941 in
1212 887 1453 941 Decretis
1483 887 1595 940 suis
1618 887 1802 941 dicens

221 978 455 1049 (Caelest.
477 1018 492 1044 ,
525 979 696 1050 Epist.
725 979 794 1032 ad
823 976 965 1033 Call.
1009 979 1175 1048 cpisc.
1207 979 1331 1048 819)
1363 996 1376 1032 :
1429 977 1526 1050 [Ita
1566 976 1712 1032 Deus
1749 977 1802 1030 in

221 1070 483 1125 cordibus
538 1069 816 1125 hominum
877 1077 1038 1138 atquc
1086 1069 1141 1124 in
1168 1069 1293 1140 ipso
1338 1069 1508 1124 libero
1553 1076 1808 1139 operatur

223 1161 485 1224 arbitrio,
527 1168 588 1214 ut
621 1169 806 1214 sancta
842 1161 1119 1228 cogitatio,
1158 1161 1305 1228 pium
1353 1160 1656 1225 consilium,
1692 1174 1808 1212 om-

222 1250 423 1318 nisque
447 1257 624 1304 motus
651 1249 806 1303 home
823 1249 1114 1304 voluntatis
1140 1264 1206 1304 ex
1238 1250 1349 1304 Deo
1376 1250 1447 1304 sit
1491 1268 1503 1303 :
1537 1238 1673 1319 quia.
1713 1264 1810 1318 per

225 1339 383 1394 illum
435 1337 634 1409 aliquid
685 1339 811 1394 boni
842 1355 1149 1408 possumus,
1180 1341 1297 1396 sine
1324 1356 1432 1410 quo
1458 1341 1591 1396 nihil
1622 1356 1812 1411 possu-

225 1426 397 1498 mus.]
425 1427 490 1481 Et
542 1427 734 1482 iterum
778 1426 964 1495 (lbid.,
992 1428 1047 1499 8)
1095 1446 1108 1482 :
1156 1427 1370 1500 [Omnia
1403 1429 1601 1493 studia,
1630 1429 1810 1483 omnia

224 1530 398 1585 opera
416 1531 480 1570 ac
501 1516 692 1570 merita
715 1525 1024 1570 sanctorum
1045 1518 1108 1581 ad
1134 1517 1227 1572 Dei
1249 1518 1475 1588 gloriam
1495 1518 1814 1586 laudemque

227 1605 517 1660 referenda
545 1615 690 1660 sunt.
735 1605 868 1672 Quia
905 1622 1065 1662 nemo
1113 1609 1326 1664 aliunde
1360 1610 1407 1662 ei
1459 1610 1676 1678 placet,
1707 1607 1814 1662 nisi

224 1709 300 1748 ex
327 1710 393 1749 eo
413 1696 554 1763 quod
581 1694 694 1765 ipse
723 1696 1046 1768 donaverit.]
1079 1697 1155 1750 Ex
1192 1713 1296 1766 qua
1326 1698 1619 1767 apostolica
1645 1706 1702 1751 et
1727 1711 1815 1751 ec-

1903 799 2004 856 stia
2032 798 2479 866 corrumpendum
2499 836 2514 861 ,
2564 796 2704 850 trulla
2737 804 2908 850 morte
2937 793 3353 856 dissolvendum,
3379 791 3470 846 sed
3524 810 3526 812 ν

1904 891 2020 946 solo
2040 889 2228 958 spiritu
2253 897 2453 942 interna
2472 885 2870 940 immortalitate
2891 883 3287 938 vivificandum.
3309 879 3474 946 Quale

1904 990 2022 1038 erat
2059 979 2482 1035 etiamfuturum
2511 992 2706 1047 corpus
2751 976 2879 1029 Adae
2923 973 3066 1028 nulla
3115 971 3480 1026 intercedente

1907 1083 2101 1136 morte,
2155 1073 2266 1127 Deo
2289 1071 2405 1142 ejus
2431 1068 2791 1126 obedientiam
2835 1073 3232 1129 remunerante,
3279 1063 3326 1118 si
3373 1077 3478 1116 non

1906 1170 2205 1235 peccasset.

1980 1315 2164 1384 Itaque
2188 1326 2372 1366 verum
2411 1309 2628 1378 quidem
2657 1314 2739 1362 est
2767 1303 2907 1374 quod
2937 1303 3114 1358 adhuc
3141 1299 3370 1355 animale
3399 1314 3484 1354 cs-

1912 1417 1995 1465 set
2032 1422 2226 1477 corpus
2252 1404 2401 1464 Adae,
2444 1416 2544 1456 nec
2572 1400 2624 1454 in
2654 1399 2797 1452 illam
2842 1394 3298 1451 immortalitatem
3330 1407 3482 1444 COIII-

1913 1508 2196 1562 mutatum,
2224 1511 2344 1566 qua:
2370 1495 2416 1548 ei
2450 1493 2622 1547 fuerat
2652 1489 2850 1552 danda,
2889 1487 2932 1541 si
2964 1485 3048 1556 pie
3073 1485 3325 1538 obediens
3373 1482 3485 1535 Deo

1913 1588 2303 1660 permansisset
2327 1603 2339 1637 :
2376 1585 2448 1636 ita
2481 1594 2540 1635 ut
2561 1592 2618 1636 et
2642 1579 2686 1633 si
2713 1595 2818 1632 non
2847 1582 3138 1646 peccasset,
3165 1581 3347 1642 posset
3375 1587 3483 1624 non

1917 1680 2078 1741 mori,
2101 1688 2156 1732 et
2181 1677 2226 1731 si
2270 1681 2565 1745 peccasset,
2592 1677 2772 1740 posset
2807 1669 2980 1731 mori;
3018 1663 3359 1719 manifestum
3407 1667 3492 1715 est

228 1785 538 1842 clesiastica
590 1787 901 1842 definitione
955 1789 1258 1843 certissime
1316 1790 1620 1844 ostenditur
1679 1790 1810 1843 nihil

1919 1784 2037 1824 eum
2067 1767 2184 1820 ideo
2209 1764 2344 1818 mori
2371 1761 2626 1830 potuisse,
2657 1759 2782 1828 quia
2823 1755 3048 1810 necdum
3077 1753 3250 1806 fuerat
3275 1752 3493 1805 immor-

225 1893 394 1947 posse
438 1878 493 1932 in
524 1878 740 1934 homine
766 1877 992 1934 liberum
1037 1880 1320 1934 arbitrium
1350 1883 1416 1939 ad
1456 1881 1811 1950 appetendum

225 1967 320 2021 vel
346 1966 708 2038 peragendum
736 1968 959 2032 bonum,
992 1968 1098 2022 nisi
1121 1967 1289 2022 fuerit
1309 1968 1510 2024 Christi
1542 1969 1714 2038 gratia
1752 1967 1816 2021 li-

225 2059 502 2113 beratum.
531 2059 628 2113 Est
653 2067 831 2112 tamen
867 2059 1092 2114 liberum
1124 2060 1192 2114 ad
1237 2061 1436 2115 malum
1462 2102 1476 2125 ,
1501 2061 1658 2130 quia,
1691 2075 1815 2115 cum

227 2158 444 2219 peccat,
477 2165 582 2202 non
610 2148 786 2218 aliqua
811 2150 1132 2205 necessitate
1153 2151 1382 2222 cogitur,
1414 2153 1510 2207 sed
1542 2151 1818 2206 voluntate

226 2240 457 2310 propria
481 2241 828 2308 depravatur.

305 2327 471 2382 Addit
501 2327 692 2382 deinde
726 2329 827 2382 iste
861 2335 916 2385 et
944 2329 1110 2384 dicit:
1166 2329 1314 2386 Sicut
1357 2329 1584 2385 animale
1631 2346 1819 2399 corpus

224 2419 403 2490 potuit
432 2420 585 2483 mori,
634 2420 758 2489 quia
799 2419 971 2473 adhuc
1005 2437 1107 2474 non
1149 2431 1257 2474 erat
1305 2422 1611 2490 perfectum,
1657 2421 1713 2474 id
1743 2428 1820 2475 est

225 2509 531 2579 spirituale,
562 2510 637 2562 ita
667 2508 924 2574 voluntas,
953 2509 1112 2563 libera
1137 2511 1310 2563 adhuc
1341 2510 1585 2564 animalis
1614 2512 1822 2577 merito,

223 2603 360 2671 quia
389 2601 624 2654 mortalis
647 2601 812 2669 potuit
836 2617 1064 2669 peccare,
1095 2601 1341 2670 quoniam
1383 2601 1554 2654 adhuc
1577 2618 1680 2654 non
1709 2611 1820 2654 erat

224 2691 487 2760 perfecta,
534 2707 653 2760 qua:
682 2691 860 2761 utique
882 2691 1129 2760 perfectio
1159 2692 1409 2745 libertatis
1444 2701 1558 2761 post
1585 2693 1821 2746 mandati

225 2781 530 2833 custodiam
556 2778 872 2848 impleretur,
904 2779 1028 2831 dum
1043 2779 1088 2831 ei
1115 2780 1359 2847 peccandi
1385 2779 1620 2832 voluntas
1645 2779 1823 2848 anfer-

228 2882 425 2934 retur;
468 2870 568 2932 ubi
585 2870 712 2938 quid
759 2869 900 2922 aliud
931 2869 1215 2922 dicendum
1258 2870 1323 2924 de
1348 2884 1574 2938 corpore
1603 2868 1820 2922 animali

226 2967 291 3011 et
319 2959 608 3028 spirituali,
659 2958 762 3012 nisi
806 2958 948 3026 quod
978 2957 1266 3027 Apostolus
1311 2958 1470 3012 docet
1503 2958 1723 3012 dicens:
1760 2956 1821 3011 Si

225 3060 310 3105 est
348 3066 538 3118 corpus
570 3047 796 3102 animale
817 3087 832 3113 ,
885 3057 934 3101 et
973 3057 1046 3101 est
1092 3048 1382 3116 spirituale,
1409 3050 1545 3102 sicut
1572 3050 1819 3118 scriptum

226 3150 316 3192 est
337 3157 356 3194 :
391 3115 564 3206 {actus
601 3146 676 3191 est
702 3138 901 3206 primus
926 3137 1079 3190 homo
1109 3115 1278 3188 Adam
1310 3137 1365 3189 in
1391 3138 1622 3190 animam
1652 3115 1822 3190 vit'en-
1849 3115 1892 3176 Ο

227 3242 340 3284 tem
368 3249 387 3285 .'
425 3231 734 3284 novissimus
781 3240 953 3284 autem
1002 3231 1056 3284 in
1090 3230 1329 3300 spiritum
1375 3232 1715 3298 viviﬁcantem
1768 3232 1822 3305 (1

227 3319 363 3373 Cor.
397 3335 486 3382 xv,
517 3320 609 3384 44,
657 3319 770 3390 45).
814 3319 881 3373 Ει
919 3334 1098 3388 supra,
1144 3335 1268 3374 cum
1315 3321 1382 3374 de
1430 3323 1829 3377 resurrectione

229 3423 577 3466 mortuorum
619 3410 962 3479 loqueretur,
992 3410 1068 3463 ait
1099 3426 1116 3463 :
1150 3409 1452 3466 Seminatur
1494 3429 1679 3480 corpus
1710 3413 1824 3466 ani-

227 3503 393 3563 male,
419 3510 592 3572 surget
631 3519 816 3572 corpus
846 3502 1117 3567 spirituale
1153 3501 1341 3573 (Ibid.,
1388 3502 1500 3571 44).
1541 3501 1612 3558 ln'
1630 3505 1824 3572 quibus

226 3596 419 3649 verbis
443 3595 711 3664 quomodo
735 3594 1167 3665 distinguendum
1199 3604 1279 3649 est
1308 3612 1494 3664 corpus
1524 3595 1750 3648 animale
1774 3605 1824 3648 et

228 3700 426 3752 corpus
451 3683 745 3753 spirituale,
777 3683 876 3738 nisi
923 3684 1067 3752 quod
1095 3699 1281 3752 corpus
1321 3683 1545 3736 animale
1591 3698 1688 3751 per
1709 3683 1832 3736 ani-

227 3792 382 3832 mam
411 3775 778 3830 tantummodo
805 3775 1106 3829 mortaliter
1133 3783 1186 3828 et
1211 3773 1631 3843 corruptibiliter
1653 3772 1826 3826 vivifi-

227 3867 436 3923 catur?
469 3865 637 3933 Quale
658 3873 776 3920 erat
803 3880 998 3935 corpus
1021 3865 1149 3919 Adm
1171 3865 1332 3918 etiam
1356 3873 1480 3918 ante
1506 3874 1826 3932 peccatum;

228 3959 386 4028 quia,
439 3957 541 4011 etsi
568 3956 799 4011 necdum
846 3955 1154 4010 cratmorli
1199 3962 1254 4008 et
1299 3954 1630 4022 corruptioni
1660 3953 1826 4007 desti-

227 4055 682 4118 natum,poterat
731 4059 908 4101 tamen
951 4045 1156 4116 peccati
1211 4045 1404 4099 merito
1448 4043 1719 4113 corrumpi
1771 4051 1826 4098 et

228 4141 376 4196 mori
409 4156 423 4192 :
459 4139 599 4194 sicut
623 4139 808 4208 utique
834 4147 890 4193 et
932 4138 986 4192 in
1017 4137 1112 4192 illo
1148 4136 1347 4191 factum
1390 4145 1474 4190 est
1501 4144 1556 4188 et
1601 4135 1653 4188 in
1701 4134 1833 4188 uni-~

227 4247 398 4286 versa
425 4231 540 4301 ejus
561 4231 816 4302 progenie
841 4230 924 4294 fit,
949 4229 1094 4299 justo
1125 4227 1274 4282 illius
1285 4227 1488 4297 judicio
1511 4234 1672 4295 atque
1704 4226 1824 4279 vin-

229 4321 384 4375 dicta
411 4321 502 4389 qui
533 4320 610 4374 ait
634 4337 648 4374 :
693 4319 867 4373 Donec
892 4318 1166 4372 revertaris
1195 4319 1247 4370 in
1278 4326 1472 4370 terram
1515 4315 1652 4368 unde
1677 4330 1830 4368 sum-

229 4421 360 4482 ptus
390 4427 465 4474 es,
496 4411 619 4480 quia
648 4408 814 4480 pulvis
843 4425 916 4473 es,
949 4419 996 4462 et
1024 4409 1079 4461 in
1100 4406 1360 4476 pulverem
1389 4404 1672 4458 reverteris.
1706 4400 1824 4472 Spi~

1914 1862 2119 1917 talitate
2166 1858 2413 1910 donatus.
2464 1852 2616 1918 Quod
2645 1859 2822 1904 autem
2853 1848 2904 1900 in
2938 1846 3024 1899 illo
3072 1845 3285 1899 homine
3315 1843 3490 1896 adhuc

1915 1949 2161 2005 animalis
2189 1954 2334 2002 esset
2356 1944 2624 2005 voluntas,
2656 1939 2708 1993 id
2749 1946 2833 1993 est
2857 1936 3147 1992 semiudum
3175 1935 3366 1988 animae
3389 1935 3490 1988 hu-

1915 2058 2088 2098 mana:
2137 2039 2460 2109 appetitum,
2508 2041 2705 2090 etnon
2758 2027 3050 2083 secundum
3100 2025 3345 2094 spiritum
3396 2021 3491 2076 Dei

1917 2133 2102 2185 vivens
2130 2128 2242 2182 sive
2273 2125 2590 2194 intelligens,
2623 2130 2682 2174 ut
2725 2118 2963 2174 nondum
2991 2123 3135 2170 esset
3164 2114 3217 2168 in
3248 2111 3490 2167 interiori

1917 2223 2156 2286 homine,
2192 2219 2247 2273 id
2271 2228 2356 2272 est
2398 2217 2452 2269 iu
2483 2213 2674 2284 spiritu
2713 2209 2910 2265 mentis
2938 2223 3048 2261 suae
3073 2204 3347 2275 spiritalis,
3398 2201 3494 2257 sed

1919 2315 2094 2369 adhuc
2139 2308 2405 2369 animalis,
2459 2304 2510 2360 id
2553 2311 2637 2358 est
2689 2299 3014 2362 animaliter,
3049 2312 3152 2350 non
3183 2291 3496 2364 spiritaliter

1917 2404 2198 2466 sentiens;
2268 2400 2335 2454 de
2383 2396 2630 2467 qualibus
2677 2393 2807 2447 dicit
2853 2387 3189 2459 Apostolus:
3238 2382 3493 2440 Animalis

1918 2505 2091 2549 autem
2124 2493 2277 2546 homo
2320 2504 2423 2542 non
2469 2483 2684 2557 percipit
2727 2498 2788 2534 ea
2817 2495 2932 2550 qum
2978 2486 3098 2530 sunt
3132 2475 3344 2545 spiritus
3397 2469 3496 2524 Dei

1920 2588 1972 2659 (ι
1998 2585 2120 2641 Cor.
2149 2600 2214 2648 ιι,
2253 2581 2343 2652 14)
2370 2598 2384 2633 :
2415 2577 2530 2633 Non
2563 2576 2635 2630 ita
2665 2571 2899 2628 ostendit
2939 2567 3247 2639 Apostolus,
3269 2564 3496 2659 quisa-

1920 2650 2242 2733 cramentum
2267 2650 2395 2726 illud
2421 2681 2664 2737 magnum
2687 2664 2828 2733 quod
2857 2659 3093 2712 futurum
3119 2663 3236 2710 erat
3263 2654 3319 2716 in
3347 2650 3500 2706 Chri-

1920 2777 1999 2822 sto
2048 2775 2094 2818 et
2130 2763 2186 2817 in
2211 2760 2470 2823 Ecclesia,
2521 2755 2589 2810 ab
2628 2755 2742 2823 ipso
2766 2750 2896 2806 dicit
2948 2762 3068 2803 esse
3097 2745 3496 2816 prophetatum,

1923 2856 2138 2929 quando
2189 2852 2369 2907 divino
2395 2849 2580 2917 utique
2625 2843 2860 2913 repletus
2887 2839 3090 2909 Spiritu
3118 2837 3232 2890 ait:
3276 2833 3497 2903 Propter

1924 2951 2020 3004 hoc
2050 2947 2294 3015 relinquet
2329 2943 2481 2996 homo
2517 2947 2715 3009 patrem
2738 2949 2888 2988 suum
2923 2941 2969 2986 et
2995 2940 3210 2984 matrem
3253 2940 3426 2990 suam,
3452 2932 3500 2977 et

1925 3035 2209 3092 adlicerebit
2267 3031 2420 3086 uxori
2472 3044 2604 3092 suat,
2659 3035 2706 3078 et
2746 3032 2893 3078 erunt
2937 3021 3042 3074 duo
3078 3019 3134 3072 in
3184 3030 3340 3069 carne
3392 3028 3500 3067 una

1928 3127 2087 3204 (Eph.
2118 3142 2174 3191 v,
2204 3123 2315 3196 3|).
2369 3121 2574 3189 Quibus
2623 3117 2804 3172 verbis
2854 3111 3140 3184 Apostolus
3183 3107 3497 3177 exponendo

1924 3200 2241 3288 subiunxit;
2276 3213 2671 3271 Sacramentum
2699 3210 2794 3261 hoc
2819 3221 3064 3274 magnum
3098 3212 3170 3256 est
3199 3218 3216 3255 :
3248 3200 3360 3270 Ego
3404 3216 3498 3252 au-

1923 3321 2026 3365 tem
2053 3308 2170 3361 dico
2198 3307 2253 3359 in
2290 3303 2495 3358 Christo
2521 3311 2568 3355 et
2603 3301 2657 3352 in
2686 3297 2919 3352 Ecclesia
2972 3293 3160 3364 (lbid.,
3192 3291 3281 3361 5‘2)
3309 3309 3321 3343 :
3351 3289 3496 3355 Quo-

1923 3400 2083 3456 modo
2109 3413 2239 3468 ergo
2269 3411 2374 3451 non
2404 3391 2663 3464 spiritalis
2687 3398 2804 3446 erat
2837 3387 3084 3442 voluntas
3111 3385 3225 3452 ejus
3259 3384 3321 3436 ad
3357 3393 3501 3434 recte

1921 3491 2226 3554 vivendum,
2271 3488 2460 3556 spiritu
2509 3484 2710 3552 adjuta,
2760 3491 2816 3536 et
2863 3478 3178 3540 illuminata,
3225 3489 3343 3542 quae
3385 3481 3502 3526 erat

1922 3581 2086 3637 etiam
2143 3575 2439 3648 prophetali
2498 3573 2668 3644 gratia
2721 3569 3045 3630 sublimata;
3094 3563 3268 3635 potuit
3323 3572 3501 3614 tamen

1923 3684 2148 3742 peccare
2168 3668 2330 3723 etiam
2355 3662 2648 3734 spiritualis
2677 3659 2922 3712 voluntas
2952 3657 3003 3710 in
3049 3654 3284 3708 deterius
3312 3651 3458 3718 lapsa
3484 3665 3500 3714 ;

1924 3762 2065 3816 sicut
2096 3757 2330 3814 ostendit
2365 3756 2505 3809 idem
2540 3750 2826 3822 Apostolus
2865 3748 3026 3802 etiam
3052 3743 3319 3813 spiritales
3346 3756 3502 3810 posse

1924 3847 2139 3911 tentari,
2173 3845 2224 3900 id
2248 3853 2329 3899 est
2355 3841 2649 3898 tentatione
2675 3836 2886 3908 peccati
2913 3835 3090 3904 aliqua
3114 3831 3380 3900 superari,
3412 3829 3502 3881 ubi

1925 3939 2036 3994 ait:
2069 3934 2309 3998 Fratres,
2351 3941 2398 3987 et
2426 3931 2471 3984 si
2497 3935 2886 4000 praeoccupatus
2928 3923 3082 3993 fuerit
3127 3922 3278 3974 homo
3309 3921 3362 3972 in
3407 3917 3504 3970 ali-

1923 4046 2024 4101 quo
2053 4028 2260 4092 delicto,
2299 4042 2388 4080 vos
2425 4024 2512 4094 qui
2553 4019 2848 4092 spirituales
2903 4017 3046 4078 estis,
3084 4010 3385 4083 hujusmodi
3414 4011 3502 4063 in-

1922 4123 2109 4179 struite
2166 4121 2223 4174 in
2275 4118 2460 4188 spiritu
2523 4112 2798 4176 lenitatis,
2859 4107 3195 4164 considerans
3257 4103 3498 4172 teipsum,

1879 4202 1989 4270 'ne
2043 4221 2090 4266 et
2144 4220 2200 4264 tu
2247 4208 2455 4263 tenteris
2509 4203 2658 4274 (Gal.
2707 4217 2784 4268 vt,
2837 4200 2911 4270 l).
2981 4197 3071 4252 Sic
3127 4209 3254 4265 ergo
3308 4192 3503 4246 volun-

1926 4312 2009 4358 tas
2069 4301 2212 4356 illius
2264 4298 2497 4353 hominis
2553 4295 2715 4350 etiam
2781 4288 3075 4361 spiritualis
3128 4292 3338 4356 poterat
3389 4291 3505 4335 tcn-

1929 4391 2053 4455 tari,
2103 4396 2314 4460 poterat
2359 4384 2652 4441 tentatione
2696 4379 2975 4450 superari;
3029 4383 3122 4441 et,
3162 4374 3205 4429 si
3232 4371 3502 4443 pervenis-

231 4461 614 4555 audias-5'
648 4461 1110 4570 Lgrpu.',iicn..r,'
1143 4512 1250 4551 non
1281 4493 1422 4564 quod
1467 4508 1665 4563 corpus
1703 4461 1822 4546 eése
1847 4467 1900 4526 D
1927 4488 2008 4536 set
2059 4477 2355 4533 obediendo
2400 4475 2467 4529 ad
2527 4473 2670 4528 illam
2720 4469 3110 4542 plenitudinem
3156 4461 3503 4570 beatitudinis

232 4591 500 4654 desistat,
523 4599 578 4644 et
604 4589 827 4660 Spiritus
872 4587 1001 4641 fiat:
1032 4587 1157 4654 quia
1207 4585 1334 4639 licet
1357 4582 1654 4654 spirituale,
1695 4595 1833 4636 vere

232 4692 422 4735 tamen
444 4695 640 4748 corpus
672 4681 739 4734 ab
765 4678 1021 4748 Apostolo
1063 4675 1397 4746 appellatur;
1431 4675 1524 4728 sed
1557 4681 1684 4728 tunc
1706 4687 1830 4726 cor‘

233 4785 347 4839 pus
375 4768 657 4839 spiritualc
687 4769 791 4824 erit
842 4767 1058 4837 quando
1106 4782 1202 4836 per
1234 4765 1481 4836 spiritum
1511 4761 1826 4818 immortali-

235 4869 353 4919 ter,
380 4868 435 4912 ct
460 4857 934 4927 incorruptibiliter
973 4850 1364 4926 vivificabitur;
1393 4852 1560 4920 Quale
1603 4861 1660 4907 et
1689 4851 1740 4905 in
1769 4863 1827 4906 se

234 4951 490 5006 exhibuit
540 4950 865 5004 novissimus
913 4947 1127 5012 Adam,
1165 4947 1327 5001 idest
1370 4945 1627 4999 Dominus
1670 4943 1835 4997 Jesus.

236 5041 494 5096 Christus
520 5041 575 5096 in
603 5041 1028 5104 resurrectione,
1063 5053 1161 5109 per
1189 5051 1352 5107 quam
1382 5035 1566 5103 utique
1604 5033 1829 5088 mortale

239 5149 442 5204 corpus
486 5132 629 5202 quod
668 5138 1000 5200 susceperat,
1049 5130 1102 5184 in
1135 5126 1591 5182 immortalitatem
1645 5132 1700 5179 et
1749 5124 1831 5178 in-

241 5223 646 5292 corruptionem
677 5221 971 5287 transtulit,
1019 5220 1149 5274 etin
1181 5217 1384 5273 sanctis
1410 5216 1522 5271 suis
1551 5229 1647 5285 per
1678 5228 1834 5268 eam-

241 5313 365 5367 dem
397 5310 814 5380 incorruptionis
856 5312 1084 5380 gratiam
1135 5309 1186 5362 in
1216 5307 1515 5362 novissimo
1537 5306 1623 5360 die
1677 5303 1832 5359 exhi-

240 5406 411 5461 bebit.
445 5407 579 5461 Cum
608 5405 774 5460 etiam
831 5405 883 5459 in
935 5403 1085 5474 ipsis,
1134 5400 1288 5470 juxta
1318 5401 1562 5455 eumdem
1601 5398 1831 5467 Aposto-

245 5495 404 5549 lum:
462 5493 812 5563 Corruptibile
852 5494 950 5547 hoc
997 5492 1225 5546 induerit
1285 5486 1721 5556 incorruptelam,
1781 5496 1829 5540 et

247 5587 470 5640 mortale
510 5587 607 5641 hoc
632 5586 859 5640 induerit
889 5582 1358 5645 immortalitatem,
1408 5589 1465 5634 ut
1495 5579 1833 5633 absorbeatur

247 5677 392 5745 quod
415 5688 488 5733 est
512 5675 731 5750 mortale
767 5693 799 5731 α
827 5677 932 5730 vita
955 5691 976 5739 ;
1002 5683 1049 5728 et
1076 5671 1377 5744 impleatur,
1421 5669 1552 5726 sicut
1601 5669 1706 5739 ipse
1756 5668 1833 5722 di-

1926 4575 2016 4635 ubi
2037 4572 2148 4642 jam
2179 4586 2407 4643 peccare
2431 4585 2538 4624 non
2567 4575 2778 4638 posset,
2805 4579 2912 4619 non
2943 4563 3010 4616 ab
3045 4573 3110 4614 eo
3137 4553 3390 4626 peccandi
3416 4567 3507 4604 vo.

1927 4665 2105 4721 luntas
2127 4664 2448 4725 auferretur,
2478 4668 2538 4713 ut
2568 4660 2670 4712 iste
2697 4657 2845 4718 dicit,
2877 4669 2997 4724 qua:
3026 4651 3080 4704 in
3102 4663 3166 4702 eo
3190 4645 3330 4700 nulla
3362 4650 3502 4706 erat,

1928 4757 2021 4812 sed
2044 4757 2155 4824 ipsa
2179 4755 2317 4808 bona
2338 4753 2604 4814 voluntas,
2624 4763 2743 4818 qua:
2763 4745 2835 4800 illi
2858 4746 3054 4805 inerat,
3075 4747 3218 4792 tanta
3251 4735 3505 4790 felicitate

1927 4847 2298 4918 perficeretur,
2320 4853 2379 4898 ut
2399 4843 2462 4897 ad
2488 4841 2685 4896 malum
2711 4835 2906 4891 mutari
2933 4848 3037 4886 non
3058 4835 3258 4901 posset.
3289 4824 3505 4895 Triplex

1927 4944 2070 4998 enim
2099 4948 2274 4994 status
2310 4939 2558 4992 humana:
2584 4930 2872 4987 voluntatis
2908 4927 3136 4981 ﬁdeliter
3163 4921 3381 4992 intelligi
3413 4934 3509 4989 po-

1929 5041 2056 5095 test,
2101 5031 2351 5085 videlicet
2379 5027 2519 5097 quod
2549 5023 2756 5094 primus
2791 5020 2882 5073 ille
2930 5019 3092 5072 homo
3121 5016 3191 5068 ita
3230 5015 3382 5067 home
3407 5023 3504 5062 vo-

1929 5121 2151 5175 luntatis
2191 5119 2437 5175 conditus
2479 5123 2582 5177 est,
2613 5121 2692 5176 ut,
2740 5111 2784 5165 si
2822 5109 3000 5171 vellet,
3047 5112 3227 5176 posset
3256 5117 3360 5156 non
3391 5114 3510 5169 pec-

1932 5229 2075 5268 care.
2123 5211 2274 5265 Nunc
2321 5219 2499 5262 autem
2551 5205 2711 5259 etiam
2758 5201 2928 5256 sancti
2969 5198 3232 5258 homines,
3281 5193 3403 5261 quia
3439 5206 3507 5244 ex

1930 5304 2118 5360 vitiata
2144 5303 2283 5356 illius
2305 5296 2689 5369 propagatione
2711 5301 3022 5352 nascuntur,
3063 5285 3308 5357 quamvis
3322 5283 3507 5343 velint,

1935 5409 2041 5448 non
2069 5391 2274 5462 possint
2303 5404 2405 5442 non
2439 5399 2682 5455 peccare.
2716 5382 2868 5438 Unde
2893 5389 2948 5436 et
2977 5377 3213 5447 quotidie
3243 5372 3512 5428 veraciter

1933 5485 2044 5540 Deo
2058 5461 2268 5538 dicunt:
2291 5480 2504 5533 Dimitte
2522 5475 2666 5530 nobis
2689 5474 2859 5530 debita
2881 5480 3058 5526 nostra
3075 5465 3288 5539 (Matth.
3305 5461 3506 5530 v1,l9.).

1932 5575 1989 5629 In
2017 5574 2104 5628 illa
2133 5580 2310 5626 autem
2339 5569 2668 5626 beatitudine
2697 5581 2816 5635 qua:
2845 5565 2924 5619 eis
2955 5559 3200 5617 donanda
3224 5564 3328 5618 est,
3358 5561 3509 5607 tanta

1932 5664 2132 5719 virtute
2167 5659 2430 5717 solidandi
2471 5666 2613 5723 sunt,
2654 5666 2713 5712 ut
2736 5654 2848 5724 jam
2878 5667 2987 5708 non
3024 5648 3232 5720 possint
3261 5656 3507 5715 peccare,
