4050 6302
1678 308 1875 366 FLOlll
1915 304 2186 364 DIACONI
2225 306 2707 369 LUGDUNENSIS
3708 325 3786 381 i56

568 426 710 482 sicut
759 434 907 482 tanta
943 424 1360 495 lncorruptionis
1396 425 1568 496 gratia
1615 424 1889 489 induendi,
1923 433 1982 478 ut
2009 439 2146 478 nun-
2169 422 2224 483 Α
2252 422 2390 479 illius
2415 428 2587 496 gratia
2612 428 2775 504 fuerit
2803 430 3181 496 instauratum,
3202 434 3291 502 qui
3316 437 3394 490 ait
3418 451 3434 489 :
3460 435 3522 491 Si
3544 454 3626 491 ros
3646 437 3786 495 Filius

561 528 732 581 quam
762 514 971 584 possint
1004 515 1160 568 mori.
2247 511 2560 582 liberaverit,
2598 528 2722 571 tunc
2762 536 2877 574 vere
2912 520 3060 574 liberi
3085 524 3228 576 eritis
3257 524 3438 594 (Joan.
3467 541 3585 592 vui,
3608 529 3720 598 56);
3745 541 3788 588 et

635 603 828 658 Mirum
872 613 956 659 est
999 614 1180 659 autem
1225 621 1323 660 cur
1348 605 1447 659 Iste
1485 603 1806 674 subjungere
1837 606 2068 660 voluerit
2091 614 2149 661 et
2248 606 2336 673 qui
2362 622 2456 660 sua
2493 607 2843 677 inspiratione
2879 621 3080 673 monet,
3122 628 3351 681 quorum
3399 615 3625 670 voluerit
3653 621 3788 674 corda

571 691 751 746 dicere
775 709 788 746 :
817 691 974 748 Hunc
996 705 1211 757 motum,
1241 695 1294 747 id
1324 705 1398 748 est
1428 693 1576 748 liberi
1605 696 1832 759 arbitrii,
1873 697 2006 750 nulli
2032 698 2149 751 ani-
2249 696 2317 749 ad
2347 694 2526 761 ﬁdem,
2550 698 2687 752 sicut
2715 701 2975 769 propheta
2999 701 3164 755 dicit:
3192 701 3257 754 Et
3280 703 3489 755 movebo
3518 721 3680 758 omnes
3697 725 3790 774 gen-

571 781 823 846 malium,
869 794 1056 852 prater
1087 785 1366 848 hominem,
1398 801 1696 838 concessum
1743 802 1865 841 cum
1894 788 2147 843 omnibus
2247 796 2343 850 tes,
2386 798 2432 840 et
2473 790 2640 842 veniet
2688 789 3024 845 Desideratus
3058 793 3257 846 cunctis
3302 794 3541 861 gentibus
3563 793 3700 864 (A99.
3741 813 3787 860 ιι,

571 872 914 926 manifestum
944 874 1032 936 sit,
1063 876 1202 941 quod
1226 875 1315 928 ubi
1341 874 1483 928 nulla
1515 876 1794 932 rationalis
1823 886 2010 931 natura
2039 888 2146 944 est,
2249 876 2304 944 8)
2333 896 2346 929 :
2378 877 2442 932 Et
2480 879 2566 934 cui
2600 882 2837 950 quotidie
2882 881 3241 952 supplicantes
3280 881 3547 938 dicimus:
3573 883 3649 936 Da
3689 887 3789 940 mihi

570 969 710 1014 sicut
740 961 793 1014 in
822 964 1068 1017 omnibus
1095 963 1288 1025 brutis,
1329 973 1383 1020 et
1425 965 1827 1023 irrationalibus
1865 968 2146 1037 jnmentis,
2249 968 2562 1024 intellectum
2581 1013 2596 1036 ,
2625 983 2670 1026 et
2696 974 2892 1027 discam
2920 974 3170 1028 mandata
3213 984 3304 1028 tua
3348 973 3469 1046 (Ps.
3499 992 3676 1037 omn,
3698 979 3786 1048 73).

569 1051 714 1105 nulla
761 1055 1034 1108 rationalis
1077 1055 1322 1110 voluntas
1365 1060 1684 1127 cssc'possit
1734 1060 1800 1113 ad
1843 1061 2145 1128 appetenda
2250 1057 2316 1110 Et
2340 1059 2570 1114 iterum:
2603 1060 2931 1117 Intellectum
2966 1067 3035 1117 tta
3059 1066 3209 1129 mihi,
3231 1075 3278 1118 et
3299 1066 3470 1120 vivam
3500 1067 3628 1135 (lb.,
3668 1069 3785 1132 tu).

570 1142 712 1196 bona
743 1143 820 1195 vel
853 1143 986 1196 mala
1025 1162 1037 1196 :
1067 1146 1160 1198 sed
1190 1147 1256 1199 ad
1293 1149 1471 1201 omnia
1499 1165 1617 1217 qua:
1662 1161 1826 1220 agunt
1851 1151 1964 1204 solo
1991 1160 2148 1205 natu-
2251 1147 2327 1201 De
2360 1159 2464 1217 quo
2486 1151 2646 1204 etiam
2673 1151 2941 1208 intellectu
2964 1154 3202 1223 largitori
3225 1157 3430 1226 gratias
3456 1168 3668 1227 agentes
3691 1161 3792 1214 dici-

575 1232 669 1285 rali
714 1233 872 1286 brulo
914 1242 967 1286 et
1001 1235 1274 1289 insensato
1319 1238 1555 1306 appetitu
1597 1239 1880 1294 ducantur.
1913 1240 2067 1295 Unde
2084 1243 2150 1294 'et
2252 1252 2408 1292 mus:
2434 1237 2744 1294 Benedicam
2773 1241 3018 1308 Domino,
3045 1245 3134 1314 qui
3157 1247 3336 1300 tribuit
3359 1249 3490 1301 mihi
3511 1249 3792 1303 intellectam

569 1337 898 1390 qu:ecunque
950 1324 1018 1376 ab
1077 1326 1157 1380 eis
1210 1328 1361 1392 ﬁunt,
1419 1339 1676 1397 quantum
1735 1330 1802 1383 ad
1857 1346 1921 1384 ea
1977 1331 2147 1399 perti-
2251 1328 2369 1396 (Ps.
2400 1346 2486 1390 xv,
2515 1331 2589 1399 7).
2621 1331 2735 1387 Hoc
2761 1349 2990 1404 namque
3011 1337 3494 1392 estvereliberum
3521 1340 3789 1392 arbitrium:

568 1422 680 1476 net,
735 1430 836 1468 nec
878 1416 1014 1470 bona
1067 1417 1171 1471 dici
1225 1429 1448 1488 possunt
1503 1435 1598 1474 nec
1654 1420 1811 1480 mala,
1871 1436 1968 1476 nec
2016 1422 2146 1476 vitia
2253 1435 2380 1480 non,
2406 1419 2560 1488 juxta
2591 1422 2749 1475 istum
2789 1421 3059 1494 Pelagiani
3097 1425 3299 1480 erroris
3329 1435 3669 1491 assertorem,
3698 1442 3793 1480 mu-

567 1517 668 1557 nec
720 1504 986 1560 virtutes.
1047 1507 1148 1560 nisi
1198 1507 1336 1562 forte
1387 1511 1505 1563 ideo
1549 1510 1649 1564 sibi
1699 1509 1929 1580 quodam
1990 1511 2148 1564 modo
2251 1526 2353 1564 nus
2374 1520 2598 1574 naturaa,
2624 1513 2716 1568 sed
2741 1515 3246 1586 munusgratizn;et
3266 1514 3789 1585 liberum,quiaCbri-

569 1596 905 1664 comparavit
955 1597 1174 1651 humani
1228 1600 1436 1654 arbitrii
1491 1609 1712 1666 motum,
1763 1611 1818 1655 et
1865 1603 2146 1656 brutorum
2251 1601 2319 1656 sti
2347 1604 2520 1670 gratia
2549 1604 2850 1660 liberatum.

565 1685 918 1738 animantium
950 1687 1266 1756 appetitum,
1313 1690 1475 1757 quod,
1507 1691 1646 1745 sicut
1689 1691 1779 1746 ille
1820 1691 2146 1747 irrationalis
2322 1693 2426 1748 Iste
2463 1710 2590 1749 vero
2634 1710 2756 1749 cum
2788 1695 3117 1750 nominasset
3149 1695 3237 1749 illa
3264 1695 3393 1760 tria,
3423 1697 3475 1750 id
3507 1707 3588 1751 est
3615 1697 3790 1750 arbitrii

567 1776 834 1842 appetitus
863 1776 975 1829 solo
1001 1787 1205 1833 natura:
1234 1779 1580 1835 incitamento
1607 1783 1804 1853 agitur,
1833 1783 1908 1837 ita
1949 1793 2002 1840 et
2040 1785 2142 1840 iste
2174 1763 2219 1821 Β
2247 1785 2570 1850 libertatem,
2588 1795 2810 1852 motum,
2838 1789 3260 1857 intelligentiam,
3287 1806 3410 1858 qua:
3430 1792 3608 1843 omnia
3635 1791 3680 1843 in
3701 1790 3789 1844 50h

569 1863 789 1917 humani
820 1866 1026 1920 arbitrii
1067 1878 1242 1922 motus
1265 1869 1378 1923 solo
1404 1879 1607 1926 natura:
1637 1889 1746 1927 sua:
1789 1872 2043 1927 instinctu
2075 1876 2142 1930 ad
2250 1885 2455 1931 natura:
2481 1878 2528 1930 vi
2557 1885 2806 1932 constare
2828 1876 3077 1942 allirmat,
3108 1879 3355 1945 producit
3383 1879 3559 1932 adhuc
3586 1879 3791 1947 ejusdem

2248 1964 2402 2020 liberi
2455 1967 2685 2030 arbitrii,
2739 1968 2882 2036 quod
2934 1967 3050 2037 ipse
3099 1969 3378 2038 conﬁngit,
3437 1968 3580 2022 velut
3629 1983 3790 2021 novam

2247 2057 2536 2126 quamdam
2561 2057 2784 2127 eﬁigiem
2819 2073 2882 2112 ex
2925 2058 3097 2112 tribus
3125 2059 3370 2127 partibus
3414 2059 3529 2114 sive
3570 2058 3792 2113 membris

2247 2156 2604 2216 compactam,
2648 2158 2703 2202 et
2745 2148 2911 2203 dicit:
2939 2147 3070 2214 Qua:
3109 2151 3235 2214 tria,
3265 2150 3318 2202 id
3347 2160 3423 2204 est
3454 2150 3600 2214 liber,
3627 2159 3788 2211 motus,

2246 2237 2608 2306 intelligentia,
2655 2238 2872 2292 liberum
2911 2239 3187 2293 arbitrium
3215 2241 3353 2294 inter
3385 2257 3442 2294 se
3470 2247 3788 2309 componunt:

2245 2337 2323 2388 ut,
2345 2325 2478 2377 sicut
2516 2325 2806 2380 substantia
2842 2327 2896 2378 in
2915 2343 3018 2396 qua
3041 2336 3136 2390 est,
3188 2327 3329 2380 trina
3357 2327 3428 2381 sit
3452 2343 3470 2381 :
3495 2327 3585 2380 Est
3608 2327 3726 2379 enim
3749 2334 3788 2378 et

2246 2417 2374 2481 vult,
2406 2426 2453 2470 et
2479 2417 2604 2481 scit;
2631 2417 2704 2470 ita
2730 2425 2776 2468 et
2810 2415 2941 2468 illud
2967 2415 3161 2468 trinum
3197 2414 3314 2482 ﬁat,
3347 2417 3404 2468 id
3433 2425 3508 2470 est
3534 2416 3672 2479 liber,
3697 2431 3787 2468 ino-

2247 2519 2351 2573 tus,
2383 2507 2692 2578 intelligens.
2723 2507 2852 2574 Qua:
2873 2508 3052 2560 omnia
3080 2508 3264 2576 utique
3291 2508 3494 2562 idcirco
3517 2507 3659 2570 dicit,
3678 2506 3787 2559 utin

2247 2599 2332 2652 bis
2358 2597 2508 2661 solis,
2546 2596 2598 2650 id
2625 2605 2709 2650 est
2759 2597 2813 2649 in
2851 2596 2966 2664 ipsa
2995 2605 3206 2657 natura,
3247 2605 3304 2649 et
3348 2596 3433 2651 his
3477 2611 3592 2664 qua:
3636 2595 3788 2648 insunt

2248 2685 2348 2755 ipsi
2381 2694 2610 2748 naturae,
2640 2683 2866 2738 liberum
2913 2684 3196 2737 arbitrium
3227 2692 3482 2738 constare
3511 2682 3782 2744 contendat,

2246 2775 2496 2829 videlicet
2540 2784 2620 2838 ut,
2669 2775 2808 2828 sicut
2855 2774 3022 2828 menti
3064 2774 3312 2828 humanae
3358 2774 3668 2830 naturaliter
3705 2772 3784 2825 tria

2247 2865 2490 2934 quaedam
2529 2865 2732 2927 insunt,
2771 2861 2824 2917 id
2857 2871 2942 2918 est
2981 2877 3121 2927 esse,
3151 2863 3307 2928 velle,
3349 2866 3523 2930 scire,
3552 2881 3666 2920 cum
3692 2864 3785 2917 haec

567 307 672 370 15.5

566 1954 711 2021 quod
759 1955 987 2010 voluerit
1033 1956 1277 2012 ducatur.
1318 1959 1470 2025 Quod
1497 1977 1659 2029 quam
1707 1964 1780 2016 sit
1809 1967 2140 2020 contrarium

564 2045 784 2098 veritati
811 2061 968 2115 supra
992 2045 1103 2113 jam
1134 2048 1327 2117 smpius
1356 2051 1779 2107 demonstratum
1806 2065 1910 2108 est.

639 2135 708 2189 Et
734 2136 786 2190 in
813 2146 1019 2192 tantum
1041 2139 1340 2209 disputator
1359 2142 1460 2198 iste
1485 2144 1786 2199 auditorum
1816 2147 2062 2203 sensibus
2089 2158 2144 2203 et

568 2226 791 2281 auribus
820 2228 965 2282 abuti
1008 2233 1369 2302 praesumpsit,
1397 2242 1455 2287 ut
1483 2235 1726 2301 auderet,
1754 2237 1900 2292 velut
1927 2240 2141 2307 quidam

571 2314 865 2370 fabricator
908 2327 959 2372 et
1015 2319 1207 2390 ﬁgulus
1275 2323 1697 2386 mendaciorum,
1751 2342 1944 2381 novam
1990 2329 2143 2384 liberi

569 2403 779 2460 arbitrii
812 2406 1177 2463 deﬁnitionem
1211 2410 1357 2466 velut
1382 2411 1580 2466 luteam
1606 2423 1661 2469 et
1687 2401 2001 2470 lutulentam
2046 2419 2146 2471 ﬁn-

570 2511 720 2562 gere,
767 2505 822 2551 et
867 2499 1022 2568 quasi
1069 2515 1321 2570 magnum
1371 2502 1571 2572 aliquid
1621 2505 1940 2561 intuentium
1976 2508 2145 2563 oculis

568 2602 889 2656 proponere.
942 2588 1228 2660 Subiunxit
1257 2591 1399 2646 enim
1431 2597 1668 2662 posthaec
1695 2606 1750 2651 et
1778 2597 1856 2652 ait
1901 2617 1915 2652 :
1967 2597 2147 2670 Sitque

573 2676 695 2731 talis
741 2679 1037 2748 cli/ferentia
1066 2682 1202 2736 inter
1249 2681 1469 2737 liberum
1509 2685 1733 2741 hominis
1779 2689 2052 2743 arbitrium
2095 2700 2146 2744 et

569 2767 684 2837 ejus
711 2771 1074 2837 substantiam,
1097 2783 1152 2826 ut
1178 2783 1368 2828 natura
1390 2775 1504 2844 ejus
1525 2777 1590 2829 sit
1617 2776 1673 2830 in
1694 2777 1956 2832 voluntate
1984 2781 2147 2834 ratio-

575 2857 719 2911 nali:
743 2858 962 2912 liberum
982 2877 1099 2914 vero
1138 2862 1414 2916 arbitrium
1447 2864 1502 2917 in
1537 2866 1654 2933 ejus
1681 2865 1916 2920 libertate
1961 2869 2064 2922 sive
2089 2869 2145 2923 in

573 2959 718 3001 motu
745 2948 918 3003 libera:
943 2951 1252 3006 naturaliter
1274 2953 1575 3020 voluntatis,
1610 2957 1714 3010 sive
1747 2958 1801 3010 in
1832 2974 2041 3012 munere
2066 2959 2148 3012 in-
2247 2957 2372 3018 duo,
2416 2956 2467 3009 id
2499 2964 2584 3010 est
2611 2954 2876 3017 voluntas,
2902 2962 2957 3008 et
2989 2953 3214 3008 scientia
3243 2954 3610 3010 tantummodo
3633 2953 3722 3015 sui,
3742 2959 3787 3006 et

573 3038 889 3109 telligentiw.
919 3053 945 3080 α
977 3041 1114 3096 Ecce
1155 3043 1312 3111 quale
1341 3043 1569 3098 liberum
1618 3047 1900 3100 arbitrium
1947 3047 2140 3102 docet:
2184 3109 2214 3114 _
2248 3062 2352 3100 non
2380 3045 2600 3099 alterius
2628 3044 2706 3098 rei
2754 3043 3087 3114 intelligitur,
3126 3043 3198 3098 ita
3227 3044 3393 3099 etiam
3422 3045 3640 3100 liberum
3665 3042 3784 3097 arbi-

573 3129 759 3198 utique
786 3129 1149 3201 Pelagianum,
1174 3109 1280 3188 non
1309 3133 1706 3192 Christianum!
1746 3137 1897 3207 cujus
1939 3138 2146 3194 scilicet
2170 3109 2216 3170 ί)
2249 3135 2408 3189 trium
2428 3149 2495 3188 ex
2523 3135 2635 3205 ipsa
2663 3143 2840 3189 mente
2859 3134 3172 3204 procedens,
3200 3148 3256 3189 et
3282 3135 3337 3188 in
3358 3135 3477 3206 ipsa
3500 3135 3784 3194 consistens,

575 3227 770 3272 natura
818 3220 891 3273 sit
933 3221 1209 3276 rationalis
1247 3223 1512 3288 voluntas,
1544 3225 1766 3281 ell‘ectus
1810 3243 1938 3283 vero
1964 3229 2018 3282 in
2046 3245 2144 3286 sua
2246 3239 2353 3279 non
2398 3222 2613 3278 aliunde
2648 3223 2740 3279 sed
2773 3239 2839 3279 ex
2881 3223 2967 3278 illa
3006 3223 3200 3278 habeat
3234 3224 3562 3290 libertatem,
3590 3231 3783 3282 motum,

575 3307 809 3361 naturali
839 3309 866 3348 b
895 3308 1183 3364 voluntatis
1223 3311 1471 3367 libertate
1513 3315 1802 3382 consistat;
1835 3325 1888 3373 et
1910 3333 1978 3374 ex
2004 3319 2141 3386 sola,
2249 3313 2690 3385 intelligentiam;
2725 3322 2785 3369 ut
2821 3315 2891 3369 sit
2924 3315 3129 3369 homini
3169 3316 3491 3371 naturaliter
3519 3331 3611 3385 per
3633 3312 3785 3380 hujus-

574 3395 659 3449 vcl
700 3396 755 3450 in
796 3398 909 3452 sola
936 3399 1168 3453 naturali
1197 3400 1467 3456 voluntate
1497 3403 1691 3458 habeat
1733 3405 2057 3474 libertatem,
2088 3417 2145 3464 et
2247 3407 2457 3464 cemodi
2503 3406 2824 3472 arbitrium,
2871 3405 3035 3470 liber,
3081 3415 3256 3461 motus
3280 3447 3295 3472 ,
3348 3408 3658 3478 intelligens.
3696 3403 3785 3456 Nec

581 3498 805 3552 motum,
833 3498 887 3543 et
913 3490 1278 3560 intelligentiae
1308 3507 1523 3548 munus.
1569 3493 1677 3549 Nos
1720 3505 1918 3560 autem,
1952 3513 2144 3553 secun-
2247 3499 2378 3556 dicit
2430 3506 2664 3553 mentem
2692 3497 2978 3552 humanam
3019 3497 3118 3550 tria
3149 3496 3235 3549 illa
3288 3497 3341 3550 in
3368 3512 3432 3553 se
3475 3497 3678 3558 habere,
3708 3489 3784 3545 sed

577 3579 702 3632 dum
747 3581 1023 3634 veritatem
1071 3582 1211 3646 lidei,
1241 3582 1312 3635 ita
1344 3595 1366 3621 ο
1399 3583 1624 3639 liberum
1660 3587 1940 3642 arbitrium
1968 3589 2022 3642 in
2048 3591 2146 3644 ho-
2248 3599 2453 3644 natura:
2481 3587 2739 3658 simplicis
2771 3587 2964 3641 trinam
2995 3602 3132 3642 esse.
3163 3587 3228 3640 Et
3257 3588 3449 3644 eodem
3477 3588 3627 3642 modo
3648 3584 3782 3638 etiam

583 3671 726 3722 mine
750 3667 1110 3740 agnoscimus,
1140 3685 1218 3738 ut,
1248 3673 1370 3729 licet
1402 3677 1563 3730 menti
1607 3678 1851 3732 rationali
1883 3680 2144 3733 naturali-

581 3769 666 3813 ter
706 3762 774 3814 sit
816 3777 844 3813 a
887 3762 994 3814 Dco
1042 3764 1280 3828 insitum,
1311 3774 1366 3818 et
1405 3765 1622 3828 bonum,
1651 3781 1715 3821 ac
1746 3778 1950 3822 rectum
1975 3770 2148 3837 prima

580 3849 884 3904 conditione
914 3851 1195 3916 collatum;
1225 3863 1400 3906 tamen
1431 3854 1637 3922 peccati
1666 3857 1856 3910 merito
1883 3857 2147 3926 deprava-

579 3945 712 4000 tum,
757 3948 829 3992 et'
859 3941 1086 3993 naturali
1134 3942 1331 3996 virtute
1375 3943 1678 4012 spoliatum,
1733 3945 1931 3999 nullam
1979 3947 2151 4015 possit

580 4027 779 4081 habere
820 4029 886 4080 ad
928 4044 1112 4083 verum
1155 4031 1350 4084 bonum
1381 4033 1702 4098 libertatem,
1748 4035 1950 4089 nullum
1995 4037 2148 4092 bona;

582 4115 871 4172 voluntatis
914 4127 1138 4183 motum,
1172 4121 1370 4176 nullum
1402 4123 1766 4194 intelligentia:
1810 4127 2011 4190 lumen,
2043 4129 2148 4182 nisi

2247 3679 2475 3734 liberum
2503 3657 2788 3732 arbitrium
2814 3691 2933 3732 esse
2961 3677 3181 3738 trinum,
3204 3678 3325 3746 quis
3347 3693 3580 3749 unquam
3608 3672 3784 3749 audivit

2252 3779 2360 3824 tam
2387 3767 2778 3822 contentiosam
2806 3767 3006 3820 erroris
3033 3743 3396 3834 impietatem?
3430 3743 3543 3834 Qua
3567 3743 3782 3822 ita‘labo-

2253 3867 2342 3914 rat
2370 3857 2660 3922 includere,
2691 3865 2746 3911 et
2775 3856 2919 3910 velut
2961 3857 3278 3924 quibusdam
3311 3860 3555 3912 terminis
3577 3866 3783 3911 commu-

2251 3951 2368 4005 nire
2404 3951 2630 4005 liberum
2673 3948 2972 4011 arbitrium,
3004 3956 3061 4000 ut
3099 3949 3318 4002 omnino
3345 3948 3475 4003 illud
3499 3950 3550 4002 in
3576 3945 3676 4001 sola
3704 3943 3784 3995 hu-

2251 4054 2426 4094 mana:
2478 4047 2681 4092 naturae
2731 4037 2927 4091 virtute
2970 4035 3272 4100 concludat,
3319 4045 3374 4091 et
3418 4037 3487 4091 ab
3513 4051 3576 4090 eo
3603 4031 3782 4104 penitus

2253 4128 2347 4183 Dei
2392 4128 2621 4195 gratiam
2661 4126 2930 4182 excludat.
2969 4125 3108 4191 Quid
3134 4118 3264 4197 ergo
3292 4127 3342 4182 ei
3387 4126 3781 4208 respondendum

1499 4259 1706 4315 NOTAE
1747 4260 2069 4317 DUVALLII
2108 4262 2446 4320 DOCTOlllS
2486 4259 2864 4318 SORBONICI.

648 4402 676 4430 α
713 4387 826 4444 Non
855 4397 936 4444 est
975 4391 1112 4458 quod
1140 4407 1192 4444 in
1222 4391 1323 4444 hac
1349 4404 1408 4444 re
1431 4389 1661 4459 Erigena
1701 4398 1978 4459 arguatur,
2019 4405 2141 4446 cum
2166 4391 2220 4450 D
2246 4390 2356 4444 vult
2383 4390 2559 4447 adhuc
2593 4403 2917 4446 concurrere
2956 4396 3013 4445 et
3039 4388 3158 4446 illos
3189 4390 3404 4447 auxiliis
3435 4388 3784 4448 sullicientibus

581 4459 822 4530 praeclari
853 4460 1083 4529 theolOgi
1122 4461 1424 4530 libertatem
1473 4460 1524 4530 in
1552 4459 1825 4530 voluntate
1848 4468 1904 4530 et
1934 4461 2142 4515 ratione

582 4527 874 4598 posuerint.
912 4560 982 4569 —
1005 4527 1238 4582 D‘urand.
1269 4530 1322 4582 in
1352 4528 1410 4592 2,
1440 4529 1564 4582 dist.
1598 4527 1688 4589 24,
1723 4530 1810 4583 ubi
1838 4528 2143 4584 facultatem

581 4599 869 4669 voluntatis
896 4608 950 4654 et
979 4599 1199 4653 rationis
1223 4613 1342 4653 esse
1389 4599 1578 4662 docet,
1614 4598 1784 4669 magis
1832 4611 2009 4655 tamen
2058 4616 2144 4656 ra-

582 4668 764 4722 tionis.
807 4699 814 4706 -

657 4739 682 4776 b
710 4736 833 4792 llam
887 4737 1180 4794 secundum
1229 4737 1522 4805 potentiam
1571 4736 1893 4792 ordinariam
1945 4737 2142 4793 intelli-

580 4807 751 4876 genda
798 4817 941 4861 sunt.
995 4807 1084 4861 Sic
1110 4805 1253 4859 enim
1274 4807 1418 4877 Deus
1449 4805 1502 4860 in
1528 4821 1741 4877 pmnam
1774 4809 1977 4876 peccati
2007 4810 2146 4877 ipso-

580 4875 701 4946 rum
729 4877 1098 4930 damnatorum
1123 4876 1312 4929 statuit
1335 4891 1394 4930 se
1420 4875 1918 4945 non’amplius’cum
1947 4879 2011 4931 iis
2026 4875 2147 4946 spe-

580 4945 705 5001 ciali
765 4946 961 5000 auxilio
1018 4960 1402 5015 concursurum
1447 4963 1460 4999 :
1508 4961 1606 5015 per
1663 4945 2144 5002 extraordinariam

581 5023 761 5068 autem
792 5024 996 5069 eertum
1037 5022 1118 5067 est
1144 5014 1230 5067 illa
1272 5030 1377 5085 non
1419 5014 1538 5070 esse
1557 5016 1828 5085 privatos;
1874 5033 1972 5071 nec
2001 5019 2144 5071 enim

582 5085 820 5153 implicat
869 5085 1032 5137 Deum
1055 5098 1148 5153 eos
1175 5084 1385 5138 auxiliis
1426 5084 1810 5142 suﬂicientibus
1833 5097 1888 5142 et
1913 5086 2147 5140 efﬁcaci-

582 5152 682 5226 bus
711 5169 806 5222 per
853 5169 971 5220 qua:
1017 5152 1362 5226 infaliibiliter
1389 5169 1419 5207 a
1464 5156 1804 5226 damnatione
1847 5165 1902 5210 et
1928 5165 2146 5226 peccato

583 5224 939 5276 liberarentur
967 5225 1282 5292 prremunire
1306 5239 1479 5292 posse.
1519 5225 1597 5279 Ita
1622 5225 1682 5279 D.
1715 5224 1949 5280 Thomas
1975 5234 2031 5279 ut
2058 5242 2146 5280 re-

583 5293 722 5366 liqui
739 5292 1009 5366 douto_res._
1039 5291 1103 5366 Et
1131 5308 1194 5346 eo
1234 5291 1392 5348 sensu
1420 5296 1624 5366 pariter
1648 5296 2032 5366 exponendum
2064 5301 2148 5348 est

581 5360 724 5429 quod
753 5360 972 5415 inferius
999 5363 1176 5425 habet,
1206 5379 1395 5433 nempe
1423 5360 1694 5419 dmmones
1719 5360 1984 5434 simulque
2003 5363 2148 5417 dam-

583 5440 740 5503 natos
765 5446 1089 5503 omnesper
1108 5443 1384 5500 peccatum
1415 5435 1713 5503 perdidisse
1759 5434 1894 5488 velle
1926 5434 2144 5487 bonum.

581 5500 733 5573 Quod
760 5500 1002 5573 quamvis
1027 5501 1093 5554 ad
1125 5519 1310 5558 omnes
1353 5500 1664 5573 peccatores
1691 5503 1865 5557 adhuc
1893 5503 2148 5572 supersti-

584 5579 666 5621 tes
696 5569 748 5621 in
798 5570 896 5625 hac
934 5572 1042 5625 vita
1089 5569 1380 5629 extendere
1412 5574 1677 5637 videatur,
1729 5573 1937 5627 diversa
1960 5569 2148 5626 tamen

581 5647 668 5694 est
686 5639 824 5698 ratio
868 5655 1052 5698 eorum
1076 5651 1132 5698 et
1153 5643 1548 5709 damnatorum,
1574 5643 1700 5714 quia
1731 5656 1853 5700 cum
1881 5642 1988 5700 illis
2007 5642 2149 5699 Deus

2237 4459 2444 4528 juvare.

2314 4541 2336 4568 ε
2373 4529 2615 4583 Liberum
2642 4527 2948 4580 Arbitrium.
3000 4526 3134 4582 Cum
3182 4529 3310 4584 dicit
3334 4529 3650 4586 voluntatem
3695 4539 3781 4578 non

2244 4600 2566 4655 remansisse
2617 4599 2839 4652 liberam
2886 4605 3008 4665 post
3061 4610 3376 4667 peccatum,
3419 4596 3780 4668 intelligendum

2243 4686 2349 4746 non
2378 4677 2463 4722 est
2487 4670 2553 4746 de
2590 4669 2838 4746 libertate
2872 4659 2990 4734 qua:
3027 4659 3344 4746 necessitati
3364 4659 3683 4746 vopponit‘ur,
3715 4659 3783 4746 τςι

2243 4740 2310 4793 de
2330 4739 2579 4808 potentia
2613 4738 2728 4806 ipsa
2774 4735 2977 4808 libera:
3011 4753 3224 4808 semper
3259 4735 3549 4795 enim'eam
3596 4735 3778 4808 retinet.

2244 4818 2302 4861 ut
2325 4806 2522 4888 passim
2552 4807 2708 4888 ducet
2731 4807 3014 4888 August”
3043 4806 3144 4861 lib.‘
3185 4809 3249 4861 de
3284 4809 3485 4888 Spiritu
3532 4817 3576 4862 et
3614 4806 3778 4888 li‘tteru.

2243 4874 2364 4949 cap.
2396 4877 2486 4938 55,
2516 4877 2610 4949 sed
2638 4877 2702 4928 de
2731 4874 2999 4949 libertate,
3053 4892 3172 4946 qum
3200 4874 3445 4933 servituti
3489 4874 3678 4947 peccati
3705 4883 3782 4949 op:

2243 4945 2490 5016 ponitur:
2526 4947 2664 5017 hanc
2689 4945 2833 5017 enim
2871 4945 3081 5017 eertum
3101 4955 3188 5017 est
3213 4963 3311 5016 per
3335 4945 3603 5017 peccatum
3635 4945 3780 4995 amitti

2245 5014 2366 5070 cum
2402 5015 2542 5070 servi
2572 5016 2761 5068 ﬁamus
2801 5014 2968 5083 ipsius
2991 5014 3228 5084 peccati,
3258 5014 3421 5071 ita'ut
3447 5019 3515 5072 ab
3541 5031 3602 5069 eo
3627 5024 3710 5079 per
3735 5019 3782 5084 ιφ

2245 5093 2301 5139 et
2341 5101 2406 5139 ex
2447 5085 2679 5159 propriis
2702 5080 2904 5139 viribus
2947 5080 3352 5159 nonpossimus
3383 5080 3782 5159 restirgere.matt_l

2243 5169 2408 5223 opera
2433 5146 2650 5225 pietatis
2671 5168 2950 5225 exercere,
2978 5146 3430 5225 sed_'indigeamus
3475 5146 3635 5225 gratia
3661 5146 3780 5201 illius

2245 5221 2313 5306 de
2365 5221 2472 5306 quo
2487 5224 2698 5304 dictum
2726 5231 2840 5306 est;
2893 5221 2951 5276 Si
2999 5221 3047 5274 F
3050 5223 3173 5276 ilius
3205 5221 3313 5306 eos.
3347 5221 3661 5306 liberaverit,1
3685 5225 3780 5306 νίζε

2246 5283 2398 5364 liberi
2422 5293 2564 5364 eritis
2583 5309 2607 5364 :A
2631 5299 2687 5346 et
2725 5291 2780 5344 in
2811 5285 2959 5364 hunc
2980 5307 3196 5364 sensum
3227 5293 3499 5364 vulgatum
3545 5283 3780 5364 illud“be

2247 5363 2443 5432 gustini
2473 5360 2724 5431 elogium,
2744 5375 2870 5432 cap.
2901 5361 2970 5432 50
2998 5353 3502 5426 ΕηεΙιίτίἀίἰ,”άει)ει
3550 5353 3776 5432 intelligi:

2248 5430 2488 5485 Abutens
2524 5430 2681 5486 humo
2703 5431 2870 5485 libero
2891 5430 3112 5485 arbitrio
3136 5433 3367 5499 perdidit
3398 5441 3452 5486 et
3480 5432 3662 5500 ipsum,
3690 5431 3778 5474 non

2247 5501 2542 5555 secundum
2570 5500 2878 5564 essentiam,
2905 5501 3000 5571 sed
3017 5501 3167 5570 juxta
3196 5518 3315 5555 eam
3346 5517 3523 5571 quam‘
3543 5504 3657 5552 ante

2250 5580 2435 5640 catum
2481 5572 2805 5625 sortiebatur
2842 5557 3243 5640 perfec'tionem.
3291 5557 3379 5624 ita.
3417 5557 3777 5629 ΒειιπωηῚίινο

2250 5656 2282 5694 v
2303 5641 2368 5698 de
2397 5639 2579 5696 Gratia
2607 5650 2654 5696 ct
2682 5640 2841 5695 libero
2869 5639 3099 5696 Arbitrio
3123 5655 3220 5711 per
3241 5650 3430 5695 totum.
