  <div class='ocr_page' id='page_1' title='image "/cluster/home/n/w/nwhite01/storage/ocr_20150623/119/hvd.32044015466915/084.png"; bbox 0 0 4050 6302; ppageno 0'>
   <div class='ocr_carea' id='block_1_1' title="bbox 256 358 356 414">
    <p class='ocr_par' dir='ltr' id='par_1_1' title="bbox 256 358 356 414">
     <span class='ocr_line' id='line_1_1' title="bbox 256 358 356 414; baseline -0.01 0"><span class='ocrx_word' id='word_1_1' title='bbox 256 358 356 414; x_wconf 74' lang='lat' dir='ltr'><strong>l5?</strong></span> 
     </span>
    </p>
   </div>
   <div class='ocr_carea' id='block_1_2' title="bbox 1236 349 2545 411">
    <p class='ocr_par' dir='ltr' id='par_1_2' title="bbox 1236 349 2545 411">
     <span class='ocr_line' id='line_1_2' title="bbox 1236 349 2545 411; baseline -0.005 0"><span class='ocrx_word' id='word_1_2' title='bbox 1236 354 1442 411; x_wconf 78' lang='lat' dir='ltr'><strong>LIBER</strong></span> <span class='ocrx_word' id='word_1_3' title='bbox 1480 349 1853 410; x_wconf 80' lang='lat' dir='ltr'><strong>ADVERSUS</strong></span> <span class='ocrx_word' id='word_1_4' title='bbox 1888 349 2205 409; x_wconf 77' lang='lat' dir='ltr'><strong>JOANNEM</strong></span> <span class='ocrx_word' id='word_1_5' title='bbox 2245 350 2545 409; x_wconf 77' lang='lat' dir='ltr'><strong>SCOTUM.</strong></span> 
     </span>
    </p>
   </div>
   <div class='ocr_carea' id='block_1_3' title="bbox 3388 353 3542 409">
    <p class='ocr_par' dir='ltr' id='par_1_3' title="bbox 3388 353 3542 409">
     <span class='ocr_line' id='line_1_3' title="bbox 3388 353 3542 409; baseline 0 -1"><span class='ocrx_word' id='word_1_6' title='bbox 3388 353 3491 409; x_wconf 69' lang='grc'><strong>158</strong></span> <span class='ocrx_word' id='word_1_7' title='bbox 3539 373 3542 376; x_wconf 72' lang='grc'><strong>’</strong></span> 
     </span>
    </p>
   </div>
   <div class='ocr_carea' id='block_1_4' title="bbox 251 465 3494 546">
    <p class='ocr_par' dir='ltr' id='par_1_4' title="bbox 251 465 3494 546">
     <span class='ocr_line' id='line_1_4' title="bbox 251 465 3494 546; baseline -0.001 -21"><span class='ocrx_word' id='word_1_8' title='bbox 251 477 357 532; x_wconf 88' lang='lat' dir='ltr'><strong>est,</strong></span> <span class='ocrx_word' id='word_1_9' title='bbox 385 467 470 522; x_wconf 84' lang='lat' dir='ltr'><strong>cui</strong></span> <span class='ocrx_word' id='word_1_10' title='bbox 497 467 608 537; x_wconf 88' lang='lat' dir='ltr'><strong>jam</strong></span> <span class='ocrx_word' id='word_1_11' title='bbox 639 468 705 522; x_wconf 91' lang='lat' dir='ltr'><strong>de</strong></span> <span class='ocrx_word' id='word_1_12' title='bbox 731 468 833 522; x_wconf 88' lang='lat' dir='ltr'><strong>hac</strong></span> <span class='ocrx_word' id='word_1_13' title='bbox 868 483 927 524; x_wconf 91' lang='lat' dir='ltr'><strong>re</strong></span> <span class='ocrx_word' id='word_1_14' title='bbox 956 468 1203 538; x_wconf 76' lang='lat' dir='ltr'><strong>superius</strong></span> <span class='ocrx_word' id='word_1_15' title='bbox 1230 478 1338 523; x_wconf 90' lang='lat' dir='ltr'><strong>tam</strong></span> <span class='ocrx_word' id='word_1_16' title='bbox 1377 469 1539 524; x_wconf 89' lang='lat' dir='ltr'><strong>multa</strong></span> <span class='ocrx_word' id='word_1_17' title='bbox 1568 483 1823 538; x_wconf 89' lang='lat' dir='ltr'><strong>respousa</strong></span> <span class='ocrx_word' id='word_1_18' title='bbox 1851 487 1898 546; x_wconf 71' lang='grc' dir='ltr'>Α</span> <span class='ocrx_word' id='word_1_19' title='bbox 1926 468 2109 533; x_wconf 82' lang='lat' dir='ltr'><strong>rebus,</strong></span> <span class='ocrx_word' id='word_1_20' title='bbox 2141 467 2223 524; x_wconf 88' lang='lat' dir='ltr'><strong>vel</strong></span> <span class='ocrx_word' id='word_1_21' title='bbox 2251 468 2318 522; x_wconf 92' lang='lat' dir='ltr'><strong>de</strong></span> <span class='ocrx_word' id='word_1_22' title='bbox 2343 469 2504 523; x_wconf 84' lang='lat' dir='ltr'><strong>rebus</strong></span> <span class='ocrx_word' id='word_1_23' title='bbox 2530 465 2724 522; x_wconf 82' lang='lat' dir='ltr'><strong>futuris</strong></span> <span class='ocrx_word' id='word_1_24' title='bbox 2750 479 2911 535; x_wconf 88' lang='lat' dir='ltr'><strong>quam</strong></span> <span class='ocrx_word' id='word_1_25' title='bbox 2940 465 3296 536; x_wconf 67' lang='lat' dir='ltr'><strong>praesclentla,</strong></span> <span class='ocrx_word' id='word_1_26' title='bbox 3323 465 3494 522; x_wconf 86' lang='lat' dir='ltr'><strong>mani-</strong></span> 
     </span>
    </p>
   </div>
   <div class='ocr_carea' id='block_1_5' title="bbox 251 557 1822 628">
    <p class='ocr_par' dir='ltr' id='par_1_5' title="bbox 251 557 1822 628">
     <span class='ocr_line' id='line_1_5' title="bbox 251 557 1822 628; baseline -0.001 -14"><span class='ocrx_word' id='word_1_27' title='bbox 251 558 414 614; x_wconf 85' lang='lat' dir='ltr'><strong>sum?</strong></span> <span class='ocrx_word' id='word_1_28' title='bbox 437 557 547 612; x_wconf 79' lang='lat' dir='ltr'><strong>Nisi</strong></span> <span class='ocrx_word' id='word_1_29' title='bbox 579 565 636 611; x_wconf 93' lang='lat' dir='ltr'><strong>ut</strong></span> <span class='ocrx_word' id='word_1_30' title='bbox 663 558 707 612; x_wconf 90' lang='lat' dir='ltr'><strong>si</strong></span> <span class='ocrx_word' id='word_1_31' title='bbox 737 559 1075 615; x_wconf 82' lang='lat' dir='ltr'><strong>Christianus</strong></span> <span class='ocrx_word' id='word_1_32' title='bbox 1101 559 1184 615; x_wconf 92' lang='lat' dir='ltr'><strong>vel</strong></span> <span class='ocrx_word' id='word_1_33' title='bbox 1205 576 1324 616; x_wconf 85' lang='lat' dir='ltr'><strong>esse</strong></span> <span class='ocrx_word' id='word_1_34' title='bbox 1354 561 1434 614; x_wconf 89' lang='lat' dir='ltr'><strong>vel</strong></span> <span class='ocrx_word' id='word_1_35' title='bbox 1460 560 1627 614; x_wconf 84' lang='lat' dir='ltr'><strong>videri</strong></span> <span class='ocrx_word' id='word_1_36' title='bbox 1655 560 1822 628; x_wconf 91' lang='lat' dir='ltr'><strong>cupit,</strong></span> 
     </span>
    </p>
   </div>
   <div class='ocr_carea' id='block_1_6' title="bbox 252 635 1825 720">
    <p class='ocr_par' dir='ltr' id='par_1_6' title="bbox 252 635 1825 720">
     <span class='ocr_line' id='line_1_6' title="bbox 252 635 1825 720; baseline -0.001 -15"><span class='ocrx_word' id='word_1_37' title='bbox 252 649 474 718; x_wconf 82' lang='lat' dir='ltr'><strong>abjiciat</strong></span> <span class='ocrx_word' id='word_1_38' title='bbox 512 650 656 703; x_wconf 87' lang='lat' dir='ltr'><strong>hunc</strong></span> <span class='ocrx_word' id='word_1_39' title='bbox 681 635 954 715; x_wconf 85' lang='lat' dir='ltr'><strong>insanum,</strong></span> <span class='ocrx_word' id='word_1_40' title='bbox 986 651 1324 706; x_wconf 85' lang='lat' dir='ltr'><strong>mortiferum</strong></span> <span class='ocrx_word' id='word_1_41' title='bbox 1370 666 1631 718; x_wconf 86' lang='lat' dir='ltr'><strong>errorem,</strong></span> <span class='ocrx_word' id='word_1_42' title='bbox 1665 665 1825 720; x_wconf 87' lang='lat' dir='ltr'><strong>quem</strong></span> 
     </span>
    </p>
   </div>
   <div class='ocr_carea' id='block_1_7' title="bbox 252 737 1827 808">
    <p class='ocr_par' dir='ltr' id='par_1_7' title="bbox 252 737 1827 808">
     <span class='ocr_line' id='line_1_7' title="bbox 252 737 1827 808; baseline 0.002 -17"><span class='ocrx_word' id='word_1_43' title='bbox 252 746 459 806; x_wconf 89' lang='lat' dir='ltr'><strong>quanto</strong></span> <span class='ocrx_word' id='word_1_44' title='bbox 485 737 731 792; x_wconf 76' lang='lat' dir='ltr'><strong>subtilius</strong></span> <span class='ocrx_word' id='word_1_45' title='bbox 755 738 856 792; x_wconf 85' lang='lat' dir='ltr'><strong>sibi</strong></span> <span class='ocrx_word' id='word_1_46' title='bbox 883 739 1058 808; x_wconf 81' lang='lat' dir='ltr'><strong>sequi,</strong></span> <span class='ocrx_word' id='word_1_47' title='bbox 1084 748 1138 794; x_wconf 90' lang='lat' dir='ltr'><strong>et</strong></span> <span class='ocrx_word' id='word_1_48' title='bbox 1159 754 1404 794; x_wconf 80' lang='lat' dir='ltr'><strong>asserere</strong></span> <span class='ocrx_word' id='word_1_49' title='bbox 1427 740 1656 804; x_wconf 91' lang='lat' dir='ltr'><strong>videtur,</strong></span> <span class='ocrx_word' id='word_1_50' title='bbox 1680 748 1827 794; x_wconf 87' lang='lat' dir='ltr'><strong>tanto</strong></span> 
     </span>
    </p>
   </div>
   <div class='ocr_carea' id='block_1_8' title="bbox 252 825 1826 893">
    <p class='ocr_par' dir='ltr' id='par_1_8' title="bbox 252 825 1826 893">
     <span class='ocr_line' id='line_1_8' title="bbox 252 825 1826 893; baseline 0.001 -12"><span class='ocrx_word' id='word_1_51' title='bbox 252 825 521 881; x_wconf 87' lang='lat' dir='ltr'><strong>infelicius</strong></span> <span class='ocrx_word' id='word_1_52' title='bbox 545 841 574 880; x_wconf 91' lang='lat' dir='ltr'><strong>a</strong></span> <span class='ocrx_word' id='word_1_53' title='bbox 609 826 821 881; x_wconf 85' lang='lat' dir='ltr'><strong>diabolo</strong></span> <span class='ocrx_word' id='word_1_54' title='bbox 866 827 1158 882; x_wconf 76' lang='lat' dir='ltr'><strong>includitur</strong></span> <span class='ocrx_word' id='word_1_55' title='bbox 1181 837 1238 882; x_wconf 90' lang='lat' dir='ltr'><strong>et</strong></span> <span class='ocrx_word' id='word_1_56' title='bbox 1272 837 1586 891; x_wconf 78' lang='lat' dir='ltr'><strong>excaecatur;</strong></span> <span class='ocrx_word' id='word_1_57' title='bbox 1623 839 1700 893; x_wconf 89' lang='lat' dir='ltr'><strong>et,</strong></span> <span class='ocrx_word' id='word_1_58' title='bbox 1729 829 1826 882; x_wconf 83' lang='lat' dir='ltr'><strong>ab-</strong></span> 
     </span>
    </p>
   </div>
   <div class='ocr_carea' id='block_1_9' title="bbox 246 914 1828 984">
    <p class='ocr_par' dir='ltr' id='par_1_9' title="bbox 246 914 1828 984">
     <span class='ocr_line' id='line_1_9' title="bbox 246 914 1828 984; baseline 0.003 -16"><span class='ocrx_word' id='word_1_59' title='bbox 246 914 413 984; x_wconf 82' lang='lat' dir='ltr'><strong>jectis</strong></span> <span class='ocrx_word' id='word_1_60' title='bbox 443 915 796 970; x_wconf 89' lang='lat' dir='ltr'><strong>humanarum</strong></span> <span class='ocrx_word' id='word_1_61' title='bbox 824 918 1263 972; x_wconf 88' lang='lat' dir='ltr'><strong>adinveutionum</strong></span> <span class='ocrx_word' id='word_1_62' title='bbox 1293 919 1438 973; x_wconf 90' lang='lat' dir='ltr'><strong>falsis</strong></span> <span class='ocrx_word' id='word_1_63' title='bbox 1469 928 1523 972; x_wconf 92' lang='lat' dir='ltr'><strong>et</strong></span> <span class='ocrx_word' id='word_1_64' title='bbox 1551 918 1828 973; x_wconf 85' lang='lat' dir='ltr'><strong>fallacibus</strong></span> 
     </span>
    </p>
   </div>
   <div class='ocr_carea' id='block_1_10' title="bbox 254 1005 1830 1078">
    <p class='ocr_par' dir='ltr' id='par_1_10' title="bbox 254 1005 1830 1078">
     <span class='ocr_line' id='line_1_10' title="bbox 254 1005 1830 1078; baseline 0.004 -21"><span class='ocrx_word' id='word_1_65' title='bbox 254 1005 607 1077; x_wconf 83' lang='lat' dir='ltr'><strong>argumentis,</strong></span> <span class='ocrx_word' id='word_1_66' title='bbox 641 1014 812 1077; x_wconf 85' lang='lat' dir='ltr'><strong>totum</strong></span> <span class='ocrx_word' id='word_1_67' title='bbox 851 1022 911 1062; x_wconf 87' lang='lat' dir='ltr'><strong>se</strong></span> <span class='ocrx_word' id='word_1_68' title='bbox 951 1007 1244 1078; x_wconf 64' lang='lat' dir='ltr'><strong>Scriptura:</strong></span> <span class='ocrx_word' id='word_1_69' title='bbox 1272 1019 1469 1064; x_wconf 82' lang='lat' dir='ltr'><strong>sanctae</strong></span> <span class='ocrx_word' id='word_1_70' title='bbox 1493 1011 1728 1074; x_wconf 83' lang='lat' dir='ltr'><strong>veritati,</strong></span> <span class='ocrx_word' id='word_1_71' title='bbox 1775 1017 1830 1064; x_wconf 90' lang='lat' dir='ltr'><strong>et</strong></span> 
     </span>
    </p>
   </div>
   <div class='ocr_carea' id='block_1_11' title="bbox 252 1096 1832 1168">
    <p class='ocr_par' dir='ltr' id='par_1_11' title="bbox 252 1096 1832 1168">
     <span class='ocr_line' id='line_1_11' title="bbox 252 1096 1832 1168; baseline 0.003 -18"><span class='ocrx_word' id='word_1_72' title='bbox 252 1096 755 1151; x_wconf 87' lang='lat' dir='ltr'><strong>Ecclesiasticorum</strong></span> <span class='ocrx_word' id='word_1_73' title='bbox 787 1097 1006 1152; x_wconf 83' lang='lat' dir='ltr'><strong>Patrum</strong></span> <span class='ocrx_word' id='word_1_74' title='bbox 1037 1099 1363 1163; x_wconf 87' lang='lat' dir='ltr'><strong>auctoritati,</strong></span> <span class='ocrx_word' id='word_1_75' title='bbox 1395 1109 1450 1154; x_wconf 91' lang='lat' dir='ltr'><strong>et</strong></span> <span class='ocrx_word' id='word_1_76' title='bbox 1476 1101 1596 1154; x_wconf 84' lang='lat' dir='ltr'><strong>ﬁdei</strong></span> <span class='ocrx_word' id='word_1_77' title='bbox 1633 1100 1832 1168; x_wconf 83' lang='lat' dir='ltr'><strong>simpli-</strong></span> 
     </span>
    </p>
   </div>
   <div class='ocr_carea' id='block_1_12' title="bbox 253 1188 1829 1254">
    <p class='ocr_par' dir='ltr' id='par_1_12' title="bbox 253 1188 1829 1254">
     <span class='ocr_line' id='line_1_12' title="bbox 253 1188 1829 1254; baseline 0.001 -12"><span class='ocrx_word' id='word_1_78' title='bbox 253 1188 406 1242; x_wconf 85' lang='lat' dir='ltr'><strong>citati</strong></span> <span class='ocrx_word' id='word_1_79' title='bbox 425 1188 698 1242; x_wconf 89' lang='lat' dir='ltr'><strong>humiliter</strong></span> <span class='ocrx_word' id='word_1_80' title='bbox 712 1188 1026 1254; x_wconf 81' lang='lat' dir='ltr'><strong>submittat;</strong></span> <span class='ocrx_word' id='word_1_81' title='bbox 1061 1206 1148 1254; x_wconf 91' lang='lat' dir='ltr'><strong>ne,</strong></span> <span class='ocrx_word' id='word_1_82' title='bbox 1189 1191 1313 1244; x_wconf 91' lang='lat' dir='ltr'><strong>dum</strong></span> <span class='ocrx_word' id='word_1_83' title='bbox 1347 1191 1645 1244; x_wconf 88' lang='lat' dir='ltr'><strong>libertatem</strong></span> <span class='ocrx_word' id='word_1_84' title='bbox 1676 1206 1829 1244; x_wconf 88' lang='lat' dir='ltr'><strong>suam</strong></span> 
     </span>
    </p>
   </div>
   <div class='ocr_carea' id='block_1_13' title="bbox 252 1278 1830 1342">
    <p class='ocr_par' dir='ltr' id='par_1_13' title="bbox 252 1278 1830 1342">
     <span class='ocr_line' id='line_1_13' title="bbox 252 1278 1830 1342; baseline 0.001 -10"><span class='ocrx_word' id='word_1_85' title='bbox 252 1278 360 1332; x_wconf 88' lang='lat' dir='ltr'><strong>sibi</strong></span> <span class='ocrx_word' id='word_1_86' title='bbox 405 1278 713 1340; x_wconf 88' lang='lat' dir='ltr'><strong>committit,</strong></span> <span class='ocrx_word' id='word_1_87' title='bbox 741 1287 797 1332; x_wconf 90' lang='lat' dir='ltr'><strong>et</strong></span> <span class='ocrx_word' id='word_1_88' title='bbox 840 1294 870 1331; x_wconf 91' lang='lat' dir='ltr'><strong>a</strong></span> <span class='ocrx_word' id='word_1_89' title='bbox 894 1279 1108 1334; x_wconf 82' lang='lat' dir='ltr'><strong>Christo</strong></span> <span class='ocrx_word' id='word_1_90' title='bbox 1155 1279 1372 1342; x_wconf 88' lang='lat' dir='ltr'><strong>alienat,</strong></span> <span class='ocrx_word' id='word_1_91' title='bbox 1399 1296 1524 1335; x_wconf 88' lang='lat' dir='ltr'><strong>vere</strong></span> <span class='ocrx_word' id='word_1_92' title='bbox 1553 1296 1582 1334; x_wconf 92' lang='lat' dir='ltr'><strong>a</strong></span> <span class='ocrx_word' id='word_1_93' title='bbox 1614 1280 1830 1335; x_wconf 87' lang='lat' dir='ltr'><strong>Christo</strong></span> 
     </span>
    </p>
   </div>
   <div class='ocr_carea' id='block_1_14' title="bbox 250 1366 1830 1439">
    <p class='ocr_par' dir='ltr' id='par_1_14' title="bbox 250 1366 1830 1439">
     <span class='ocr_line' id='line_1_14' title="bbox 250 1366 1830 1439; baseline 0.001 -18"><span class='ocrx_word' id='word_1_94' title='bbox 250 1366 480 1422; x_wconf 83' lang='lat' dir='ltr'><strong>alienari</strong></span> <span class='ocrx_word' id='word_1_95' title='bbox 507 1376 797 1422; x_wconf 88' lang='lat' dir='ltr'><strong>mereatur.</strong></span> <span class='ocrx_word' id='word_1_96' title='bbox 825 1367 1137 1423; x_wconf 76' lang='lat' dir='ltr'><strong>Maledictus</strong></span> <span class='ocrx_word' id='word_1_97' title='bbox 1164 1370 1308 1423; x_wconf 90' lang='lat' dir='ltr'><strong>enim</strong></span> <span class='ocrx_word' id='word_1_98' title='bbox 1347 1370 1500 1423; x_wconf 85' lang='lat' dir='ltr'><strong>homo</strong></span> <span class='ocrx_word' id='word_1_99' title='bbox 1541 1371 1629 1439; x_wconf 85' lang='lat' dir='ltr'><strong>qui</strong></span> <span class='ocrx_word' id='word_1_100' title='bbox 1663 1369 1830 1437; x_wconf 84' lang='lat' dir='ltr'><strong>conﬁ-</strong></span> 
     </span>
    </p>
   </div>
   <div class='ocr_carea' id='block_1_15' title="bbox 248 1458 1832 1528">
    <p class='ocr_par' dir='ltr' id='par_1_15' title="bbox 248 1458 1832 1528">
     <span class='ocr_line' id='line_1_15' title="bbox 248 1458 1832 1528; baseline 0.003 -18"><span class='ocrx_word' id='word_1_101' title='bbox 248 1458 334 1511; x_wconf 87' lang='lat' dir='ltr'><strong>dit</strong></span> <span class='ocrx_word' id='word_1_102' title='bbox 386 1475 440 1511; x_wconf 83' lang='lat' dir='ltr'><strong>tn</strong></span> <span class='ocrx_word' id='word_1_103' title='bbox 478 1459 708 1524; x_wconf 80' lang='lat' dir='ltr'><strong>homine,</strong></span> <span class='ocrx_word' id='word_1_104' title='bbox 736 1467 783 1512; x_wconf 87' lang='lat' dir='ltr'><strong>et</strong></span> <span class='ocrx_word' id='word_1_105' title='bbox 817 1460 960 1528; x_wconf 82' lang='lat' dir='ltr'><strong>ponit</strong></span> <span class='ocrx_word' id='word_1_106' title='bbox 991 1477 1200 1514; x_wconf 86' lang='lat' dir='ltr'><strong>carnem</strong></span> <span class='ocrx_word' id='word_1_107' title='bbox 1248 1461 1513 1514; x_wconf 83' lang='lat' dir='ltr'><strong>brachium</strong></span> <span class='ocrx_word' id='word_1_108' title='bbox 1559 1478 1732 1526; x_wconf 86' lang='lat' dir='ltr'><strong>suum,</strong></span> <span class='ocrx_word' id='word_1_109' title='bbox 1782 1469 1832 1515; x_wconf 90' lang='lat' dir='ltr'><strong>et</strong></span> 
     </span>
    </p>
   </div>
   <div class='ocr_carea' id='block_1_16' title="bbox 250 1548 1832 1623">
    <p class='ocr_par' dir='ltr' id='par_1_16' title="bbox 250 1548 1832 1623">
     <span class='ocr_line' id='line_1_16' title="bbox 250 1548 1832 1623; baseline 0.003 -21"><span class='ocrx_word' id='word_1_110' title='bbox 250 1567 286 1602; x_wconf 78' lang='grc' dir='ltr'><em>α</em></span> <span class='ocrx_word' id='word_1_111' title='bbox 340 1548 562 1603; x_wconf 85' lang='lat' dir='ltr'><strong>Domino</strong></span> <span class='ocrx_word' id='word_1_112' title='bbox 590 1550 776 1604; x_wconf 84' lang='lat' dir='ltr'><strong>recedit</strong></span> <span class='ocrx_word' id='word_1_113' title='bbox 809 1567 902 1605; x_wconf 81' lang='lat' dir='ltr'><strong>car</strong></span> <span class='ocrx_word' id='word_1_114' title='bbox 927 1551 1041 1622; x_wconf 88' lang='lat' dir='ltr'><strong>ejus</strong></span> <span class='ocrx_word' id='word_1_115' title='bbox 1089 1551 1223 1623; x_wconf 81' lang='lat' dir='ltr'><strong>(Jer.</strong></span> <span class='ocrx_word' id='word_1_116' title='bbox 1256 1569 1387 1617; x_wconf 84' lang='lat' dir='ltr'><strong>xvn,</strong></span> <span class='ocrx_word' id='word_1_117' title='bbox 1417 1553 1493 1622; x_wconf 84' lang='lat'><strong>5).</strong></span> <span class='ocrx_word' id='word_1_118' title='bbox 1522 1552 1832 1608; x_wconf 78' lang='lat' dir='ltr'><strong>Benedictus</strong></span> 
     </span>
    </p>
   </div>
   <div class='ocr_carea' id='block_1_17' title="bbox 251 1640 1834 1713">
    <p class='ocr_par' dir='ltr' id='par_1_17' title="bbox 251 1640 1834 1713">
     <span class='ocr_line' id='line_1_17' title="bbox 251 1640 1834 1713; baseline 0.004 -22"><span class='ocrx_word' id='word_1_119' title='bbox 251 1648 431 1692; x_wconf 82' lang='lat' dir='ltr'><strong>autem</strong></span> <span class='ocrx_word' id='word_1_120' title='bbox 453 1640 532 1692; x_wconf 76' lang='lat' dir='ltr'><strong>vir</strong></span> <span class='ocrx_word' id='word_1_121' title='bbox 550 1640 640 1711; x_wconf 88' lang='lat' dir='ltr'><strong>qui</strong></span> <span class='ocrx_word' id='word_1_122' title='bbox 653 1641 866 1708; x_wconf 77' lang='lat' dir='ltr'><strong>conﬁdit</strong></span> <span class='ocrx_word' id='word_1_123' title='bbox 887 1641 943 1697; x_wconf 83' lang='lat' dir='ltr'><strong>in</strong></span> <span class='ocrx_word' id='word_1_124' title='bbox 965 1641 1206 1708; x_wconf 88' lang='lat' dir='ltr'><strong>Domino,</strong></span> <span class='ocrx_word' id='word_1_125' title='bbox 1224 1653 1272 1698; x_wconf 90' lang='lat' dir='ltr'><strong>et</strong></span> <span class='ocrx_word' id='word_1_126' title='bbox 1296 1643 1394 1700; x_wconf 88' lang='lat' dir='ltr'><strong>erit</strong></span> <span class='ocrx_word' id='word_1_127' title='bbox 1416 1643 1670 1700; x_wconf 80' lang='lat' dir='ltr'><strong>Dominus</strong></span> <span class='ocrx_word' id='word_1_128' title='bbox 1692 1643 1834 1713; x_wconf 79' lang='lat' dir='ltr'><strong>ﬁdu-</strong></span> 
     </span>
    </p>
   </div>
   <div class='ocr_carea' id='block_1_18' title="bbox 250 1729 811 1802">
    <p class='ocr_par' dir='ltr' id='par_1_18' title="bbox 250 1729 811 1802">
     <span class='ocr_line' id='line_1_18' title="bbox 250 1729 811 1802; baseline 0.004 -19"><span class='ocrx_word' id='word_1_129' title='bbox 250 1729 342 1783; x_wconf 84' lang='lat' dir='ltr'><strong>cia</strong></span> <span class='ocrx_word' id='word_1_130' title='bbox 375 1729 488 1800; x_wconf 88' lang='lat' dir='ltr'><strong>ejus</strong></span> <span class='ocrx_word' id='word_1_131' title='bbox 515 1729 703 1800; x_wconf 81' lang='lat' dir='ltr'><strong>(Ibid.,</strong></span> <span class='ocrx_word' id='word_1_132' title='bbox 733 1730 811 1802; x_wconf 87' lang='lat'><strong>7).</strong></span> 
     </span>
    </p>
   </div>
   <div class='ocr_carea' id='block_1_19' title="bbox 870 1863 1227 1951">
    <p class='ocr_par' dir='ltr' id='par_1_19' title="bbox 870 1863 1227 1951">
     <span class='ocr_line' id='line_1_19' title="bbox 870 1863 1227 1951; baseline 0.006 -31"><span class='ocrx_word' id='word_1_133' title='bbox 870 1863 1098 1922; x_wconf 81' lang='lat' dir='ltr'><strong>CAPUT</strong></span> <span class='ocrx_word' id='word_1_134' title='bbox 1133 1864 1227 1951; x_wconf 71' lang='lat' dir='ltr'><strong>ix.</strong></span> 
     </span>
    </p>
   </div>
   <div class='ocr_carea' id='block_1_20' title="bbox 324 1995 1530 2070">
    <p class='ocr_par' dir='ltr' id='par_1_20' title="bbox 324 1995 1530 2070">
     <span class='ocr_line' id='line_1_20' title="bbox 324 1995 1530 2070; baseline 0.006 -22"><span class='ocrx_word' id='word_1_135' title='bbox 324 2007 359 2037; x_wconf 78' lang='grc' dir='ltr'>ιι</span> <span class='ocrx_word' id='word_1_136' title='bbox 396 1995 549 2049; x_wconf 82' lang='grc' dir='ltr'><strong>Νοηο</strong></span> <span class='ocrx_word' id='word_1_137' title='bbox 577 1996 812 2065; x_wconf 87' lang='lat' dir='ltr'><strong>capitulo</strong></span> <span class='ocrx_word' id='word_1_138' title='bbox 850 1997 950 2052; x_wconf 91' lang='lat' dir='ltr'><strong>has</strong></span> <span class='ocrx_word' id='word_1_139' title='bbox 977 1999 1312 2056; x_wconf 88' lang='lat' dir='ltr'><strong>deﬁnitiones</strong></span> <span class='ocrx_word' id='word_1_140' title='bbox 1339 2000 1530 2070; x_wconf 89' lang='lat' dir='ltr'><strong>ponit:</strong></span> 
     </span>
    </p>
   </div>
   <div class='ocr_carea' id='block_1_21' title="bbox 328 2088 1834 2162">
    <p class='ocr_par' dir='ltr' id='par_1_21' title="bbox 328 2088 1834 2162">
     <span class='ocr_line' id='line_1_21' title="bbox 328 2088 1834 2162; baseline 0.006 -19"><span class='ocrx_word' id='word_1_141' title='bbox 328 2090 382 2143; x_wconf 76' lang='grc' dir='ltr'><strong>ι.</strong></span> <span class='ocrx_word' id='word_1_142' title='bbox 431 2088 820 2145; x_wconf 76' lang='lat' dir='ltr'><strong>Pra&#39;scientiam</strong></span> <span class='ocrx_word' id='word_1_143' title='bbox 869 2101 918 2145; x_wconf 89' lang='lat' dir='ltr'><strong>et</strong></span> <span class='ocrx_word' id='word_1_144' title='bbox 955 2093 1460 2162; x_wconf 69' lang='lat' dir='ltr'><strong>pra’destinalionem</strong></span> <span class='ocrx_word' id='word_1_145' title='bbox 1490 2094 1834 2152; x_wconf 77' lang='lat' dir='ltr'><strong>similitudine</strong></span> 
     </span>
    </p>
   </div>
   <div class='ocr_carea' id='block_1_22' title="bbox 251 2181 1444 2252">
    <p class='ocr_par' dir='ltr' id='par_1_22' title="bbox 251 2181 1444 2252">
     <span class='ocr_line' id='line_1_22' title="bbox 251 2181 1444 2252; baseline 0.004 -21"><span class='ocrx_word' id='word_1_146' title='bbox 251 2195 433 2232; x_wconf 78' lang='lat' dir='ltr'><strong>rerum</strong></span> <span class='ocrx_word' id='word_1_147' title='bbox 473 2181 832 2248; x_wconf 81' lang='lat' dir='ltr'><strong>temporalium</strong></span> <span class='ocrx_word' id='word_1_148' title='bbox 860 2182 930 2234; x_wconf 87' lang='lat' dir='ltr'><strong>ad</strong></span> <span class='ocrx_word' id='word_1_149' title='bbox 953 2181 1116 2235; x_wconf 88' lang='lat' dir='ltr'><strong>Deum</strong></span> <span class='ocrx_word' id='word_1_150' title='bbox 1146 2183 1444 2252; x_wconf 77' lang='lat' dir='ltr'><strong>transferri.</strong></span> 
     </span>
    </p>
   </div>
   <div class='ocr_carea' id='block_1_23' title="bbox 325 2275 1813 2350">
    <p class='ocr_par' dir='ltr' id='par_1_23' title="bbox 325 2275 1813 2350">
     <span class='ocr_line' id='line_1_23' title="bbox 325 2275 1813 2350; baseline 0.005 -21"><span class='ocrx_word' id='word_1_151' title='bbox 325 2275 384 2329; x_wconf 73' lang='lat'><strong>2.</strong></span> <span class='ocrx_word' id='word_1_152' title='bbox 424 2276 492 2329; x_wconf 85' lang='lat' dir='ltr'><strong>Et</strong></span> <span class='ocrx_word' id='word_1_153' title='bbox 524 2295 725 2331; x_wconf 88' lang='lat' dir='ltr'><strong>omnem</strong></span> <span class='ocrx_word' id='word_1_154' title='bbox 760 2279 1268 2347; x_wconf 77' lang='lat' dir='ltr'><strong>prwdestinationem</strong></span> <span class='ocrx_word' id='word_1_155' title='bbox 1294 2283 1673 2350; x_wconf 76' lang='lat' dir='ltr'><strong>prwscientiam</strong></span> <span class='ocrx_word' id='word_1_156' title='bbox 1703 2298 1813 2336; x_wconf 82' lang='lat' dir='ltr'><strong>esse</strong></span> 
     </span>
    </p>
   </div>
   <div class='ocr_carea' id='block_1_24' title="bbox 327 2363 1835 2438">
    <p class='ocr_par' dir='ltr' id='par_1_24' title="bbox 327 2363 1835 2438">
     <span class='ocr_line' id='line_1_24' title="bbox 327 2363 1835 2438; baseline 0.005 -19"><span class='ocrx_word' id='word_1_157' title='bbox 327 2363 390 2419; x_wconf 90' lang='lat' dir='ltr'><strong>Si</strong></span> <span class='ocrx_word' id='word_1_158' title='bbox 428 2380 556 2435; x_wconf 85' lang='lat' dir='ltr'><strong>ergo</strong></span> <span class='ocrx_word' id='word_1_159' title='bbox 590 2380 656 2421; x_wconf 79' lang='lat' dir='ltr'><strong>ex</strong></span> <span class='ocrx_word' id='word_1_160' title='bbox 695 2382 792 2420; x_wconf 91' lang='lat' dir='ltr'><strong>usu</strong></span> <span class='ocrx_word' id='word_1_161' title='bbox 840 2383 1017 2421; x_wconf 90' lang='lat' dir='ltr'><strong>rerum</strong></span> <span class='ocrx_word' id='word_1_162' title='bbox 1069 2369 1462 2438; x_wconf 83' lang='lat' dir='ltr'><strong>temporalium,</strong></span> <span class='ocrx_word' id='word_1_163' title='bbox 1507 2386 1627 2438; x_wconf 66' lang='lat' dir='ltr'><strong>quae</strong></span> <span class='ocrx_word' id='word_1_164' title='bbox 1671 2371 1835 2426; x_wconf 90' lang='lat' dir='ltr'><strong>trium</strong></span> 
     </span>
    </p>
   </div>
   <div class='ocr_carea' id='block_1_25' title="bbox 251 2456 1832 2530">
    <p class='ocr_par' dir='ltr' id='par_1_25' title="bbox 251 2456 1832 2530">
     <span class='ocr_line' id='line_1_25' title="bbox 251 2456 1832 2530; baseline 0.003 -21"><span class='ocrx_word' id='word_1_165' title='bbox 251 2464 563 2525; x_wconf 84' lang='lat' dir='ltr'><strong>temporum</strong></span> <span class='ocrx_word' id='word_1_166' title='bbox 613 2456 927 2513; x_wconf 78' lang='lat' dir='ltr'><strong>diversitate</strong></span> <span class='ocrx_word' id='word_1_167' title='bbox 979 2458 1273 2524; x_wconf 85' lang='lat' dir='ltr'><strong>variantur,</strong></span> <span class='ocrx_word' id='word_1_168' title='bbox 1323 2459 1378 2513; x_wconf 91' lang='lat' dir='ltr'><strong>id</strong></span> <span class='ocrx_word' id='word_1_169' title='bbox 1406 2458 1510 2515; x_wconf 55' lang='lat' dir='ltr'><strong>&#39;est</strong></span> <span class='ocrx_word' id='word_1_170' title='bbox 1555 2460 1832 2530; x_wconf 77' lang='lat' dir='ltr'><strong>praeteriti,</strong></span> 
     </span>
    </p>
   </div>
   <div class='ocr_carea' id='block_1_26' title="bbox 249 2548 1833 2621">
    <p class='ocr_par' dir='ltr' id='par_1_26' title="bbox 249 2548 1833 2621">
     <span class='ocr_line' id='line_1_26' title="bbox 249 2548 1833 2621; baseline 0.002 -19"><span class='ocrx_word' id='word_1_171' title='bbox 249 2548 543 2621; x_wconf 64' lang='lat' dir='ltr'><strong>praesentis</strong></span> <span class='ocrx_word' id='word_1_172' title='bbox 569 2559 623 2602; x_wconf 91' lang='lat' dir='ltr'><strong>et</strong></span> <span class='ocrx_word' id='word_1_173' title='bbox 649 2548 832 2613; x_wconf 78' lang='lat' dir='ltr'><strong>futuri,</strong></span> <span class='ocrx_word' id='word_1_174' title='bbox 863 2551 1033 2621; x_wconf 83' lang='lat' dir='ltr'><strong>magis</strong></span> <span class='ocrx_word' id='word_1_175' title='bbox 1075 2553 1142 2606; x_wconf 90' lang='lat' dir='ltr'><strong>ad</strong></span> <span class='ocrx_word' id='word_1_176' title='bbox 1199 2553 1512 2620; x_wconf 86' lang='lat' dir='ltr'><strong>temporalia</strong></span> <span class='ocrx_word' id='word_1_177' title='bbox 1544 2553 1833 2621; x_wconf 89' lang='lat' dir='ltr'><strong>pertinent,</strong></span> 
     </span>
    </p>
   </div>
   <div class='ocr_carea' id='block_1_27' title="bbox 251 2639 1840 2711">
    <p class='ocr_par' dir='ltr' id='par_1_27' title="bbox 251 2639 1840 2711">
     <span class='ocr_line' id='line_1_27' title="bbox 251 2639 1840 2711; baseline 0.001 -17"><span class='ocrx_word' id='word_1_178' title='bbox 251 2639 353 2694; x_wconf 84' lang='lat' dir='ltr'><strong>ubi</strong></span> <span class='ocrx_word' id='word_1_179' title='bbox 391 2648 500 2693; x_wconf 90' lang='lat' dir='ltr'><strong>tam</strong></span> <span class='ocrx_word' id='word_1_180' title='bbox 537 2639 701 2694; x_wconf 88' lang='lat' dir='ltr'><strong>multa</strong></span> <span class='ocrx_word' id='word_1_181' title='bbox 750 2640 927 2694; x_wconf 87' lang='lat' dir='ltr'><strong>futura</strong></span> <span class='ocrx_word' id='word_1_182' title='bbox 969 2649 1386 2710; x_wconf 76' lang='lat' dir='ltr'><strong>exspectantur:</strong></span> <span class='ocrx_word' id='word_1_183' title='bbox 1415 2643 1540 2711; x_wconf 87' lang='lat' dir='ltr'><strong>quia</strong></span> <span class='ocrx_word' id='word_1_184' title='bbox 1588 2641 1840 2696; x_wconf 89' lang='lat' dir='ltr'><strong>videlicet</strong></span> 
     </span>
    </p>
   </div>
   <div class='ocr_carea' id='block_1_28' title="bbox 250 2729 1838 2802">
    <p class='ocr_par' dir='ltr' id='par_1_28' title="bbox 250 2729 1838 2802">
     <span class='ocr_line' id='line_1_28' title="bbox 250 2729 1838 2802; baseline 0.001 -18"><span class='ocrx_word' id='word_1_185' title='bbox 250 2729 601 2799; x_wconf 64' lang='lat' dir='ltr'><strong>prmscientia</strong></span> <span class='ocrx_word' id='word_1_186' title='bbox 631 2739 684 2783; x_wconf 93' lang='lat' dir='ltr'><strong>et</strong></span> <span class='ocrx_word' id='word_1_187' title='bbox 710 2731 1110 2798; x_wconf 73' lang='lat' dir='ltr'><strong>prmdestinatio</strong></span> <span class='ocrx_word' id='word_1_188' title='bbox 1139 2732 1353 2802; x_wconf 90' lang='lat' dir='ltr'><strong>proprie</strong></span> <span class='ocrx_word' id='word_1_189' title='bbox 1381 2748 1561 2786; x_wconf 86' lang='lat' dir='ltr'><strong>rerum</strong></span> <span class='ocrx_word' id='word_1_190' title='bbox 1588 2742 1669 2787; x_wconf 90' lang='lat' dir='ltr'><strong>est</strong></span> <span class='ocrx_word' id='word_1_191' title='bbox 1693 2731 1838 2785; x_wconf 88' lang='lat' dir='ltr'><strong>futu-</strong></span> 
     </span>
    </p>
   </div>
   <div class='ocr_carea' id='block_1_29' title="bbox 252 2819 1836 2888">
    <p class='ocr_par' dir='ltr' id='par_1_29' title="bbox 252 2819 1836 2888">
     <span class='ocr_line' id='line_1_29' title="bbox 252 2819 1836 2888; baseline 0 -15"><span class='ocrx_word' id='word_1_192' title='bbox 252 2835 448 2873; x_wconf 86' lang='lat' dir='ltr'><strong>rarum</strong></span> <span class='ocrx_word' id='word_1_193' title='bbox 474 2836 488 2872; x_wconf 91' lang='lat'><strong>:</strong></span> <span class='ocrx_word' id='word_1_194' title='bbox 514 2820 651 2888; x_wconf 88' lang='lat' dir='ltr'><strong>apud</strong></span> <span class='ocrx_word' id='word_1_195' title='bbox 677 2819 844 2873; x_wconf 88' lang='lat' dir='ltr'><strong>Dequ</strong></span> <span class='ocrx_word' id='word_1_196' title='bbox 875 2835 1003 2874; x_wconf 90' lang='lat' dir='ltr'><strong>vero</strong></span> <span class='ocrx_word' id='word_1_197' title='bbox 1032 2821 1171 2876; x_wconf 89' lang='lat' dir='ltr'><strong>sicut</strong></span> <span class='ocrx_word' id='word_1_198' title='bbox 1200 2821 1330 2874; x_wconf 85' lang='lat' dir='ltr'><strong>nihil</strong></span> <span class='ocrx_word' id='word_1_199' title='bbox 1361 2831 1443 2875; x_wconf 90' lang='lat' dir='ltr'><strong>est</strong></span> <span class='ocrx_word' id='word_1_200' title='bbox 1483 2820 1836 2888; x_wconf 58' lang='lat' dir='ltr'><strong>praeteritum,</strong></span> 
     </span>
    </p>
   </div>
   <div class='ocr_carea' id='block_1_30' title="bbox 251 2911 1838 2979">
    <p class='ocr_par' dir='ltr' id='par_1_30' title="bbox 251 2911 1838 2979">
     <span class='ocr_line' id='line_1_30' title="bbox 251 2911 1838 2979; baseline -0.002 -13"><span class='ocrx_word' id='word_1_201' title='bbox 251 2911 335 2967; x_wconf 82' lang='lat' dir='ltr'><strong>ita</strong></span> <span class='ocrx_word' id='word_1_202' title='bbox 397 2913 557 2966; x_wconf 87' lang='lat' dir='ltr'><strong>etiam</strong></span> <span class='ocrx_word' id='word_1_203' title='bbox 610 2911 743 2966; x_wconf 88' lang='lat' dir='ltr'><strong>nihil</strong></span> <span class='ocrx_word' id='word_1_204' title='bbox 793 2911 1056 2978; x_wconf 86' lang='lat' dir='ltr'><strong>futurum,</strong></span> <span class='ocrx_word' id='word_1_205' title='bbox 1088 2913 1142 2966; x_wconf 92' lang='lat' dir='ltr'><strong>in</strong></span> <span class='ocrx_word' id='word_1_206' title='bbox 1185 2911 1338 2979; x_wconf 89' lang='lat' dir='ltr'><strong>cujus</strong></span> <span class='ocrx_word' id='word_1_207' title='bbox 1369 2921 1568 2965; x_wconf 64' lang='lat' dir='ltr'><strong>aeterna</strong></span> <span class='ocrx_word' id='word_1_208' title='bbox 1614 2912 1838 2965; x_wconf 86' lang='lat' dir='ltr'><strong>scientia</strong></span> 
     </span>
    </p>
   </div>
   <div class='ocr_carea' id='block_1_31' title="bbox 255 3000 1842 3070">
    <p class='ocr_par' dir='ltr' id='par_1_31' title="bbox 255 3000 1842 3070">
     <span class='ocr_line' id='line_1_31' title="bbox 255 3000 1842 3070; baseline 0.001 -16"><span class='ocrx_word' id='word_1_209' title='bbox 255 3001 592 3055; x_wconf 60' lang='lat' dir='ltr'><strong>eternaliter</strong></span> <span class='ocrx_word' id='word_1_210' title='bbox 635 3002 813 3055; x_wconf 86' lang='lat' dir='ltr'><strong>omnia</strong></span> <span class='ocrx_word' id='word_1_211' title='bbox 845 3002 1128 3070; x_wconf 71' lang='lat' dir='ltr'><strong>pnesentia</strong></span> <span class='ocrx_word' id='word_1_212' title='bbox 1176 3010 1322 3056; x_wconf 92' lang='lat' dir='ltr'><strong>sunt.</strong></span> <span class='ocrx_word' id='word_1_213' title='bbox 1370 3000 1439 3054; x_wconf 90' lang='lat' dir='ltr'><strong>Et</strong></span> <span class='ocrx_word' id='word_1_214' title='bbox 1481 3001 1681 3055; x_wconf 88' lang='lat' dir='ltr'><strong>idcirco</strong></span> <span class='ocrx_word' id='word_1_215' title='bbox 1725 3001 1842 3055; x_wconf 73' lang='lat' dir='ltr'><strong>haec</strong></span> 
     </span>
    </p>
   </div>
   <div class='ocr_carea' id='block_1_32' title="bbox 255 3091 1844 3164">
    <p class='ocr_par' dir='ltr' id='par_1_32' title="bbox 255 3091 1844 3164">
     <span class='ocr_line' id='line_1_32' title="bbox 255 3091 1844 3164; baseline -0.001 -16"><span class='ocrx_word' id='word_1_216' title='bbox 255 3094 372 3148; x_wconf 90' lang='lat' dir='ltr'><strong>duo</strong></span> <span class='ocrx_word' id='word_1_217' title='bbox 401 3094 570 3164; x_wconf 85' lang='lat' dir='ltr'><strong>magis</strong></span> <span class='ocrx_word' id='word_1_218' title='bbox 597 3092 924 3158; x_wconf 86' lang='lat' dir='ltr'><strong>trauslative,</strong></span> <span class='ocrx_word' id='word_1_219' title='bbox 954 3109 1111 3163; x_wconf 89' lang='lat' dir='ltr'><strong>quam</strong></span> <span class='ocrx_word' id='word_1_220' title='bbox 1137 3093 1352 3163; x_wconf 89' lang='lat' dir='ltr'><strong>proprie</strong></span> <span class='ocrx_word' id='word_1_221' title='bbox 1378 3093 1445 3147; x_wconf 91' lang='lat' dir='ltr'><strong>ad</strong></span> <span class='ocrx_word' id='word_1_222' title='bbox 1465 3091 1631 3147; x_wconf 90' lang='lat' dir='ltr'><strong>Deum</strong></span> <span class='ocrx_word' id='word_1_223' title='bbox 1661 3093 1844 3148; x_wconf 90' lang='lat' dir='ltr'><strong>dicun-</strong></span> 
     </span>
    </p>
   </div>
   <div class='ocr_carea' id='block_1_33' title="bbox 258 3180 1840 3252">
    <p class='ocr_par' dir='ltr' id='par_1_33' title="bbox 258 3180 1840 3252">
     <span class='ocr_line' id='line_1_33' title="bbox 258 3180 1840 3252; baseline -0.001 -14"><span class='ocrx_word' id='word_1_224' title='bbox 258 3193 390 3247; x_wconf 88' lang='lat' dir='ltr'><strong>tur;</strong></span> <span class='ocrx_word' id='word_1_225' title='bbox 414 3183 680 3251; x_wconf 88' lang='lat' dir='ltr'><strong>quomodo</strong></span> <span class='ocrx_word' id='word_1_226' title='bbox 710 3183 808 3236; x_wconf 91' lang='lat' dir='ltr'><strong>iste</strong></span> <span class='ocrx_word' id='word_1_227' title='bbox 833 3183 1080 3252; x_wconf 91' lang='lat' dir='ltr'><strong>superius</strong></span> <span class='ocrx_word' id='word_1_228' title='bbox 1116 3191 1225 3235; x_wconf 91' lang='lat' dir='ltr'><strong>tam</strong></span> <span class='ocrx_word' id='word_1_229' title='bbox 1255 3181 1564 3251; x_wconf 90' lang='lat' dir='ltr'><strong>frequenter</strong></span> <span class='ocrx_word' id='word_1_230' title='bbox 1594 3180 1840 3236; x_wconf 85' lang='lat' dir='ltr'><strong>deﬁnivit</strong></span> 
     </span>
    </p>
   </div>
   <div class='ocr_carea' id='block_1_34' title="bbox 254 3270 1839 3340">
    <p class='ocr_par' dir='ltr' id='par_1_34' title="bbox 254 3270 1839 3340">
     <span class='ocr_line' id='line_1_34' title="bbox 254 3270 1839 3340; baseline 0 -16"><span class='ocrx_word' id='word_1_231' title='bbox 254 3271 660 3340; x_wconf 70' lang='lat' dir='ltr'><strong>pnescientiam</strong></span> <span class='ocrx_word' id='word_1_232' title='bbox 700 3280 756 3324; x_wconf 89' lang='lat' dir='ltr'><strong>et</strong></span> <span class='ocrx_word' id='word_1_233' title='bbox 799 3271 1321 3340; x_wconf 68' lang='lat' dir='ltr'><strong>praedestinationem</strong></span> <span class='ocrx_word' id='word_1_234' title='bbox 1378 3286 1480 3324; x_wconf 92' lang='lat' dir='ltr'><strong>non</strong></span> <span class='ocrx_word' id='word_1_235' title='bbox 1521 3270 1690 3325; x_wconf 92' lang='lat' dir='ltr'><strong>solum</strong></span> <span class='ocrx_word' id='word_1_236' title='bbox 1721 3271 1839 3334; x_wconf 90' lang='lat' dir='ltr'><strong>Dei,</strong></span> 
     </span>
    </p>
   </div>
   <div class='ocr_carea' id='block_1_35' title="bbox 255 3360 1841 3432">
    <p class='ocr_par' dir='ltr' id='par_1_35' title="bbox 255 3360 1841 3432">
     <span class='ocr_line' id='line_1_35' title="bbox 255 3360 1841 3432; baseline -0.001 -16"><span class='ocrx_word' id='word_1_237' title='bbox 255 3362 402 3416; x_wconf 82' lang='lat' dir='ltr'><strong>et&#39;in</strong></span> <span class='ocrx_word' id='word_1_238' title='bbox 431 3361 539 3415; x_wconf 88' lang='lat' dir='ltr'><strong>Deo</strong></span> <span class='ocrx_word' id='word_1_239' title='bbox 567 3377 684 3416; x_wconf 90' lang='lat' dir='ltr'><strong>esse</strong></span> <span class='ocrx_word' id='word_1_240' title='bbox 721 3361 881 3432; x_wconf 83' lang='lat' dir='ltr'><strong>(quod</strong></span> <span class='ocrx_word' id='word_1_241' title='bbox 913 3363 1076 3416; x_wconf 87' lang='lat' dir='ltr'><strong>etiam</strong></span> <span class='ocrx_word' id='word_1_242' title='bbox 1117 3377 1215 3416; x_wconf 91' lang='lat' dir='ltr'><strong>nos</strong></span> <span class='ocrx_word' id='word_1_243' title='bbox 1251 3360 1528 3431; x_wconf 82' lang='lat' dir='ltr'><strong>fatemur),</strong></span> <span class='ocrx_word' id='word_1_244' title='bbox 1561 3362 1653 3415; x_wconf 89' lang='lat' dir='ltr'><strong>sed</strong></span> <span class='ocrx_word' id='word_1_245' title='bbox 1679 3362 1841 3416; x_wconf 89' lang='lat' dir='ltr'><strong>etiam</strong></span> 
     </span>
    </p>
   </div>
   <div class='ocr_carea' id='block_1_36' title="bbox 257 3451 1843 3520">
    <p class='ocr_par' dir='ltr' id='par_1_36' title="bbox 257 3451 1843 3520">
     <span class='ocr_line' id='line_1_36' title="bbox 257 3451 1843 3520; baseline 0 -16"><span class='ocrx_word' id='word_1_246' title='bbox 257 3452 437 3520; x_wconf 84' lang='lat' dir='ltr'><strong>ipsam</strong></span> <span class='ocrx_word' id='word_1_247' title='bbox 465 3451 816 3505; x_wconf 86' lang='lat' dir='ltr'><strong>substantiam</strong></span> <span class='ocrx_word' id='word_1_248' title='bbox 845 3459 899 3505; x_wconf 92' lang='lat' dir='ltr'><strong>et</strong></span> <span class='ocrx_word' id='word_1_249' title='bbox 943 3452 1233 3506; x_wconf 88' lang='lat' dir='ltr'><strong>essentiam</strong></span> <span class='ocrx_word' id='word_1_250' title='bbox 1264 3451 1358 3505; x_wconf 90' lang='lat' dir='ltr'><strong>Dei</strong></span> <span class='ocrx_word' id='word_1_251' title='bbox 1385 3451 1542 3506; x_wconf 86' lang='lat' dir='ltr'><strong>esse?</strong></span> <span class='ocrx_word' id='word_1_252' title='bbox 1567 3451 1843 3520; x_wconf 88' lang='lat' dir='ltr'><strong>Quaprop-</strong></span> 
     </span>
    </p>
   </div>
   <div class='ocr_carea' id='block_1_37' title="bbox 258 3539 1843 3609">
    <p class='ocr_par' dir='ltr' id='par_1_37' title="bbox 258 3539 1843 3609">
     <span class='ocr_line' id='line_1_37' title="bbox 258 3539 1843 3609; baseline 0.001 -16"><span class='ocrx_word' id='word_1_253' title='bbox 258 3548 352 3594; x_wconf 88' lang='lat' dir='ltr'><strong>ter</strong></span> <span class='ocrx_word' id='word_1_254' title='bbox 397 3540 442 3593; x_wconf 89' lang='lat' dir='ltr'><strong>si</strong></span> <span class='ocrx_word' id='word_1_255' title='bbox 485 3540 595 3609; x_wconf 90' lang='lat' dir='ltr'><strong>ipse</strong></span> <span class='ocrx_word' id='word_1_256' title='bbox 635 3539 691 3593; x_wconf 90' lang='lat' dir='ltr'><strong>in</strong></span> <span class='ocrx_word' id='word_1_257' title='bbox 733 3555 828 3594; x_wconf 88' lang='lat' dir='ltr'><strong>sua</strong></span> <span class='ocrx_word' id='word_1_258' title='bbox 855 3541 1213 3608; x_wconf 87' lang='lat' dir='ltr'><strong>disputatione</strong></span> <span class='ocrx_word' id='word_1_259' title='bbox 1244 3548 1347 3594; x_wconf 89' lang='lat' dir='ltr'><strong>tam</strong></span> <span class='ocrx_word' id='word_1_260' title='bbox 1395 3539 1698 3595; x_wconf 88' lang='lat' dir='ltr'><strong>contrarius</strong></span> <span class='ocrx_word' id='word_1_261' title='bbox 1742 3540 1843 3594; x_wconf 88' lang='lat' dir='ltr'><strong>sibi</strong></span> 
     </span>
    </p>
   </div>
   <div class='ocr_carea' id='block_1_38' title="bbox 255 3630 1843 3702">
    <p class='ocr_par' dir='ltr' id='par_1_38' title="bbox 255 3630 1843 3702">
     <span class='ocr_line' id='line_1_38' title="bbox 255 3630 1843 3702; baseline -0.001 -16"><span class='ocrx_word' id='word_1_262' title='bbox 255 3639 372 3694; x_wconf 88' lang='lat' dir='ltr'><strong>est,</strong></span> <span class='ocrx_word' id='word_1_263' title='bbox 401 3640 453 3683; x_wconf 87' lang='lat' dir='ltr'><strong>ut</strong></span> <span class='ocrx_word' id='word_1_264' title='bbox 486 3632 626 3700; x_wconf 89' lang='lat' dir='ltr'><strong>quod</strong></span> <span class='ocrx_word' id='word_1_265' title='bbox 676 3632 825 3702; x_wconf 86' lang='lat' dir='ltr'><strong>prius</strong></span> <span class='ocrx_word' id='word_1_266' title='bbox 874 3631 1122 3694; x_wconf 79' lang='lat' dir='ltr'><strong>aﬁirmat,</strong></span> <span class='ocrx_word' id='word_1_267' title='bbox 1169 3639 1356 3700; x_wconf 90' lang='lat' dir='ltr'><strong>postea</strong></span> <span class='ocrx_word' id='word_1_268' title='bbox 1401 3630 1666 3693; x_wconf 86' lang='lat' dir='ltr'><strong>destruat,</strong></span> <span class='ocrx_word' id='word_1_269' title='bbox 1715 3630 1843 3698; x_wconf 91' lang='lat' dir='ltr'><strong>quid</strong></span> 
     </span>
    </p>
   </div>
   <div class='ocr_carea' id='block_1_39' title="bbox 256 3720 1843 3790">
    <p class='ocr_par' dir='ltr' id='par_1_39' title="bbox 256 3720 1843 3790">
     <span class='ocr_line' id='line_1_39' title="bbox 256 3720 1843 3790; baseline -0.003 -12"><span class='ocrx_word' id='word_1_270' title='bbox 256 3736 490 3778; x_wconf 86' lang='lat' dir='ltr'><strong>necesse</strong></span> <span class='ocrx_word' id='word_1_271' title='bbox 524 3731 629 3786; x_wconf 88' lang='lat' dir='ltr'><strong>est,</strong></span> <span class='ocrx_word' id='word_1_272' title='bbox 679 3731 739 3776; x_wconf 95' lang='lat' dir='ltr'><strong>ut</strong></span> <span class='ocrx_word' id='word_1_273' title='bbox 780 3737 877 3776; x_wconf 91' lang='lat' dir='ltr'><strong>nos</strong></span> <span class='ocrx_word' id='word_1_274' title='bbox 903 3722 1017 3790; x_wconf 86' lang='lat' dir='ltr'><strong>ejus</strong></span> <span class='ocrx_word' id='word_1_275' title='bbox 1042 3722 1329 3775; x_wconf 87' lang='lat' dir='ltr'><strong>vanitatem</strong></span> <span class='ocrx_word' id='word_1_276' title='bbox 1370 3737 1709 3784; x_wconf 86' lang='lat' dir='ltr'><strong>evacuemus,</strong></span> <span class='ocrx_word' id='word_1_277' title='bbox 1750 3720 1843 3789; x_wconf 88' lang='lat' dir='ltr'><strong>qui</strong></span> 
     </span>
    </p>
   </div>
   <div class='ocr_carea' id='block_1_40' title="bbox 260 3811 1840 3884">
    <p class='ocr_par' dir='ltr' id='par_1_40' title="bbox 260 3811 1840 3884">
     <span class='ocr_line' id='line_1_40' title="bbox 260 3811 1840 3884; baseline -0.003 -14"><span class='ocrx_word' id='word_1_278' title='bbox 260 3824 377 3870; x_wconf 85' lang='lat' dir='ltr'><strong>tam</strong></span> <span class='ocrx_word' id='word_1_279' title='bbox 418 3824 539 3882; x_wconf 86' lang='lat' dir='ltr'><strong>apte</strong></span> <span class='ocrx_word' id='word_1_280' title='bbox 568 3829 626 3869; x_wconf 89' lang='lat' dir='ltr'><strong>se</strong></span> <span class='ocrx_word' id='word_1_281' title='bbox 660 3814 834 3884; x_wconf 91' lang='lat' dir='ltr'><strong>ipsum</strong></span> <span class='ocrx_word' id='word_1_282' title='bbox 865 3815 1128 3868; x_wconf 87' lang='lat' dir='ltr'><strong>cvacuat?</strong></span> <span class='ocrx_word' id='word_1_283' title='bbox 1155 3813 1212 3868; x_wconf 91' lang='lat' dir='ltr'><strong>Si</strong></span> <span class='ocrx_word' id='word_1_284' title='bbox 1241 3821 1418 3866; x_wconf 91' lang='lat' dir='ltr'><strong>autem</strong></span> <span class='ocrx_word' id='word_1_285' title='bbox 1449 3813 1624 3881; x_wconf 90' lang='lat' dir='ltr'><strong>aliqua</strong></span> <span class='ocrx_word' id='word_1_286' title='bbox 1658 3811 1840 3881; x_wconf 87' lang='lat' dir='ltr'><strong>regula</strong></span> 
     </span>
    </p>
   </div>
   <div class='ocr_carea' id='block_1_41' title="bbox 255 3901 1842 3976">
    <p class='ocr_par' dir='ltr' id='par_1_41' title="bbox 255 3901 1842 3976">
     <span class='ocr_line' id='line_1_41' title="bbox 255 3901 1842 3976; baseline -0.005 -14"><span class='ocrx_word' id='word_1_287' title='bbox 255 3905 575 3976; x_wconf 74' lang='lat' dir='ltr'><strong>sophisticae</strong></span> <span class='ocrx_word' id='word_1_288' title='bbox 601 3905 998 3974; x_wconf 88' lang='lat' dir='ltr'><strong>disputationis,</strong></span> <span class='ocrx_word' id='word_1_289' title='bbox 1026 3919 1186 3974; x_wconf 91' lang='lat' dir='ltr'><strong>quam</strong></span> <span class='ocrx_word' id='word_1_290' title='bbox 1221 3903 1338 3973; x_wconf 91' lang='lat' dir='ltr'><strong>ipse</strong></span> <span class='ocrx_word' id='word_1_291' title='bbox 1379 3903 1545 3957; x_wconf 88' lang='lat' dir='ltr'><strong>solam</strong></span> <span class='ocrx_word' id='word_1_292' title='bbox 1580 3901 1842 3970; x_wconf 88' lang='lat' dir='ltr'><strong>sequitur,</strong></span> 
     </span>
    </p>
   </div>
   <div class='ocr_carea' id='block_1_42' title="bbox 259 3996 1843 4070">
    <p class='ocr_par' dir='ltr' id='par_1_42' title="bbox 259 3996 1843 4070">
     <span class='ocr_line' id='line_1_42' title="bbox 259 3996 1843 4070; baseline -0.003 -15"><span class='ocrx_word' id='word_1_293' title='bbox 259 4000 393 4055; x_wconf 85' lang='lat' dir='ltr'><strong>talis</strong></span> <span class='ocrx_word' id='word_1_294' title='bbox 419 4007 524 4064; x_wconf 91' lang='lat' dir='ltr'><strong>est,</strong></span> <span class='ocrx_word' id='word_1_295' title='bbox 555 4007 617 4053; x_wconf 93' lang='lat' dir='ltr'><strong>ut</strong></span> <span class='ocrx_word' id='word_1_296' title='bbox 643 3999 788 4053; x_wconf 90' lang='lat' dir='ltr'><strong>licite</strong></span> <span class='ocrx_word' id='word_1_297' title='bbox 820 4000 959 4070; x_wconf 89' lang='lat' dir='ltr'><strong>apud</strong></span> <span class='ocrx_word' id='word_1_298' title='bbox 998 3999 1308 4055; x_wconf 58' lang='lat' dir='ltr'><strong>saecularem</strong></span> <span class='ocrx_word' id='word_1_299' title='bbox 1342 3998 1660 4066; x_wconf 85' lang='lat' dir='ltr'><strong>sapientiam</strong></span> <span class='ocrx_word' id='word_1_300' title='bbox 1701 3996 1843 4065; x_wconf 90' lang='lat' dir='ltr'><strong>quod</strong></span> 
     </span>
    </p>
   </div>
   <div class='ocr_carea' id='block_1_43' title="bbox 258 4087 1842 4157">
    <p class='ocr_par' dir='ltr' id='par_1_43' title="bbox 258 4087 1842 4157">
     <span class='ocr_line' id='line_1_43' title="bbox 258 4087 1842 4157; baseline -0.001 -13"><span class='ocrx_word' id='word_1_301' title='bbox 258 4105 376 4144; x_wconf 88' lang='lat' dir='ltr'><strong>uno</strong></span> <span class='ocrx_word' id='word_1_302' title='bbox 418 4089 538 4143; x_wconf 93' lang='lat' dir='ltr'><strong>loco</strong></span> <span class='ocrx_word' id='word_1_303' title='bbox 581 4087 897 4156; x_wconf 82' lang='lat' dir='ltr'><strong>afﬁrmatur,</strong></span> <span class='ocrx_word' id='word_1_304' title='bbox 943 4090 1114 4146; x_wconf 89' lang='lat' dir='ltr'><strong>altero</strong></span> <span class='ocrx_word' id='word_1_305' title='bbox 1157 4091 1520 4152; x_wconf 90' lang='lat' dir='ltr'><strong>subvertatur,</strong></span> <span class='ocrx_word' id='word_1_306' title='bbox 1566 4089 1687 4157; x_wconf 83' lang='lat' dir='ltr'><strong>quis</strong></span> <span class='ocrx_word' id='word_1_307' title='bbox 1737 4103 1842 4143; x_wconf 89' lang='lat' dir='ltr'><strong>non</strong></span> 
     </span>
    </p>
   </div>
   <div class='ocr_carea' id='block_1_44' title="bbox 259 4179 1840 4251">
    <p class='ocr_par' dir='ltr' id='par_1_44' title="bbox 259 4179 1840 4251">
     <span class='ocr_line' id='line_1_44' title="bbox 259 4179 1840 4251; baseline 0 -18"><span class='ocrx_word' id='word_1_308' title='bbox 259 4181 450 4234; x_wconf 91' lang='lat' dir='ltr'><strong>videat</strong></span> <span class='ocrx_word' id='word_1_309' title='bbox 478 4195 636 4248; x_wconf 88' lang='lat' dir='ltr'><strong>quam</strong></span> <span class='ocrx_word' id='word_1_310' title='bbox 666 4180 733 4235; x_wconf 93' lang='lat' dir='ltr'><strong>sit</strong></span> <span class='ocrx_word' id='word_1_311' title='bbox 761 4181 1152 4236; x_wconf 89' lang='lat' dir='ltr'><strong>contemnenda</strong></span> <span class='ocrx_word' id='word_1_312' title='bbox 1181 4189 1236 4236; x_wconf 89' lang='lat' dir='ltr'><strong>et</strong></span> <span class='ocrx_word' id='word_1_313' title='bbox 1276 4181 1491 4251; x_wconf 88' lang='lat' dir='ltr'><strong>penitus</strong></span> <span class='ocrx_word' id='word_1_314' title='bbox 1521 4179 1840 4247; x_wconf 86' lang='lat' dir='ltr'><strong>abjicienda,</strong></span> 
     </span>
    </p>
   </div>
   <div class='ocr_carea' id='block_1_45' title="bbox 259 4268 1842 4337">
    <p class='ocr_par' dir='ltr' id='par_1_45' title="bbox 259 4268 1842 4337">
     <span class='ocr_line' id='line_1_45' title="bbox 259 4268 1842 4337; baseline 0 -15"><span class='ocrx_word' id='word_1_315' title='bbox 259 4269 355 4322; x_wconf 90' lang='lat' dir='ltr'><strong>ubi</strong></span> <span class='ocrx_word' id='word_1_316' title='bbox 383 4268 525 4321; x_wconf 88' lang='lat' dir='ltr'><strong>nulla</strong></span> <span class='ocrx_word' id='word_1_317' title='bbox 547 4276 630 4324; x_wconf 88' lang='lat' dir='ltr'><strong>est</strong></span> <span class='ocrx_word' id='word_1_318' title='bbox 653 4268 878 4324; x_wconf 91' lang='lat' dir='ltr'><strong>ﬁrmitas</strong></span> <span class='ocrx_word' id='word_1_319' title='bbox 903 4270 1165 4334; x_wconf 86' lang='lat' dir='ltr'><strong>veritatis,</strong></span> <span class='ocrx_word' id='word_1_320' title='bbox 1188 4278 1242 4324; x_wconf 90' lang='lat' dir='ltr'><strong>et</strong></span> <span class='ocrx_word' id='word_1_321' title='bbox 1269 4277 1377 4322; x_wconf 92' lang='lat' dir='ltr'><strong>tam</strong></span> <span class='ocrx_word' id='word_1_322' title='bbox 1405 4269 1709 4337; x_wconf 85' lang='lat' dir='ltr'><strong>impudens,</strong></span> <span class='ocrx_word' id='word_1_323' title='bbox 1734 4278 1842 4322; x_wconf 87' lang='lat' dir='ltr'><strong>tam</strong></span> 
     </span>
    </p>
   </div>
   <div class='ocr_carea' id='block_1_46' title="bbox 261 4357 1556 4428">
    <p class='ocr_par' dir='ltr' id='par_1_46' title="bbox 261 4357 1556 4428">
     <span class='ocr_line' id='line_1_46' title="bbox 261 4357 1556 4428; baseline 0 -17"><span class='ocrx_word' id='word_1_324' title='bbox 261 4373 491 4427; x_wconf 82' lang='lat' dir='ltr'><strong>procax,</strong></span> <span class='ocrx_word' id='word_1_325' title='bbox 522 4367 630 4411; x_wconf 91' lang='lat' dir='ltr'><strong>tam</strong></span> <span class='ocrx_word' id='word_1_326' title='bbox 658 4358 902 4428; x_wconf 87' lang='lat' dir='ltr'><strong>petulans</strong></span> <span class='ocrx_word' id='word_1_327' title='bbox 929 4359 1150 4414; x_wconf 85' lang='lat' dir='ltr'><strong>libertas</strong></span> <span class='ocrx_word' id='word_1_328' title='bbox 1174 4369 1258 4414; x_wconf 89' lang='lat' dir='ltr'><strong>est</strong></span> <span class='ocrx_word' id='word_1_329' title='bbox 1286 4357 1556 4413; x_wconf 86' lang='lat' dir='ltr'><strong>falsitatis.</strong></span> 
     </span>
    </p>
   </div>
   <div class='ocr_carea' id='block_1_47' title="bbox 338 4452 1845 4525">
    <p class='ocr_par' dir='ltr' id='par_1_47' title="bbox 338 4452 1845 4525">
     <span class='ocr_line' id='line_1_47' title="bbox 338 4452 1845 4525; baseline 0 -20"><span class='ocrx_word' id='word_1_330' title='bbox 338 4453 494 4520; x_wconf 88' lang='lat' dir='ltr'><strong>Quod</strong></span> <span class='ocrx_word' id='word_1_331' title='bbox 523 4469 650 4509; x_wconf 89' lang='lat' dir='ltr'><strong>vero</strong></span> <span class='ocrx_word' id='word_1_332' title='bbox 671 4454 745 4508; x_wconf 88' lang='lat' dir='ltr'><strong>ait</strong></span> <span class='ocrx_word' id='word_1_333' title='bbox 768 4473 780 4507; x_wconf 91' lang='lat'>:</span> <span class='ocrx_word' id='word_1_334' title='bbox 806 4453 1020 4508; x_wconf 87' lang='lat' dir='ltr'><strong>Omnem</strong></span> <span class='ocrx_word' id='word_1_335' title='bbox 1046 4453 1548 4525; x_wconf 65' lang='lat' dir='ltr'><strong>prwdestinationem</strong></span> <span class='ocrx_word' id='word_1_336' title='bbox 1568 4452 1845 4521; x_wconf 63' lang='lat' dir='ltr'><strong>priest-ien-</strong></span> 
     </span>
    </p>
   </div>
   <div class='ocr_carea' id='block_1_48' title="bbox 265 4541 1843 4612">
    <p class='ocr_par' dir='ltr' id='par_1_48' title="bbox 265 4541 1843 4612">
     <span class='ocr_line' id='line_1_48' title="bbox 265 4541 1843 4612; baseline 0 -16"><span class='ocrx_word' id='word_1_337' title='bbox 265 4544 400 4596; x_wconf 83' lang='lat' dir='ltr'><strong>tiam</strong></span> <span class='ocrx_word' id='word_1_338' title='bbox 429 4559 557 4607; x_wconf 89' lang='lat' dir='ltr'><strong>esse,</strong></span> <span class='ocrx_word' id='word_1_339' title='bbox 603 4559 670 4597; x_wconf 81' lang='lat' dir='ltr'><strong>ex</strong></span> <span class='ocrx_word' id='word_1_340' title='bbox 704 4552 856 4612; x_wconf 87' lang='lat' dir='ltr'><strong>parte</strong></span> <span class='ocrx_word' id='word_1_341' title='bbox 893 4559 1077 4597; x_wconf 88' lang='lat' dir='ltr'><strong>verum</strong></span> <span class='ocrx_word' id='word_1_342' title='bbox 1107 4552 1188 4598; x_wconf 89' lang='lat' dir='ltr'><strong>est</strong></span> <span class='ocrx_word' id='word_1_343' title='bbox 1222 4542 1435 4612; x_wconf 91' lang='lat' dir='ltr'><strong>quidem</strong></span> <span class='ocrx_word' id='word_1_344' title='bbox 1465 4561 1476 4594; x_wconf 92' lang='lat'><strong>:</strong></span> <span class='ocrx_word' id='word_1_345' title='bbox 1503 4541 1637 4608; x_wconf 89' lang='lat' dir='ltr'><strong>Quia</strong></span> <span class='ocrx_word' id='word_1_346' title='bbox 1668 4544 1843 4596; x_wconf 89' lang='lat' dir='ltr'><strong>omnis</strong></span> 
     </span>
    </p>
   </div>
   <div class='ocr_carea' id='block_1_49' title="bbox 263 4632 1845 4704">
    <p class='ocr_par' dir='ltr' id='par_1_49' title="bbox 263 4632 1845 4704">
     <span class='ocr_line' id='line_1_49' title="bbox 263 4632 1845 4704; baseline 0.001 -18"><span class='ocrx_word' id='word_1_347' title='bbox 263 4632 672 4702; x_wconf 75' lang='lat' dir='ltr'><strong>przedestinatio</strong></span> <span class='ocrx_word' id='word_1_348' title='bbox 696 4633 993 4689; x_wconf 85' lang='lat' dir='ltr'><strong>futurorum</strong></span> <span class='ocrx_word' id='word_1_349' title='bbox 1019 4650 1120 4689; x_wconf 91' lang='lat' dir='ltr'><strong>non</strong></span> <span class='ocrx_word' id='word_1_350' title='bbox 1147 4635 1261 4688; x_wconf 88' lang='lat' dir='ltr'><strong>sine</strong></span> <span class='ocrx_word' id='word_1_351' title='bbox 1283 4635 1613 4704; x_wconf 75' lang='lat' dir='ltr'><strong>praescientia</strong></span> <span class='ocrx_word' id='word_1_352' title='bbox 1641 4634 1730 4697; x_wconf 87' lang='lat' dir='ltr'><strong>sit,</strong></span> <span class='ocrx_word' id='word_1_353' title='bbox 1747 4649 1845 4704; x_wconf 91' lang='lat' dir='ltr'><strong>per</strong></span> 
     </span>
    </p>
   </div>
   <div class='ocr_carea' id='block_1_50' title="bbox 265 4724 1844 4795">
    <p class='ocr_par' dir='ltr' id='par_1_50' title="bbox 265 4724 1844 4795">
     <span class='ocr_line' id='line_1_50' title="bbox 265 4724 1844 4795; baseline 0.005 -23"><span class='ocrx_word' id='word_1_354' title='bbox 265 4739 434 4791; x_wconf 85' lang='lat' dir='ltr'><strong>quam</strong></span> <span class='ocrx_word' id='word_1_355' title='bbox 465 4724 576 4793; x_wconf 90' lang='lat' dir='ltr'><strong>ipsa</strong></span> <span class='ocrx_word' id='word_1_356' title='bbox 606 4725 781 4780; x_wconf 89' lang='lat' dir='ltr'><strong>futura</strong></span> <span class='ocrx_word' id='word_1_357' title='bbox 809 4727 1180 4795; x_wconf 61' lang='lat' dir='ltr'><strong>pratsciuntur.</strong></span> <span class='ocrx_word' id='word_1_358' title='bbox 1214 4726 1319 4780; x_wconf 91' lang='lat' dir='ltr'><strong>Sed</strong></span> <span class='ocrx_word' id='word_1_359' title='bbox 1353 4725 1397 4780; x_wconf 87' lang='lat' dir='ltr'><strong>si</strong></span> <span class='ocrx_word' id='word_1_360' title='bbox 1448 4726 1550 4779; x_wconf 92' lang='lat' dir='ltr'><strong>hoc</strong></span> <span class='ocrx_word' id='word_1_361' title='bbox 1585 4725 1705 4780; x_wconf 87' lang='lat' dir='ltr'><strong>ideo</strong></span> <span class='ocrx_word' id='word_1_362' title='bbox 1763 4726 1844 4780; x_wconf 87' lang='lat' dir='ltr'><strong>di-</strong></span> 
     </span>
    </p>
   </div>
   <div class='ocr_carea' id='block_1_51' title="bbox 267 4815 1843 4888">
    <p class='ocr_par' dir='ltr' id='par_1_51' title="bbox 267 4815 1843 4888">
     <span class='ocr_line' id='line_1_51' title="bbox 267 4815 1843 4888; baseline 0.003 -20"><span class='ocrx_word' id='word_1_363' title='bbox 267 4823 422 4868; x_wconf 89' lang='lat' dir='ltr'><strong>ctum</strong></span> <span class='ocrx_word' id='word_1_364' title='bbox 447 4823 551 4882; x_wconf 90' lang='lat' dir='ltr'><strong>est,</strong></span> <span class='ocrx_word' id='word_1_365' title='bbox 577 4816 701 4887; x_wconf 84' lang='lat' dir='ltr'><strong>quia</strong></span> <span class='ocrx_word' id='word_1_366' title='bbox 726 4815 777 4872; x_wconf 86' lang='lat' dir='ltr'><strong>si</strong></span> <span class='ocrx_word' id='word_1_367' title='bbox 798 4816 929 4872; x_wconf 84' lang='lat' dir='ltr'><strong>nihil</strong></span> <span class='ocrx_word' id='word_1_368' title='bbox 951 4817 1177 4888; x_wconf 86' lang='lat' dir='ltr'><strong>amplius</strong></span> <span class='ocrx_word' id='word_1_369' title='bbox 1204 4825 1328 4887; x_wconf 83' lang='lat' dir='ltr'><strong>agat</strong></span> <span class='ocrx_word' id='word_1_370' title='bbox 1355 4816 1757 4886; x_wconf 63' lang='lat' dir='ltr'><strong>prmdcstinatio</strong></span> <span class='ocrx_word' id='word_1_371' title='bbox 1787 4818 1843 4872; x_wconf 89' lang='lat' dir='ltr'><strong>in</strong></span> 
     </span>
    </p>
   </div>
   <div class='ocr_carea' id='block_1_52' title="bbox 1923 553 3495 626">
    <p class='ocr_par' dir='ltr' id='par_1_52' title="bbox 1923 553 3495 626">
     <span class='ocr_line' id='line_1_52' title="bbox 1923 553 3495 626; baseline 0.001 -16"><span class='ocrx_word' id='word_1_372' title='bbox 1923 557 2216 613; x_wconf 82' lang='lat' dir='ltr'><strong>festissime</strong></span> <span class='ocrx_word' id='word_1_373' title='bbox 2244 556 2437 612; x_wconf 90' lang='lat' dir='ltr'><strong>falsum</strong></span> <span class='ocrx_word' id='word_1_374' title='bbox 2465 565 2549 612; x_wconf 88' lang='lat' dir='ltr'><strong>est</strong></span> <span class='ocrx_word' id='word_1_375' title='bbox 2572 572 2586 610; x_wconf 73' lang='grc' dir='ltr'>ε</span> <span class='ocrx_word' id='word_1_376' title='bbox 2612 556 2745 623; x_wconf 84' lang='lat' dir='ltr'><strong>Quia</strong></span> <span class='ocrx_word' id='word_1_377' title='bbox 2772 557 3104 625; x_wconf 66' lang='lat' dir='ltr'><strong>piwscientia</strong></span> <span class='ocrx_word' id='word_1_378' title='bbox 3145 557 3273 626; x_wconf 62' lang='lat' dir='ltr'><strong>ipsa:</strong></span> <span class='ocrx_word' id='word_1_379' title='bbox 3303 571 3390 610; x_wconf 90' lang='lat' dir='ltr'><strong>res</strong></span> <span class='ocrx_word' id='word_1_380' title='bbox 3411 553 3495 611; x_wconf 78' lang='lat' dir='ltr'><strong>fu-</strong></span> 
     </span>
    </p>
   </div>
   <div class='ocr_carea' id='block_1_53' title="bbox 1925 645 3499 716">
    <p class='ocr_par' dir='ltr' id='par_1_53' title="bbox 1925 645 3499 716">
     <span class='ocr_line' id='line_1_53' title="bbox 1925 645 3499 716; baseline -0.001 -16"><span class='ocrx_word' id='word_1_381' title='bbox 1925 655 2059 703; x_wconf 82' lang='lat' dir='ltr'><strong>turae</strong></span> <span class='ocrx_word' id='word_1_382' title='bbox 2085 647 2451 703; x_wconf 87' lang='lat' dir='ltr'><strong>tantummodo</strong></span> <span class='ocrx_word' id='word_1_383' title='bbox 2468 647 2850 716; x_wconf 76' lang='lat' dir='ltr'><strong>praesciuntur;</strong></span> <span class='ocrx_word' id='word_1_384' title='bbox 2886 645 3353 715; x_wconf 69' lang='lat' dir='ltr'><strong>praedestinatione</strong></span> <span class='ocrx_word' id='word_1_385' title='bbox 3368 657 3499 699; x_wconf 82' lang='lat' dir='ltr'><strong>vero</strong></span> 
     </span>
    </p>
   </div>
   <div class='ocr_carea' id='block_1_54' title="bbox 1887 732 3500 807">
    <p class='ocr_par' dir='ltr' id='par_1_54' title="bbox 1887 732 3500 807">
     <span class='ocr_line' id='line_1_54' title="bbox 1887 732 3500 807; baseline -0.004 -13"><span class='ocrx_word' id='word_1_386' title='bbox 1887 799 1896 806; x_wconf 48' lang='grc'><strong>,</strong></span> <span class='ocrx_word' id='word_1_387' title='bbox 1925 740 2088 795; x_wconf 90' lang='lat' dir='ltr'><strong>etiam</strong></span> <span class='ocrx_word' id='word_1_388' title='bbox 2131 746 2465 802; x_wconf 84' lang='lat' dir='ltr'><strong>statuuntur,</strong></span> <span class='ocrx_word' id='word_1_389' title='bbox 2510 736 2882 807; x_wconf 67' lang='lat' dir='ltr'><strong>praaﬁniuntur</strong></span> <span class='ocrx_word' id='word_1_390' title='bbox 2910 744 2965 791; x_wconf 89' lang='lat' dir='ltr'><strong>et</strong></span> <span class='ocrx_word' id='word_1_391' title='bbox 3019 735 3402 790; x_wconf 86' lang='lat' dir='ltr'><strong>decernuntur.</strong></span> <span class='ocrx_word' id='word_1_392' title='bbox 3428 732 3500 791; x_wconf 81' lang='lat' dir='ltr'><strong>Et</strong></span> 
     </span>
    </p>
   </div>
   <div class='ocr_carea' id='block_1_55' title="bbox 1927 826 3496 900">
    <p class='ocr_par' dir='ltr' id='par_1_55' title="bbox 1927 826 3496 900">
     <span class='ocr_line' id='line_1_55' title="bbox 1927 826 3496 900; baseline -0.005 -15"><span class='ocrx_word' id='word_1_393' title='bbox 1927 830 2048 885; x_wconf 90' lang='lat' dir='ltr'><strong>ideo</strong></span> <span class='ocrx_word' id='word_1_394' title='bbox 2070 830 2464 900; x_wconf 71' lang='lat' dir='ltr'><strong>praedestinatio</strong></span> <span class='ocrx_word' id='word_1_395' title='bbox 2491 828 2774 897; x_wconf 89' lang='lat' dir='ltr'><strong>impiorum</strong></span> <span class='ocrx_word' id='word_1_396' title='bbox 2805 827 2870 880; x_wconf 88' lang='lat' dir='ltr'><strong>ad</strong></span> <span class='ocrx_word' id='word_1_397' title='bbox 2895 826 3213 896; x_wconf 86' lang='lat' dir='ltr'><strong>supplicium</strong></span> <span class='ocrx_word' id='word_1_398' title='bbox 3236 833 3496 880; x_wconf 66' lang='lat' dir='ltr'><strong>aeternum</strong></span> 
     </span>
    </p>
   </div>
   <div class='ocr_carea' id='block_1_56' title="bbox 1927 912 3502 987">
    <p class='ocr_par' dir='ltr' id='par_1_56' title="bbox 1927 912 3502 987">
     <span class='ocr_line' id='line_1_56' title="bbox 1927 912 3502 987; baseline -0.006 -12"><span class='ocrx_word' id='word_1_399' title='bbox 1927 935 2035 975; x_wconf 90' lang='lat' dir='ltr'><strong>non</strong></span> <span class='ocrx_word' id='word_1_400' title='bbox 2065 918 2430 973; x_wconf 91' lang='lat' dir='ltr'><strong>tantummodo</strong></span> <span class='ocrx_word' id='word_1_401' title='bbox 2452 915 2738 987; x_wconf 63' lang='lat' dir='ltr'><strong>praescivit,</strong></span> <span class='ocrx_word' id='word_1_402' title='bbox 2768 915 2860 969; x_wconf 90' lang='lat' dir='ltr'><strong>sed</strong></span> <span class='ocrx_word' id='word_1_403' title='bbox 2886 915 3048 968; x_wconf 91' lang='lat' dir='ltr'><strong>etiam</strong></span> <span class='ocrx_word' id='word_1_404' title='bbox 3069 912 3217 980; x_wconf 84' lang='lat' dir='ltr'><strong>justo</strong></span> <span class='ocrx_word' id='word_1_405' title='bbox 3267 921 3321 966; x_wconf 89' lang='lat' dir='ltr'><strong>et</strong></span> <span class='ocrx_word' id='word_1_406' title='bbox 3343 921 3502 967; x_wconf 80' lang='lat' dir='ltr'><strong>aeter-</strong></span> 
     </span>
    </p>
   </div>
   <div class='ocr_carea' id='block_1_57' title="bbox 1926 1001 3498 1078">
    <p class='ocr_par' dir='ltr' id='par_1_57' title="bbox 1926 1001 3498 1078">
     <span class='ocr_line' id='line_1_57' title="bbox 1926 1001 3498 1078; baseline -0.006 -12"><span class='ocrx_word' id='word_1_407' title='bbox 1926 1023 1999 1066; x_wconf 89' lang='lat' dir='ltr'><strong>no</strong></span> <span class='ocrx_word' id='word_1_408' title='bbox 2020 1007 2224 1078; x_wconf 82' lang='lat' dir='ltr'><strong>judicio</strong></span> <span class='ocrx_word' id='word_1_409' title='bbox 2255 1007 2446 1064; x_wconf 87' lang='lat' dir='ltr'><strong>statuit</strong></span> <span class='ocrx_word' id='word_1_410' title='bbox 2490 1019 2556 1060; x_wconf 83' lang='lat' dir='ltr'><strong>ac</strong></span> <span class='ocrx_word' id='word_1_411' title='bbox 2593 1003 2881 1075; x_wconf 80' lang='lat' dir='ltr'><strong>praeﬁuivit</strong></span> <span class='ocrx_word' id='word_1_412' title='bbox 2907 1003 3035 1072; x_wconf 88' lang='lat' dir='ltr'><strong>quid</strong></span> <span class='ocrx_word' id='word_1_413' title='bbox 3063 1013 3243 1058; x_wconf 86' lang='lat' dir='ltr'><strong>essent</strong></span> <span class='ocrx_word' id='word_1_414' title='bbox 3266 1001 3498 1072; x_wconf 87' lang='lat' dir='ltr'><strong>passuri.</strong></span> 
     </span>
    </p>
   </div>
   <div class='ocr_carea' id='block_1_58' title="bbox 2553 1154 2882 1212">
    <p class='ocr_par' dir='ltr' id='par_1_58' title="bbox 2553 1154 2882 1212">
     <span class='ocr_line' id='line_1_58' title="bbox 2553 1154 2882 1212; baseline -0.009 0"><span class='ocrx_word' id='word_1_415' title='bbox 2553 1155 2778 1212; x_wconf 76' lang='lat' dir='ltr'><strong>CAPUT</strong></span> <span class='ocrx_word' id='word_1_416' title='bbox 2813 1154 2882 1209; x_wconf 76' lang='grc' dir='ltr'><strong>Χ.</strong></span> 
     </span>
    </p>
   </div>
   <div class='ocr_carea' id='block_1_59' title="bbox 2000 1285 3507 1364">
    <p class='ocr_par' dir='ltr' id='par_1_59' title="bbox 2000 1285 3507 1364">
     <span class='ocr_line' id='line_1_59' title="bbox 2000 1285 3507 1364; baseline -0.007 -13"><span class='ocrx_word' id='word_1_417' title='bbox 2000 1294 2219 1352; x_wconf 90' lang='lat' dir='ltr'><strong>Decimo</strong></span> <span class='ocrx_word' id='word_1_418' title='bbox 2268 1291 2500 1364; x_wconf 90' lang='lat' dir='ltr'><strong>capitulo</strong></span> <span class='ocrx_word' id='word_1_419' title='bbox 2555 1300 2786 1361; x_wconf 88' lang='lat' dir='ltr'><strong>quatuor</strong></span> <span class='ocrx_word' id='word_1_420' title='bbox 2841 1287 3180 1344; x_wconf 87' lang='lat' dir='ltr'><strong>deﬁnitiones</strong></span> <span class='ocrx_word' id='word_1_421' title='bbox 3217 1285 3369 1355; x_wconf 87' lang='lat' dir='ltr'><strong>ponit</strong></span> <span class='ocrx_word' id='word_1_422' title='bbox 3403 1285 3507 1342; x_wconf 88' lang='lat' dir='ltr'><strong>hcc</strong></span> 
     </span>
    </p>
   </div>
   <div class='ocr_carea' id='block_1_60' title="bbox 1930 1389 2121 1443">
    <p class='ocr_par' dir='ltr' id='par_1_60' title="bbox 1930 1389 2121 1443">
     <span class='ocr_line' id='line_1_60' title="bbox 1930 1389 2121 1443; baseline -0.005 0"><span class='ocrx_word' id='word_1_423' title='bbox 1930 1389 2090 1443; x_wconf 85' lang='lat' dir='ltr'><strong>modo</strong></span> <span class='ocrx_word' id='word_1_424' title='bbox 2107 1406 2121 1442; x_wconf 90' lang='lat'><strong>:</strong></span> 
     </span>
    </p>
   </div>
   <div class='ocr_carea' id='block_1_61' title="bbox 2003 1463 3509 1546">
    <p class='ocr_par' dir='ltr' id='par_1_61' title="bbox 2003 1463 3509 1546">
     <span class='ocr_line' id='line_1_61' title="bbox 2003 1463 3509 1546; baseline -0.011 -13"><span class='ocrx_word' id='word_1_425' title='bbox 2003 1479 2054 1533; x_wconf 78' lang='lat' dir='ltr'><strong>l.</strong></span> <span class='ocrx_word' id='word_1_426' title='bbox 2101 1477 2268 1532; x_wconf 89' lang='lat' dir='ltr'><strong>Deum</strong></span> <span class='ocrx_word' id='word_1_427' title='bbox 2320 1474 2562 1546; x_wconf 69' lang='lat' dir='ltr'><strong>prazscire</strong></span> <span class='ocrx_word' id='word_1_428' title='bbox 2606 1480 2694 1525; x_wconf 87' lang='lat' dir='ltr'><strong>aut</strong></span> <span class='ocrx_word' id='word_1_429' title='bbox 2744 1469 3114 1541; x_wconf 78' lang='lat' dir='ltr'><strong>prwdestinare</strong></span> <span class='ocrx_word' id='word_1_430' title='bbox 3156 1475 3388 1538; x_wconf 86' lang='lat' dir='ltr'><strong>peccata,</strong></span> <span class='ocrx_word' id='word_1_431' title='bbox 3433 1463 3509 1519; x_wconf 81' lang='lat' dir='ltr'><strong>vel</strong></span> 
     </span>
    </p>
   </div>
   <div class='ocr_carea' id='block_1_62' title="bbox 1931 1557 3510 1636">
    <p class='ocr_par' dir='ltr' id='par_1_62' title="bbox 1931 1557 3510 1636">
     <span class='ocr_line' id='line_1_62' title="bbox 1931 1557 3510 1636; baseline -0.011 -13"><span class='ocrx_word' id='word_1_432' title='bbox 1931 1578 2145 1624; x_wconf 86' lang='lat' dir='ltr'><strong>mortem</strong></span> <span class='ocrx_word' id='word_1_433' title='bbox 2172 1566 2250 1621; x_wconf 87' lang='lat' dir='ltr'><strong>vel</strong></span> <span class='ocrx_word' id='word_1_434' title='bbox 2283 1581 2458 1636; x_wconf 71' lang='lat' dir='ltr'><strong>paruas</strong></span> <span class='ocrx_word' id='word_1_435' title='bbox 2493 1561 2758 1616; x_wconf 80' lang='lat' dir='ltr'><strong>hominum</strong></span> <span class='ocrx_word' id='word_1_436' title='bbox 2791 1558 2867 1614; x_wconf 84' lang='lat' dir='ltr'><strong>vel</strong></span> <span class='ocrx_word' id='word_1_437' title='bbox 2895 1557 3196 1629; x_wconf 81' lang='lat' dir='ltr'><strong>angelorum</strong></span> <span class='ocrx_word' id='word_1_438' title='bbox 3228 1573 3260 1608; x_wconf 88' lang='lat' dir='ltr'><strong>a</strong></span> <span class='ocrx_word' id='word_1_439' title='bbox 3302 1563 3510 1608; x_wconf 86' lang='lat' dir='ltr'><strong>contra-</strong></span> 
     </span>
    </p>
   </div>
   <div class='ocr_carea' id='block_1_63' title="bbox 1933 1654 2545 1726">
    <p class='ocr_par' dir='ltr' id='par_1_63' title="bbox 1933 1654 2545 1726">
     <span class='ocr_line' id='line_1_63' title="bbox 1933 1654 2545 1726; baseline -0.01 -14"><span class='ocrx_word' id='word_1_440' title='bbox 1933 1658 2012 1712; x_wconf 81' lang='lat' dir='ltr'><strong>rio</strong></span> <span class='ocrx_word' id='word_1_441' title='bbox 2047 1655 2435 1726; x_wconf 87' lang='lat' dir='ltr'><strong>intelligendum</strong></span> <span class='ocrx_word' id='word_1_442' title='bbox 2458 1654 2545 1707; x_wconf 86' lang='lat' dir='ltr'><strong>sit.</strong></span> 
     </span>
    </p>
   </div>
   <div class='ocr_carea' id='block_1_64' title="bbox 2003 1736 3507 1813">
    <p class='ocr_par' dir='ltr' id='par_1_64' title="bbox 2003 1736 3507 1813">
     <span class='ocr_line' id='line_1_64' title="bbox 2003 1736 3507 1813; baseline -0.011 -12"><span class='ocrx_word' id='word_1_443' title='bbox 2003 1747 2057 1802; x_wconf 74' lang='lat'><strong>2.</strong></span> <span class='ocrx_word' id='word_1_444' title='bbox 2099 1745 2265 1801; x_wconf 90' lang='lat' dir='ltr'><strong>Omne</strong></span> <span class='ocrx_word' id='word_1_445' title='bbox 2289 1743 2486 1798; x_wconf 88' lang='lat' dir='ltr'><strong>malum</strong></span> <span class='ocrx_word' id='word_1_446' title='bbox 2510 1751 2795 1813; x_wconf 87' lang='lat' dir='ltr'><strong>peccatum,</strong></span> <span class='ocrx_word' id='word_1_447' title='bbox 2825 1749 2873 1794; x_wconf 89' lang='lat' dir='ltr'><strong>et</strong></span> <span class='ocrx_word' id='word_1_448' title='bbox 2902 1753 3105 1809; x_wconf 67' lang='lat' dir='ltr'><strong>pinnam</strong></span> <span class='ocrx_word' id='word_1_449' title='bbox 3143 1736 3256 1804; x_wconf 84' lang='lat' dir='ltr'><strong>ejus</strong></span> <span class='ocrx_word' id='word_1_450' title='bbox 3285 1749 3393 1788; x_wconf 88' lang='lat' dir='ltr'><strong>esse</strong></span> <span class='ocrx_word' id='word_1_451' title='bbox 3419 1751 3438 1790; x_wconf 91' lang='lat'><strong><em>:</em></strong></span> <span class='ocrx_word' id='word_1_452' title='bbox 3458 1741 3507 1786; x_wconf 87' lang='lat' dir='ltr'><strong>et</strong></span> 
     </span>
    </p>
   </div>
   <div class='ocr_carea' id='block_1_65' title="bbox 1859 1837 2424 1910">
    <p class='ocr_par' dir='ltr' id='par_1_65' title="bbox 1859 1837 2424 1910">
     <span class='ocr_line' id='line_1_65' title="bbox 1859 1837 2424 1910; baseline -0.014 -12"><span class='ocrx_word' id='word_1_453' title='bbox 1859 1841 2046 1910; x_wconf 75' lang='lat' dir='ltr'><strong>B&#39;hwc</strong></span> <span class='ocrx_word' id='word_1_454' title='bbox 2083 1839 2212 1893; x_wconf 84' lang='lat' dir='ltr'><strong>nihil</strong></span> <span class='ocrx_word' id='word_1_455' title='bbox 2239 1854 2348 1892; x_wconf 84' lang='lat' dir='ltr'><strong>esse</strong></span> <span class='ocrx_word' id='word_1_456' title='bbox 2371 1837 2424 1890; x_wconf 72' lang='grc' dir='ltr'><strong>ι).</strong></span> 
     </span>
    </p>
   </div>
   <div class='ocr_carea' id='block_1_66' title="bbox 2005 1921 3513 1996">
    <p class='ocr_par' dir='ltr' id='par_1_66' title="bbox 2005 1921 3513 1996">
     <span class='ocr_line' id='line_1_66' title="bbox 2005 1921 3513 1996; baseline -0.012 -11"><span class='ocrx_word' id='word_1_457' title='bbox 2005 1932 2058 1985; x_wconf 79' lang='lat'><strong>&#39;5.</strong></span> <span class='ocrx_word' id='word_1_458' title='bbox 2092 1927 2391 1992; x_wconf 85' lang='lat' dir='ltr'><strong>Peccatum,</strong></span> <span class='ocrx_word' id='word_1_459' title='bbox 2419 1926 2634 1996; x_wconf 87' lang='lat' dir='ltr'><strong>ejusque</strong></span> <span class='ocrx_word' id='word_1_460' title='bbox 2675 1921 3066 1990; x_wconf 87' lang='lat' dir='ltr'><strong>consequentias</strong></span> <span class='ocrx_word' id='word_1_461' title='bbox 3089 1921 3142 1972; x_wconf 89' lang='lat' dir='ltr'><strong>in</strong></span> <span class='ocrx_word' id='word_1_462' title='bbox 3171 1927 3336 1970; x_wconf 86' lang='lat' dir='ltr'><strong>morte</strong></span> <span class='ocrx_word' id='word_1_463' title='bbox 3359 1925 3513 1984; x_wconf 84' lang='lat' dir='ltr'><strong>atque</strong></span> 
     </span>
    </p>
   </div>
   <div class='ocr_carea' id='block_1_67' title="bbox 1933 2013 3514 2084">
    <p class='ocr_par' dir='ltr' id='par_1_67' title="bbox 1933 2013 3514 2084">
     <span class='ocr_line' id='line_1_67' title="bbox 1933 2013 3514 2084; baseline -0.01 -7"><span class='ocrx_word' id='word_1_464' title='bbox 1933 2023 2142 2077; x_wconf 87' lang='lat' dir='ltr'><strong>miseria</strong></span> <span class='ocrx_word' id='word_1_465' title='bbox 2165 2020 2494 2083; x_wconf 87' lang='lat' dir='ltr'><strong>constitutas,</strong></span> <span class='ocrx_word' id='word_1_466' title='bbox 2526 2035 2628 2071; x_wconf 87' lang='lat' dir='ltr'><strong>non</strong></span> <span class='ocrx_word' id='word_1_467' title='bbox 2658 2015 2802 2070; x_wconf 86' lang='lat' dir='ltr'><strong>aliud</strong></span> <span class='ocrx_word' id='word_1_468' title='bbox 2834 2031 2941 2070; x_wconf 88' lang='lat' dir='ltr'><strong>esse</strong></span> <span class='ocrx_word' id='word_1_469' title='bbox 2968 2030 3124 2084; x_wconf 89' lang='lat' dir='ltr'><strong>quam</strong></span> <span class='ocrx_word' id='word_1_470' title='bbox 3155 2013 3368 2080; x_wconf 72' lang='lat' dir='ltr'><strong>integra:</strong></span> <span class='ocrx_word' id='word_1_471' title='bbox 3393 2014 3514 2063; x_wconf 70' lang='lat' dir='ltr'><strong>vitta</strong></span> 
     </span>
    </p>
   </div>
   <div class='ocr_carea' id='block_1_68' title="bbox 1935 2100 3515 2181">
    <p class='ocr_par' dir='ltr' id='par_1_68' title="bbox 1935 2100 3515 2181">
     <span class='ocr_line' id='line_1_68' title="bbox 1935 2100 3515 2181; baseline -0.01 -15"><span class='ocrx_word' id='word_1_472' title='bbox 1935 2114 2196 2181; x_wconf 69' lang='lat' dir='ltr'><strong>beatwque</strong></span> <span class='ocrx_word' id='word_1_473' title='bbox 2232 2109 2606 2178; x_wconf 83' lang='lat' dir='ltr'><strong>corruptiones,</strong></span> <span class='ocrx_word' id='word_1_474' title='bbox 2651 2108 2726 2160; x_wconf 90' lang='lat' dir='ltr'><strong>ita</strong></span> <span class='ocrx_word' id='word_1_475' title='bbox 2779 2115 2832 2160; x_wconf 92' lang='lat' dir='ltr'><strong>ut</strong></span> <span class='ocrx_word' id='word_1_476' title='bbox 2864 2103 3068 2174; x_wconf 84' lang='lat' dir='ltr'><strong>singula</strong></span> <span class='ocrx_word' id='word_1_477' title='bbox 3099 2100 3317 2170; x_wconf 83' lang='lat' dir='ltr'><strong>singulis</strong></span> <span class='ocrx_word' id='word_1_478' title='bbox 3352 2115 3515 2169; x_wconf 85' lang='lat' dir='ltr'><strong>oppo-</strong></span> 
     </span>
    </p>
   </div>
   <div class='ocr_carea' id='block_1_69' title="bbox 1937 2190 3512 2266">
    <p class='ocr_par' dir='ltr' id='par_1_69' title="bbox 1937 2190 3512 2266">
     <span class='ocr_line' id='line_1_69' title="bbox 1937 2190 3512 2266; baseline -0.01 -12"><span class='ocrx_word' id='word_1_479' title='bbox 1937 2211 2149 2254; x_wconf 83' lang='lat' dir='ltr'><strong>nuntur.</strong></span> <span class='ocrx_word' id='word_1_480' title='bbox 2209 2197 2504 2266; x_wconf 81' lang='lat' dir='ltr'><strong>Integritati</strong></span> <span class='ocrx_word' id='word_1_481' title='bbox 2557 2196 2764 2265; x_wconf 84' lang='lat' dir='ltr'><strong>quidem</strong></span> <span class='ocrx_word' id='word_1_482' title='bbox 2823 2205 3128 2264; x_wconf 85' lang='lat' dir='ltr'><strong>peccatum,</strong></span> <span class='ocrx_word' id='word_1_483' title='bbox 3189 2190 3306 2244; x_wconf 74' lang='lat' dir='ltr'><strong>vita:</strong></span> <span class='ocrx_word' id='word_1_484' title='bbox 3352 2203 3512 2251; x_wconf 83' lang='lat' dir='ltr'><strong>mors,</strong></span> 
     </span>
    </p>
   </div>
   <div class='ocr_carea' id='block_1_70' title="bbox 1937 2281 3511 2358">
    <p class='ocr_par' dir='ltr' id='par_1_70' title="bbox 1937 2281 3511 2358">
     <span class='ocr_line' id='line_1_70' title="bbox 1937 2281 3511 2358; baseline -0.01 -15"><span class='ocrx_word' id='word_1_485' title='bbox 1937 2288 2242 2344; x_wconf 83' lang='lat' dir='ltr'><strong>beatitudini</strong></span> <span class='ocrx_word' id='word_1_486' title='bbox 2266 2287 2496 2340; x_wconf 85' lang='lat' dir='ltr'><strong>miseria.</strong></span> <span class='ocrx_word' id='word_1_487' title='bbox 2529 2284 2633 2338; x_wconf 82' lang='lat' dir='ltr'><strong>Illa</strong></span> <span class='ocrx_word' id='word_1_488' title='bbox 2663 2293 2804 2349; x_wconf 88' lang='lat' dir='ltr'><strong>sunt,</strong></span> <span class='ocrx_word' id='word_1_489' title='bbox 2848 2283 2959 2358; x_wconf 72' lang='lat' dir='ltr'><strong>lucc</strong></span> <span class='ocrx_word' id='word_1_490' title='bbox 2983 2281 3184 2350; x_wconf 82' lang='lat' dir='ltr'><strong>penitus</strong></span> <span class='ocrx_word' id='word_1_491' title='bbox 3231 2294 3333 2331; x_wconf 91' lang='lat' dir='ltr'><strong>non</strong></span> <span class='ocrx_word' id='word_1_492' title='bbox 3369 2285 3511 2330; x_wconf 87' lang='lat' dir='ltr'><strong>sunt.</strong></span> 
     </span>
    </p>
   </div>
   <div class='ocr_carea' id='block_1_71' title="bbox 2005 2366 3518 2445">
    <p class='ocr_par' dir='ltr' id='par_1_71' title="bbox 2005 2366 3518 2445">
     <span class='ocr_line' id='line_1_71' title="bbox 2005 2366 3518 2445; baseline -0.01 -13"><span class='ocrx_word' id='word_1_493' title='bbox 2005 2379 2060 2432; x_wconf 74' lang='grc'><strong>4.</strong></span> <span class='ocrx_word' id='word_1_494' title='bbox 2088 2377 2306 2433; x_wconf 88' lang='lat' dir='ltr'><strong>Omnem</strong></span> <span class='ocrx_word' id='word_1_495' title='bbox 2335 2391 2586 2445; x_wconf 75' lang='lat' dir='ltr'><strong>perversa:</strong></span> <span class='ocrx_word' id='word_1_496' title='bbox 2633 2373 2910 2428; x_wconf 84' lang='lat' dir='ltr'><strong>voluntatis</strong></span> <span class='ocrx_word' id='word_1_497' title='bbox 2945 2371 3203 2439; x_wconf 75' lang='lat' dir='ltr'><strong>defectum</strong></span> <span class='ocrx_word' id='word_1_498' title='bbox 3247 2366 3322 2421; x_wconf 83' lang='lat' dir='ltr'><strong>vel</strong></span> <span class='ocrx_word' id='word_1_499' title='bbox 3349 2367 3518 2436; x_wconf 82' lang='lat' dir='ltr'><strong>priva-</strong></span> 
     </span>
    </p>
   </div>
   <div class='ocr_carea' id='block_1_72' title="bbox 1937 2455 3514 2534">
    <p class='ocr_par' dir='ltr' id='par_1_72' title="bbox 1937 2455 3514 2534">
     <span class='ocr_line' id='line_1_72' title="bbox 1937 2455 3514 2534; baseline -0.01 -12"><span class='ocrx_word' id='word_1_500' title='bbox 1937 2469 2128 2523; x_wconf 86' lang='lat' dir='ltr'><strong>tionem</strong></span> <span class='ocrx_word' id='word_1_501' title='bbox 2173 2467 2249 2521; x_wconf 85' lang='lat' dir='ltr'><strong>vel</strong></span> <span class='ocrx_word' id='word_1_502' title='bbox 2288 2475 2554 2534; x_wconf 86' lang='lat' dir='ltr'><strong>peccatum</strong></span> <span class='ocrx_word' id='word_1_503' title='bbox 2583 2503 2598 2527; x_wconf 96' lang='lat'><strong>,</strong></span> <span class='ocrx_word' id='word_1_504' title='bbox 2637 2463 2858 2531; x_wconf 76' lang='lat' dir='ltr'><strong>ﬁnisque</strong></span> <span class='ocrx_word' id='word_1_505' title='bbox 2901 2461 3064 2530; x_wconf 86' lang='lat' dir='ltr'><strong>ipsius</strong></span> <span class='ocrx_word' id='word_1_506' title='bbox 3101 2473 3240 2512; x_wconf 89' lang='lat' dir='ltr'><strong>mors</strong></span> <span class='ocrx_word' id='word_1_507' title='bbox 3273 2455 3514 2508; x_wconf 89' lang='lat' dir='ltr'><strong>miseria-</strong></span> 
     </span>
    </p>
   </div>
   <div class='ocr_carea' id='block_1_73' title="bbox 1937 2546 3516 2631">
    <p class='ocr_par' dir='ltr' id='par_1_73' title="bbox 1937 2546 3516 2631">
     <span class='ocr_line' id='line_1_73' title="bbox 1937 2546 3516 2631; baseline -0.012 -16"><span class='ocrx_word' id='word_1_508' title='bbox 1937 2577 2036 2631; x_wconf 88' lang='lat' dir='ltr'><strong>que</strong></span> <span class='ocrx_word' id='word_1_509' title='bbox 2063 2557 2435 2629; x_wconf 87' lang='lat' dir='ltr'><strong>suppliciorum</strong></span> <span class='ocrx_word' id='word_1_510' title='bbox 2479 2564 2793 2609; x_wconf 67' lang='lat' dir='ltr'><strong>aeternorum</strong></span> <span class='ocrx_word' id='word_1_511' title='bbox 2842 2551 3050 2605; x_wconf 86' lang='lat' dir='ltr'><strong>omnino</strong></span> <span class='ocrx_word' id='word_1_512' title='bbox 3087 2546 3218 2602; x_wconf 84' lang='lat' dir='ltr'><strong>nihil</strong></span> <span class='ocrx_word' id='word_1_513' title='bbox 3256 2561 3405 2610; x_wconf 84' lang='lat' dir='ltr'><strong>esse;</strong></span> <span class='ocrx_word' id='word_1_514' title='bbox 3453 2557 3516 2597; x_wconf 87' lang='lat' dir='ltr'><strong>ac</strong></span> 
     </span>
    </p>
   </div>
   <div class='ocr_carea' id='block_1_74' title="bbox 1937 2639 3080 2720">
    <p class='ocr_par' dir='ltr' id='par_1_74' title="bbox 1937 2639 3080 2720">
     <span class='ocr_line' id='line_1_74' title="bbox 1937 2639 3080 2720; baseline -0.013 -15"><span class='ocrx_word' id='word_1_515' title='bbox 1937 2666 2030 2720; x_wconf 89' lang='lat' dir='ltr'><strong>per</strong></span> <span class='ocrx_word' id='word_1_516' title='bbox 2053 2650 2148 2701; x_wconf 83' lang='lat' dir='ltr'><strong>hoc</strong></span> <span class='ocrx_word' id='word_1_517' title='bbox 2177 2663 2265 2699; x_wconf 90' lang='lat' dir='ltr'><strong>nec</strong></span> <span class='ocrx_word' id='word_1_518' title='bbox 2293 2643 2545 2714; x_wconf 76' lang='lat' dir='ltr'><strong>prwsciri,</strong></span> <span class='ocrx_word' id='word_1_519' title='bbox 2580 2659 2672 2696; x_wconf 90' lang='lat' dir='ltr'><strong>nec</strong></span> <span class='ocrx_word' id='word_1_520' title='bbox 2699 2639 3080 2711; x_wconf 73' lang='lat' dir='ltr'><strong>prwdestinari.</strong></span> 
     </span>
    </p>
   </div>
   <div class='ocr_carea' id='block_1_75' title="bbox 2009 2724 3515 2803">
    <p class='ocr_par' dir='ltr' id='par_1_75' title="bbox 2009 2724 3515 2803">
     <span class='ocr_line' id='line_1_75' title="bbox 2009 2724 3515 2803; baseline -0.01 -12"><span class='ocrx_word' id='word_1_521' title='bbox 2009 2737 2148 2792; x_wconf 88' lang='lat' dir='ltr'><strong>Ecce</strong></span> <span class='ocrx_word' id='word_1_522' title='bbox 2176 2736 2242 2789; x_wconf 89' lang='lat' dir='ltr'><strong>ad</strong></span> <span class='ocrx_word' id='word_1_523' title='bbox 2277 2733 2405 2803; x_wconf 90' lang='lat' dir='ltr'><strong>quid</strong></span> <span class='ocrx_word' id='word_1_524' title='bbox 2434 2732 2688 2800; x_wconf 90' lang='lat' dir='ltr'><strong>perducta</strong></span> <span class='ocrx_word' id='word_1_525' title='bbox 2725 2737 2809 2784; x_wconf 90' lang='lat' dir='ltr'><strong>est</strong></span> <span class='ocrx_word' id='word_1_526' title='bbox 2850 2729 2951 2783; x_wconf 90' lang='lat' dir='ltr'><strong>ista</strong></span> <span class='ocrx_word' id='word_1_527' title='bbox 2984 2727 3245 2782; x_wconf 87' lang='lat' dir='ltr'><strong>diabolica</strong></span> <span class='ocrx_word' id='word_1_528' title='bbox 3273 2724 3515 2794; x_wconf 84' lang='lat' dir='ltr'><strong>disputa-</strong></span> 
     </span>
    </p>
   </div>
   <div class='ocr_carea' id='block_1_76' title="bbox 1940 2812 3511 2897">
    <p class='ocr_par' dir='ltr' id='par_1_76' title="bbox 1940 2812 3511 2897">
     <span class='ocr_line' id='line_1_76' title="bbox 1940 2812 3511 2897; baseline -0.011 -13"><span class='ocrx_word' id='word_1_529' title='bbox 1940 2829 2037 2894; x_wconf 93' lang='lat' dir='ltr'><strong>tio,</strong></span> <span class='ocrx_word' id='word_1_530' title='bbox 2083 2835 2142 2881; x_wconf 92' lang='lat' dir='ltr'><strong>ut</strong></span> <span class='ocrx_word' id='word_1_531' title='bbox 2188 2825 2348 2897; x_wconf 79' lang='lat' dir='ltr'><strong>homo</strong></span> <span class='ocrx_word' id='word_1_532' title='bbox 2390 2820 2622 2891; x_wconf 90' lang='lat' dir='ltr'><strong>quivult</strong></span> <span class='ocrx_word' id='word_1_533' title='bbox 2662 2819 2832 2874; x_wconf 90' lang='lat' dir='ltr'><strong>videri</strong></span> <span class='ocrx_word' id='word_1_534' title='bbox 2879 2816 3238 2880; x_wconf 87' lang='lat' dir='ltr'><strong>Christianus,</strong></span> <span class='ocrx_word' id='word_1_535' title='bbox 3279 2812 3511 2884; x_wconf 77' lang='lat' dir='ltr'><strong>paganis</strong></span> 
     </span>
    </p>
   </div>
   <div class='ocr_carea' id='block_1_77' title="bbox 1939 2904 3511 2982">
    <p class='ocr_par' dir='ltr' id='par_1_77' title="bbox 1939 2904 3511 2982">
     <span class='ocr_line' id='line_1_77' title="bbox 1939 2904 3511 2982; baseline -0.012 -8"><span class='ocrx_word' id='word_1_536' title='bbox 1939 2927 1996 2974; x_wconf 89' lang='lat' dir='ltr'><strong>et</strong></span> <span class='ocrx_word' id='word_1_537' title='bbox 2023 2915 2299 2972; x_wconf 89' lang='lat' dir='ltr'><strong>diabolicis</strong></span> <span class='ocrx_word' id='word_1_538' title='bbox 2339 2908 2891 2982; x_wconf 87' lang='lat' dir='ltr'><strong>argumentationibus</strong></span> <span class='ocrx_word' id='word_1_539' title='bbox 2936 2921 3149 2963; x_wconf 91' lang='lat' dir='ltr'><strong>omnem</strong></span> <span class='ocrx_word' id='word_1_540' title='bbox 3188 2904 3344 2958; x_wconf 88' lang='lat' dir='ltr'><strong>ﬁdem</strong></span> <span class='ocrx_word' id='word_1_541' title='bbox 3375 2917 3511 2973; x_wconf 70' lang='lat' dir='ltr'><strong>pm-</strong></span> 
     </span>
    </p>
   </div>
   <div class='ocr_carea' id='block_1_78' title="bbox 1941 2992 3514 3074">
    <p class='ocr_par' dir='ltr' id='par_1_78' title="bbox 1941 2992 3514 3074">
     <span class='ocr_line' id='line_1_78' title="bbox 1941 2992 3514 3074; baseline -0.012 -11"><span class='ocrx_word' id='word_1_542' title='bbox 1941 3007 2178 3064; x_wconf 77' lang='lat' dir='ltr'><strong>scientia:</strong></span> <span class='ocrx_word' id='word_1_543' title='bbox 2202 3013 2255 3058; x_wconf 91' lang='lat' dir='ltr'><strong>et</strong></span> <span class='ocrx_word' id='word_1_544' title='bbox 2281 2999 2762 3074; x_wconf 63' lang='lat' dir='ltr'><strong>praedestinationis</strong></span> <span class='ocrx_word' id='word_1_545' title='bbox 2783 2997 2994 3061; x_wconf 70' lang='lat' dir='ltr'><strong>divinae,</strong></span> <span class='ocrx_word' id='word_1_546' title='bbox 3019 3009 3124 3064; x_wconf 89' lang='lat' dir='ltr'><strong>qua</strong></span> <span class='ocrx_word' id='word_1_547' title='bbox 3147 2992 3340 3062; x_wconf 91' lang='lat' dir='ltr'><strong>impios</strong></span> <span class='ocrx_word' id='word_1_548' title='bbox 3375 3005 3514 3061; x_wconf 70' lang='lat' dir='ltr'><strong>pra:-</strong></span> 
     </span>
    </p>
   </div>
   <div class='ocr_carea' id='block_1_79' title="bbox 1945 3082 3517 3165">
    <p class='ocr_par' dir='ltr' id='par_1_79' title="bbox 1945 3082 3517 3165">
     <span class='ocr_line' id='line_1_79' title="bbox 1945 3082 3517 3165; baseline -0.012 -11"><span class='ocrx_word' id='word_1_549' title='bbox 1945 3099 2101 3155; x_wconf 88' lang='lat' dir='ltr'><strong>scivit</strong></span> <span class='ocrx_word' id='word_1_550' title='bbox 2122 3106 2177 3152; x_wconf 91' lang='lat' dir='ltr'><strong>et</strong></span> <span class='ocrx_word' id='word_1_551' title='bbox 2220 3092 2618 3165; x_wconf 66' lang='lat' dir='ltr'><strong>praedestinavit</strong></span> <span class='ocrx_word' id='word_1_552' title='bbox 2638 3105 2756 3146; x_wconf 90' lang='lat' dir='ltr'><strong>esse</strong></span> <span class='ocrx_word' id='word_1_553' title='bbox 2792 3087 3140 3150; x_wconf 89' lang='lat' dir='ltr'><strong>damnandos,</strong></span> <span class='ocrx_word' id='word_1_554' title='bbox 3173 3093 3432 3154; x_wconf 90' lang='lat' dir='ltr'><strong>quantum</strong></span> <span class='ocrx_word' id='word_1_555' title='bbox 3459 3082 3517 3136; x_wconf 89' lang='lat' dir='ltr'><strong>in</strong></span> 
     </span>
    </p>
   </div>
   <div class='ocr_carea' id='block_1_80' title="bbox 1869 3170 3520 3269">
    <p class='ocr_par' dir='ltr' id='par_1_80' title="bbox 1869 3170 3520 3269">
     <span class='ocr_line' id='line_1_80' title="bbox 1869 3170 3520 3269; baseline -0.013 -24"><span class='ocrx_word' id='word_1_556' title='bbox 1869 3207 1914 3269; x_wconf 74' lang='grc' dir='ltr'><strong>ρ</strong></span> <span class='ocrx_word' id='word_1_557' title='bbox 1947 3205 2004 3244; x_wconf 88' lang='lat' dir='ltr'><strong>se</strong></span> <span class='ocrx_word' id='word_1_558' title='bbox 2027 3198 2128 3252; x_wconf 89' lang='lat' dir='ltr'><strong>est,</strong></span> <span class='ocrx_word' id='word_1_559' title='bbox 2161 3187 2436 3242; x_wconf 87' lang='lat' dir='ltr'><strong>subvertat</strong></span> <span class='ocrx_word' id='word_1_560' title='bbox 2457 3191 2512 3238; x_wconf 89' lang='lat' dir='ltr'><strong>et</strong></span> <span class='ocrx_word' id='word_1_561' title='bbox 2554 3183 2815 3242; x_wconf 90' lang='lat' dir='ltr'><strong>destruat,</strong></span> <span class='ocrx_word' id='word_1_562' title='bbox 2851 3193 2957 3232; x_wconf 91' lang='lat' dir='ltr'><strong>non</strong></span> <span class='ocrx_word' id='word_1_563' title='bbox 2988 3176 3159 3232; x_wconf 85' lang='lat' dir='ltr'><strong>solum</strong></span> <span class='ocrx_word' id='word_1_564' title='bbox 3185 3174 3391 3269; x_wconf 72' lang='lat' dir='ltr'><strong>justum</strong></span> <span class='ocrx_word' id='word_1_565' title='bbox 3422 3170 3520 3225; x_wconf 86' lang='lat' dir='ltr'><strong>Dei</strong></span> 
     </span>
    </p>
   </div>
   <div class='ocr_carea' id='block_1_81' title="bbox 1941 3265 3521 3355">
    <p class='ocr_par' dir='ltr' id='par_1_81' title="bbox 1941 3265 3521 3355">
     <span class='ocr_line' id='line_1_81' title="bbox 1941 3265 3521 3355; baseline -0.015 -17"><span class='ocrx_word' id='word_1_566' title='bbox 1941 3284 2224 3355; x_wconf 86' lang='lat' dir='ltr'><strong>judicium,</strong></span> <span class='ocrx_word' id='word_1_567' title='bbox 2246 3288 2301 3336; x_wconf 92' lang='lat' dir='ltr'><strong>et</strong></span> <span class='ocrx_word' id='word_1_568' title='bbox 2327 3287 2582 3332; x_wconf 58' lang='lat' dir='ltr'><strong>aeternum</strong></span> <span class='ocrx_word' id='word_1_569' title='bbox 2605 3283 2765 3343; x_wconf 84' lang='lat' dir='ltr'><strong>atque</strong></span> <span class='ocrx_word' id='word_1_570' title='bbox 2796 3267 3230 3326; x_wconf 89' lang='lat' dir='ltr'><strong>incommutabile</strong></span> <span class='ocrx_word' id='word_1_571' title='bbox 3257 3265 3373 3334; x_wconf 86' lang='lat' dir='ltr'><strong>ejus</strong></span> <span class='ocrx_word' id='word_1_572' title='bbox 3393 3278 3521 3355; x_wconf 83' lang='lat' dir='ltr'><strong>con-</strong></span> 
     </span>
    </p>
   </div>
   <div class='ocr_carea' id='block_1_82' title="bbox 1946 3353 3522 3429">
    <p class='ocr_par' dir='ltr' id='par_1_82' title="bbox 1946 3353 3522 3429">
     <span class='ocr_line' id='line_1_82' title="bbox 1946 3353 3522 3429; baseline -0.016 -1"><span class='ocrx_word' id='word_1_573' title='bbox 1946 3353 2122 3429; x_wconf 83' lang='lat' dir='ltr'><strong>silium</strong></span> <span class='ocrx_word' id='word_1_574' title='bbox 2170 3371 2222 3425; x_wconf 91' lang='lat' dir='ltr'><strong>in</strong></span> <span class='ocrx_word' id='word_1_575' title='bbox 2251 3383 2436 3424; x_wconf 89' lang='lat' dir='ltr'><strong>eorum</strong></span> <span class='ocrx_word' id='word_1_576' title='bbox 2489 3363 2831 3420; x_wconf 88' lang='lat' dir='ltr'><strong>damnatione</strong></span> <span class='ocrx_word' id='word_1_577' title='bbox 2881 3372 3186 3422; x_wconf 88' lang='lat' dir='ltr'><strong>evacuans;</strong></span> <span class='ocrx_word' id='word_1_578' title='bbox 3220 3355 3314 3410; x_wconf 91' lang='lat' dir='ltr'><strong>sed</strong></span> <span class='ocrx_word' id='word_1_579' title='bbox 3357 3353 3522 3406; x_wconf 84' lang='lat' dir='ltr'><strong>etiam</strong></span> 
     </span>
    </p>
   </div>
   <div class='ocr_carea' id='block_1_83' title="bbox 1948 3444 3524 3531">
    <p class='ocr_par' dir='ltr' id='par_1_83' title="bbox 1948 3444 3524 3531">
     <span class='ocr_line' id='line_1_83' title="bbox 1948 3444 3524 3531; baseline -0.015 -16"><span class='ocrx_word' id='word_1_580' title='bbox 1948 3469 2246 3531; x_wconf 88' lang='lat' dir='ltr'><strong>peccatum,</strong></span> <span class='ocrx_word' id='word_1_581' title='bbox 2277 3466 2330 3512; x_wconf 90' lang='lat' dir='ltr'><strong>et</strong></span> <span class='ocrx_word' id='word_1_582' title='bbox 2362 3469 2577 3510; x_wconf 89' lang='lat' dir='ltr'><strong>omnem</strong></span> <span class='ocrx_word' id='word_1_583' title='bbox 2607 3465 2819 3521; x_wconf 63' lang='lat' dir='ltr'><strong>poenam</strong></span> <span class='ocrx_word' id='word_1_584' title='bbox 2878 3463 2943 3502; x_wconf 93' lang='lat' dir='ltr'><strong>ac</strong></span> <span class='ocrx_word' id='word_1_585' title='bbox 2979 3444 3373 3500; x_wconf 86' lang='lat' dir='ltr'><strong>damnationem</strong></span> <span class='ocrx_word' id='word_1_586' title='bbox 3402 3454 3524 3510; x_wconf 67' lang='lat' dir='ltr'><strong>qua:</strong></span> 
     </span>
    </p>
   </div>
   <div class='ocr_carea' id='block_1_84' title="bbox 1947 3531 3524 3621">
    <p class='ocr_par' dir='ltr' id='par_1_84' title="bbox 1947 3531 3524 3621">
     <span class='ocr_line' id='line_1_84' title="bbox 1947 3531 3524 3621; baseline -0.013 -17"><span class='ocrx_word' id='word_1_587' title='bbox 1947 3559 2226 3621; x_wconf 89' lang='lat' dir='ltr'><strong>peccatum</strong></span> <span class='ocrx_word' id='word_1_588' title='bbox 2255 3553 2539 3601; x_wconf 88' lang='lat' dir='ltr'><strong>consecuta</strong></span> <span class='ocrx_word' id='word_1_589' title='bbox 2570 3550 2718 3606; x_wconf 89' lang='lat' dir='ltr'><strong>sunt,</strong></span> <span class='ocrx_word' id='word_1_590' title='bbox 2768 3538 2900 3593; x_wconf 89' lang='lat' dir='ltr'><strong>nihil</strong></span> <span class='ocrx_word' id='word_1_591' title='bbox 2926 3553 3046 3592; x_wconf 91' lang='lat' dir='ltr'><strong>esse</strong></span> <span class='ocrx_word' id='word_1_592' title='bbox 3071 3534 3418 3590; x_wconf 90' lang='lat' dir='ltr'><strong>contendens.</strong></span> <span class='ocrx_word' id='word_1_593' title='bbox 3446 3531 3524 3585; x_wconf 88' lang='lat' dir='ltr'><strong>Ac</strong></span> 
     </span>
    </p>
   </div>
   <div class='ocr_carea' id='block_1_85' title="bbox 1947 3624 3523 3712">
    <p class='ocr_par' dir='ltr' id='par_1_85' title="bbox 1947 3624 3523 3712">
     <span class='ocr_line' id='line_1_85' title="bbox 1947 3624 3523 3712; baseline -0.014 -17"><span class='ocrx_word' id='word_1_594' title='bbox 1947 3656 2042 3712; x_wconf 91' lang='lat' dir='ltr'><strong>per</strong></span> <span class='ocrx_word' id='word_1_595' title='bbox 2072 3641 2192 3700; x_wconf 89' lang='lat' dir='ltr'><strong>hoc,</strong></span> <span class='ocrx_word' id='word_1_596' title='bbox 2249 3637 2372 3706; x_wconf 90' lang='lat' dir='ltr'><strong>quia</strong></span> <span class='ocrx_word' id='word_1_597' title='bbox 2418 3633 2548 3688; x_wconf 91' lang='lat' dir='ltr'><strong>nihil</strong></span> <span class='ocrx_word' id='word_1_598' title='bbox 2590 3632 2715 3689; x_wconf 89' lang='lat' dir='ltr'><strong>sint.</strong></span> <span class='ocrx_word' id='word_1_599' title='bbox 2769 3644 2866 3684; x_wconf 90' lang='lat' dir='ltr'><strong>nec</strong></span> <span class='ocrx_word' id='word_1_600' title='bbox 2891 3626 3129 3696; x_wconf 71' lang='lat' dir='ltr'><strong>pnesciri</strong></span> <span class='ocrx_word' id='word_1_601' title='bbox 3161 3642 3190 3679; x_wconf 93' lang='lat' dir='ltr'><strong>a</strong></span> <span class='ocrx_word' id='word_1_602' title='bbox 3225 3624 3365 3685; x_wconf 90' lang='lat' dir='ltr'><strong>Deo,</strong></span> <span class='ocrx_word' id='word_1_603' title='bbox 3420 3635 3523 3712; x_wconf 72' lang='lat' dir='ltr'><strong>inec</strong></span> 
     </span>
    </p>
   </div>
   <div class='ocr_carea' id='block_1_86' title="bbox 1945 3708 3524 3801">
    <p class='ocr_par' dir='ltr' id='par_1_86' title="bbox 1945 3708 3524 3801">
     <span class='ocr_line' id='line_1_86' title="bbox 1945 3708 3524 3801; baseline -0.013 -17"><span class='ocrx_word' id='word_1_604' title='bbox 1945 3708 2310 3801; x_wconf 67' lang='lat' dir='ltr'><strong>prmdestitiari</strong></span> <span class='ocrx_word' id='word_1_605' title='bbox 2337 3724 2597 3794; x_wconf 87' lang='lat' dir='ltr'><strong>potuisse.</strong></span> <span class='ocrx_word' id='word_1_606' title='bbox 2627 3720 2705 3774; x_wconf 90' lang='lat' dir='ltr'><strong>lta</strong></span> <span class='ocrx_word' id='word_1_607' title='bbox 2741 3727 2797 3771; x_wconf 93' lang='lat' dir='ltr'><strong>ut</strong></span> <span class='ocrx_word' id='word_1_608' title='bbox 2821 3718 3124 3784; x_wconf 87' lang='lat' dir='ltr'><strong>ubicunque</strong></span> <span class='ocrx_word' id='word_1_609' title='bbox 3152 3715 3205 3767; x_wconf 92' lang='lat' dir='ltr'><strong>in</strong></span> <span class='ocrx_word' id='word_1_610' title='bbox 3228 3708 3524 3780; x_wconf 82' lang='lat' dir='ltr'><strong>Scripturis</strong></span> 
     </span>
    </p>
   </div>
   <div class='ocr_carea' id='block_1_87' title="bbox 1945 3802 3525 3882">
    <p class='ocr_par' dir='ltr' id='par_1_87' title="bbox 1945 3802 3525 3882">
     <span class='ocr_line' id='line_1_87' title="bbox 1945 3802 3525 3882; baseline -0.012 -7"><span class='ocrx_word' id='word_1_611' title='bbox 1945 3821 2168 3880; x_wconf 88' lang='lat' dir='ltr'><strong>sanctis,</strong></span> <span class='ocrx_word' id='word_1_612' title='bbox 2208 3818 2320 3872; x_wconf 86' lang='lat' dir='ltr'><strong>sive</strong></span> <span class='ocrx_word' id='word_1_613' title='bbox 2350 3816 2401 3869; x_wconf 90' lang='lat' dir='ltr'><strong>in</strong></span> <span class='ocrx_word' id='word_1_614' title='bbox 2453 3812 2794 3882; x_wconf 82' lang='lat' dir='ltr'><strong>dogmatibus</strong></span> <span class='ocrx_word' id='word_1_615' title='bbox 2813 3809 3032 3862; x_wconf 86' lang='lat' dir='ltr'><strong>Patrum</strong></span> <span class='ocrx_word' id='word_1_616' title='bbox 3073 3806 3198 3858; x_wconf 88' lang='lat' dir='ltr'><strong>talia</strong></span> <span class='ocrx_word' id='word_1_617' title='bbox 3241 3802 3525 3872; x_wconf 69' lang='lat' dir='ltr'><strong>praescisse</strong></span> 
     </span>
    </p>
   </div>
   <div class='ocr_carea' id='block_1_88' title="bbox 1943 3886 3530 3978">
    <p class='ocr_par' dir='ltr' id='par_1_88' title="bbox 1943 3886 3530 3978">
     <span class='ocr_line' id='line_1_88' title="bbox 1943 3886 3530 3978; baseline -0.014 -11"><span class='ocrx_word' id='word_1_618' title='bbox 1943 3920 1999 3967; x_wconf 89' lang='lat' dir='ltr'><strong>et</strong></span> <span class='ocrx_word' id='word_1_619' title='bbox 2027 3908 2433 3978; x_wconf 76' lang='lat' dir='ltr'><strong>pnedestiuasse</strong></span> <span class='ocrx_word' id='word_1_620' title='bbox 2474 3904 2687 3973; x_wconf 82' lang='lat' dir='ltr'><strong>legitur,</strong></span> <span class='ocrx_word' id='word_1_621' title='bbox 2721 3916 2750 3954; x_wconf 90' lang='lat' dir='ltr'><strong>a</strong></span> <span class='ocrx_word' id='word_1_622' title='bbox 2802 3899 3072 3954; x_wconf 87' lang='lat' dir='ltr'><strong>contrario</strong></span> <span class='ocrx_word' id='word_1_623' title='bbox 3109 3896 3278 3964; x_wconf 90' lang='lat' dir='ltr'><strong>accipi</strong></span> <span class='ocrx_word' id='word_1_624' title='bbox 3307 3886 3530 3954; x_wconf 76' lang='lat' dir='ltr'><strong>debeat,</strong></span> 
     </span>
    </p>
   </div>
   <div class='ocr_carea' id='block_1_89' title="bbox 1947 3984 3524 4063">
    <p class='ocr_par' dir='ltr' id='par_1_89' title="bbox 1947 3984 3524 4063">
     <span class='ocr_line' id='line_1_89' title="bbox 1947 3984 3524 4063; baseline -0.015 -5"><span class='ocrx_word' id='word_1_625' title='bbox 1947 4005 1999 4059; x_wconf 92' lang='lat' dir='ltr'><strong>id</strong></span> <span class='ocrx_word' id='word_1_626' title='bbox 2024 4011 2110 4057; x_wconf 89' lang='lat' dir='ltr'><strong>est</strong></span> <span class='ocrx_word' id='word_1_627' title='bbox 2137 4010 2194 4055; x_wconf 93' lang='lat' dir='ltr'><strong>ut</strong></span> <span class='ocrx_word' id='word_1_628' title='bbox 2221 3999 2439 4054; x_wconf 92' lang='lat' dir='ltr'><strong>omnino</strong></span> <span class='ocrx_word' id='word_1_629' title='bbox 2466 4012 2530 4052; x_wconf 90' lang='lat' dir='ltr'><strong>ea</strong></span> <span class='ocrx_word' id='word_1_630' title='bbox 2571 4010 2670 4049; x_wconf 88' lang='lat' dir='ltr'><strong>nec</strong></span> <span class='ocrx_word' id='word_1_631' title='bbox 2693 3991 2974 4063; x_wconf 72' lang='lat' dir='ltr'><strong>prmscisse</strong></span> <span class='ocrx_word' id='word_1_632' title='bbox 3002 4004 3098 4043; x_wconf 89' lang='lat' dir='ltr'><strong>nec</strong></span> <span class='ocrx_word' id='word_1_633' title='bbox 3115 3984 3524 4057; x_wconf 71' lang='lat' dir='ltr'><strong>prmdestinasse</strong></span> 
     </span>
    </p>
   </div>
   <div class='ocr_carea' id='block_1_90' title="bbox 1947 4078 3524 4161">
    <p class='ocr_par' dir='ltr' id='par_1_90' title="bbox 1947 4078 3524 4161">
     <span class='ocr_line' id='line_1_90' title="bbox 1947 4078 3524 4161; baseline -0.014 -15"><span class='ocrx_word' id='word_1_634' title='bbox 1947 4091 2294 4161; x_wconf 82' lang='lat' dir='ltr'><strong>intelligatur.</strong></span> <span class='ocrx_word' id='word_1_635' title='bbox 2320 4085 2472 4152; x_wconf 87' lang='lat' dir='ltr'><strong>Quod</strong></span> <span class='ocrx_word' id='word_1_636' title='bbox 2498 4084 2623 4154; x_wconf 87' lang='lat' dir='ltr'><strong>quid</strong></span> <span class='ocrx_word' id='word_1_637' title='bbox 2650 4089 2732 4136; x_wconf 89' lang='lat' dir='ltr'><strong>est</strong></span> <span class='ocrx_word' id='word_1_638' title='bbox 2753 4079 2894 4134; x_wconf 88' lang='lat' dir='ltr'><strong>aliud</strong></span> <span class='ocrx_word' id='word_1_639' title='bbox 2916 4078 3115 4140; x_wconf 88' lang='lat' dir='ltr'><strong>dicere,</strong></span> <span class='ocrx_word' id='word_1_640' title='bbox 3142 4089 3303 4144; x_wconf 87' lang='lat' dir='ltr'><strong>quam</strong></span> <span class='ocrx_word' id='word_1_641' title='bbox 3337 4079 3524 4161; x_wconf 78' lang='lat' dir='ltr'><strong>aperte</strong></span> 
     </span>
    </p>
   </div>
   <div class='ocr_carea' id='block_1_91' title="bbox 1944 4159 3527 4245">
    <p class='ocr_par' dir='ltr' id='par_1_91' title="bbox 1944 4159 3527 4245">
     <span class='ocr_line' id='line_1_91' title="bbox 1944 4159 3527 4245; baseline -0.015 -6"><span class='ocrx_word' id='word_1_642' title='bbox 1944 4159 2220 4239; x_wconf 74' lang='lat' dir='ltr'><strong>insanire?</strong></span> <span class='ocrx_word' id='word_1_643' title='bbox 2245 4177 2375 4245; x_wconf 83' lang='lat' dir='ltr'><strong>Quis</strong></span> <span class='ocrx_word' id='word_1_644' title='bbox 2396 4176 2539 4230; x_wconf 90' lang='lat' dir='ltr'><strong>enim</strong></span> <span class='ocrx_word' id='word_1_645' title='bbox 2571 4187 2802 4242; x_wconf 91' lang='lat' dir='ltr'><strong>unquam</strong></span> <span class='ocrx_word' id='word_1_646' title='bbox 2833 4168 3069 4225; x_wconf 88' lang='lat' dir='ltr'><strong>ﬁdelium</strong></span> <span class='ocrx_word' id='word_1_647' title='bbox 3106 4165 3191 4222; x_wconf 90' lang='lat' dir='ltr'><strong>vel</strong></span> <span class='ocrx_word' id='word_1_648' title='bbox 3215 4165 3414 4220; x_wconf 90' lang='lat' dir='ltr'><strong>sentire</strong></span> <span class='ocrx_word' id='word_1_649' title='bbox 3440 4159 3527 4216; x_wconf 88' lang='lat' dir='ltr'><strong>vel</strong></span> 
     </span>
    </p>
   </div>
   <div class='ocr_carea' id='block_1_92' title="bbox 1945 4259 3528 4342">
    <p class='ocr_par' dir='ltr' id='par_1_92' title="bbox 1945 4259 3528 4342">
     <span class='ocr_line' id='line_1_92' title="bbox 1945 4259 3528 4342; baseline -0.013 -12"><span class='ocrx_word' id='word_1_650' title='bbox 1945 4275 2123 4331; x_wconf 88' lang='lat' dir='ltr'><strong>dicere</strong></span> <span class='ocrx_word' id='word_1_651' title='bbox 2143 4267 2484 4342; x_wconf 67' lang='lat' dir='ltr'><strong>praesumpsit</strong></span> <span class='ocrx_word' id='word_1_652' title='bbox 2522 4267 2646 4336; x_wconf 89' lang='lat' dir='ltr'><strong>quia</strong></span> <span class='ocrx_word' id='word_1_653' title='bbox 2689 4264 2831 4334; x_wconf 90' lang='lat' dir='ltr'><strong>quod</strong></span> <span class='ocrx_word' id='word_1_654' title='bbox 2855 4262 2989 4318; x_wconf 82' lang='lat' dir='ltr'><strong>dixit</strong></span> <span class='ocrx_word' id='word_1_655' title='bbox 3027 4259 3252 4323; x_wconf 88' lang='lat' dir='ltr'><strong>veritas,</strong></span> <span class='ocrx_word' id='word_1_656' title='bbox 3296 4273 3400 4311; x_wconf 91' lang='lat' dir='ltr'><strong>non</strong></span> <span class='ocrx_word' id='word_1_657' title='bbox 3443 4267 3528 4310; x_wconf 84' lang='lat' dir='ltr'><strong>est</strong></span> 
     </span>
    </p>
   </div>
   <div class='ocr_carea' id='block_1_93' title="bbox 1945 4349 3526 4431">
    <p class='ocr_par' dir='ltr' id='par_1_93' title="bbox 1945 4349 3526 4431">
     <span class='ocr_line' id='line_1_93' title="bbox 1945 4349 3526 4431; baseline -0.014 -11"><span class='ocrx_word' id='word_1_658' title='bbox 1945 4366 2178 4426; x_wconf 89' lang='lat' dir='ltr'><strong>veritas;</strong></span> <span class='ocrx_word' id='word_1_659' title='bbox 2227 4360 2367 4431; x_wconf 83' lang='lat' dir='ltr'><strong>quod</strong></span> <span class='ocrx_word' id='word_1_660' title='bbox 2405 4359 2583 4413; x_wconf 90' lang='lat' dir='ltr'><strong>docuit</strong></span> <span class='ocrx_word' id='word_1_661' title='bbox 2613 4357 2767 4420; x_wconf 87' lang='lat' dir='ltr'><strong>ﬁdes,</strong></span> <span class='ocrx_word' id='word_1_662' title='bbox 2799 4352 2992 4408; x_wconf 86' lang='lat' dir='ltr'><strong>falsum</strong></span> <span class='ocrx_word' id='word_1_663' title='bbox 3015 4360 3137 4416; x_wconf 89' lang='lat' dir='ltr'><strong>est;</strong></span> <span class='ocrx_word' id='word_1_664' title='bbox 3173 4349 3314 4420; x_wconf 92' lang='lat' dir='ltr'><strong>quod</strong></span> <span class='ocrx_word' id='word_1_665' title='bbox 3335 4359 3526 4402; x_wconf 89' lang='lat' dir='ltr'><strong>omnes</strong></span> 
     </span>
    </p>
   </div>
   <div class='ocr_carea' id='block_1_94' title="bbox 1921 4437 3526 4515">
    <p class='ocr_par' dir='ltr' id='par_1_94' title="bbox 1921 4437 3526 4515">
     <span class='ocr_line' id='line_1_94' title="bbox 1921 4437 3526 4515; baseline -0.012 -7"><span class='ocrx_word' id='word_1_666' title='bbox 1921 4457 2171 4512; x_wconf 85' lang='lat' dir='ltr'><strong>.credunt</strong></span> <span class='ocrx_word' id='word_1_667' title='bbox 2215 4452 2418 4515; x_wconf 82' lang='lat' dir='ltr'><strong>ﬁdeles,</strong></span> <span class='ocrx_word' id='word_1_668' title='bbox 2453 4448 2586 4503; x_wconf 91' lang='lat' dir='ltr'><strong>nihil</strong></span> <span class='ocrx_word' id='word_1_669' title='bbox 2618 4456 2721 4503; x_wconf 90' lang='lat' dir='ltr'><strong>est.</strong></span> <span class='ocrx_word' id='word_1_670' title='bbox 2764 4445 2920 4500; x_wconf 89' lang='lat' dir='ltr'><strong>Certe</strong></span> <span class='ocrx_word' id='word_1_671' title='bbox 2946 4445 3046 4498; x_wconf 89' lang='lat' dir='ltr'><strong>iste</strong></span> <span class='ocrx_word' id='word_1_672' title='bbox 3075 4449 3359 4512; x_wconf 88' lang='lat' dir='ltr'><strong>propterea</strong></span> <span class='ocrx_word' id='word_1_673' title='bbox 3387 4437 3526 4501; x_wconf 65' lang='lat' dir='ltr'><strong>haec,</strong></span> 
     </span>
    </p>
   </div>
   <div class='ocr_carea' id='block_1_95' title="bbox 1951 4527 3526 4614">
    <p class='ocr_par' dir='ltr' id='par_1_95' title="bbox 1951 4527 3526 4614">
     <span class='ocr_line' id='line_1_95' title="bbox 1951 4527 3526 4614; baseline -0.017 -11"><span class='ocrx_word' id='word_1_674' title='bbox 1951 4549 2002 4603; x_wconf 89' lang='lat' dir='ltr'><strong>id</strong></span> <span class='ocrx_word' id='word_1_675' title='bbox 2027 4555 2110 4600; x_wconf 85' lang='lat' dir='ltr'><strong>est</strong></span> <span class='ocrx_word' id='word_1_676' title='bbox 2137 4550 2412 4614; x_wconf 89' lang='lat' dir='ltr'><strong>peccatum</strong></span> <span class='ocrx_word' id='word_1_677' title='bbox 2448 4549 2502 4592; x_wconf 90' lang='lat' dir='ltr'><strong>et</strong></span> <span class='ocrx_word' id='word_1_678' title='bbox 2524 4552 2737 4594; x_wconf 85' lang='lat' dir='ltr'><strong>omnem</strong></span> <span class='ocrx_word' id='word_1_679' title='bbox 2783 4549 2995 4603; x_wconf 74' lang='lat' dir='ltr'><strong>pmnam</strong></span> <span class='ocrx_word' id='word_1_680' title='bbox 3015 4572 3029 4597; x_wconf 97' lang='lat'><strong>,</strong></span> <span class='ocrx_word' id='word_1_681' title='bbox 3059 4547 3123 4585; x_wconf 90' lang='lat' dir='ltr'><strong>ac</strong></span> <span class='ocrx_word' id='word_1_682' title='bbox 3149 4527 3440 4614; x_wconf 86' lang='lat' dir='ltr'><strong>miseriam,</strong></span> <span class='ocrx_word' id='word_1_683' title='bbox 3471 4533 3526 4579; x_wconf 89' lang='lat' dir='ltr'><strong>et</strong></span> 
     </span>
    </p>
   </div>
   <div class='ocr_carea' id='block_1_96' title="bbox 1949 4613 3520 4694">
    <p class='ocr_par' dir='ltr' id='par_1_96' title="bbox 1949 4613 3520 4694">
     <span class='ocr_line' id='line_1_96' title="bbox 1949 4613 3520 4694; baseline -0.017 -4"><span class='ocrx_word' id='word_1_684' title='bbox 1949 4613 2332 4691; x_wconf 84' lang='lat' dir='ltr'><strong>calamitatem,</strong></span> <span class='ocrx_word' id='word_1_685' title='bbox 2361 4627 2445 4681; x_wconf 90' lang='lat' dir='ltr'><strong>vel</strong></span> <span class='ocrx_word' id='word_1_686' title='bbox 2474 4624 2822 4694; x_wconf 86' lang='lat' dir='ltr'><strong>temporalem</strong></span> <span class='ocrx_word' id='word_1_687' title='bbox 2846 4621 2928 4676; x_wconf 88' lang='lat' dir='ltr'><strong>vel</strong></span> <span class='ocrx_word' id='word_1_688' title='bbox 2958 4628 3213 4673; x_wconf 64' lang='lat' dir='ltr'><strong>aeternam</strong></span> <span class='ocrx_word' id='word_1_689' title='bbox 3243 4613 3373 4669; x_wconf 87' lang='lat' dir='ltr'><strong>nihil</strong></span> <span class='ocrx_word' id='word_1_690' title='bbox 3395 4627 3520 4666; x_wconf 89' lang='lat' dir='ltr'><strong>esse</strong></span> 
     </span>
    </p>
   </div>
   <div class='ocr_carea' id='block_1_97' title="bbox 1949 4701 3524 4786">
    <p class='ocr_par' dir='ltr' id='par_1_97' title="bbox 1949 4701 3524 4786">
     <span class='ocr_line' id='line_1_97' title="bbox 1949 4701 3524 4786; baseline -0.015 -8"><span class='ocrx_word' id='word_1_691' title='bbox 1949 4721 2241 4781; x_wconf 89' lang='lat' dir='ltr'><strong>contendit,</strong></span> <span class='ocrx_word' id='word_1_692' title='bbox 2289 4717 2414 4786; x_wconf 90' lang='lat' dir='ltr'><strong>quia</strong></span> <span class='ocrx_word' id='word_1_693' title='bbox 2444 4731 2546 4770; x_wconf 91' lang='lat' dir='ltr'><strong>non</strong></span> <span class='ocrx_word' id='word_1_694' title='bbox 2590 4713 2786 4768; x_wconf 88' lang='lat' dir='ltr'><strong>habent</strong></span> <span class='ocrx_word' id='word_1_695' title='bbox 2810 4708 3099 4765; x_wconf 89' lang='lat' dir='ltr'><strong>essentiam</strong></span> <span class='ocrx_word' id='word_1_696' title='bbox 3134 4707 3185 4760; x_wconf 91' lang='lat' dir='ltr'><strong>in</strong></span> <span class='ocrx_word' id='word_1_697' title='bbox 3216 4701 3524 4771; x_wconf 89' lang='lat' dir='ltr'><strong>semetipsis</strong></span> 
     </span>
    </p>
   </div>
   <div class='ocr_carea' id='block_1_98' title="bbox 1949 4790 3528 4870">
    <p class='ocr_par' dir='ltr' id='par_1_98' title="bbox 1949 4790 3528 4870">
     <span class='ocr_line' id='line_1_98' title="bbox 1949 4790 3528 4870; baseline -0.017 0"><span class='ocrx_word' id='word_1_698' title='bbox 1949 4810 2210 4870; x_wconf 82' lang='lat' dir='ltr'><strong>existendi</strong></span> <span class='ocrx_word' id='word_1_699' title='bbox 2234 4807 2318 4862; x_wconf 90' lang='lat' dir='ltr'><strong>vel</strong></span> <span class='ocrx_word' id='word_1_700' title='bbox 2347 4801 2690 4866; x_wconf 85' lang='lat' dir='ltr'><strong>subsistendi,</strong></span> <span class='ocrx_word' id='word_1_701' title='bbox 2741 4801 2878 4856; x_wconf 89' lang='lat' dir='ltr'><strong>sicut</strong></span> <span class='ocrx_word' id='word_1_702' title='bbox 2905 4797 3148 4851; x_wconf 87' lang='lat' dir='ltr'><strong>videmus</strong></span> <span class='ocrx_word' id='word_1_703' title='bbox 3178 4793 3376 4848; x_wconf 86' lang='lat' dir='ltr'><strong>habere</strong></span> <span class='ocrx_word' id='word_1_704' title='bbox 3400 4790 3528 4846; x_wconf 90' lang='lat' dir='ltr'><strong>sub—</strong></span> 
     </span>
    </p>
   </div>
   <div class='ocr_carea' id='block_1_99' title="bbox 1222 4936 2587 5008">
    <p class='ocr_par' dir='ltr' id='par_1_99' title="bbox 1222 4936 2587 5008">
     <span class='ocr_line' id='line_1_99' title="bbox 1222 4936 2587 5008; baseline -0.01 -5"><span class='ocrx_word' id='word_1_705' title='bbox 1222 4946 1434 5003; x_wconf 73' lang='grc' dir='ltr'>ΝΟΤιΕ</span> <span class='ocrx_word' id='word_1_706' title='bbox 1471 4946 1796 5004; x_wconf 76' lang='lat' dir='ltr'><strong>DUVALIJI</strong></span> <span class='ocrx_word' id='word_1_707' title='bbox 1828 4944 2168 5008; x_wconf 81' lang='lat' dir='ltr'><strong>DOCTORIS</strong></span> <span class='ocrx_word' id='word_1_708' title='bbox 2207 4936 2587 4997; x_wconf 79' lang='lat' dir='ltr'><strong>SORBONICI.</strong></span> 
     </span>
    </p>
   </div>
   <div class='ocr_carea' id='block_1_100' title="bbox 340 5058 1849 5134">
    <p class='ocr_par' dir='ltr' id='par_1_100' title="bbox 340 5058 1849 5134">
     <span class='ocr_line' id='line_1_100' title="bbox 340 5058 1849 5134; baseline -0.006 -14"><span class='ocrx_word' id='word_1_709' title='bbox 340 5075 371 5108; x_wconf 77' lang='grc' dir='ltr'>ι</span> <span class='ocrx_word' id='word_1_710' title='bbox 401 5063 613 5134; x_wconf 82' lang='lat' dir='ltr'><strong>[ntegro</strong></span> <span class='ocrx_word' id='word_1_711' title='bbox 643 5062 732 5117; x_wconf 81' lang='lat' dir='ltr'><strong>illo</strong></span> <span class='ocrx_word' id='word_1_712' title='bbox 772 5062 949 5130; x_wconf 87' lang='lat' dir='ltr'><strong>capite</strong></span> <span class='ocrx_word' id='word_1_713' title='bbox 976 5060 1226 5134; x_wconf 56' lang='lat' dir='ltr'><strong>suggilrat</strong></span> <span class='ocrx_word' id='word_1_714' title='bbox 1262 5058 1546 5134; x_wconf 70' lang='lat' dir='ltr'><strong>Erigenam</strong></span> <span class='ocrx_word' id='word_1_715' title='bbox 1587 5061 1728 5134; x_wconf 70' lang='lat' dir='ltr'><strong>quod</strong></span> <span class='ocrx_word' id='word_1_716' title='bbox 1751 5073 1849 5128; x_wconf 86' lang='lat' dir='ltr'><strong>pe-</strong></span> 
     </span>
    </p>
   </div>
   <div class='ocr_carea' id='block_1_101' title="bbox 267 5127 1853 5197">
    <p class='ocr_par' dir='ltr' id='par_1_101' title="bbox 267 5127 1853 5197">
     <span class='ocr_line' id='line_1_101' title="bbox 267 5127 1853 5197; baseline -0.005 -5"><span class='ocrx_word' id='word_1_717' title='bbox 267 5127 698 5194; x_wconf 73' lang='lat' dir='ltr'><strong>stilentissimum</strong></span> <span class='ocrx_word' id='word_1_718' title='bbox 726 5127 965 5186; x_wconf 77' lang='lat' dir='ltr'><strong>errorem</strong></span> <span class='ocrx_word' id='word_1_719' title='bbox 1001 5127 1324 5190; x_wconf 56' lang='lat' dir='ltr'><strong>in&#39;troducat,</strong></span> <span class='ocrx_word' id='word_1_720' title='bbox 1354 5127 1446 5197; x_wconf 82' lang='lat' dir='ltr'><strong>qui</strong></span> <span class='ocrx_word' id='word_1_721' title='bbox 1472 5127 1672 5182; x_wconf 81' lang='lat' dir='ltr'><strong>eﬁ’rena</strong></span> <span class='ocrx_word' id='word_1_722' title='bbox 1693 5127 1853 5184; x_wconf 84' lang='lat' dir='ltr'><strong>licen-</strong></span> 
     </span>
    </p>
   </div>
   <div class='ocr_carea' id='block_1_102' title="bbox 271 5197 1850 5263">
    <p class='ocr_par' dir='ltr' id='par_1_102' title="bbox 271 5197 1850 5263">
     <span class='ocr_line' id='line_1_102' title="bbox 271 5197 1850 5263; baseline -0.004 -4"><span class='ocrx_word' id='word_1_723' title='bbox 271 5209 348 5259; x_wconf 89' lang='lat' dir='ltr'><strong>tia</strong></span> <span class='ocrx_word' id='word_1_724' title='bbox 389 5203 638 5258; x_wconf 82' lang='lat' dir='ltr'><strong>omnibus</strong></span> <span class='ocrx_word' id='word_1_725' title='bbox 665 5203 811 5256; x_wconf 89' lang='lat' dir='ltr'><strong>vitiis</strong></span> <span class='ocrx_word' id='word_1_726' title='bbox 835 5210 887 5256; x_wconf 87' lang='lat' dir='ltr'><strong>et</strong></span> <span class='ocrx_word' id='word_1_727' title='bbox 910 5200 1204 5256; x_wconf 87' lang='lat' dir='ltr'><strong>sceleribus</strong></span> <span class='ocrx_word' id='word_1_728' title='bbox 1236 5199 1472 5252; x_wconf 83' lang='lat' dir='ltr'><strong>habenas</strong></span> <span class='ocrx_word' id='word_1_729' title='bbox 1493 5197 1652 5252; x_wconf 80' lang='lat' dir='ltr'><strong>laxet.</strong></span> <span class='ocrx_word' id='word_1_730' title='bbox 1683 5198 1850 5263; x_wconf 89' lang='lat' dir='ltr'><strong>Quem</strong></span> 
     </span>
    </p>
   </div>
   <div class='ocr_carea' id='block_1_103' title="bbox 271 5267 1852 5329">
    <p class='ocr_par' dir='ltr' id='par_1_103' title="bbox 271 5267 1852 5329">
     <span class='ocr_line' id='line_1_103' title="bbox 271 5267 1852 5329; baseline -0.004 0"><span class='ocrx_word' id='word_1_731' title='bbox 271 5277 437 5329; x_wconf 82' lang='lat' dir='ltr'><strong>latius</strong></span> <span class='ocrx_word' id='word_1_732' title='bbox 491 5273 659 5326; x_wconf 89' lang='lat' dir='ltr'><strong>multo</strong></span> <span class='ocrx_word' id='word_1_733' title='bbox 711 5273 875 5326; x_wconf 85' lang='lat' dir='ltr'><strong>hocce</strong></span> <span class='ocrx_word' id='word_1_734' title='bbox 920 5269 1224 5324; x_wconf 84' lang='lat' dir='ltr'><strong>miserrimo</strong></span> <span class='ocrx_word' id='word_1_735' title='bbox 1268 5269 1464 5322; x_wconf 58' lang='lat' dir='ltr'><strong>sarculo</strong></span> <span class='ocrx_word' id='word_1_736' title='bbox 1503 5267 1852 5322; x_wconf 84' lang='lat' dir='ltr'><strong>introducunt</strong></span> 
     </span>
    </p>
   </div>
   <div class='ocr_carea' id='block_1_104' title="bbox 270 5337 1848 5462">
    <p class='ocr_par' dir='ltr' id='par_1_104' title="bbox 270 5337 1848 5462">
     <span class='ocr_line' id='line_1_104' title="bbox 270 5337 1848 5462; baseline -0.004 -64"><span class='ocrx_word' id='word_1_737' title='bbox 270 5343 492 5398; x_wconf 83' lang='lat' dir='ltr'><strong>sectarii</strong></span> <span class='ocrx_word' id='word_1_738' title='bbox 537 5342 728 5405; x_wconf 92' lang='lat' dir='ltr'><strong>nostri,</strong></span> <span class='ocrx_word' id='word_1_739' title='bbox 767 5342 858 5410; x_wconf 91' lang='lat' dir='ltr'><strong>qui</strong></span> <span class='ocrx_word' id='word_1_740' title='bbox 903 5339 1195 5410; x_wconf 88' lang='lat' dir='ltr'><strong>quamlibet</strong></span> <span class='ocrx_word' id='word_1_741' title='bbox 1239 5338 1370 5462; x_wconf 39' lang='lat' dir='ltr'><strong>legis</strong></span> <span class='ocrx_word' id='word_1_742' title='bbox 1411 5337 1785 5406; x_wconf 86' lang='lat' dir='ltr'><strong>obligationem</strong></span> <span class='ocrx_word' id='word_1_743' title='bbox 1818 5352 1848 5391; x_wconf 89' lang='lat' dir='ltr'><strong>a</strong></span> 
     </span>
     <span class='ocr_line' id='line_1_105' title="bbox 273 5407 1848 5462; baseline 0 0"><span class='ocrx_word' id='word_1_744' title='bbox 273 5414 512 5462; x_wconf 77' lang='lat' dir='ltr'><strong>ﬁdelium</strong></span> <span class='ocrx_word' id='word_1_745' title='bbox 550 5411 850 5462; x_wconf 82' lang='lat' dir='ltr'><strong>cervicibus</strong></span> <span class='ocrx_word' id='word_1_746' title='bbox 889 5421 1108 5462; x_wconf 83' lang='lat' dir='ltr'><strong>arcent:</strong></span> <span class='ocrx_word' id='word_1_747' title='bbox 1144 5423 1264 5462; x_wconf 66' lang='lat' dir='ltr'><strong>eum</strong></span> <span class='ocrx_word' id='word_1_748' title='bbox 1325 5409 1524 5462; x_wconf 89' lang='lat' dir='ltr'><strong>ibertas</strong></span> <span class='ocrx_word' id='word_1_749' title='bbox 1559 5416 1643 5461; x_wconf 89' lang='lat' dir='ltr'><strong>est</strong></span> <span class='ocrx_word' id='word_1_750' title='bbox 1668 5407 1848 5462; x_wconf 87' lang='lat' dir='ltr'><strong>carnis</strong></span> 
     </span>
    </p>
   </div>
   <div class='ocr_carea' id='block_1_105' title="bbox 273 5407 1850 5478">
    <p class='ocr_par' dir='ltr' id='par_1_105' title="bbox 273 5407 1850 5478">
     <span class='ocr_line' id='line_1_106' title="bbox 273 5407 1850 5478; baseline -0.004 -10"><span class='ocrx_word' id='word_1_751' title='bbox 273 5414 512 5468; x_wconf 89' lang='lat' dir='ltr'><strong>ﬁdelium</strong></span> <span class='ocrx_word' id='word_1_752' title='bbox 550 5407 850 5466; x_wconf 80' lang='lat' dir='ltr'><strong>cervicibus</strong></span> <span class='ocrx_word' id='word_1_753' title='bbox 889 5407 1108 5465; x_wconf 81' lang='lat' dir='ltr'><strong>arcent:</strong></span> <span class='ocrx_word' id='word_1_754' title='bbox 1144 5423 1264 5478; x_wconf 62' lang='lat' dir='ltr'><strong>quae</strong></span> <span class='ocrx_word' id='word_1_755' title='bbox 1301 5407 1524 5478; x_wconf 81' lang='lat' dir='ltr'><strong>libertas</strong></span> <span class='ocrx_word' id='word_1_756' title='bbox 1559 5416 1643 5461; x_wconf 89' lang='lat' dir='ltr'><strong>est</strong></span> <span class='ocrx_word' id='word_1_757' title='bbox 1668 5407 1850 5478; x_wconf 85' lang='lat' dir='ltr'><strong>carnis</strong></span> 
     </span>
    </p>
   </div>
   <div class='ocr_carea' id='block_1_106' title="bbox 273 5476 1848 5561">
    <p class='ocr_par' dir='ltr' id='par_1_106' title="bbox 273 5476 1848 5561">
     <span class='ocr_line' id='line_1_107' title="bbox 273 5476 1848 5561; baseline -0.003 -25"><span class='ocrx_word' id='word_1_758' title='bbox 273 5500 382 5561; x_wconf 71' lang='lat' dir='ltr'><strong>nun</strong></span> <span class='ocrx_word' id='word_1_759' title='bbox 412 5483 664 5561; x_wconf 78' lang='lat' dir='ltr'><strong>spiritus,</strong></span> <span class='ocrx_word' id='word_1_760' title='bbox 706 5481 934 5561; x_wconf 79' lang='lat' dir='ltr'><strong>ﬁliorum</strong></span> <span class='ocrx_word' id='word_1_761' title='bbox 967 5476 1300 5560; x_wconf 52' lang='lat' dir='ltr'><strong>diaboli&#39;uon</strong></span> <span class='ocrx_word' id='word_1_762' title='bbox 1343 5477 1480 5543; x_wconf 84' lang='lat' dir='ltr'><strong>Dei;</strong></span> <span class='ocrx_word' id='word_1_763' title='bbox 1526 5479 1707 5542; x_wconf 71' lang='grc' dir='ltr'><strong>ἀθαζὶοι</strong></span> <span class='ocrx_word' id='word_1_764' title='bbox 1751 5476 1848 5532; x_wconf 88' lang='lat' dir='ltr'><strong>de-</strong></span> 
     </span>
    </p>
   </div>
   <div class='ocr_carea' id='block_1_107' title="bbox 276 5559 1851 5676">
    <p class='ocr_par' dir='ltr' id='par_1_107' title="bbox 276 5559 1851 5676">
     <span class='ocr_line' id='line_1_108' title="bbox 276 5559 1252 5622; baseline -0.005 -16"><span class='ocrx_word' id='word_1_765' title='bbox 276 5559 460 5622; x_wconf 85' lang='lat' dir='ltr'><strong>nique,</strong></span> <span class='ocrx_word' id='word_1_766' title='bbox 492 5559 681 5621; x_wconf 87' lang='lat' dir='ltr'><strong>quavis</strong></span> <span class='ocrx_word' id='word_1_767' title='bbox 704 5559 960 5606; x_wconf 84' lang='lat' dir='ltr'><strong>servitute</strong></span> <span class='ocrx_word' id='word_1_768' title='bbox 983 5559 1252 5604; x_wconf 81' lang='lat' dir='ltr'><strong>miserior.</strong></span> 
     </span>
     <span class='ocr_line' id='line_1_109' title="bbox 354 5613 1851 5676; baseline -0.005 0"><span class='ocrx_word' id='word_1_769' title='bbox 354 5623 380 5661; x_wconf 70' lang='grc' dir='ltr'><strong>ι’</strong></span> <span class='ocrx_word' id='word_1_770' title='bbox 410 5621 558 5676; x_wconf 88' lang='lat' dir='ltr'><strong>llanc</strong></span> <span class='ocrx_word' id='word_1_771' title='bbox 595 5622 842 5676; x_wconf 57' lang='lat' dir='ltr'><strong>haeresim</strong></span> <span class='ocrx_word' id='word_1_772' title='bbox 872 5619 974 5674; x_wconf 90' lang='lat' dir='ltr'><strong>isto</strong></span> <span class='ocrx_word' id='word_1_773' title='bbox 1001 5627 1189 5674; x_wconf 88' lang='lat' dir='ltr'><strong>nostro</strong></span> <span class='ocrx_word' id='word_1_774' title='bbox 1227 5616 1422 5672; x_wconf 72' lang='lat' dir='ltr'><strong>saeculo</strong></span> <span class='ocrx_word' id='word_1_775' title='bbox 1442 5617 1508 5670; x_wconf 89' lang='lat' dir='ltr'><strong>ab</strong></span> <span class='ocrx_word' id='word_1_776' title='bbox 1551 5615 1737 5669; x_wconf 88' lang='lat' dir='ltr'><strong>inferis</strong></span> <span class='ocrx_word' id='word_1_777' title='bbox 1757 5613 1851 5669; x_wconf 84' lang='lat' dir='ltr'><strong>de-</strong></span> 
     </span>
    </p>
   </div>
   <div class='ocr_carea' id='block_1_108' title="bbox 280 5685 1847 5759">
    <p class='ocr_par' dir='ltr' id='par_1_108' title="bbox 280 5685 1847 5759">
     <span class='ocr_line' id='line_1_110' title="bbox 280 5685 1847 5759; baseline -0.004 -13"><span class='ocrx_word' id='word_1_778' title='bbox 280 5707 390 5748; x_wconf 87' lang='lat' dir='ltr'><strong>nuo</strong></span> <span class='ocrx_word' id='word_1_779' title='bbox 413 5692 740 5749; x_wconf 84' lang='lat' dir='ltr'><strong>suscitarunt</strong></span> <span class='ocrx_word' id='word_1_780' title='bbox 766 5690 1051 5758; x_wconf 84' lang='lat' dir='ltr'><strong>Quintinus</strong></span> <span class='ocrx_word' id='word_1_781' title='bbox 1071 5697 1127 5745; x_wconf 87' lang='lat' dir='ltr'><strong>et</strong></span> <span class='ocrx_word' id='word_1_782' title='bbox 1148 5687 1386 5759; x_wconf 80' lang='lat' dir='ltr'><strong>Copinus</strong></span> <span class='ocrx_word' id='word_1_783' title='bbox 1425 5685 1660 5743; x_wconf 88' lang='lat' dir='ltr'><strong>Sudores</strong></span> <span class='ocrx_word' id='word_1_784' title='bbox 1684 5685 1847 5741; x_wconf 84' lang='lat' dir='ltr'><strong>Flau-</strong></span> 
     </span>
    </p>
   </div>
   <div class='ocr_carea' id='block_1_109' title="bbox 1952 5034 3532 5121">
    <p class='ocr_par' dir='ltr' id='par_1_109' title="bbox 1952 5034 3532 5121">
     <span class='ocr_line' id='line_1_111' title="bbox 1952 5034 3532 5121; baseline -0.013 -9"><span class='ocrx_word' id='word_1_785' title='bbox 1952 5058 2057 5121; x_wconf 90' lang='lat' dir='ltr'><strong>dri,</strong></span> <span class='ocrx_word' id='word_1_786' title='bbox 2093 5071 2124 5109; x_wconf 89' lang='lat' dir='ltr'><strong>a</strong></span> <span class='ocrx_word' id='word_1_787' title='bbox 2167 5049 2446 5108; x_wconf 88' lang='lat' dir='ltr'><strong>catholicis</strong></span> <span class='ocrx_word' id='word_1_788' title='bbox 2489 5053 2775 5121; x_wconf 80' lang='lat' dir='ltr'><strong>propterea</strong></span> <span class='ocrx_word' id='word_1_789' title='bbox 2805 5037 3074 5121; x_wconf 44' lang='lat' dir='ltr'><strong>Pibertini</strong></span> <span class='ocrx_word' id='word_1_790' title='bbox 3115 5036 3282 5121; x_wconf 81' lang='lat' dir='ltr'><strong>dicti;</strong></span> <span class='ocrx_word' id='word_1_791' title='bbox 3313 5034 3386 5121; x_wconf 43' lang='lat' dir='ltr'><strong>.ld</strong></span> <span class='ocrx_word' id='word_1_792' title='bbox 3443 5044 3532 5092; x_wconf 86' lang='lat' dir='ltr'><strong>est</strong></span> 
     </span>
    </p>
   </div>
   <div class='ocr_carea' id='block_1_110' title="bbox 1951 5112 3528 5196">
    <p class='ocr_par' dir='ltr' id='par_1_110' title="bbox 1951 5112 3528 5196">
     <span class='ocr_line' id='line_1_112' title="bbox 1951 5112 3528 5196; baseline -0.016 -15"><span class='ocrx_word' id='word_1_793' title='bbox 1951 5112 2094 5196; x_wconf 83' lang='lat' dir='ltr'><strong>quod</strong></span> <span class='ocrx_word' id='word_1_794' title='bbox 2135 5130 2412 5196; x_wconf 78' lang='lat' dir='ltr'><strong>peccatum</strong></span> <span class='ocrx_word' id='word_1_795' title='bbox 2427 5112 2581 5172; x_wconf 53' lang='lat' dir='ltr'><strong>eni&#39;hil</strong></span> <span class='ocrx_word' id='word_1_796' title='bbox 2594 5112 2608 5114; x_wconf 70' lang='grc'><strong><em>“</em></strong></span> <span class='ocrx_word' id='word_1_797' title='bbox 2621 5127 2767 5196; x_wconf 51' lang='lat' dir='ltr'><strong>esse.</strong></span> <span class='ocrx_word' id='word_1_798' title='bbox 2786 5112 3029 5196; x_wconf 67' lang='lat' dir='ltr'><strong>dicereut</strong></span> <span class='ocrx_word' id='word_1_799' title='bbox 3041 5179 3053 5196; x_wconf 47' lang='grc' dir='ltr'><strong>Ι</strong></span> <span class='ocrx_word' id='word_1_800' title='bbox 3071 5117 3293 5196; x_wconf 40' lang='lat' dir='ltr'><strong>praeter:</strong></span> <span class='ocrx_word' id='word_1_801' title='bbox 3306 5112 3528 5196; x_wconf 50' lang='lat' dir='ltr'><strong>infitier}!</strong></span> 
     </span>
    </p>
   </div>
   <div class='ocr_carea' id='block_1_111' title="bbox 1951 5177 3526 5259">
    <p class='ocr_par' dir='ltr' id='par_1_111' title="bbox 1951 5177 3526 5259">
     <span class='ocr_line' id='line_1_113' title="bbox 1951 5177 3526 5259; baseline -0.013 -8"><span class='ocrx_word' id='word_1_802' title='bbox 1951 5177 2217 5251; x_wconf 32' lang='lat' dir='ltr'><strong>eli—falsam</strong></span> <span class='ocrx_word' id='word_1_803' title='bbox 2243 5190 2580 5259; x_wconf 89' lang='lat' dir='ltr'><strong>opinionem:</strong></span> <span class='ocrx_word' id='word_1_804' title='bbox 2611 5181 2802 5259; x_wconf 82' lang='lat' dir='ltr'><strong>deinde</strong></span> <span class='ocrx_word' id='word_1_805' title='bbox 2832 5196 2938 5259; x_wconf 69' lang='lat' dir='ltr'><strong>npn</strong></span> <span class='ocrx_word' id='word_1_806' title='bbox 2972 5177 3186 5259; x_wconf 69' lang='lat' dir='ltr'><strong>debere</strong></span> <span class='ocrx_word' id='word_1_807' title='bbox 3206 5177 3526 5259; x_wconf 59' lang='lat' dir='ltr'><strong>reprehendi</strong></span> 
     </span>
    </p>
   </div>
   <div class='ocr_carea' id='block_1_112' title="bbox 1951 5245 3530 5334">
    <p class='ocr_par' dir='ltr' id='par_1_112' title="bbox 1951 5245 3530 5334">
     <span class='ocr_line' id='line_1_114' title="bbox 1951 5245 3530 5334; baseline -0.016 -13"><span class='ocrx_word' id='word_1_808' title='bbox 1951 5245 2160 5334; x_wconf 62' lang='lat' dir='ltr'><strong>ébs&#39;iﬁni</strong></span> <span class='ocrx_word' id='word_1_809' title='bbox 2172 5245 2449 5334; x_wconf 77' lang='lat' dir='ltr'><strong>occidunt,</strong></span> <span class='ocrx_word' id='word_1_810' title='bbox 2480 5253 2837 5334; x_wconf 66' lang='lat' dir='ltr'><strong>intuebantur,</strong></span> <span class='ocrx_word' id='word_1_811' title='bbox 2867 5249 3142 5334; x_wconf 71' lang='lat' dir='ltr'><strong>furantur;</strong></span> <span class='ocrx_word' id='word_1_812' title='bbox 3171 5246 3354 5334; x_wconf 43' lang='lat' dir='ltr'><strong>tertios</strong></span> 
     </span>
    </p>
   </div>
   <div class='ocr_carea' id='block_1_113' title="bbox 1953 5315 3532 5396">
    <p class='ocr_par' dir='ltr' id='par_1_113' title="bbox 1953 5315 3532 5396">
     <span class='ocr_line' id='line_1_115' title="bbox 1953 5315 3532 5396; baseline -0.013 -6"><span class='ocrx_word' id='word_1_813' title='bbox 1953 5315 2256 5391; x_wconf 58' lang='lat' dir='ltr'><strong>stutriiiihil</strong></span> <span class='ocrx_word' id='word_1_814' title='bbox 2295 5342 2414 5383; x_wconf 89' lang='lat' dir='ltr'><strong>esse</strong></span> <span class='ocrx_word' id='word_1_815' title='bbox 2436 5315 2543 5380; x_wconf 77' lang='lat' dir='ltr'><strong>nisi</strong></span> <span class='ocrx_word' id='word_1_816' title='bbox 2578 5321 2776 5390; x_wconf 89' lang='lat' dir='ltr'><strong>aliquid</strong></span> <span class='ocrx_word' id='word_1_817' title='bbox 2820 5318 3175 5396; x_wconf 77' lang='lat' dir='ltr'><strong>compositum</strong></span> <span class='ocrx_word' id='word_1_818' title='bbox 3214 5332 3292 5396; x_wconf 5' lang='lat' dir='ltr'><strong>ex,</strong></span> <span class='ocrx_word' id='word_1_819' title='bbox 3322 5315 3532 5396; x_wconf 78' lang='lat' dir='ltr'><strong>Spiritu</strong></span> 
     </span>
    </p>
   </div>
   <div class='ocr_carea' id='block_1_114' title="bbox 1953 5389 3532 5469">
    <p class='ocr_par' dir='ltr' id='par_1_114' title="bbox 1953 5389 3532 5469">
     <span class='ocr_line' id='line_1_116' title="bbox 1953 5389 3532 5469; baseline -0.013 -9"><span class='ocrx_word' id='word_1_820' title='bbox 1953 5389 2048 5460; x_wconf 84' lang='lat' dir='ltr'><strong>Dei</strong></span> <span class='ocrx_word' id='word_1_821' title='bbox 2073 5413 2129 5457; x_wconf 89' lang='lat' dir='ltr'><strong>et</strong></span> <span class='ocrx_word' id='word_1_822' title='bbox 2155 5399 2406 5469; x_wconf 88' lang='lat' dir='ltr'><strong>opinione</strong></span> <span class='ocrx_word' id='word_1_823' title='bbox 2428 5413 2443 5459; x_wconf 87' lang='lat'><strong>;</strong></span> <span class='ocrx_word' id='word_1_824' title='bbox 2475 5389 2926 5469; x_wconf 26' lang='lat' dir='ltr'><strong>quartogangelos,</strong></span> <span class='ocrx_word' id='word_1_825' title='bbox 2943 5389 3226 5469; x_wconf 43' lang='lat' dir='ltr'><strong>.daamones</strong></span> <span class='ocrx_word' id='word_1_826' title='bbox 3245 5395 3302 5469; x_wconf 61' lang='lat' dir='ltr'><strong>et</strong></span> <span class='ocrx_word' id='word_1_827' title='bbox 3319 5389 3532 5469; x_wconf 74' lang='lat' dir='ltr'><strong>animas</strong></span> 
     </span>
    </p>
   </div>
   <div class='ocr_carea' id='block_1_115' title="bbox 1954 5455 3530 5536">
    <p class='ocr_par' dir='ltr' id='par_1_115' title="bbox 1954 5455 3530 5536">
     <span class='ocr_line' id='line_1_117' title="bbox 1954 5455 3530 5536; baseline -0.015 -7"><span class='ocrx_word' id='word_1_828' title='bbox 1954 5455 2251 5529; x_wconf 43' lang='lat' dir='ltr'><strong>nihil—esse.</strong></span> <span class='ocrx_word' id='word_1_829' title='bbox 2296 5455 2441 5536; x_wconf 85' lang='lat' dir='ltr'><strong>Quos</strong></span> <span class='ocrx_word' id='word_1_830' title='bbox 2467 5455 2676 5518; x_wconf 72' lang='lat' dir='ltr'><strong>etiamsi</strong></span> <span class='ocrx_word' id='word_1_831' title='bbox 2707 5455 2958 5515; x_wconf 76' lang='lat' dir='ltr'><strong>detestari</strong></span> <span class='ocrx_word' id='word_1_832' title='bbox 2975 5473 3048 5536; x_wconf 39' lang='lat' dir='ltr'><strong>.se</strong></span> <span class='ocrx_word' id='word_1_833' title='bbox 3084 5457 3228 5511; x_wconf 88' lang='lat' dir='ltr'><strong>dicat</strong></span> <span class='ocrx_word' id='word_1_834' title='bbox 3250 5455 3530 5536; x_wconf 73' lang='lat' dir='ltr'><strong>Calvipus,</strong></span> 
     </span>
    </p>
   </div>
   <div class='ocr_carea' id='block_1_116' title="bbox 1954 5524 3530 5605">
    <p class='ocr_par' dir='ltr' id='par_1_116' title="bbox 1954 5524 3530 5605">
     <span class='ocr_line' id='line_1_118' title="bbox 1954 5524 3530 5605; baseline -0.013 -7"><span class='ocrx_word' id='word_1_835' title='bbox 1954 5524 2341 5599; x_wconf 35' lang='lat' dir='ltr'><strong>ei-l—itis&#39;libcllisw</strong></span> <span class='ocrx_word' id='word_1_836' title='bbox 2375 5535 2638 5605; x_wconf 83' lang='lat' dir='ltr'><strong>adversus</strong></span> <span class='ocrx_word' id='word_1_837' title='bbox 2663 5545 2903 5594; x_wconf 77' lang='lat' dir='ltr'><strong>eos,,ex</strong></span> <span class='ocrx_word' id='word_1_838' title='bbox 2941 5527 3056 5595; x_wconf 85' lang='lat' dir='ltr'><strong>ejus</strong></span> <span class='ocrx_word' id='word_1_839' title='bbox 3114 5538 3312 5605; x_wconf 52' lang='lat' dir='ltr'><strong>tamen”</strong></span> <span class='ocrx_word' id='word_1_840' title='bbox 3340 5524 3530 5579; x_wconf 78' lang='lat' dir='ltr'><strong>schola</strong></span> 
     </span>
    </p>
   </div>
   <div class='ocr_carea' id='block_1_117' title="bbox 1957 5596 3532 5680">
    <p class='ocr_par' dir='ltr' id='par_1_117' title="bbox 1957 5596 3532 5680">
     <span class='ocr_line' id='line_1_119' title="bbox 1957 5596 3532 5680; baseline -0.012 -15"><span class='ocrx_word' id='word_1_841' title='bbox 1957 5596 2208 5680; x_wconf 79' lang='lat' dir='ltr'><strong>tanquam</strong></span> <span class='ocrx_word' id='word_1_842' title='bbox 2251 5623 2316 5680; x_wconf 79' lang='lat' dir='ltr'><strong>ex</strong></span> <span class='ocrx_word' id='word_1_843' title='bbox 2338 5621 2477 5680; x_wconf 82' lang='lat' dir='ltr'><strong>equo</strong></span> <span class='ocrx_word' id='word_1_844' title='bbox 2517 5601 2748 5680; x_wconf 66' lang='lat' dir='ltr'><strong>Trojano</strong></span> <span class='ocrx_word' id='word_1_845' title='bbox 2794 5608 2998 5680; x_wconf 75' lang='lat' dir='ltr'><strong>certum</strong></span> <span class='ocrx_word' id='word_1_846' title='bbox 3035 5605 3120 5651; x_wconf 88' lang='lat' dir='ltr'><strong>est</strong></span> <span class='ocrx_word' id='word_1_847' title='bbox 3145 5596 3425 5680; x_wconf 70' lang='lat' dir='ltr'><strong>prodiisse.</strong></span> <span class='ocrx_word' id='word_1_848' title='bbox 3457 5621 3532 5634; x_wconf 90' lang='lat'>—</span> 
     </span>
    </p>
   </div>
   <div class='ocr_carea' id='block_1_118' title="bbox 1953 5665 3289 5748">
    <p class='ocr_par' dir='ltr' id='par_1_118' title="bbox 1953 5665 3289 5748">
     <span class='ocr_line' id='line_1_120' title="bbox 1953 5665 3289 5748; baseline -0.013 -11"><span class='ocrx_word' id='word_1_849' title='bbox 1953 5665 2233 5748; x_wconf 60' lang='lat' dir='ltr'><strong>Bellaria,</strong></span> <span class='ocrx_word' id='word_1_850' title='bbox 2256 5679 2354 5734; x_wconf 88' lang='lat' dir='ltr'><strong>lib.</strong></span> <span class='ocrx_word' id='word_1_851' title='bbox 2379 5665 2418 5733; x_wconf 85' lang='grc' dir='ltr'>ιί</span> <span class='ocrx_word' id='word_1_852' title='bbox 2443 5676 2509 5733; x_wconf 89' lang='lat' dir='ltr'><strong>de</strong></span> <span class='ocrx_word' id='word_1_853' title='bbox 2533 5665 2832 5730; x_wconf 75' lang='lat' dir='ltr'><strong>Aniissionc</strong></span> <span class='ocrx_word' id='word_1_854' title='bbox 2856 5668 3063 5742; x_wconf 70' lang='lat' dir='ltr'><strong>gratiae,</strong></span> <span class='ocrx_word' id='word_1_855' title='bbox 3087 5681 3203 5738; x_wconf 85' lang='lat' dir='ltr'><strong>cap.</strong></span> <span class='ocrx_word' id='word_1_856' title='bbox 3239 5665 3289 5721; x_wconf 85' lang='grc'><strong>1.</strong></span> 
     </span>
    </p>
   </div>
  </div>
