4050 6302
561 330 662 384 159

1645 319 1848 378 ηοω
1882 317 2152 376 nucem
2185 289 2668 375 Lueouumsrs

3703 309 3788 366 ια

557 440 810 498 stantiam
854 437 1120 495 existendi
1147 436 1234 492 vel
1266 432 1590 491 subsistendi
1617 441 1837 498 terram,
1869 447 2038 502 aquas
2081 439 2136 486 et
2163 433 2210 492 Α
2237 446 2395 500 quam
2418 428 2685 492 occiderit,
2707 425 2856 480 habet
2878 435 3180 495 potestatein
3204 423 3474 480 mittercin
3489 425 3788 494 gehennam;

560 533 714 603 ignes
741 571 755 597 ,
798 532 995 587 herbas
1037 539 1092 586 et
1127 530 1350 584 arbores
1395 537 1451 582 et
1486 541 1816 593 quaecunque
1870 524 2134 593 ejusmodi

556 632 705 687 sunt,
742 622 880 677 sicut
918 623 1079 676 etiam
1108 621 1355 674 novimus
1397 625 1451 670 et
1477 615 1748 670 credimus
1778 613 2132 669 substantiam

556 713 821 767 existendi
849 721 907 766 et
935 709 1256 767 subsistendi
1282 707 1479 761 habere
1507 704 1715 758 animas
1737 703 2038 766 hominum,
2079 709 2134 756 et

559 803 780 870 spiritus
821 801 1130 871 angelorum
1176 797 1435 851 bonorum
1490 794 1602 847 sive
1637 792 2012 862 malignorum.
2067 790 2135 844 Et

557 897 841 958 propterea
869 887 1097 940 aﬂirmat
1119 884 1398 938 diabolica:
1426 881 1856 952 praesumptionis
1887 879 2132 944 audacia,

559 981 727 1034 Deum
753 979 896 1035 solas
924 990 1102 1031 rerum
1133 973 1461 1029 substantias
1505 981 1559 1026 et
1601 971 1743 1026 scire
1791 979 1847 1025 et
1880 969 2134 1040 praescire

555 1078 614 1123 et
650 1068 1030 1137 przedestinare
1058 1064 1336 1134 potuisse;
1390 1076 1452 1116 ea
1499 1075 1626 1116 vero
1661 1075 1780 1130 quae
1829 1059 1960 1130 ipsis
1989 1059 2134 1112 ἐυδ-

559 1157 770 1212 stantiis
810 1155 1080 1210 contraria
1125 1162 1180 1209 et
1229 1151 1461 1223 poenalia
1493 1159 1654 1215 sunt,
1701 1151 1824 1219 quia
1869 1147 2133 1203 existendi

557 1245 906 1300 substantiam
939 1258 1046 1298 non
1069 1241 1288 1305 habent,
1338 1241 1640 1295 nullatenus
1669 1255 1697 1293 a
1740 1238 1848 1293 Deo
1891 1236 2134 1307 pricsciri

554 1333 637 1388 vel
668 1331 1036 1400 praedestinari
1061 1349 1076 1396 ;
1119 1347 1182 1385 ac
1212 1346 1308 1400 per
1329 1331 1430 1383 hoc
1458 1345 1557 1383 nec
1581 1328 1704 1383 sciri
1731 1327 1988 1396 potuisse.

628 1426 768 1494 Ergo
796 1440 895 1480 nec
923 1433 1203 1494 peccatum
1234 1422 1391 1494 primi
1421 1423 1655 1478 hominis
1675 1421 1963 1490 przcseivit,
2007 1420 2132 1489 quia

556 1526 834 1585 peccatum
862 1515 1222 1570 substantiam
1247 1513 1511 1567 existendi
1537 1527 1642 1567 non
1667 1511 1830 1566 habet
1853 1528 1866 1576 ;
1896 1527 1996 1566 nec
2019 1525 2133 1580 pae-

554 1621 678 1659 nam
705 1606 907 1674 peccati
936 1605 1221 1675 praescivit,
1245 1603 1298 1658 id
1320 1612 1401 1658 est
1422 1612 1669 1666 mortem,
1687 1603 1979 1667 miseriam,
2008 1617 2133 1670 sup-

555 1693 772 1762 plicium
812 1694 1196 1764 sempiternum
1237 1711 1252 1748 :
1280 1693 1404 1761 quia
1427 1693 1541 1746 lucc
1567 1691 1816 1746 similiter
1859 1692 1914 1747 in
1942 1690 2131 1760 seipsis

2237 525 2312 577 ita
2339 523 2456 576 dico
2480 521 2639 585 vobis,
2669 521 2805 574 hunc
2833 520 3005 573 timete
3034 517 3187 588 (Luc.
3215 533 3314 582 ιιι,
3358 516 3435 586 5).
3485 516 3593 572 [ste
3629 528 3788 574 autem

2235 629 2268 671 e
2289 613 2563 670 contrario
2588 613 2719 668 dicit
2742 626 2928 666 omnes
2953 625 3141 680 pcenas
3168 608 3556 680 suppliciorum
3581 618 3789 665 aaterna-

2235 705 2388 768 lium,
2411 711 2522 757 tam
2549 703 2828 756 hominum
2861 716 3022 769 quam
3047 699 3357 770 angelorum
3381 699 3669 762 malorum,
3686 716 3788 770 qua:

2236 791 2341 846 illis
2367 791 2686 845 comminata
2709 799 2764 842 et
2789 797 3089 858 praeparata
3111 795 3258 851 sunt,
3280 786 3503 841 omnino
3523 786 3651 840 nihil
3665 802 3786 842 esse.

2238 878 2296 934 Si
2326 887 2506 936 autem
2549 893 2724 947 paena:
2766 886 2981 931 :eternm
3024 875 3378 946 malignorum
3408 875 3714 944 angelorum
3743 886 3789 930 et

2238 969 2512 1024 hominum
2531 968 2884 1036 pessimorum
2898 965 3286 1034 prmdestinatze
3304 981 3405 1018 non
3423 975 3574 1028 sunt,
3590 965 3708 1032 quid
3719 975 3789 1019 est

2237 1058 2380 1127 quod
2398 1057 2510 1126 ipse
2527 1057 2704 1126 justus
2722 1055 2887 1124 judex
2915 1064 2971 1108 et
2989 1055 3271 1108 damnator
3291 1053 3534 1122 ipsorum
3557 1053 3606 1105 in
3625 1052 3706 1107 illo
3720 1051 3772 1120 ju

2235 1148 2376 1204 dicio
2405 1163 2463 1202 se
2489 1148 2752 1202 dicturum
2777 1147 3026 1216 praedixit
3053 1163 3067 1198 :
3102 1145 3202 1211 Ite,
3235 1145 3525 1208 maledicti,
3561 1145 3615 1197 in
3641 1145 3789 1214 ignem

2236 1246 2500 1299 teternum,
2516 1237 2604 1306 qui
2615 1245 2828 1304 paratus
2843 1243 2916 1289 est
2936 1233 3142 1288 diabolo
3155 1243 3203 1288 et
3223 1233 3418 1304 angelis
3431 1234 3580 1302 ejus?
3592 1233 3787 1303 (Matth.

2233 1343 2362 1392 xxv,
2390 1325 2502 1396 tl.)
2535 1327 2591 1381 Si
2619 1335 2836 1396 paratus
2858 1326 3058 1394 utique,
3082 1334 3138 1379 et
3161 1315 3596 1395 praedeStinatns,
3624 1342 3688 1380 an
3708 1343 3788 1380 an-

2235 1421 2368 1492 gelis
2381 1421 2645 1476 damnatis
2666 1429 2721 1475 et
2737 1420 3052 1474 damnandis
3065 1419 3607 1488 estprtedestinatus;
3633 1419 3790 1488 impiis

2234 1521 2438 1577 autem,
2472 1511 2573 1581 qui
2588 1511 2775 1566 eodem
2796 1518 3002 1564 aeterno
3024 1510 3128 1579 igni
3157 1510 3358 1578 pariter
3378 1510 3634 1579 puniendi
3658 1521 3786 1573 sunt,

2234 1615 2340 1655 non
2370 1607 2456 1654 est
2477 1607 2698 1668 paratus
2726 1612 2828 1653 nec
2855 1597 3300 1668 praedestinatus?
3329 1596 3433 1652 Sed
3457 1598 3788 1666 praedestina-

2235 1699 2322 1746 tas
2347 1691 2524 1760 impiis
2543 1704 2729 1760 poenas
2755 1697 2810 1744 et
2831 1689 3092 1759 supplicia
3120 1689 3450 1758 sempiterna
3481 1689 3644 1742 etiam
3671 1689 3784 1742 bea-
3815 1745 3818 1748 ,

552 1781 980 1836 substantialiter
1023 1797 1128 1837 non
1176 1782 1430 1836 existunt.
1481 1780 1547 1833 Et
1598 1781 1685 1834 ubi
1717 1788 1802 1834 est
1828 1779 1970 1849 quod
1998 1779 2132 1834 ﬁdes
2159 1771 2207 1834 Β
2235 1788 2348 1834 tum
2375 1778 2579 1842 Enoch,
2608 1778 2972 1848 patriarcham
3013 1778 3447 1847 antiquissimum
3479 1778 3594 1846 (qui
3622 1777 3788 1830 ambu-

553 1870 862 1924 ﬁrmissime
921 1881 976 1925 et
1033 1871 1380 1925 immobiliter
1438 1877 1631 1924 tenet:
1696 1870 2129 1938 Omnipotentem

552 1959 721 2012 Deum
750 1961 1030 2015 verissime
1057 1961 1337 2030 prmscium
1372 1975 1493 2016 esse
1524 1959 1820 2014 futurorum
1857 1960 2128 2014 oumium:

552 2047 640 2100 ubi
670 2048 911 2116 estquod
933 2064 1027 2117 per
1048 2049 1336 2118 prophetas
1355 2064 1500 2111 suos,
1529 2048 1580 2101 in
1601 2048 1892 2117 Scripturis
1907 2049 2132 2112 sanctis,

552 2147 632 2191 tot
661 2151 879 2206 peccata
907 2140 1206 2203 hominum,
1239 2148 1316 2194 tot
1343 2153 1551 2208 poenas,
1581 2148 1636 2193 et
1659 2139 1838 2193 clades
1874 2147 1929 2191 et
1970 2140 2131 2194 mise-

552 2227 662 2282 rias
696 2237 1035 2296 peccatorum
1067 2230 1257 2298 spiritu
1292 2245 1389 2284 suo
1413 2238 1665 2283 venturas
1696 2229 1976 2298 praedicit?
2025 2229 2126 2285 Ubi

554 2317 716 2369 etiam
757 2319 897 2386 quod
930 2318 1044 2388 ipse
1075 2320 1377 2387 unigenitus
1405 2319 1497 2374 Dei
1527 2319 1722 2385 Filius,
1751 2320 1840 2388 qui
1871 2328 1954 2375 est
1976 2320 2131 2375 Veri-

550 2415 635 2459 tas
660 2414 878 2468 interna,
917 2417 994 2462 tot
1027 2410 1427 2476 persecutiones
1459 2409 1712 2464 Ecclesiae
1737 2425 1883 2474 suae,
1915 2419 1992 2466 tot
2019 2411 2132 2466 bel-

545 2494 720 2548 lorum
755 2497 1166 2556 commotiones.
1217 2507 1272 2553 et
1309 2497 1548 2552 laborum
1583 2514 1646 2553 ac
1692 2509 1954 2560 terrorum
1981 2515 2128 2568 pres-

547 2601 726 2650 suras,
780 2595 1115 2642 termemotus
1163 2589 1324 2642 etiam
1373 2595 1428 2642 et
1476 2588 1831 2657 pestilentias,
1881 2599 1935 2644 et
1959 2589 2128 2645 fames

545 2677 734 2745 utique
770 2678 1102 2746 pra-sciendo
1131 2679 1456 2748 praanuntiat
1480 2719 1498 2744 ,
1557 2689 1612 2734 et
1641 2687 1700 2734 ut
1735 2681 2126 2750 patientissime

545 2782 576 2818 a
608 2767 722 2822 suis
755 2767 1053 2822 tolerentur
1097 2769 1318 2822 monet?
1346 2784 1443 2824 cur
1482 2779 1590 2824 tam
1620 2779 1862 2838 apertum
1901 2771 2125 2826 menda-

545 2856 721 2918 cium,
770 2857 876 2910 imo
913 2866 1020 2910 tam
1053 2857 1350 2912 inauditam
1400 2868 1454 2912 et
1494 2859 1703 2928 impiarr
1741 2859 2129 2930 blasphemiam

543 2945 643 3000 iste
673 2947 868 3015 impius
893 2947 1134 3015 proferre
1163 2963 1330 3002 ausus
1367 2957 1482 3014 est,
1509 2960 1694 3003 contra
1732 2952 1892 3005 totius
1922 2962 2124 3006 sancta:

543 3034 795 3089 Ecclesia:
825 3034 1003 3098 ﬁdem,
1032 3045 1218 3091 contra
1259 3035 1660 3105 Scripturarum
1686 3038 1982 3093 caelestium
2026 3053 2120 3093 ve-

2234 1867 2365 1924 lavit
2394 1883 2514 1923 cum
2559 1869 2688 1930 Deo,
2725 1875 2781 1922 et
2825 1883 2930 1922 non
2983 1869 3301 1936 comparuit,
3345 1868 3471 1937 quia
3521 1867 3640 1921 tulit
3679 1883 3784 1922 eum

2233 1961 2535 2028 Dominus),
2569 1969 2695 2015 ante
2728 1959 2982 2014 diluvium
3021 1963 3397 2030 prophetasse,
3427 1961 3618 2014 beatus
3643 1957 3788 2014 ludas

2233 2052 2532 2122 apostolus,
2564 2052 2794 2120 loquens
2822 2051 2889 2104 de
2921 2051 3251 2119 impiissimis
3295 2051 3566 2105 Ιιαιτειίοἰε
3609 2049 3692 2118 qui
3727 2050 3786 2119 ip-

2231 2141 2308 2195 sis
2349 2139 2683 2208 temporibus
2754 2139 3117 2207 apostolorum
3167 2139 3484 2208 impugnare
3529 2147 3788 2206 cmperunt

2230 2229 2526 2285 Ecclesium
2553 2229 2672 2293 Dei,
2702 2230 2771 2282 ita
2799 2237 3024 2283 testatur
3047 2229 3230 2283 dicens
3267 2246 3280 2281 :
3345 2227 3678 2297 Prophetavit
3703 2243 3785 2280 au-

2229 2331 2329 2376 tem
2370 2331 2416 2375 et
2441 2321 2504 2375 de
2529 2322 2608 2376 his
2632 2322 2880 2390 septimm
2910 2328 2977 2374 ad
3004 2320 3174 2375 Adam
3210 2319 3389 2374 Enocb
3414 2322 3593 2373 dicens
3622 2333 3640 2370 :
3666 2317 3783 2372 Ecce

2228 2414 2363 2468 venit
2405 2413 2660 2467 Dominus
2687 2414 2741 2466 in
2761 2413 2953 2468 sanctis
2970 2411 3196 2466 millibus
3225 2411 3333 2465 suis
3350 2411 3526 2479 facere
3542 2411 3786 2480 judicium

2227 2515 2407 2559 contra
2437 2521 2636 2568 omnes,
2665 2513 2712 2558 et
2748 2521 2965 2573 arguere
3005 2520 3181 2557 omnes
3226 2504 3412 2572 impios
3462 2504 3527 2556 de
3566 2501 3782 2555 omnibus

2225 2595 2463 2663 operibus
2499 2594 2774 2664 impietatis
2827 2610 3026 2658 eorum,
3073 2593 3258 2663 quibus
3300 2593 3458 2661 impie
3485 2597 3782 2662 egerunt,ct

2224 2684 2289 2739 de
2318 2687 2557 2740 omnibus
2579 2686 2746 2747 duris,
2773 2701 2890 2754 quae
2915 2685 3077 2737 locuti
3105 2695 3222 2737 sunt
3253 2693 3431 2736 contra
3464 2701 3584 2737 eum
3623 2699 3782 2752 pecca-

2225 2783 2366 2829 tores
2402 2775 2546 2843 impii
2595 2772 2744 2844 (Jud.
2778 2773 2881 2838 l4,
2916 2773 3025 2841 15).
3067 2773 3179 2827 Hoc
3213 2771 3476 2841 judicium
3505 2771 3782 2827 damnatio-

2225 2863 2617 2932 nisimpiorum
2650 2872 2705 2916 et
2741 2864 3044 2932 iniquorum
3085 2870 3138 2917 et
3166 2861 3652 2930 blasphemantium
3697 2861 3778 2914 ho-

2223 2953 2426 3008 minum
2454 2955 2522 3008 ab
2564 2954 2720 3009 initio
2746 2955 2929 3009 mundi
2962 2963 3068 3008 tam
3112 2953 3432 3008 mirabiliter
3464 2952 3777 3024 praedictum,

2223 3051 2281 3096 et
2311 3043 2364 3096 in
2401 3043 2560 3097 ﬁnem
2585 3044 2769 3098 mundi
2798 3045 3078 3099 verissime
3116 3044 3449 3114 implendum
3479 3044 3638 3099 etiam
3663 3043 3778 3098 bea-

540 3125 782 3189 ritatem,
831 3135 1017 3180 contra
1059 3127 1478 3194 omnipotentem
1517 3129 1608 3182 Dei
1659 3127 1994 3196 majestatem
2025 3146 2117 3186 ore
2145 3113 2190 3176 C
2223 3143 2309 3186 tus
2334 3131 2530 3188 Petrus
2549 3135 2827 3202 apostolus
2854 3133 2939 3188 bis
2985 3133 3168 3189 verbis
3194 3113 3522 3197 denuntiat,
3571 3133 3738 3186 dicens
3762 3147 3792 3183 :.

540 3215 803 3285 sacrilego
853 3227 909 3270 et
951 3217 1130 3272 verbis
1170 3221 1348 3290 impiis
1399 3222 1802 3293 obstrependo?
1847 3224 1982 3291 Quid
2033 3237 2119 3281 est

539 3313 718 3357 autem
773 3305 914 3372 quod
969 3307 1021 3359 in
1076 3316 1286 3362 tantum
1317 3311 1597 3366 consilium
1655 3323 1709 3368 et
1751 3315 2114 3384 deceptionem

543 3395 741 3447 diaboli
771 3396 967 3450 imitari
995 3409 1049 3452 et
1075 3400 1330 3469 adjuvare
1357 3413 1603 3468 conatur,
1634 3415 1693 3459 ut
1720 3421 1781 3460 ea
1809 3422 1926 3476 qua:
1947 3409 2118 3462 veris-

538 3484 674 3536 sime
699 3494 754 3538 et
780 3487 1082 3542 certissime
1115 3490 1306 3561 impios
1335 3509 1586 3562 passuros
1619 3496 1761 3551 Deus
1795 3503 2118 3568 pnenuntiat

536 3579 592 3623 et
636 3573 1012 3637 comminatur.
1049 3577 1100 3631 id
1139 3588 1226 3632 est
1256 3591 1454 3636 mterna
1489 3585 1768 3654 supplicia,
1812 3587 1912 3642 istc
1961 3589 2118 3644 labiis

537 3660 739 3729 iniquis
795 3673 849 3716 et
894 3664 1072 3736 lingua
1127 3668 1310 3724 dolosa
1359 3672 1504 3726 velut
1550 3677 1922 3742 peccatoribus
1966 3678 2116 3732 blan-

535 3751 730 3806 diendo
760 3751 986 3809 allii-met
1010 3757 1141 3811 nihil
1169 3774 1327 3824 esse;
1359 3761 1497 3816 sicut
1521 3779 1745 3834 serpens
1775 3766 1826 3819 in
1852 3766 2025 3832 initio,
2058 3776 2116 3821 ut

537 3849 796 3896 terrorem
831 3846 1042 3910 mortis,
1090 3863 1250 3916 quam
1281 3850 1424 3904 Deus
1469 3854 1826 3909 comminatus
1856 3855 2052 3920 fuerat,
2083 3873 2112 3911 a

532 3931 694 3985 corde
723 3932 952 3988 hominis
995 3935 1327 4003 excluderet,
1354 3949 1409 3993 et
1434 3941 1498 3994 ad
1524 3945 1782 4010 peccandi
1809 3945 2116 4000 delectatio-

533 4035 657 4072 nem
706 4032 1065 4089 provocaret:
1109 4043 1452 4097 nequaquam,
1489 4031 1584 4095 ait,
1630 4043 1792 4086 morte
1825 4037 2116 4093 moriemini

534 4106 690 4175 (Gen.
721 4123 802 4172 III,
829 4109 884 4181 4)
913 4127 928 4175 ;
967 4112 1038 4164 ita
1062 4129 1291 4184 namque
1317 4127 1372 4170 et
1397 4118 1521 4183 iste,
1561 4125 1824 4190 serpentis
1855 4124 2118 4192 imitator,

532 4199 762 4254 dicendo
787 4202 928 4268 quod
973 4210 1240 4259 tormenta
1281 4216 1505 4275 aeterna,
1549 4226 1668 4280 quae
1695 4212 1836 4268 Deus
1865 4225 2116 4282 peccato-

533 4287 682 4342 ribus
718 4289 1014 4356 denuntiat,
1063 4294 1196 4348 nihil
1225 4307 1370 4362 sunt,
1422 4300 1549 4368 quid
1585 4301 1728 4356 aliud
1766 4304 1896 4374 agit,
1949 4321 2110 4374 quam

531 4389 592 4432 ut
647 4389 906 4436 terrorem
951 4384 1223 4441 salubrem
1267 4403 1298 4442 a
1349 4392 1600 4447 cordibus
1644 4395 1972 4452 audientium
2003 4399 2104 4454 tol-

531 4469 626 4614 lati
679 4487 880 4543 eosque
927 4475 996 4530 ad
1035 4479 1364 4548 peccandum
1414 4480 1652 4538 infrenos
1699 4493 1755 4540 et
1805 4486 2115 4558 praacipites

531 4575 591 4614 re
631 4562 743 4614 dat.

531 4562 743 4617 reddat.

599 4650 813 4707 Et'ideo
833 4655 1268 4711 constantissima
1293 4666 1350 4713 et
1375 4658 1634 4715 immobili
1676 4660 1780 4718 ﬁde
1811 4666 2102 4721 tenendum

528 4743 952 4810 omnipotentem
982 4747 1150 4802 Deum
1178 4749 1357 4805 omnia
1405 4749 1584 4805 futura
1622 4755 1894 4822 praescire,
1940 4757 1992 4812 id
2021 4765 2104 4813 est

529 4830 668 4884 bona
693 4840 747 4885 et
773 4834 937 4899 mala,
963 4853 1061 4892 nec
1085 4837 1258 4892 solum
1281 4849 1501 4895 naturas
1521 4844 1756 4899 omnium
1780 4862 1978 4912 rerum,
2007 4865 2102 4903 an-

529 4927 746 4986 tequam
776 4937 869 4976 eas
895 4934 1128 4991 crearet,
1157 4929 1437 4996 praescisse
1455 4947 1469 4993 ;
1487 4931 1580 4985 sed
1595 4933 1754 4986 etiam
1771 4950 2104 5007 quaecunque

529 5009 660 5076 ipsis
675 5011 882 5065 naturis
893 5023 1116 5081 possunt
1127 5029 1246 5071 esse
1255 5020 1599 5086 contraria,et
1613 5024 1844 5090 paenalia
1859 5026 2106 5080 similiter

528 5101 829 5169 praescisse.
870 5103 985 5157 Non
1027 5106 1153 5176 quia
1204 5109 1626 5166 substantialiter
1670 5115 1943 5180 existunt,
2004 5117 2098 5171 sed

528 5208 654 5261 quia
688 5195 1008 5251 substantiis
1053 5198 1121 5251 ab
1152 5214 1217 5253 eo
1276 5202 1504 5258 conditis
1552 5206 1837 5274 poenaliter
1881 5216 2094 5261 nocent.

531 5281 680 5338 Hanc
704 5284 846 5338 enim
875 5285 1032 5339 ﬁdem
1069 5287 1342 5358 Scriptura
1370 5294 1653 5347 conﬁrmat
1681 5295 1866 5350 dicens
1906 5313 1919 5348 :
1952 5294 2092 5349 Deus

528 5383 736 5437 rrternc,
763 5377 849 5444 qui
878 5377 1296 5434 absconditorum
1329 5399 1382 5436 es
1410 5387 1664 5453 cognitor,
1698 5386 1785 5454 qui
1813 5386 1947 5438 nosti
1981 5401 2093 5438 om-

529 5462 616 5514 nia
638 5474 910 5534 antequam
943 5467 1073 5535 fiant
1119 5468 1278 5538 (Dan.
1314 5487 1431 5535 χιιι,
1461 5471 1572 5540 42).
1608 5472 1672 5524 Et
1699 5472 1812 5540 ipse
1838 5472 2096 5528 Dominus

528 5555 584 5608 in
636 5555 920 5628 Evangelio
969 5561 1035 5615 de
1082 5561 1165 5615 bis
1217 5563 1401 5616 lidcles
1451 5578 1577 5616 suos
1634 5570 1818 5628 terret,
1865 5563 2090 5619 dicens:

530 5645 811 5705 Ostendam
835 5653 971 5707 vobis
991 5670 1140 5724 quem
1164 5656 1387 5709 timeatis
1414 5671 1431 5708 .'
1462 5655 1652 5709 Timete
1673 5671 1791 5709 eum
1810 5657 1919 5727 qui,
1943 5666 2090 5727 post-

2218 3220 2459 3278 Fuerunt
2498 3242 2615 3279 vero
2653 3235 2698 3280 et
2740 3226 3196 3296 pseudoprophetis:
3238 3226 3292 3280 in
3330 3225 3546 3296 papula,
3578 3226 3703 3280 sicut
3735 3233 3775 3276 et

2214 3313 2271 3366 in
2308 3314 2446 3368 vobis
2503 3325 2654 3368 erunt
2702 3317 2937 3385 magistri
2999 3316 3292 3380 mendaces,
3330 3317 3418 3386 qui
3471 3315 3776 3370 introducent

2215 3413 2382 3457 sectas
2417 3404 2744 3473 perditionis,
2771 3413 2818 3458 et
2842 3421 2959 3458 eum
2983 3405 3071 3475 qui
3101 3405 3222 3459 emit
3255 3421 3339 3458 eos
3380 3403 3660 3458 Dominum
3701 3419 3773 3455 ne-

2215 3501 2358 3560 gant,
2392 3493 2789 3560 superducentes
2821 3493 2920 3546 sibi
2946 3493 3159 3546 celerem
3185 3493 3526 3562 perditionem
3549 3491 3627 3562 (II
3646 3490 3771 3543 Petr.

2204 3595 2275 3662 ιιι,
2311 3581 2384 3639 ll.
2426 3580 2502 3636 De
2556 3581 2750 3650 quibus
2792 3591 2848 3635 et
2895 3582 3052 3652 paulo
3103 3590 3224 3651 post
3259 3575 3503 3652 adjungit
3548 3580 3772 3646 :Quibus

2207 3670 2469 3738 judicium
2483 3669 2602 3738 jam
2634 3670 2756 3724 olim
2785 3688 2886 3724 non
2913 3681 3100 3737 cessat,
3127 3682 3176 3724 et
3203 3672 3424 3740 perditio
3470 3687 3644 3724 eorum
3684 3685 3770 3722 non

2214 3757 2464 3812 dormitat
2494 3757 2679 3828 (lbid.,
2710 3759 2787 3827 3).
2824 3759 2880 3814 Si
2915 3775 3044 3830 ergo
3067 3761 3359 3829 qumrimus
3405 3759 3565 3815 istius
3605 3757 3770 3829 judicii

2213 3857 2469 3901 asternam
2509 3850 2650 3918 apud
2703 3849 2871 3904 Deum
2915 3850 3465 3919 pricdestinationcm,
3514 3850 3769 3904 audiamus

2215 3937 2506 4008 vigilanter
2557 3939 2700 4007 quod
2745 3939 2822 3992 ait
2871 3957 2884 3993 :
2925 3939 3125 4006 Quibus
3171 3939 3290 4009 jam
3345 3939 3469 3993 olim
3534 3939 3767 4008 judicium

2215 4045 2320 4085 non
2345 4039 2532 4095 cessat,
2581 4029 2632 4083 id
2665 4038 2766 4094 est,
2820 4045 2926 4084 non
2974 4045 3117 4085 nunc
3161 4031 3395 4101 primum
3443 4031 3764 4100 iudicantur;

2217 4134 2318 4174 nec
2347 4129 2475 4174 tunc
2495 4117 2730 4188 primum
2757 4119 2974 4188 quando
3004 4119 3070 4174 de
3095 4134 3322 4189 corpore
3351 4119 3535 4174 exient
3570 4117 3632 4172 ad
3662 4129 3766 4182 snp-

2215 4208 2429 4279 piicium
2475 4207 2882 4278 sempiternum.
2915 4207 3021 4263 Sed
3057 4209 3157 4263 hoc
3178 4208 3442 4280 judicium
3482 4205 3765 4262 damnatio-

2214 4300 2299 4354 nis
2317 4315 2500 4354 eorum
2525 4300 2636 4369 jam
2665 4299 2792 4355 olim
2811 4309 2895 4356 est
2923 4302 3221 4366 decretum,
3245 4299 3358 4370 jam
3385 4301 3513 4356 olim
3542 4316 3605 4356 ex
3627 4311 3764 4354 teter-

2214 4391 2380 4445 nitate
2410 4391 2882 4460 praedestinatum;
2909 4391 3086 4459 etjam
3109 4392 3235 4446 olim
3258 4393 3339 4447 eis
3363 4390 3650 4462 prteparari
3670 4402 3762 4442 non

2211 4487 2407 4533 cessat.
2441 4477 2496 4532 Si
2529 4488 2707 4533 autem
2737 4481 3029 4548 quzerimus
3059 4497 3177 4551 qua:
3201 4497 3356 4550 paena
3390 4481 3498 4536 illis
3522 4479 3760 4536 inferatur

2211 4565 2303 4620 tali
2329 4565 2551 4634 judicio,
2583 4577 2631 4620 et
2651 4569 2895 4636 perditio,
2928 4569 3122 4639 inquit,
3151 4587 3330 4623 eorum
3370 4587 3473 4623 non
3512 4568 3757 4628 dormitat,

2211 4656 2338 4711 item
2368 4656 2435 4712 de
2459 4657 2660 4712 eisdem
2684 4658 2862 4727 impiis
2879 4669 2934 4713 et
2953 4659 3474 4728 blasphematoribus
3488 4660 3624 4713 idem
3645 4668 3756 4724 apo-

2209 4745 2381 4801 stolus
2397 4746 2524 4800 dicit
2559 4766 2572 4800 :
2606 4746 2678 4800 Hi
2699 4757 2817 4802 sunt
2841 4749 3006 4818 fontes
3033 4751 3144 4802 sine
3165 4767 3322 4818 aqua,
3362 4759 3408 4802 et
3432 4749 3628 4802 nebula:
3657 4756 3756 4798 tur—

2210 4836 2412 4890 binibus
2432 4838 2730 4907 exagitatae,
2745 4840 2928 4908 quibus
2949 4840 3115 4910 caligo
3136 4841 3462 4894 tenebrarum
3487 4846 3758 4894 reservatur

2207 4926 2295 4999 (ΙΙ
2326 4926 2473 4982 Petr.
2515 4944 2572 4991 lt,
2608 4930 2694 5001 l7)
2720 4947 2737 4984 :
2763 4930 3041 4998 Quomodo
3065 4934 3143 4988 eis
3170 4942 3496 4997 reservatur,
3524 4931 3622 4986 nisi
3643 4928 3752 4998 quia

2205 5017 2338 5086 ipsis
2361 5020 2429 5074 ab
2458 5019 2611 5075 initio
2644 5029 2730 5075 est
2761 5034 3080 5092 prcharata,
3135 5033 3191 5078 et
3217 5025 3267 5077 in
3323 5025 3426 5080 line
3471 5019 3753 5079 reddenda?

2205 5108 2354 5173 Quod
2375 5111 2575 5164 eisdem
2599 5127 2734 5178 pene
2766 5113 2946 5167 verbis
2972 5115 3161 5168 beatus
3185 5113 3351 5168 Judas
3387 5114 3652 5185 apostolus
3676 5119 3750 5164 at-

2205 5205 2432 5252 testatur
2461 5199 2646 5254 dicens
2673 5214 2688 5253 :
2716 5199 2790 5254 Ili
2809 5211 2930 5254 sunt
2957 5202 3115 5255 nubes
3139 5203 3250 5255 sine
3278 5219 3430 5272 aqua,
3457 5219 3569 5273 qua:
3589 5218 3619 5254 a
3647 5214 3750 5254 vett-

2203 5288 2269 5341 tis
2310 5289 2748 5358 circumferuntur
2788 5304 2808 5342 :
2849 5292 3059 5345 arbores
3100 5293 3450 5358 autunmales,
3497 5293 3570 5346 bis
3623 5303 3747 5344 mor-

2202 5387 2328 5442 tuw,
2355 5379 2635 5432 eradicata:
2663 5393 2681 5429 :
2705 5381 2896 5448 ﬂuctus
2919 5381 3018 5450 feri
3049 5381 3212 5434 maris
3242 5383 3598 5451 despumantes
3639 5391 3748 5433 suas

2203 5468 2529 5536 confusiones
2553 5485 2571 5532 ;
2601 5470 2773 5523 sidera
2789 5472 3020 5523 errantia
3041 5511 3056 5536 ,
3075 5472 3262 5539 quibus
3286 5471 3509 5540 procella
3536 5469 3747 5524 tenebra-

2205 5573 2321 5612 rum
2349 5559 2402 5612 in
2440 5569 2689 5614 wternum
2710 5572 2912 5615 servata
2951 5572 3022 5615 est
3055 5561 3205 5630 (Jud.
3244 5562 3328 5625 12,
3362 5561 3468 5632 15).

2275 5649 2474 5709 Contra
2520 5651 2636 5708 haec
2674 5661 2782 5708 tam
2826 5651 3130 5732 horrenda,
3174 5661 3282 5708 tam
3325 5651 3611 5718 terribilia,
3643 5660 3747 5719 quae
