  <div class='ocr_page' id='page_1' title='image "/cluster/home/n/w/nwhite01/storage/ocr_20150623/119/hvd.32044015466915/086.png"; bbox 0 0 4050 6302; ppageno 0'>
   <div class='ocr_carea' id='block_1_1' title="bbox 299 363 392 418">
    <p class='ocr_par' dir='ltr' id='par_1_1' title="bbox 299 363 392 418">
     <span class='ocr_line' id='line_1_1' title="bbox 299 363 392 418; baseline 0 0"><span class='ocrx_word' id='word_1_1' title='bbox 299 363 392 418; x_wconf 74' lang='lat' dir='ltr'><strong>l6!</strong></span> 
     </span>
    </p>
   </div>
   <div class='ocr_carea' id='block_1_2' title="bbox 1279 367 2584 430">
    <p class='ocr_par' dir='ltr' id='par_1_2' title="bbox 1279 367 2584 430">
     <span class='ocr_line' id='line_1_2' title="bbox 1279 367 2584 430; baseline 0 -4"><span class='ocrx_word' id='word_1_2' title='bbox 1279 369 1482 427; x_wconf 80' lang='lat' dir='ltr'><strong>LIBER</strong></span> <span class='ocrx_word' id='word_1_3' title='bbox 1520 367 1894 428; x_wconf 78' lang='lat' dir='ltr'><strong>ADVERSUS</strong></span> <span class='ocrx_word' id='word_1_4' title='bbox 1929 369 2245 428; x_wconf 76' lang='lat' dir='ltr'><strong>JOANNEM</strong></span> <span class='ocrx_word' id='word_1_5' title='bbox 2285 371 2584 430; x_wconf 79' lang='lat' dir='ltr'><strong>SCOTUM.</strong></span> 
     </span>
    </p>
   </div>
   <div class='ocr_carea' id='block_1_3' title="bbox 3437 377 3536 432">
    <p class='ocr_par' dir='ltr' id='par_1_3' title="bbox 3437 377 3536 432">
     <span class='ocr_line' id='line_1_3' title="bbox 3437 377 3536 432; baseline 0 0"><span class='ocrx_word' id='word_1_6' title='bbox 3437 377 3536 432; x_wconf 58' lang='lat' dir='ltr'><strong>l6?</strong></span> 
     </span>
    </p>
   </div>
   <div class='ocr_carea' id='block_1_4' title="bbox 296 475 3542 560">
    <p class='ocr_par' dir='ltr' id='par_1_4' title="bbox 296 475 3542 560">
     <span class='ocr_line' id='line_1_4' title="bbox 296 475 3542 560; baseline 0.004 -28"><span class='ocrx_word' id='word_1_7' title='bbox 296 477 636 546; x_wconf 87' lang='lat' dir='ltr'><strong>omnipotens</strong></span> <span class='ocrx_word' id='word_1_8' title='bbox 680 475 822 533; x_wconf 87' lang='lat' dir='ltr'><strong>Deus</strong></span> <span class='ocrx_word' id='word_1_9' title='bbox 865 492 962 549; x_wconf 90' lang='lat' dir='ltr'><strong>per</strong></span> <span class='ocrx_word' id='word_1_10' title='bbox 1011 479 1300 550; x_wconf 72' lang='lat' dir='ltr'><strong>prophetas</strong></span> <span class='ocrx_word' id='word_1_11' title='bbox 1345 491 1400 538; x_wconf 90' lang='lat' dir='ltr'><strong>et</strong></span> <span class='ocrx_word' id='word_1_12' title='bbox 1447 482 1715 553; x_wconf 76' lang='lat' dir='ltr'><strong>apostolos</strong></span> <span class='ocrx_word' id='word_1_13' title='bbox 1742 495 1868 537; x_wconf 91' lang='lat' dir='ltr'><strong>suos</strong></span> <span class='ocrx_word' id='word_1_14' title='bbox 1897 486 1948 545; x_wconf 77' lang='grc' dir='ltr'>Α</span> <span class='ocrx_word' id='word_1_15' title='bbox 1972 490 2034 536; x_wconf 91' lang='lat' dir='ltr'><strong>ut</strong></span> <span class='ocrx_word' id='word_1_16' title='bbox 2065 497 2186 538; x_wconf 90' lang='lat' dir='ltr'><strong>cum</strong></span> <span class='ocrx_word' id='word_1_17' title='bbox 2218 481 2440 554; x_wconf 82' lang='lat' dir='ltr'><strong>flagellis</strong></span> <span class='ocrx_word' id='word_1_18' title='bbox 2466 483 2713 550; x_wconf 61' lang='lat' dir='ltr'><strong>caeditur,</strong></span> <span class='ocrx_word' id='word_1_19' title='bbox 2736 480 2926 554; x_wconf 79' lang='lat' dir='ltr'><strong>gladiis</strong></span> <span class='ocrx_word' id='word_1_20' title='bbox 2946 483 3280 556; x_wconf 75' lang='lat' dir='ltr'><strong>vulneratur,</strong></span> <span class='ocrx_word' id='word_1_21' title='bbox 3313 489 3394 543; x_wconf 81' lang='lat' dir='ltr'><strong>vel</strong></span> <span class='ocrx_word' id='word_1_22' title='bbox 3422 491 3542 560; x_wconf 88' lang='lat' dir='ltr'><strong>qui-</strong></span> 
     </span>
    </p>
   </div>
   <div class='ocr_carea' id='block_1_5' title="bbox 295 568 1866 638">
    <p class='ocr_par' dir='ltr' id='par_1_5' title="bbox 295 568 1866 638">
     <span class='ocr_line' id='line_1_5' title="bbox 295 568 1866 638; baseline 0.003 -15"><span class='ocrx_word' id='word_1_23' title='bbox 295 568 476 637; x_wconf 88' lang='lat' dir='ltr'><strong>impiis</strong></span> <span class='ocrx_word' id='word_1_24' title='bbox 543 577 599 622; x_wconf 93' lang='lat' dir='ltr'><strong>et</strong></span> <span class='ocrx_word' id='word_1_25' title='bbox 667 569 1040 638; x_wconf 76' lang='lat' dir='ltr'><strong>peccatoribus</strong></span> <span class='ocrx_word' id='word_1_26' title='bbox 1094 572 1478 638; x_wconf 78' lang='lat' dir='ltr'><strong>comminatur,</strong></span> <span class='ocrx_word' id='word_1_27' title='bbox 1534 573 1664 628; x_wconf 88' lang='lat' dir='ltr'><strong>dicit</strong></span> <span class='ocrx_word' id='word_1_28' title='bbox 1713 573 1866 628; x_wconf 88' lang='lat' dir='ltr'><strong>iste:</strong></span> 
     </span>
    </p>
   </div>
   <div class='ocr_carea' id='block_1_6' title="bbox 293 659 1872 733">
    <p class='ocr_par' dir='ltr' id='par_1_6' title="bbox 293 659 1872 733">
     <span class='ocr_line' id='line_1_6' title="bbox 293 659 1872 733; baseline 0.002 -19"><span class='ocrx_word' id='word_1_29' title='bbox 293 660 466 715; x_wconf 87' lang='lat' dir='ltr'><strong>Omne</strong></span> <span class='ocrx_word' id='word_1_30' title='bbox 504 659 700 714; x_wconf 88' lang='lat' dir='ltr'><strong>malum</strong></span> <span class='ocrx_word' id='word_1_31' title='bbox 721 700 737 725; x_wconf 95' lang='lat'><strong>,</strong></span> <span class='ocrx_word' id='word_1_32' title='bbox 773 673 1038 731; x_wconf 74' lang='lat' dir='ltr'><strong>peccatum</strong></span> <span class='ocrx_word' id='word_1_33' title='bbox 1065 671 1114 715; x_wconf 90' lang='lat' dir='ltr'><strong>et</strong></span> <span class='ocrx_word' id='word_1_34' title='bbox 1132 664 1248 733; x_wconf 87' lang='lat' dir='ltr'><strong>ejus</strong></span> <span class='ocrx_word' id='word_1_35' title='bbox 1276 681 1478 733; x_wconf 69' lang='lat' dir='ltr'><strong>poenam</strong></span> <span class='ocrx_word' id='word_1_36' title='bbox 1505 681 1608 719; x_wconf 89' lang='lat' dir='ltr'><strong>non</strong></span> <span class='ocrx_word' id='word_1_37' title='bbox 1636 680 1763 718; x_wconf 86' lang='lat' dir='ltr'><strong>esse.</strong></span> <span class='ocrx_word' id='word_1_38' title='bbox 1804 664 1872 718; x_wconf 89' lang='lat' dir='ltr'><strong>Et</strong></span> 
     </span>
    </p>
   </div>
   <div class='ocr_carea' id='block_1_7' title="bbox 290 747 1870 821">
    <p class='ocr_par' dir='ltr' id='par_1_7' title="bbox 290 747 1870 821">
     <span class='ocr_line' id='line_1_7' title="bbox 290 747 1870 821; baseline 0 -17"><span class='ocrx_word' id='word_1_39' title='bbox 290 747 493 804; x_wconf 85' lang='lat' dir='ltr'><strong>iterum</strong></span> <span class='ocrx_word' id='word_1_40' title='bbox 519 751 714 804; x_wconf 82' lang='lat' dir='ltr'><strong>asserit</strong></span> <span class='ocrx_word' id='word_1_41' title='bbox 745 769 758 804; x_wconf 89' lang='lat'><strong>:</strong></span> <span class='ocrx_word' id='word_1_42' title='bbox 795 749 1018 805; x_wconf 79' lang='lat' dir='ltr'><strong>Natura:</strong></span> <span class='ocrx_word' id='word_1_43' title='bbox 1046 751 1417 821; x_wconf 77' lang='lat' dir='ltr'><strong>integritatem,</strong></span> <span class='ocrx_word' id='word_1_44' title='bbox 1448 754 1622 818; x_wconf 80' lang='lat' dir='ltr'><strong>vitam,</strong></span> <span class='ocrx_word' id='word_1_45' title='bbox 1647 753 1870 806; x_wconf 88' lang='lat' dir='ltr'><strong>beatitu-</strong></span> 
     </span>
    </p>
   </div>
   <div class='ocr_carea' id='block_1_8' title="bbox 288 839 1873 910">
    <p class='ocr_par' dir='ltr' id='par_1_8' title="bbox 288 839 1873 910">
     <span class='ocr_line' id='line_1_8' title="bbox 288 839 1873 910; baseline 0.003 -18"><span class='ocrx_word' id='word_1_46' title='bbox 288 840 468 892; x_wconf 85' lang='lat' dir='ltr'><strong>dinem</strong></span> <span class='ocrx_word' id='word_1_47' title='bbox 498 839 674 894; x_wconf 86' lang='lat' dir='ltr'><strong>essc.E</strong></span> <span class='ocrx_word' id='word_1_48' title='bbox 699 839 972 894; x_wconf 89' lang='lat' dir='ltr'><strong>contrario</strong></span> <span class='ocrx_word' id='word_1_49' title='bbox 1000 850 1176 895; x_wconf 90' lang='lat' dir='ltr'><strong>autem</strong></span> <span class='ocrx_word' id='word_1_50' title='bbox 1204 854 1490 910; x_wconf 88' lang='lat' dir='ltr'><strong>peccatum,</strong></span> <span class='ocrx_word' id='word_1_51' title='bbox 1513 853 1752 907; x_wconf 87' lang='lat' dir='ltr'><strong>mortem,</strong></span> <span class='ocrx_word' id='word_1_52' title='bbox 1775 844 1873 896; x_wconf 90' lang='lat' dir='ltr'><strong>mi-</strong></span> 
     </span>
    </p>
   </div>
   <div class='ocr_carea' id='block_1_9' title="bbox 292 929 1870 1000">
    <p class='ocr_par' dir='ltr' id='par_1_9' title="bbox 292 929 1870 1000">
     <span class='ocr_line' id='line_1_9' title="bbox 292 929 1870 1000; baseline 0.003 -18"><span class='ocrx_word' id='word_1_53' title='bbox 292 930 488 982; x_wconf 77' lang='lat' dir='ltr'><strong>seriam</strong></span> <span class='ocrx_word' id='word_1_54' title='bbox 517 930 721 998; x_wconf 81' lang='lat' dir='ltr'><strong>penitus</strong></span> <span class='ocrx_word' id='word_1_55' title='bbox 748 946 851 982; x_wconf 84' lang='lat' dir='ltr'><strong>non</strong></span> <span class='ocrx_word' id='word_1_56' title='bbox 872 946 998 991; x_wconf 78' lang='lat' dir='ltr'><strong>esse.</strong></span> <span class='ocrx_word' id='word_1_57' title='bbox 1023 929 1242 985; x_wconf 81' lang='lat' dir='ltr'><strong>Addidit</strong></span> <span class='ocrx_word' id='word_1_58' title='bbox 1270 933 1444 988; x_wconf 90' lang='lat' dir='ltr'><strong>adhuc</strong></span> <span class='ocrx_word' id='word_1_59' title='bbox 1467 949 1480 984; x_wconf 91' lang='lat'><strong>:</strong></span> <span class='ocrx_word' id='word_1_60' title='bbox 1515 949 1716 986; x_wconf 84' lang='lat' dir='ltr'><strong>omnem</strong></span> <span class='ocrx_word' id='word_1_61' title='bbox 1749 949 1870 1000; x_wconf 86' lang='lat' dir='ltr'><strong>per-</strong></span> 
     </span>
    </p>
   </div>
   <div class='ocr_carea' id='block_1_10' title="bbox 291 1019 1873 1092">
    <p class='ocr_par' dir='ltr' id='par_1_10' title="bbox 291 1019 1873 1092">
     <span class='ocr_line' id='line_1_10' title="bbox 291 1019 1873 1092; baseline 0.001 -17"><span class='ocrx_word' id='word_1_62' title='bbox 291 1036 459 1075; x_wconf 69' lang='lat' dir='ltr'><strong>versae</strong></span> <span class='ocrx_word' id='word_1_63' title='bbox 496 1020 772 1074; x_wconf 82' lang='lat' dir='ltr'><strong>voluntatis</strong></span> <span class='ocrx_word' id='word_1_64' title='bbox 799 1019 1053 1089; x_wconf 78' lang='lat' dir='ltr'><strong>defectam</strong></span> <span class='ocrx_word' id='word_1_65' title='bbox 1085 1022 1162 1075; x_wconf 80' lang='lat' dir='ltr'><strong>vel</strong></span> <span class='ocrx_word' id='word_1_66' title='bbox 1184 1022 1558 1092; x_wconf 80' lang='lat' dir='ltr'><strong>privationem,</strong></span> <span class='ocrx_word' id='word_1_67' title='bbox 1585 1021 1660 1078; x_wconf 81' lang='lat' dir='ltr'><strong>vel</strong></span> <span class='ocrx_word' id='word_1_68' title='bbox 1692 1039 1873 1092; x_wconf 88' lang='lat' dir='ltr'><strong>pecca-</strong></span> 
     </span>
    </p>
   </div>
   <div class='ocr_carea' id='block_1_11' title="bbox 291 1109 1871 1184">
    <p class='ocr_par' dir='ltr' id='par_1_11' title="bbox 291 1109 1871 1184">
     <span class='ocr_line' id='line_1_11' title="bbox 291 1109 1871 1184; baseline 0.003 -21"><span class='ocrx_word' id='word_1_69' title='bbox 291 1120 426 1174; x_wconf 85' lang='lat' dir='ltr'><strong>tum,</strong></span> <span class='ocrx_word' id='word_1_70' title='bbox 451 1111 708 1184; x_wconf 79' lang='lat' dir='ltr'><strong>ﬁnemque</strong></span> <span class='ocrx_word' id='word_1_71' title='bbox 727 1109 887 1179; x_wconf 81' lang='lat' dir='ltr'><strong>ipsius</strong></span> <span class='ocrx_word' id='word_1_72' title='bbox 910 1121 1124 1165; x_wconf 87' lang='lat' dir='ltr'><strong>mortem</strong></span> <span class='ocrx_word' id='word_1_73' title='bbox 1151 1121 1199 1165; x_wconf 92' lang='lat' dir='ltr'><strong>et</strong></span> <span class='ocrx_word' id='word_1_74' title='bbox 1220 1112 1480 1165; x_wconf 82' lang='lat' dir='ltr'><strong>miseriam</strong></span> <span class='ocrx_word' id='word_1_75' title='bbox 1501 1111 1871 1182; x_wconf 77' lang='lat' dir='ltr'><strong>suppliciorum</strong></span> 
     </span>
    </p>
   </div>
   <div class='ocr_carea' id='block_1_12' title="bbox 288 1201 1872 1271">
    <p class='ocr_par' dir='ltr' id='par_1_12' title="bbox 288 1201 1872 1271">
     <span class='ocr_line' id='line_1_12' title="bbox 288 1201 1872 1271; baseline -0.001 -15"><span class='ocrx_word' id='word_1_76' title='bbox 288 1202 622 1256; x_wconf 65' lang='lat' dir='ltr'><strong>eternalium</strong></span> <span class='ocrx_word' id='word_1_77' title='bbox 669 1201 876 1254; x_wconf 83' lang='lat' dir='ltr'><strong>omnino</strong></span> <span class='ocrx_word' id='word_1_78' title='bbox 924 1201 1053 1254; x_wconf 82' lang='lat' dir='ltr'><strong>nihil</strong></span> <span class='ocrx_word' id='word_1_79' title='bbox 1097 1217 1206 1255; x_wconf 82' lang='lat' dir='ltr'><strong>esse</strong></span> <span class='ocrx_word' id='word_1_80' title='bbox 1229 1218 1247 1254; x_wconf 89' lang='lat'><strong><em>:</em></strong></span> <span class='ocrx_word' id='word_1_81' title='bbox 1269 1219 1330 1254; x_wconf 90' lang='lat' dir='ltr'><strong>ac</strong></span> <span class='ocrx_word' id='word_1_82' title='bbox 1370 1219 1462 1271; x_wconf 83' lang='lat' dir='ltr'><strong>per</strong></span> <span class='ocrx_word' id='word_1_83' title='bbox 1499 1202 1596 1255; x_wconf 82' lang='lat' dir='ltr'><strong>hoc</strong></span> <span class='ocrx_word' id='word_1_84' title='bbox 1625 1217 1718 1254; x_wconf 89' lang='lat' dir='ltr'><strong>nec</strong></span> <span class='ocrx_word' id='word_1_85' title='bbox 1737 1217 1872 1269; x_wconf 70' lang='lat' dir='ltr'><strong>pra:-</strong></span> 
     </span>
    </p>
   </div>
   <div class='ocr_carea' id='block_1_13' title="bbox 292 1281 1870 1358">
    <p class='ocr_par' dir='ltr' id='par_1_13' title="bbox 292 1281 1870 1358">
     <span class='ocr_line' id='line_1_13' title="bbox 292 1281 1870 1358; baseline -0.002 -14"><span class='ocrx_word' id='word_1_86' title='bbox 292 1291 422 1344; x_wconf 74' lang='lat' dir='ltr'><strong>8ciri</strong></span> <span class='ocrx_word' id='word_1_87' title='bbox 469 1306 501 1342; x_wconf 84' lang='grc' dir='ltr'><strong>ιι</strong></span> <span class='ocrx_word' id='word_1_88' title='bbox 531 1289 638 1343; x_wconf 91' lang='lat' dir='ltr'><strong>Deo</strong></span> <span class='ocrx_word' id='word_1_89' title='bbox 655 1329 669 1354; x_wconf 93' lang='lat'><strong>,</strong></span> <span class='ocrx_word' id='word_1_90' title='bbox 691 1305 784 1342; x_wconf 88' lang='lat' dir='ltr'><strong>nec</strong></span> <span class='ocrx_word' id='word_1_91' title='bbox 803 1281 1186 1358; x_wconf 77' lang='lat' dir='ltr'><strong>prwdestinari.</strong></span> <span class='ocrx_word' id='word_1_92' title='bbox 1226 1288 1302 1343; x_wconf 89' lang='lat' dir='ltr'><strong>De</strong></span> <span class='ocrx_word' id='word_1_93' title='bbox 1323 1289 1516 1358; x_wconf 87' lang='lat' dir='ltr'><strong>quibus</strong></span> <span class='ocrx_word' id='word_1_94' title='bbox 1542 1289 1790 1343; x_wconf 90' lang='lat' dir='ltr'><strong>omnibus</strong></span> <span class='ocrx_word' id='word_1_95' title='bbox 1825 1287 1870 1341; x_wconf 87' lang='lat' dir='ltr'><strong>si</strong></span> 
     </span>
    </p>
   </div>
   <div class='ocr_carea' id='block_1_14' title="bbox 293 1377 1874 1449">
    <p class='ocr_par' dir='ltr' id='par_1_14' title="bbox 293 1377 1874 1449">
     <span class='ocr_line' id='line_1_14' title="bbox 293 1377 1874 1449; baseline -0.001 -17"><span class='ocrx_word' id='word_1_96' title='bbox 293 1378 503 1449; x_wconf 86' lang='lat' dir='ltr'><strong>aliquid</strong></span> <span class='ocrx_word' id='word_1_97' title='bbox 538 1378 844 1449; x_wconf 81' lang='lat' dir='ltr'><strong>singillatim</strong></span> <span class='ocrx_word' id='word_1_98' title='bbox 897 1377 1181 1433; x_wconf 90' lang='lat' dir='ltr'><strong>dicendum</strong></span> <span class='ocrx_word' id='word_1_99' title='bbox 1228 1390 1342 1443; x_wconf 91' lang='lat' dir='ltr'><strong>est,</strong></span> <span class='ocrx_word' id='word_1_100' title='bbox 1392 1377 1678 1433; x_wconf 88' lang='lat' dir='ltr'><strong>manifeste</strong></span> <span class='ocrx_word' id='word_1_101' title='bbox 1725 1377 1874 1433; x_wconf 91' lang='lat' dir='ltr'><strong>novit</strong></span> 
     </span>
    </p>
   </div>
   <div class='ocr_carea' id='block_1_15' title="bbox 297 1466 1874 1537">
    <p class='ocr_par' dir='ltr' id='par_1_15' title="bbox 297 1466 1874 1537">
     <span class='ocr_line' id='line_1_15' title="bbox 297 1466 1874 1537; baseline 0.001 -17"><span class='ocrx_word' id='word_1_102' title='bbox 297 1466 435 1522; x_wconf 88' lang='lat' dir='ltr'><strong>ﬁdes</strong></span> <span class='ocrx_word' id='word_1_103' title='bbox 476 1468 598 1537; x_wconf 89' lang='lat' dir='ltr'><strong>quia</strong></span> <span class='ocrx_word' id='word_1_104' title='bbox 647 1468 847 1521; x_wconf 88' lang='lat' dir='ltr'><strong>malum</strong></span> <span class='ocrx_word' id='word_1_105' title='bbox 889 1469 1032 1536; x_wconf 92' lang='lat' dir='ltr'><strong>quod</strong></span> <span class='ocrx_word' id='word_1_106' title='bbox 1065 1477 1148 1522; x_wconf 88' lang='lat' dir='ltr'><strong>est</strong></span> <span class='ocrx_word' id='word_1_107' title='bbox 1175 1468 1504 1522; x_wconf 89' lang='lat' dir='ltr'><strong>contrarium</strong></span> <span class='ocrx_word' id='word_1_108' title='bbox 1540 1468 1703 1531; x_wconf 87' lang='lat' dir='ltr'><strong>bono,</strong></span> <span class='ocrx_word' id='word_1_109' title='bbox 1733 1467 1874 1522; x_wconf 89' lang='lat' dir='ltr'><strong>sicut</strong></span> 
     </span>
    </p>
   </div>
   <div class='ocr_carea' id='block_1_16' title="bbox 293 1555 1871 1621">
    <p class='ocr_par' dir='ltr' id='par_1_16' title="bbox 293 1555 1871 1621">
     <span class='ocr_line' id='line_1_16' title="bbox 293 1555 1871 1621; baseline 0.001 -11"><span class='ocrx_word' id='word_1_110' title='bbox 293 1555 490 1610; x_wconf 87' lang='lat' dir='ltr'><strong>vitium</strong></span> <span class='ocrx_word' id='word_1_111' title='bbox 515 1555 723 1620; x_wconf 88' lang='lat' dir='ltr'><strong>virtuti,</strong></span> <span class='ocrx_word' id='word_1_112' title='bbox 755 1555 991 1611; x_wconf 64' lang='lat' dir='ltr'><strong>tenebrae</strong></span> <span class='ocrx_word' id='word_1_113' title='bbox 1025 1555 1153 1621; x_wconf 90' lang='lat' dir='ltr'><strong>luci,</strong></span> <span class='ocrx_word' id='word_1_114' title='bbox 1183 1555 1468 1611; x_wconf 88' lang='lat' dir='ltr'><strong>infirmitas</strong></span> <span class='ocrx_word' id='word_1_115' title='bbox 1488 1556 1727 1620; x_wconf 89' lang='lat' dir='ltr'><strong>sanitati,</strong></span> <span class='ocrx_word' id='word_1_116' title='bbox 1747 1557 1871 1611; x_wconf 85' lang='lat' dir='ltr'><strong>sub-</strong></span> 
     </span>
    </p>
   </div>
   <div class='ocr_carea' id='block_1_17' title="bbox 293 1643 1869 1716">
    <p class='ocr_par' dir='ltr' id='par_1_17' title="bbox 293 1643 1869 1716">
     <span class='ocr_line' id='line_1_17' title="bbox 293 1643 1869 1716; baseline -0.001 -16"><span class='ocrx_word' id='word_1_117' title='bbox 293 1645 624 1700; x_wconf 88' lang='lat' dir='ltr'><strong>stantialiter</strong></span> <span class='ocrx_word' id='word_1_118' title='bbox 666 1661 770 1699; x_wconf 94' lang='lat' dir='ltr'><strong>non</strong></span> <span class='ocrx_word' id='word_1_119' title='bbox 818 1653 922 1700; x_wconf 89' lang='lat' dir='ltr'><strong>est.</strong></span> <span class='ocrx_word' id='word_1_120' title='bbox 963 1645 1120 1713; x_wconf 84' lang='lat' dir='ltr'><strong>Quia,</strong></span> <span class='ocrx_word' id='word_1_121' title='bbox 1169 1646 1308 1700; x_wconf 90' lang='lat' dir='ltr'><strong>sicut</strong></span> <span class='ocrx_word' id='word_1_122' title='bbox 1329 1643 1441 1714; x_wconf 87' lang='lat' dir='ltr'><strong>jam</strong></span> <span class='ocrx_word' id='word_1_123' title='bbox 1467 1661 1629 1716; x_wconf 86' lang='lat' dir='ltr'><strong>supra</strong></span> <span class='ocrx_word' id='word_1_124' title='bbox 1669 1646 1869 1700; x_wconf 89' lang='lat' dir='ltr'><strong>dictum</strong></span> 
     </span>
    </p>
   </div>
   <div class='ocr_carea' id='block_1_18' title="bbox 292 1734 1866 1802">
    <p class='ocr_par' dir='ltr' id='par_1_18' title="bbox 292 1734 1866 1802">
     <span class='ocr_line' id='line_1_18' title="bbox 292 1734 1866 1802; baseline -0.001 -12"><span class='ocrx_word' id='word_1_125' title='bbox 292 1744 404 1799; x_wconf 82' lang='lat' dir='ltr'><strong>est,</strong></span> <span class='ocrx_word' id='word_1_126' title='bbox 430 1735 782 1790; x_wconf 87' lang='lat' dir='ltr'><strong>substantiam</strong></span> <span class='ocrx_word' id='word_1_127' title='bbox 813 1749 908 1802; x_wconf 90' lang='lat' dir='ltr'><strong>per</strong></span> <span class='ocrx_word' id='word_1_128' title='bbox 937 1749 997 1787; x_wconf 90' lang='lat' dir='ltr'><strong>se</strong></span> <span class='ocrx_word' id='word_1_129' title='bbox 1019 1734 1283 1788; x_wconf 82' lang='lat' dir='ltr'><strong>existendi</strong></span> <span class='ocrx_word' id='word_1_130' title='bbox 1322 1743 1376 1788; x_wconf 89' lang='lat' dir='ltr'><strong>et</strong></span> <span class='ocrx_word' id='word_1_131' title='bbox 1405 1735 1726 1789; x_wconf 85' lang='lat' dir='ltr'><strong>subsisteudi</strong></span> <span class='ocrx_word' id='word_1_132' title='bbox 1759 1750 1866 1788; x_wconf 91' lang='lat' dir='ltr'><strong>non</strong></span> 
     </span>
    </p>
   </div>
   <div class='ocr_carea' id='block_1_19' title="bbox 1969 571 3536 650">
    <p class='ocr_par' dir='ltr' id='par_1_19' title="bbox 1969 571 3536 650">
     <span class='ocr_line' id='line_1_19' title="bbox 1969 571 3536 650; baseline 0.004 -24"><span class='ocrx_word' id='word_1_133' title='bbox 1969 571 2282 641; x_wconf 83' lang='lat' dir='ltr'><strong>buscunque</strong></span> <span class='ocrx_word' id='word_1_134' title='bbox 2322 573 2603 627; x_wconf 88' lang='lat' dir='ltr'><strong>tormentis</strong></span> <span class='ocrx_word' id='word_1_135' title='bbox 2645 581 2908 645; x_wconf 80' lang='lat' dir='ltr'><strong>vexatur:</strong></span> <span class='ocrx_word' id='word_1_136' title='bbox 2938 576 3282 642; x_wconf 71' lang='lat' dir='ltr'><strong>quodetiam</strong></span> <span class='ocrx_word' id='word_1_137' title='bbox 3319 577 3373 631; x_wconf 90' lang='lat' dir='ltr'><strong>in</strong></span> <span class='ocrx_word' id='word_1_138' title='bbox 3407 593 3536 650; x_wconf 89' lang='lat' dir='ltr'><strong>sup-</strong></span> 
     </span>
    </p>
   </div>
   <div class='ocr_carea' id='block_1_20' title="bbox 1968 659 3538 736">
    <p class='ocr_par' dir='ltr' id='par_1_20' title="bbox 1968 659 3538 736">
     <span class='ocr_line' id='line_1_20' title="bbox 1968 659 3538 736; baseline 0.007 -24"><span class='ocrx_word' id='word_1_139' title='bbox 1968 659 2143 729; x_wconf 88' lang='lat' dir='ltr'><strong>pliciis</strong></span> <span class='ocrx_word' id='word_1_140' title='bbox 2169 662 2385 715; x_wconf 82' lang='lat' dir='ltr'><strong>aeternis</strong></span> <span class='ocrx_word' id='word_1_141' title='bbox 2409 662 2646 716; x_wconf 91' lang='lat' dir='ltr'><strong>futurum</strong></span> <span class='ocrx_word' id='word_1_142' title='bbox 2674 672 2779 727; x_wconf 89' lang='lat' dir='ltr'><strong>est,</strong></span> <span class='ocrx_word' id='word_1_143' title='bbox 2803 663 2891 717; x_wconf 93' lang='lat' dir='ltr'><strong>ubi</strong></span> <span class='ocrx_word' id='word_1_144' title='bbox 2917 664 3289 720; x_wconf 90' lang='lat' dir='ltr'><strong>damnatorum</strong></span> <span class='ocrx_word' id='word_1_145' title='bbox 3312 682 3538 736; x_wconf 88' lang='lat' dir='ltr'><strong>corpora</strong></span> 
     </span>
    </p>
   </div>
   <div class='ocr_carea' id='block_1_21' title="bbox 1970 751 3540 822">
    <p class='ocr_par' dir='ltr' id='par_1_21' title="bbox 1970 751 3540 822">
     <span class='ocr_line' id='line_1_21' title="bbox 1970 751 3540 822; baseline 0.007 -19"><span class='ocrx_word' id='word_1_146' title='bbox 1970 751 2078 820; x_wconf 84' lang='lat' dir='ltr'><strong>igni</strong></span> <span class='ocrx_word' id='word_1_147' title='bbox 2129 760 2183 805; x_wconf 92' lang='lat' dir='ltr'><strong>et</strong></span> <span class='ocrx_word' id='word_1_148' title='bbox 2231 751 2484 822; x_wconf 88' lang='lat' dir='ltr'><strong>sulphure</strong></span> <span class='ocrx_word' id='word_1_149' title='bbox 2537 755 2945 820; x_wconf 79' lang='lat' dir='ltr'><strong>torquebantur.</strong></span> <span class='ocrx_word' id='word_1_150' title='bbox 3002 754 3102 822; x_wconf 85' lang='lat' dir='ltr'><strong>Qui</strong></span> <span class='ocrx_word' id='word_1_151' title='bbox 3143 765 3318 810; x_wconf 91' lang='lat' dir='ltr'><strong>tamen</strong></span> <span class='ocrx_word' id='word_1_152' title='bbox 3349 773 3540 814; x_wconf 85' lang='lat' dir='ltr'><strong>omnes</strong></span> 
     </span>
    </p>
   </div>
   <div class='ocr_carea' id='block_1_22' title="bbox 1970 838 3537 912">
    <p class='ocr_par' dir='ltr' id='par_1_22' title="bbox 1970 838 3537 912">
     <span class='ocr_line' id='line_1_22' title="bbox 1970 838 3537 912; baseline 0.004 -18"><span class='ocrx_word' id='word_1_153' title='bbox 1970 838 2182 894; x_wconf 88' lang='lat' dir='ltr'><strong>dolores</strong></span> <span class='ocrx_word' id='word_1_154' title='bbox 2209 849 2263 894; x_wconf 91' lang='lat' dir='ltr'><strong>et</strong></span> <span class='ocrx_word' id='word_1_155' title='bbox 2291 842 2584 905; x_wconf 85' lang='lat' dir='ltr'><strong>cruciatus,</strong></span> <span class='ocrx_word' id='word_1_156' title='bbox 2607 842 2920 910; x_wconf 89' lang='lat' dir='ltr'><strong>corporibus</strong></span> <span class='ocrx_word' id='word_1_157' title='bbox 2943 843 3008 896; x_wconf 92' lang='lat' dir='ltr'><strong>de</strong></span> <span class='ocrx_word' id='word_1_158' title='bbox 3036 845 3350 912; x_wconf 87' lang='lat' dir='ltr'><strong>corporibus</strong></span> <span class='ocrx_word' id='word_1_159' title='bbox 3381 846 3537 912; x_wconf 91' lang='lat' dir='ltr'><strong>illati,</strong></span> 
     </span>
    </p>
   </div>
   <div class='ocr_carea' id='block_1_23' title="bbox 1969 928 3539 1004">
    <p class='ocr_par' dir='ltr' id='par_1_23' title="bbox 1969 928 3539 1004">
     <span class='ocr_line' id='line_1_23' title="bbox 1969 928 3539 1004; baseline 0.005 -20"><span class='ocrx_word' id='word_1_160' title='bbox 1969 928 2048 984; x_wconf 92' lang='lat' dir='ltr'><strong>sic</strong></span> <span class='ocrx_word' id='word_1_161' title='bbox 2096 930 2231 984; x_wconf 89' lang='lat' dir='ltr'><strong>ﬁunt</strong></span> <span class='ocrx_word' id='word_1_162' title='bbox 2277 931 2331 985; x_wconf 92' lang='lat' dir='ltr'><strong>in</strong></span> <span class='ocrx_word' id='word_1_163' title='bbox 2381 946 2645 1000; x_wconf 89' lang='lat' dir='ltr'><strong>corpore,</strong></span> <span class='ocrx_word' id='word_1_164' title='bbox 2689 942 2748 986; x_wconf 90' lang='lat' dir='ltr'><strong>ut</strong></span> <span class='ocrx_word' id='word_1_165' title='bbox 2788 948 2885 1002; x_wconf 91' lang='lat' dir='ltr'><strong>per</strong></span> <span class='ocrx_word' id='word_1_166' title='bbox 2931 949 3126 1004; x_wconf 88' lang='lat' dir='ltr'><strong>corpus</strong></span> <span class='ocrx_word' id='word_1_167' title='bbox 3151 935 3316 989; x_wconf 89' lang='lat' dir='ltr'><strong>etiam</strong></span> <span class='ocrx_word' id='word_1_168' title='bbox 3345 938 3539 992; x_wconf 67' lang='lat' dir='ltr'><strong>animae</strong></span> 
     </span>
    </p>
   </div>
   <div class='ocr_carea' id='block_1_24' title="bbox 1969 1020 3542 1094">
    <p class='ocr_par' dir='ltr' id='par_1_24' title="bbox 1969 1020 3542 1094">
     <span class='ocr_line' id='line_1_24' title="bbox 1969 1020 3542 1094; baseline 0.006 -20"><span class='ocrx_word' id='word_1_169' title='bbox 1969 1020 2097 1074; x_wconf 88' lang='lat' dir='ltr'><strong>sint.</strong></span> <span class='ocrx_word' id='word_1_170' title='bbox 2157 1021 2347 1074; x_wconf 88' lang='lat' dir='ltr'><strong>Anima</strong></span> <span class='ocrx_word' id='word_1_171' title='bbox 2376 1038 2608 1090; x_wconf 85' lang='lat' dir='ltr'><strong>namque</strong></span> <span class='ocrx_word' id='word_1_172' title='bbox 2637 1023 2755 1078; x_wconf 88' lang='lat' dir='ltr'><strong>sine</strong></span> <span class='ocrx_word' id='word_1_173' title='bbox 2796 1039 3020 1094; x_wconf 82' lang='lat' dir='ltr'><strong>corpore</strong></span> <span class='ocrx_word' id='word_1_174' title='bbox 3053 1034 3106 1080; x_wconf 92' lang='lat' dir='ltr'><strong>et</strong></span> <span class='ocrx_word' id='word_1_175' title='bbox 3126 1027 3306 1083; x_wconf 87' lang='lat' dir='ltr'><strong>dolere</strong></span> <span class='ocrx_word' id='word_1_176' title='bbox 3333 1038 3388 1082; x_wconf 91' lang='lat' dir='ltr'><strong>et</strong></span> <span class='ocrx_word' id='word_1_177' title='bbox 3417 1045 3542 1083; x_wconf 89' lang='lat' dir='ltr'><strong>cru-</strong></span> 
     </span>
    </p>
   </div>
   <div class='ocr_carea' id='block_1_25' title="bbox 1969 1109 3539 1184">
    <p class='ocr_par' dir='ltr' id='par_1_25' title="bbox 1969 1109 3539 1184">
     <span class='ocr_line' id='line_1_25' title="bbox 1969 1109 3539 1184; baseline 0.006 -21"><span class='ocrx_word' id='word_1_178' title='bbox 1969 1109 2102 1163; x_wconf 86' lang='lat' dir='ltr'><strong>ciari</strong></span> <span class='ocrx_word' id='word_1_179' title='bbox 2144 1119 2348 1181; x_wconf 86' lang='lat' dir='ltr'><strong>potest;</strong></span> <span class='ocrx_word' id='word_1_180' title='bbox 2397 1112 2538 1166; x_wconf 89' lang='lat' dir='ltr'><strong>sicut</strong></span> <span class='ocrx_word' id='word_1_181' title='bbox 2581 1111 2669 1166; x_wconf 89' lang='lat' dir='ltr'><strong>illa</strong></span> <span class='ocrx_word' id='word_1_182' title='bbox 2717 1113 2952 1168; x_wconf 86' lang='lat' dir='ltr'><strong>damnati</strong></span> <span class='ocrx_word' id='word_1_183' title='bbox 2996 1115 3177 1171; x_wconf 87' lang='lat' dir='ltr'><strong>divitis</strong></span> <span class='ocrx_word' id='word_1_184' title='bbox 3215 1118 3268 1170; x_wconf 94' lang='lat' dir='ltr'><strong>in</strong></span> <span class='ocrx_word' id='word_1_185' title='bbox 3308 1117 3539 1184; x_wconf 89' lang='lat' dir='ltr'><strong>inferno,</strong></span> 
     </span>
    </p>
   </div>
   <div class='ocr_carea' id='block_1_26' title="bbox 1969 1198 3545 1276">
    <p class='ocr_par' dir='ltr' id='par_1_26' title="bbox 1969 1198 3545 1276">
     <span class='ocr_line' id='line_1_26' title="bbox 1969 1198 3545 1276; baseline 0.007 -26"><span class='ocrx_word' id='word_1_186' title='bbox 1969 1198 2148 1252; x_wconf 90' lang='lat' dir='ltr'><strong>anima</strong></span> <span class='ocrx_word' id='word_1_187' title='bbox 2173 1199 2518 1253; x_wconf 85' lang='lat' dir='ltr'><strong>cruciabatur</strong></span> <span class='ocrx_word' id='word_1_188' title='bbox 2540 1201 2628 1270; x_wconf 89' lang='lat' dir='ltr'><strong>qui</strong></span> <span class='ocrx_word' id='word_1_189' title='bbox 2662 1201 2772 1267; x_wconf 91' lang='lat' dir='ltr'><strong>ait,</strong></span> <span class='ocrx_word' id='word_1_190' title='bbox 2799 1203 2920 1272; x_wconf 83' lang='lat' dir='ltr'><strong>quia</strong></span> <span class='ocrx_word' id='word_1_191' title='bbox 2949 1205 3155 1258; x_wconf 86' lang='lat' dir='ltr'><strong>crucior</strong></span> <span class='ocrx_word' id='word_1_192' title='bbox 3178 1206 3232 1258; x_wconf 90' lang='lat' dir='ltr'><strong>in</strong></span> <span class='ocrx_word' id='word_1_193' title='bbox 3273 1206 3369 1260; x_wconf 81' lang='lat' dir='ltr'><strong>hac</strong></span> <span class='ocrx_word' id='word_1_194' title='bbox 3387 1208 3545 1276; x_wconf 81' lang='lat' dir='ltr'><strong>ﬂam-</strong></span> 
     </span>
    </p>
   </div>
   <div class='ocr_carea' id='block_1_27' title="bbox 1968 1291 3544 1364">
    <p class='ocr_par' dir='ltr' id='par_1_27' title="bbox 1968 1291 3544 1364">
     <span class='ocr_line' id='line_1_27' title="bbox 1968 1291 3544 1364; baseline 0.008 -21"><span class='ocrx_word' id='word_1_195' title='bbox 1968 1307 2055 1344; x_wconf 88' lang='lat' dir='ltr'><strong>ma</strong></span> <span class='ocrx_word' id='word_1_196' title='bbox 2086 1291 2238 1360; x_wconf 89' lang='lat' dir='ltr'><strong>(Luc.</strong></span> <span class='ocrx_word' id='word_1_197' title='bbox 2278 1292 2542 1364; x_wconf 74' lang='lat' dir='ltr'><strong>xvt,24);</strong></span> <span class='ocrx_word' id='word_1_198' title='bbox 2583 1308 2778 1364; x_wconf 82' lang='lat' dir='ltr'><strong>corpus</strong></span> <span class='ocrx_word' id='word_1_199' title='bbox 2822 1310 2950 1350; x_wconf 87' lang='lat' dir='ltr'><strong>vero</strong></span> <span class='ocrx_word' id='word_1_200' title='bbox 2995 1296 3112 1352; x_wconf 83' lang='lat' dir='ltr'><strong>sine</strong></span> <span class='ocrx_word' id='word_1_201' title='bbox 3151 1297 3329 1353; x_wconf 89' lang='lat' dir='ltr'><strong>anima</strong></span> <span class='ocrx_word' id='word_1_202' title='bbox 3359 1299 3544 1356; x_wconf 85' lang='lat' dir='ltr'><strong>dolere</strong></span> 
     </span>
    </p>
   </div>
   <div class='ocr_carea' id='block_1_28' title="bbox 1970 1389 2290 1450">
    <p class='ocr_par' dir='ltr' id='par_1_28' title="bbox 1970 1389 2290 1450">
     <span class='ocr_line' id='line_1_28' title="bbox 1970 1389 2290 1450; baseline 0.006 -16"><span class='ocrx_word' id='word_1_203' title='bbox 1970 1395 2075 1434; x_wconf 93' lang='lat' dir='ltr'><strong>non</strong></span> <span class='ocrx_word' id='word_1_204' title='bbox 2097 1389 2290 1450; x_wconf 85' lang='lat' dir='ltr'><strong>potest.</strong></span> 
     </span>
    </p>
   </div>
   <div class='ocr_carea' id='block_1_29' title="bbox 2041 1468 3545 1547">
    <p class='ocr_par' dir='ltr' id='par_1_29' title="bbox 2041 1468 3545 1547">
     <span class='ocr_line' id='line_1_29' title="bbox 2041 1468 3545 1547; baseline 0.005 -22"><span class='ocrx_word' id='word_1_205' title='bbox 2041 1468 2405 1540; x_wconf 89' lang='lat' dir='ltr'><strong>Omnipotenti</strong></span> <span class='ocrx_word' id='word_1_206' title='bbox 2443 1472 2624 1542; x_wconf 87' lang='lat' dir='ltr'><strong>itaque</strong></span> <span class='ocrx_word' id='word_1_207' title='bbox 2650 1474 2759 1529; x_wconf 89' lang='lat' dir='ltr'><strong>Deo</strong></span> <span class='ocrx_word' id='word_1_208' title='bbox 2781 1474 2846 1529; x_wconf 92' lang='lat' dir='ltr'><strong>de</strong></span> <span class='ocrx_word' id='word_1_209' title='bbox 2873 1490 2981 1545; x_wconf 88' lang='lat' dir='ltr'><strong>quo</strong></span> <span class='ocrx_word' id='word_1_210' title='bbox 3005 1476 3264 1547; x_wconf 87' lang='lat' dir='ltr'><strong>scriptum</strong></span> <span class='ocrx_word' id='word_1_211' title='bbox 3293 1487 3375 1533; x_wconf 89' lang='lat' dir='ltr'><strong>est</strong></span> <span class='ocrx_word' id='word_1_212' title='bbox 3399 1497 3414 1532; x_wconf 89' lang='lat'><strong>:</strong></span> <span class='ocrx_word' id='word_1_213' title='bbox 3441 1479 3545 1533; x_wconf 81' lang='lat' dir='ltr'><strong>Do-</strong></span> 
     </span>
    </p>
   </div>
   <div class='ocr_carea' id='block_1_30' title="bbox 1968 1561 3543 1639">
    <p class='ocr_par' dir='ltr' id='par_1_30' title="bbox 1968 1561 3543 1639">
     <span class='ocr_line' id='line_1_30' title="bbox 1968 1561 3543 1639; baseline 0.007 -25"><span class='ocrx_word' id='word_1_214' title='bbox 1968 1561 2110 1615; x_wconf 89' lang='lat' dir='ltr'><strong>mino</strong></span> <span class='ocrx_word' id='word_1_215' title='bbox 2141 1563 2277 1615; x_wconf 88' lang='lat' dir='ltr'><strong>enim</strong></span> <span class='ocrx_word' id='word_1_216' title='bbox 2298 1561 2430 1628; x_wconf 89' lang='lat' dir='ltr'><strong>Deo,</strong></span> <span class='ocrx_word' id='word_1_217' title='bbox 2457 1573 2732 1635; x_wconf 84' lang='lat' dir='ltr'><strong>antequam</strong></span> <span class='ocrx_word' id='word_1_218' title='bbox 2757 1577 3074 1632; x_wconf 86' lang='lat' dir='ltr'><strong>crearentur,</strong></span> <span class='ocrx_word' id='word_1_219' title='bbox 3118 1570 3292 1623; x_wconf 89' lang='lat' dir='ltr'><strong>omnia</strong></span> <span class='ocrx_word' id='word_1_220' title='bbox 3332 1570 3543 1639; x_wconf 77' lang='lat' dir='ltr'><strong>fuerunt</strong></span> 
     </span>
    </p>
   </div>
   <div class='ocr_carea' id='block_1_31' title="bbox 1969 1652 3541 1730">
    <p class='ocr_par' dir='ltr' id='par_1_31' title="bbox 1969 1652 3541 1730">
     <span class='ocr_line' id='line_1_31' title="bbox 1969 1652 3541 1730; baseline 0.004 -26"><span class='ocrx_word' id='word_1_221' title='bbox 1969 1652 2147 1720; x_wconf 88' lang='lat' dir='ltr'><strong>agnita</strong></span> <span class='ocrx_word' id='word_1_222' title='bbox 2170 1665 2188 1702; x_wconf 91' lang='lat'><em>:</em></span> <span class='ocrx_word' id='word_1_223' title='bbox 2211 1653 2286 1706; x_wconf 78' lang='lat' dir='ltr'><strong>sic</strong></span> <span class='ocrx_word' id='word_1_224' title='bbox 2326 1661 2375 1704; x_wconf 91' lang='lat' dir='ltr'><strong>et</strong></span> <span class='ocrx_word' id='word_1_225' title='bbox 2408 1662 2520 1722; x_wconf 79' lang='lat' dir='ltr'><strong>post</strong></span> <span class='ocrx_word' id='word_1_226' title='bbox 2549 1654 2829 1722; x_wconf 78' lang='lat' dir='ltr'><strong>perfectum</strong></span> <span class='ocrx_word' id='word_1_227' title='bbox 2873 1657 3077 1724; x_wconf 78' lang='lat' dir='ltr'><strong>respicit</strong></span> <span class='ocrx_word' id='word_1_228' title='bbox 3117 1659 3291 1713; x_wconf 79' lang='lat' dir='ltr'><strong>omnia</strong></span> <span class='ocrx_word' id='word_1_229' title='bbox 3335 1657 3541 1730; x_wconf 82' lang='lat' dir='ltr'><strong>(Eccli.</strong></span> 
     </span>
    </p>
   </div>
   <div class='ocr_carea' id='block_1_32' title="bbox 1971 1739 3546 1814">
    <p class='ocr_par' dir='ltr' id='par_1_32' title="bbox 1971 1739 3546 1814">
     <span class='ocr_line' id='line_1_32' title="bbox 1971 1739 3546 1814; baseline 0.006 -24"><span class='ocrx_word' id='word_1_230' title='bbox 1971 1753 2129 1802; x_wconf 79' lang='lat' dir='ltr'><strong>xxm,</strong></span> <span class='ocrx_word' id='word_1_231' title='bbox 2155 1739 2268 1808; x_wconf 72' lang='lat'><strong>29).</strong></span> <span class='ocrx_word' id='word_1_232' title='bbox 2307 1739 2372 1792; x_wconf 86' lang='lat' dir='ltr'><strong>Et</strong></span> <span class='ocrx_word' id='word_1_233' title='bbox 2398 1741 2588 1794; x_wconf 84' lang='lat' dir='ltr'><strong>iterum</strong></span> <span class='ocrx_word' id='word_1_234' title='bbox 2618 1760 2629 1794; x_wconf 89' lang='lat'>:</span> <span class='ocrx_word' id='word_1_235' title='bbox 2657 1743 2701 1792; x_wconf 86' lang='grc' dir='ltr'><em>Α</em></span> <span class='ocrx_word' id='word_1_236' title='bbox 2735 1743 2924 1796; x_wconf 72' lang='lat' dir='ltr'><strong>swculo</strong></span> <span class='ocrx_word' id='word_1_237' title='bbox 2961 1754 3007 1797; x_wconf 79' lang='lat' dir='ltr'><strong>et</strong></span> <span class='ocrx_word' id='word_1_238' title='bbox 3037 1761 3199 1814; x_wconf 86' lang='lat' dir='ltr'><strong>usque</strong></span> <span class='ocrx_word' id='word_1_239' title='bbox 3216 1746 3269 1800; x_wconf 89' lang='lat' dir='ltr'><strong>in</strong></span> <span class='ocrx_word' id='word_1_240' title='bbox 3296 1747 3546 1800; x_wconf 79' lang='lat' dir='ltr'><strong>swculum</strong></span> 
     </span>
    </p>
   </div>
   <div class='ocr_carea' id='block_1_33' title="bbox 294 1817 3542 1906">
    <p class='ocr_par' dir='ltr' id='par_1_33' title="bbox 294 1817 3542 1906">
     <span class='ocr_line' id='line_1_33' title="bbox 294 1817 3542 1906; baseline 0.003 -28"><span class='ocrx_word' id='word_1_241' title='bbox 294 1824 481 1888; x_wconf 83' lang='lat' dir='ltr'><strong>habet,</strong></span> <span class='ocrx_word' id='word_1_242' title='bbox 526 1823 663 1878; x_wconf 89' lang='lat' dir='ltr'><strong>sicut</strong></span> <span class='ocrx_word' id='word_1_243' title='bbox 699 1822 923 1886; x_wconf 76' lang='lat' dir='ltr'><strong>C(clum,</strong></span> <span class='ocrx_word' id='word_1_244' title='bbox 953 1831 1114 1886; x_wconf 87' lang='lat' dir='ltr'><strong>terra,</strong></span> <span class='ocrx_word' id='word_1_245' title='bbox 1139 1839 1296 1891; x_wconf 85' lang='lat' dir='ltr'><strong>aqua,</strong></span> <span class='ocrx_word' id='word_1_246' title='bbox 1326 1839 1437 1885; x_wconf 85' lang='lat' dir='ltr'><strong>aer,</strong></span> <span class='ocrx_word' id='word_1_247' title='bbox 1468 1823 1622 1893; x_wconf 81' lang='lat' dir='ltr'><strong>ignis,</strong></span> <span class='ocrx_word' id='word_1_248' title='bbox 1662 1832 1715 1876; x_wconf 84' lang='lat' dir='ltr'><strong>et</strong></span> <span class='ocrx_word' id='word_1_249' title='bbox 1747 1822 1866 1876; x_wconf 87' lang='lat' dir='ltr'><strong>reli-</strong></span> <span class='ocrx_word' id='word_1_250' title='bbox 1899 1817 1942 1876; x_wconf 84' lang='grc' dir='ltr'><strong>Β</strong></span> <span class='ocrx_word' id='word_1_251' title='bbox 1971 1831 2196 1897; x_wconf 79' lang='lat' dir='ltr'><strong>respicit,</strong></span> <span class='ocrx_word' id='word_1_252' title='bbox 2232 1841 2278 1882; x_wconf 87' lang='lat' dir='ltr'><strong>et</strong></span> <span class='ocrx_word' id='word_1_253' title='bbox 2309 1831 2437 1882; x_wconf 82' lang='lat' dir='ltr'><strong>nihil</strong></span> <span class='ocrx_word' id='word_1_254' title='bbox 2479 1841 2553 1883; x_wconf 84' lang='lat' dir='ltr'><strong>est</strong></span> <span class='ocrx_word' id='word_1_255' title='bbox 2593 1849 2780 1885; x_wconf 81' lang='lat' dir='ltr'><strong>novum</strong></span> <span class='ocrx_word' id='word_1_256' title='bbox 2806 1835 2860 1886; x_wconf 85' lang='lat' dir='ltr'><strong>in</strong></span> <span class='ocrx_word' id='word_1_257' title='bbox 2902 1845 3173 1903; x_wconf 82' lang='lat' dir='ltr'><strong>conspectu</strong></span> <span class='ocrx_word' id='word_1_258' title='bbox 3203 1835 3316 1905; x_wconf 84' lang='lat' dir='ltr'><strong>ejus</strong></span> <span class='ocrx_word' id='word_1_259' title='bbox 3356 1835 3542 1906; x_wconf 86' lang='lat' dir='ltr'><strong>(Ibid.,</strong></span> 
     </span>
    </p>
   </div>
   <div class='ocr_carea' id='block_1_34' title="bbox 292 1911 1867 1984">
    <p class='ocr_par' dir='ltr' id='par_1_34' title="bbox 292 1911 1867 1984">
     <span class='ocr_line' id='line_1_34' title="bbox 292 1911 1867 1984; baseline 0 -18"><span class='ocrx_word' id='word_1_260' title='bbox 292 1931 402 1984; x_wconf 83' lang='lat' dir='ltr'><strong>qua</strong></span> <span class='ocrx_word' id='word_1_261' title='bbox 448 1915 558 1969; x_wconf 85' lang='lat' dir='ltr'><strong>sive</strong></span> <span class='ocrx_word' id='word_1_262' title='bbox 599 1929 854 1982; x_wconf 89' lang='lat' dir='ltr'><strong>corporea</strong></span> <span class='ocrx_word' id='word_1_263' title='bbox 896 1914 1010 1967; x_wconf 89' lang='lat' dir='ltr'><strong>sive</strong></span> <span class='ocrx_word' id='word_1_264' title='bbox 1059 1913 1311 1982; x_wconf 78' lang='lat' dir='ltr'><strong>spiritalis</strong></span> <span class='ocrx_word' id='word_1_265' title='bbox 1338 1923 1604 1984; x_wconf 84' lang='lat' dir='ltr'><strong>creatura.</strong></span> <span class='ocrx_word' id='word_1_266' title='bbox 1649 1911 1751 1966; x_wconf 89' lang='lat' dir='ltr'><strong>Sed</strong></span> <span class='ocrx_word' id='word_1_267' title='bbox 1776 1913 1867 1966; x_wconf 83' lang='lat' dir='ltr'><strong>de-</strong></span> 
     </span>
    </p>
   </div>
   <div class='ocr_carea' id='block_1_35' title="bbox 291 1983 1868 2072">
    <p class='ocr_par' dir='ltr' id='par_1_35' title="bbox 291 1983 1868 2072">
     <span class='ocr_line' id='line_1_35' title="bbox 291 1983 1868 2072; baseline -0.004 -12"><span class='ocrx_word' id='word_1_268' title='bbox 291 2006 463 2060; x_wconf 88' lang='lat' dir='ltr'><strong>sertio</strong></span> <span class='ocrx_word' id='word_1_269' title='bbox 492 2005 684 2060; x_wconf 90' lang='lat' dir='ltr'><strong>summi</strong></span> <span class='ocrx_word' id='word_1_270' title='bbox 717 2002 838 2057; x_wconf 90' lang='lat' dir='ltr'><strong>boni</strong></span> <span class='ocrx_word' id='word_1_271' title='bbox 861 2043 875 2067; x_wconf 93' lang='lat'><strong>,</strong></span> <span class='ocrx_word' id='word_1_272' title='bbox 919 2003 1036 2066; x_wconf 85' lang='lat' dir='ltr'><strong>cui,</strong></span> <span class='ocrx_word' id='word_1_273' title='bbox 1067 2011 1124 2056; x_wconf 92' lang='lat' dir='ltr'><strong>ut</strong></span> <span class='ocrx_word' id='word_1_274' title='bbox 1154 2003 1306 2057; x_wconf 89' lang='lat' dir='ltr'><strong>beata</strong></span> <span class='ocrx_word' id='word_1_275' title='bbox 1333 2018 1452 2057; x_wconf 90' lang='lat' dir='ltr'><strong>esse</strong></span> <span class='ocrx_word' id='word_1_276' title='bbox 1483 1983 1666 2072; x_wconf 71' lang='lat' dir='ltr'><strong>possit,</strong></span> <span class='ocrx_word' id='word_1_277' title='bbox 1704 2002 1868 2055; x_wconf 51' lang='lat' dir='ltr'><strong>inlice:</strong></span> 
     </span>
    </p>
   </div>
   <div class='ocr_carea' id='block_1_36' title="bbox 291 2093 1864 2163">
    <p class='ocr_par' dir='ltr' id='par_1_36' title="bbox 291 2093 1864 2163">
     <span class='ocr_line' id='line_1_36' title="bbox 291 2093 1864 2163; baseline -0.003 -14"><span class='ocrx_word' id='word_1_278' title='bbox 291 2111 418 2149; x_wconf 88' lang='lat' dir='ltr'><strong>rere</strong></span> <span class='ocrx_word' id='word_1_279' title='bbox 447 2095 604 2148; x_wconf 90' lang='lat' dir='ltr'><strong>debet</strong></span> <span class='ocrx_word' id='word_1_280' title='bbox 637 2103 885 2148; x_wconf 88' lang='lat' dir='ltr'><strong>creatura</strong></span> <span class='ocrx_word' id='word_1_281' title='bbox 916 2093 1194 2148; x_wconf 85' lang='lat' dir='ltr'><strong>rationalis</strong></span> <span class='ocrx_word' id='word_1_282' title='bbox 1237 2094 1470 2163; x_wconf 85' lang='lat' dir='ltr'><strong>angelica</strong></span> <span class='ocrx_word' id='word_1_283' title='bbox 1499 2093 1580 2146; x_wconf 94' lang='lat' dir='ltr'><strong>vel</strong></span> <span class='ocrx_word' id='word_1_284' title='bbox 1612 2093 1864 2156; x_wconf 89' lang='lat' dir='ltr'><strong>humana,</strong></span> 
     </span>
    </p>
   </div>
   <div class='ocr_carea' id='block_1_37' title="bbox 291 2183 1868 2255">
    <p class='ocr_par' dir='ltr' id='par_1_37' title="bbox 291 2183 1868 2255">
     <span class='ocr_line' id='line_1_37' title="bbox 291 2183 1868 2255; baseline -0.001 -17"><span class='ocrx_word' id='word_1_285' title='bbox 291 2185 400 2240; x_wconf 86' lang='lat' dir='ltr'><strong>hoc</strong></span> <span class='ocrx_word' id='word_1_286' title='bbox 441 2199 632 2240; x_wconf 88' lang='lat' dir='ltr'><strong>nomen</strong></span> <span class='ocrx_word' id='word_1_287' title='bbox 661 2187 867 2255; x_wconf 85' lang='lat' dir='ltr'><strong>accepit</strong></span> <span class='ocrx_word' id='word_1_288' title='bbox 915 2193 972 2238; x_wconf 91' lang='lat' dir='ltr'><strong>ut</strong></span> <span class='ocrx_word' id='word_1_289' title='bbox 1025 2183 1237 2239; x_wconf 89' lang='lat' dir='ltr'><strong>dicatur</strong></span> <span class='ocrx_word' id='word_1_290' title='bbox 1284 2184 1502 2236; x_wconf 87' lang='lat' dir='ltr'><strong>malum.</strong></span> <span class='ocrx_word' id='word_1_291' title='bbox 1563 2183 1868 2237; x_wconf 88' lang='lat' dir='ltr'><strong>Deserendo</strong></span> 
     </span>
    </p>
   </div>
   <div class='ocr_carea' id='block_1_38' title="bbox 292 2271 1864 2342">
    <p class='ocr_par' dir='ltr' id='par_1_38' title="bbox 292 2271 1864 2342">
     <span class='ocr_line' id='line_1_38' title="bbox 292 2271 1864 2342; baseline -0.003 -14"><span class='ocrx_word' id='word_1_292' title='bbox 292 2289 428 2342; x_wconf 85' lang='lat' dir='ltr'><strong>ergo</strong></span> <span class='ocrx_word' id='word_1_293' title='bbox 457 2272 732 2328; x_wconf 88' lang='lat' dir='ltr'><strong>rationalis</strong></span> <span class='ocrx_word' id='word_1_294' title='bbox 760 2284 1010 2327; x_wconf 85' lang='lat' dir='ltr'><strong>creatura</strong></span> <span class='ocrx_word' id='word_1_295' title='bbox 1033 2315 1047 2337; x_wconf 92' lang='lat'><strong>,</strong></span> <span class='ocrx_word' id='word_1_296' title='bbox 1090 2274 1143 2326; x_wconf 91' lang='lat' dir='ltr'><strong>in</strong></span> <span class='ocrx_word' id='word_1_297' title='bbox 1176 2272 1379 2340; x_wconf 78' lang='lat' dir='ltr'><strong>angelis</strong></span> <span class='ocrx_word' id='word_1_298' title='bbox 1409 2273 1520 2326; x_wconf 86' lang='lat' dir='ltr'><strong>sive</strong></span> <span class='ocrx_word' id='word_1_299' title='bbox 1549 2271 1602 2324; x_wconf 91' lang='lat' dir='ltr'><strong>in</strong></span> <span class='ocrx_word' id='word_1_300' title='bbox 1633 2271 1864 2324; x_wconf 86' lang='lat' dir='ltr'><strong>homini-</strong></span> 
     </span>
    </p>
   </div>
   <div class='ocr_carea' id='block_1_39' title="bbox 292 2360 1866 2433">
    <p class='ocr_par' dir='ltr' id='par_1_39' title="bbox 292 2360 1866 2433">
     <span class='ocr_line' id='line_1_39' title="bbox 292 2360 1866 2433; baseline -0.003 -15"><span class='ocrx_word' id='word_1_301' title='bbox 292 2365 398 2418; x_wconf 87' lang='lat' dir='ltr'><strong>bus</strong></span> <span class='ocrx_word' id='word_1_302' title='bbox 428 2363 776 2433; x_wconf 85' lang='lat' dir='ltr'><strong>peccantibus</strong></span> <span class='ocrx_word' id='word_1_303' title='bbox 798 2403 812 2428; x_wconf 94' lang='lat'><strong>,</strong></span> <span class='ocrx_word' id='word_1_304' title='bbox 861 2378 1125 2418; x_wconf 88' lang='lat' dir='ltr'><strong>smnmum</strong></span> <span class='ocrx_word' id='word_1_305' title='bbox 1150 2363 1347 2416; x_wconf 89' lang='lat' dir='ltr'><strong>bonum</strong></span> <span class='ocrx_word' id='word_1_306' title='bbox 1374 2402 1388 2426; x_wconf 95' lang='lat'><strong>,</strong></span> <span class='ocrx_word' id='word_1_307' title='bbox 1437 2361 1631 2415; x_wconf 84' lang='lat' dir='ltr'><strong>defecit</strong></span> <span class='ocrx_word' id='word_1_308' title='bbox 1657 2361 1724 2414; x_wconf 90' lang='lat' dir='ltr'><strong>ab</strong></span> <span class='ocrx_word' id='word_1_309' title='bbox 1752 2360 1866 2428; x_wconf 87' lang='lat' dir='ltr'><strong>ipso</strong></span> 
     </span>
    </p>
   </div>
   <div class='ocr_carea' id='block_1_40' title="bbox 291 2451 1866 2521">
    <p class='ocr_par' dir='ltr' id='par_1_40' title="bbox 291 2451 1866 2521">
     <span class='ocr_line' id='line_1_40' title="bbox 291 2451 1866 2521; baseline -0.003 -15"><span class='ocrx_word' id='word_1_310' title='bbox 291 2452 460 2517; x_wconf 86' lang='lat' dir='ltr'><strong>bono,</strong></span> <span class='ocrx_word' id='word_1_311' title='bbox 486 2461 539 2507; x_wconf 93' lang='lat' dir='ltr'><strong>et</strong></span> <span class='ocrx_word' id='word_1_312' title='bbox 584 2452 792 2521; x_wconf 85' lang='lat' dir='ltr'><strong>privata</strong></span> <span class='ocrx_word' id='word_1_313' title='bbox 839 2462 922 2506; x_wconf 90' lang='lat' dir='ltr'><strong>est</strong></span> <span class='ocrx_word' id='word_1_314' title='bbox 961 2452 1118 2515; x_wconf 87' lang='lat' dir='ltr'><strong>bono,</strong></span> <span class='ocrx_word' id='word_1_315' title='bbox 1160 2459 1215 2504; x_wconf 86' lang='lat' dir='ltr'><strong>et</strong></span> <span class='ocrx_word' id='word_1_316' title='bbox 1258 2451 1359 2505; x_wconf 92' lang='lat' dir='ltr'><strong>hoc</strong></span> <span class='ocrx_word' id='word_1_317' title='bbox 1403 2451 1450 2504; x_wconf 93' lang='lat' dir='ltr'><strong>ei</strong></span> <span class='ocrx_word' id='word_1_318' title='bbox 1481 2460 1564 2503; x_wconf 90' lang='lat' dir='ltr'><strong>est</strong></span> <span class='ocrx_word' id='word_1_319' title='bbox 1597 2465 1866 2503; x_wconf 89' lang='lat' dir='ltr'><strong>summum</strong></span> 
     </span>
    </p>
   </div>
   <div class='ocr_carea' id='block_1_41' title="bbox 292 2541 1866 2611">
    <p class='ocr_par' dir='ltr' id='par_1_41' title="bbox 292 2541 1866 2611">
     <span class='ocr_line' id='line_1_41' title="bbox 292 2541 1866 2611; baseline -0.002 -15"><span class='ocrx_word' id='word_1_320' title='bbox 292 2543 516 2597; x_wconf 90' lang='lat' dir='ltr'><strong>malum.</strong></span> <span class='ocrx_word' id='word_1_321' title='bbox 556 2541 681 2596; x_wconf 86' lang='lat' dir='ltr'><strong>Sive</strong></span> <span class='ocrx_word' id='word_1_322' title='bbox 705 2558 835 2611; x_wconf 86' lang='lat' dir='ltr'><strong>ergo</strong></span> <span class='ocrx_word' id='word_1_323' title='bbox 859 2541 1098 2596; x_wconf 89' lang='lat' dir='ltr'><strong>dicamus</strong></span> <span class='ocrx_word' id='word_1_324' title='bbox 1127 2541 1324 2594; x_wconf 90' lang='lat' dir='ltr'><strong>malum</strong></span> <span class='ocrx_word' id='word_1_325' title='bbox 1351 2555 1468 2595; x_wconf 91' lang='lat' dir='ltr'><strong>esse</strong></span> <span class='ocrx_word' id='word_1_326' title='bbox 1506 2541 1866 2594; x_wconf 85' lang='lat' dir='ltr'><strong>desertionem</strong></span> 
     </span>
    </p>
   </div>
   <div class='ocr_carea' id='block_1_42' title="bbox 292 2628 1865 2700">
    <p class='ocr_par' dir='ltr' id='par_1_42' title="bbox 292 2628 1865 2700">
     <span class='ocr_line' id='line_1_42' title="bbox 292 2628 1865 2700; baseline -0.003 -15"><span class='ocrx_word' id='word_1_327' title='bbox 292 2632 462 2697; x_wconf 86' lang='lat' dir='ltr'><strong>boni,</strong></span> <span class='ocrx_word' id='word_1_328' title='bbox 508 2630 592 2685; x_wconf 89' lang='lat' dir='ltr'><strong>vel</strong></span> <span class='ocrx_word' id='word_1_329' title='bbox 618 2629 883 2684; x_wconf 88' lang='lat' dir='ltr'><strong>defectum</strong></span> <span class='ocrx_word' id='word_1_330' title='bbox 933 2645 960 2681; x_wconf 92' lang='lat' dir='ltr'><strong>a</strong></span> <span class='ocrx_word' id='word_1_331' title='bbox 1011 2629 1172 2692; x_wconf 90' lang='lat' dir='ltr'><strong>bono,</strong></span> <span class='ocrx_word' id='word_1_332' title='bbox 1209 2629 1290 2682; x_wconf 86' lang='lat' dir='ltr'><strong>vel</strong></span> <span class='ocrx_word' id='word_1_333' title='bbox 1336 2630 1686 2700; x_wconf 84' lang='lat' dir='ltr'><strong>privationem</strong></span> <span class='ocrx_word' id='word_1_334' title='bbox 1716 2628 1865 2694; x_wconf 90' lang='lat' dir='ltr'><strong>boni,</strong></span> 
     </span>
    </p>
   </div>
   <div class='ocr_carea' id='block_1_43' title="bbox 292 2719 1864 2785">
    <p class='ocr_par' dir='ltr' id='par_1_43' title="bbox 292 2719 1864 2785">
     <span class='ocr_line' id='line_1_43' title="bbox 292 2719 1864 2785; baseline -0.001 -9"><span class='ocrx_word' id='word_1_335' title='bbox 292 2722 600 2776; x_wconf 81' lang='lat' dir='ltr'><strong>rectissime</strong></span> <span class='ocrx_word' id='word_1_336' title='bbox 624 2721 868 2780; x_wconf 85' lang='lat' dir='ltr'><strong>dicimus,</strong></span> <span class='ocrx_word' id='word_1_337' title='bbox 900 2720 1039 2774; x_wconf 90' lang='lat' dir='ltr'><strong>sicut</strong></span> <span class='ocrx_word' id='word_1_338' title='bbox 1071 2731 1124 2774; x_wconf 92' lang='lat' dir='ltr'><strong>et</strong></span> <span class='ocrx_word' id='word_1_339' title='bbox 1154 2721 1339 2774; x_wconf 90' lang='lat' dir='ltr'><strong>vitium</strong></span> <span class='ocrx_word' id='word_1_340' title='bbox 1366 2721 1600 2774; x_wconf 88' lang='lat' dir='ltr'><strong>desertio</strong></span> <span class='ocrx_word' id='word_1_341' title='bbox 1627 2719 1864 2785; x_wconf 90' lang='lat' dir='ltr'><strong>virtutis,</strong></span> 
     </span>
    </p>
   </div>
   <div class='ocr_carea' id='block_1_44' title="bbox 292 2807 1864 2879">
    <p class='ocr_par' dir='ltr' id='par_1_44' title="bbox 292 2807 1864 2879">
     <span class='ocr_line' id='line_1_44' title="bbox 292 2807 1864 2879; baseline -0.003 -15"><span class='ocrx_word' id='word_1_342' title='bbox 292 2819 348 2864; x_wconf 89' lang='lat' dir='ltr'><strong>et</strong></span> <span class='ocrx_word' id='word_1_343' title='bbox 375 2811 607 2864; x_wconf 57' lang='lat' dir='ltr'><strong>tenebrae</strong></span> <span class='ocrx_word' id='word_1_344' title='bbox 637 2809 864 2879; x_wconf 88' lang='lat' dir='ltr'><strong>privatio</strong></span> <span class='ocrx_word' id='word_1_345' title='bbox 890 2808 1023 2863; x_wconf 90' lang='lat' dir='ltr'><strong>lucis</strong></span> <span class='ocrx_word' id='word_1_346' title='bbox 1047 2849 1062 2872; x_wconf 94' lang='lat'><strong>,</strong></span> <span class='ocrx_word' id='word_1_347' title='bbox 1113 2818 1167 2863; x_wconf 91' lang='lat' dir='ltr'><strong>et</strong></span> <span class='ocrx_word' id='word_1_348' title='bbox 1207 2809 1491 2862; x_wconf 89' lang='lat' dir='ltr'><strong>inﬁrmitas</strong></span> <span class='ocrx_word' id='word_1_349' title='bbox 1531 2807 1662 2862; x_wconf 90' lang='lat' dir='ltr'><strong>nihil</strong></span> <span class='ocrx_word' id='word_1_350' title='bbox 1698 2807 1864 2872; x_wconf 88' lang='lat' dir='ltr'><strong>aliud,</strong></span> 
     </span>
    </p>
   </div>
   <div class='ocr_carea' id='block_1_45' title="bbox 290 2897 1864 2968">
    <p class='ocr_par' dir='ltr' id='par_1_45' title="bbox 290 2897 1864 2968">
     <span class='ocr_line' id='line_1_45' title="bbox 290 2897 1864 2968; baseline -0.003 -16"><span class='ocrx_word' id='word_1_351' title='bbox 290 2914 455 2968; x_wconf 87' lang='lat' dir='ltr'><strong>quam</strong></span> <span class='ocrx_word' id='word_1_352' title='bbox 483 2897 720 2953; x_wconf 77' lang='lat' dir='ltr'><strong>defectus</strong></span> <span class='ocrx_word' id='word_1_353' title='bbox 764 2906 856 2952; x_wconf 72' lang='lat' dir='ltr'><strong>est.</strong></span> <span class='ocrx_word' id='word_1_354' title='bbox 886 2897 1163 2962; x_wconf 89' lang='lat' dir='ltr'><strong>sanitatis;</strong></span> <span class='ocrx_word' id='word_1_355' title='bbox 1214 2897 1460 2950; x_wconf 88' lang='lat' dir='ltr'><strong>similiter</strong></span> <span class='ocrx_word' id='word_1_356' title='bbox 1487 2906 1541 2950; x_wconf 91' lang='lat' dir='ltr'><strong>et</strong></span> <span class='ocrx_word' id='word_1_357' title='bbox 1583 2905 1864 2966; x_wconf 87' lang='lat' dir='ltr'><strong>peccatum</strong></span> 
     </span>
    </p>
   </div>
   <div class='ocr_carea' id='block_1_46' title="bbox 293 2987 1863 3045">
    <p class='ocr_par' dir='ltr' id='par_1_46' title="bbox 293 2987 1863 3045">
     <span class='ocr_line' id='line_1_46' title="bbox 293 2987 1863 3045; baseline -0.002 0"><span class='ocrx_word' id='word_1_358' title='bbox 293 2990 580 3045; x_wconf 85' lang='lat' dir='ltr'><strong>manifeste</strong></span> <span class='ocrx_word' id='word_1_359' title='bbox 609 2990 806 3044; x_wconf 88' lang='lat' dir='ltr'><strong>nullam</strong></span> <span class='ocrx_word' id='word_1_360' title='bbox 843 2991 1003 3044; x_wconf 87' lang='lat' dir='ltr'><strong>habet</strong></span> <span class='ocrx_word' id='word_1_361' title='bbox 1041 2989 1396 3044; x_wconf 77' lang='lat' dir='ltr'><strong>substantiam</strong></span> <span class='ocrx_word' id='word_1_362' title='bbox 1426 2989 1478 3043; x_wconf 92' lang='lat' dir='ltr'><strong>in</strong></span> <span class='ocrx_word' id='word_1_363' title='bbox 1513 3004 1576 3042; x_wconf 88' lang='lat' dir='ltr'><strong>se</strong></span> <span class='ocrx_word' id='word_1_364' title='bbox 1599 2987 1863 3043; x_wconf 82' lang='lat' dir='ltr'><strong>existendi</strong></span> 
     </span>
    </p>
   </div>
   <div class='ocr_carea' id='block_1_47' title="bbox 290 3078 1860 3147">
    <p class='ocr_par' dir='ltr' id='par_1_47' title="bbox 290 3078 1860 3147">
     <span class='ocr_line' id='line_1_47' title="bbox 290 3078 1860 3147; baseline 0 -15"><span class='ocrx_word' id='word_1_365' title='bbox 290 3090 349 3132; x_wconf 88' lang='lat' dir='ltr'><strong>et</strong></span> <span class='ocrx_word' id='word_1_366' title='bbox 375 3079 721 3133; x_wconf 90' lang='lat' dir='ltr'><strong>subsistendi.</strong></span> <span class='ocrx_word' id='word_1_367' title='bbox 775 3078 879 3133; x_wconf 85' lang='lat' dir='ltr'><strong>Sed</strong></span> <span class='ocrx_word' id='word_1_368' title='bbox 922 3079 1154 3133; x_wconf 86' lang='lat' dir='ltr'><strong>desertio</strong></span> <span class='ocrx_word' id='word_1_369' title='bbox 1188 3078 1409 3147; x_wconf 73' lang='lat' dir='ltr'><strong>justitias</strong></span> <span class='ocrx_word' id='word_1_370' title='bbox 1447 3088 1500 3133; x_wconf 90' lang='lat' dir='ltr'><strong>et</strong></span> <span class='ocrx_word' id='word_1_371' title='bbox 1538 3078 1777 3134; x_wconf 85' lang='lat' dir='ltr'><strong>defectus</strong></span> <span class='ocrx_word' id='word_1_372' title='bbox 1829 3093 1860 3132; x_wconf 91' lang='lat' dir='ltr'><strong>a</strong></span> 
     </span>
    </p>
   </div>
   <div class='ocr_carea' id='block_1_48' title="bbox 1970 1919 3546 1994">
    <p class='ocr_par' dir='ltr' id='par_1_48' title="bbox 1970 1919 3546 1994">
     <span class='ocr_line' id='line_1_48' title="bbox 1970 1919 3546 1994; baseline 0.006 -24"><span class='ocrx_word' id='word_1_373' title='bbox 1970 1933 2153 1979; x_wconf 77' lang='lat' dir='ltr'><strong>xxxrx.</strong></span> <span class='ocrx_word' id='word_1_374' title='bbox 2186 1919 2298 1990; x_wconf 77' lang='lat'><strong>9.1).</strong></span> <span class='ocrx_word' id='word_1_375' title='bbox 2341 1919 2402 1972; x_wconf 82' lang='lat' dir='ltr'><strong>Et</strong></span> <span class='ocrx_word' id='word_1_376' title='bbox 2441 1920 2630 1973; x_wconf 89' lang='lat' dir='ltr'><strong>iterum</strong></span> <span class='ocrx_word' id='word_1_377' title='bbox 2669 1936 2789 1973; x_wconf 91' lang='lat' dir='ltr'><strong>cum</strong></span> <span class='ocrx_word' id='word_1_378' title='bbox 2829 1922 2894 1974; x_wconf 90' lang='lat' dir='ltr'><strong>de</strong></span> <span class='ocrx_word' id='word_1_379' title='bbox 2937 1922 3238 1977; x_wconf 84' lang='lat' dir='ltr'><strong>hominibus</strong></span> <span class='ocrx_word' id='word_1_380' title='bbox 3269 1923 3546 1994; x_wconf 88' lang='lat' dir='ltr'><strong>Scriptura</strong></span> 
     </span>
    </p>
   </div>
   <div class='ocr_carea' id='block_1_49' title="bbox 1970 2007 3547 2087">
    <p class='ocr_par' dir='ltr' id='par_1_49' title="bbox 1970 2007 3547 2087">
     <span class='ocr_line' id='line_1_49' title="bbox 1970 2007 3547 2087; baseline 0.004 -26"><span class='ocrx_word' id='word_1_381' title='bbox 1970 2008 2280 2078; x_wconf 84' lang='lat' dir='ltr'><strong>loqueretur</strong></span> <span class='ocrx_word' id='word_1_382' title='bbox 2327 2009 2432 2062; x_wconf 89' lang='lat' dir='ltr'><strong>ait:</strong></span> <span class='ocrx_word' id='word_1_383' title='bbox 2466 2007 2534 2061; x_wconf 85' lang='lat' dir='ltr'><strong>Et</strong></span> <span class='ocrx_word' id='word_1_384' title='bbox 2576 2011 2750 2062; x_wconf 90' lang='lat' dir='ltr'><strong>omnia</strong></span> <span class='ocrx_word' id='word_1_385' title='bbox 2788 2026 2942 2080; x_wconf 83' lang='lat' dir='ltr'><strong>Opera</strong></span> <span class='ocrx_word' id='word_1_386' title='bbox 2981 2029 3156 2064; x_wconf 85' lang='lat' dir='ltr'><strong>eorum</strong></span> <span class='ocrx_word' id='word_1_387' title='bbox 3193 2015 3343 2087; x_wconf 76' lang='lat' dir='ltr'><strong>quasi</strong></span> <span class='ocrx_word' id='word_1_388' title='bbox 3384 2015 3461 2068; x_wconf 79' lang='lat' dir='ltr'><strong>sol</strong></span> <span class='ocrx_word' id='word_1_389' title='bbox 3491 2016 3547 2068; x_wconf 84' lang='lat' dir='ltr'><strong>in</strong></span> 
     </span>
    </p>
   </div>
   <div class='ocr_carea' id='block_1_50' title="bbox 1967 2101 3545 2176">
    <p class='ocr_par' dir='ltr' id='par_1_50' title="bbox 1967 2101 3545 2176">
     <span class='ocr_line' id='line_1_50' title="bbox 1967 2101 3545 2176; baseline 0.006 -24"><span class='ocrx_word' id='word_1_390' title='bbox 1967 2110 2239 2170; x_wconf 84' lang='lat' dir='ltr'><strong>conspectu</strong></span> <span class='ocrx_word' id='word_1_391' title='bbox 2265 2101 2360 2152; x_wconf 84' lang='lat' dir='ltr'><strong>Dei</strong></span> <span class='ocrx_word' id='word_1_392' title='bbox 2386 2117 2404 2154; x_wconf 90' lang='lat'><strong><em>:</em></strong></span> <span class='ocrx_word' id='word_1_393' title='bbox 2436 2117 2537 2154; x_wconf 87' lang='lat' dir='ltr'><strong>non</strong></span> <span class='ocrx_word' id='word_1_394' title='bbox 2558 2103 2784 2170; x_wconf 54' lang='lat' dir='ltr'><strong>praeterit</strong></span> <span class='ocrx_word' id='word_1_395' title='bbox 2813 2101 2958 2156; x_wconf 88' lang='lat' dir='ltr'><strong>illum</strong></span> <span class='ocrx_word' id='word_1_396' title='bbox 2988 2105 3152 2158; x_wconf 84' lang='lat' dir='ltr'><strong>omnis</strong></span> <span class='ocrx_word' id='word_1_397' title='bbox 3186 2108 3459 2176; x_wconf 82' lang='lat' dir='ltr'><strong>cogitatus,</strong></span> <span class='ocrx_word' id='word_1_398' title='bbox 3494 2116 3545 2161; x_wconf 82' lang='lat' dir='ltr'><strong>et</strong></span> 
     </span>
    </p>
   </div>
   <div class='ocr_carea' id='block_1_51' title="bbox 1968 2190 3539 2268">
    <p class='ocr_par' dir='ltr' id='par_1_51' title="bbox 1968 2190 3539 2268">
     <span class='ocr_line' id='line_1_51' title="bbox 1968 2190 3539 2268; baseline 0.008 -27"><span class='ocrx_word' id='word_1_399' title='bbox 1968 2204 2071 2242; x_wconf 90' lang='lat' dir='ltr'><strong>non</strong></span> <span class='ocrx_word' id='word_1_400' title='bbox 2098 2190 2435 2244; x_wconf 81' lang='lat' dir='ltr'><strong>absconditur</strong></span> <span class='ocrx_word' id='word_1_401' title='bbox 2468 2193 2533 2243; x_wconf 84' lang='lat' dir='ltr'><strong>ab</strong></span> <span class='ocrx_word' id='word_1_402' title='bbox 2572 2207 2630 2245; x_wconf 92' lang='lat' dir='ltr'><strong>eo</strong></span> <span class='ocrx_word' id='word_1_403' title='bbox 2662 2191 2801 2245; x_wconf 86' lang='lat' dir='ltr'><strong>ullus</strong></span> <span class='ocrx_word' id='word_1_404' title='bbox 2837 2210 3005 2247; x_wconf 88' lang='lat' dir='ltr'><strong>sermo</strong></span> <span class='ocrx_word' id='word_1_405' title='bbox 3032 2195 3218 2264; x_wconf 82' lang='lat' dir='ltr'><strong>(Eccli.</strong></span> <span class='ocrx_word' id='word_1_406' title='bbox 3245 2213 3377 2262; x_wconf 82' lang='lat' dir='ltr'><strong>xm,</strong></span> <span class='ocrx_word' id='word_1_407' title='bbox 3402 2197 3493 2268; x_wconf 70' lang='lat'><strong>26)</strong></span> <span class='ocrx_word' id='word_1_408' title='bbox 3523 2214 3539 2253; x_wconf 89' lang='lat'><strong>:</strong></span> 
     </span>
    </p>
   </div>
   <div class='ocr_carea' id='block_1_52' title="bbox 1967 2279 3544 2352">
    <p class='ocr_par' dir='ltr' id='par_1_52' title="bbox 1967 2279 3544 2352">
     <span class='ocr_line' id='line_1_52' title="bbox 1967 2279 3544 2352; baseline 0.006 -18"><span class='ocrx_word' id='word_1_409' title='bbox 1967 2279 2080 2344; x_wconf 86' lang='lat' dir='ltr'><strong>Isti,</strong></span> <span class='ocrx_word' id='word_1_410' title='bbox 2108 2281 2344 2350; x_wconf 88' lang='lat' dir='ltr'><strong>inquam,</strong></span> <span class='ocrx_word' id='word_1_411' title='bbox 2376 2282 2894 2352; x_wconf 86' lang='lat' dir='ltr'><strong>omnipotentissimo</strong></span> <span class='ocrx_word' id='word_1_412' title='bbox 2922 2294 2975 2338; x_wconf 91' lang='lat' dir='ltr'><strong>et</strong></span> <span class='ocrx_word' id='word_1_413' title='bbox 3003 2285 3250 2342; x_wconf 80' lang='lat' dir='ltr'><strong>ineffabili</strong></span> <span class='ocrx_word' id='word_1_414' title='bbox 3280 2289 3544 2352; x_wconf 85' lang='lat' dir='ltr'><strong>Creatori,</strong></span> 
     </span>
    </p>
   </div>
   <div class='ocr_carea' id='block_1_53' title="bbox 1969 2371 3544 2440">
    <p class='ocr_par' dir='ltr' id='par_1_53' title="bbox 1969 2371 3544 2440">
     <span class='ocr_line' id='line_1_53' title="bbox 1969 2371 3544 2440; baseline 0.006 -16"><span class='ocrx_word' id='word_1_415' title='bbox 1969 2371 2088 2433; x_wconf 86' lang='lat' dir='ltr'><strong>cui,</strong></span> <span class='ocrx_word' id='word_1_416' title='bbox 2138 2381 2427 2440; x_wconf 87' lang='lat' dir='ltr'><strong>antequam</strong></span> <span class='ocrx_word' id='word_1_417' title='bbox 2475 2384 2812 2440; x_wconf 87' lang='lat' dir='ltr'><strong>crearentur,</strong></span> <span class='ocrx_word' id='word_1_418' title='bbox 2861 2375 2912 2428; x_wconf 91' lang='lat' dir='ltr'><strong>in</strong></span> <span class='ocrx_word' id='word_1_419' title='bbox 2960 2385 3158 2430; x_wconf 60' lang='lat' dir='ltr'><strong>aeterna</strong></span> <span class='ocrx_word' id='word_1_420' title='bbox 3197 2379 3419 2432; x_wconf 76' lang='lat' dir='ltr'><strong>scientia</strong></span> <span class='ocrx_word' id='word_1_421' title='bbox 3448 2397 3544 2434; x_wconf 85' lang='lat' dir='ltr'><strong>sua</strong></span> 
     </span>
    </p>
   </div>
   <div class='ocr_carea' id='block_1_54' title="bbox 1967 2461 3545 2538">
    <p class='ocr_par' dir='ltr' id='par_1_54' title="bbox 1967 2461 3545 2538">
     <span class='ocr_line' id='line_1_54' title="bbox 1967 2461 3545 2538; baseline 0.004 -20"><span class='ocrx_word' id='word_1_422' title='bbox 1967 2464 2149 2518; x_wconf 89' lang='lat' dir='ltr'><strong>omnia</strong></span> <span class='ocrx_word' id='word_1_423' title='bbox 2195 2461 2412 2518; x_wconf 88' lang='lat' dir='ltr'><strong>fuerunt</strong></span> <span class='ocrx_word' id='word_1_424' title='bbox 2452 2465 2655 2536; x_wconf 85' lang='lat' dir='ltr'><strong>agnita,</strong></span> <span class='ocrx_word' id='word_1_425' title='bbox 2702 2466 2816 2534; x_wconf 92' lang='lat' dir='ltr'><strong>qui,</strong></span> <span class='ocrx_word' id='word_1_426' title='bbox 2861 2467 3022 2520; x_wconf 91' lang='lat' dir='ltr'><strong>etiam</strong></span> <span class='ocrx_word' id='word_1_427' title='bbox 3062 2479 3340 2538; x_wconf 89' lang='lat' dir='ltr'><strong>postquam</strong></span> <span class='ocrx_word' id='word_1_428' title='bbox 3365 2471 3545 2524; x_wconf 88' lang='lat' dir='ltr'><strong>omnia</strong></span> 
     </span>
    </p>
   </div>
   <div class='ocr_carea' id='block_1_55' title="bbox 1966 2553 3547 2627">
    <p class='ocr_par' dir='ltr' id='par_1_55' title="bbox 1966 2553 3547 2627">
     <span class='ocr_line' id='line_1_55' title="bbox 1966 2553 3547 2627; baseline 0.004 -21"><span class='ocrx_word' id='word_1_429' title='bbox 1966 2553 2212 2624; x_wconf 80' lang='lat' dir='ltr'><strong>perfecit,</strong></span> <span class='ocrx_word' id='word_1_430' title='bbox 2243 2570 2346 2609; x_wconf 91' lang='lat' dir='ltr'><strong>non</strong></span> <span class='ocrx_word' id='word_1_431' title='bbox 2383 2555 2557 2619; x_wconf 87' lang='lat' dir='ltr'><strong>aliter,</strong></span> <span class='ocrx_word' id='word_1_432' title='bbox 2586 2556 2678 2610; x_wconf 90' lang='lat' dir='ltr'><strong>sed</strong></span> <span class='ocrx_word' id='word_1_433' title='bbox 2706 2557 2786 2610; x_wconf 88' lang='lat' dir='ltr'><strong>sic</strong></span> <span class='ocrx_word' id='word_1_434' title='bbox 2817 2559 3030 2627; x_wconf 89' lang='lat' dir='ltr'><strong>respicit</strong></span> <span class='ocrx_word' id='word_1_435' title='bbox 3062 2558 3224 2624; x_wconf 85' lang='lat' dir='ltr'><strong>facta,</strong></span> <span class='ocrx_word' id='word_1_436' title='bbox 3255 2561 3394 2614; x_wconf 90' lang='lat' dir='ltr'><strong>sicut</strong></span> <span class='ocrx_word' id='word_1_437' title='bbox 3414 2561 3547 2614; x_wconf 84' lang='lat' dir='ltr'><strong>vidit</strong></span> 
     </span>
    </p>
   </div>
   <div class='ocr_carea' id='block_1_56' title="bbox 1966 2643 3544 2712">
    <p class='ocr_par' dir='ltr' id='par_1_56' title="bbox 1966 2643 3544 2712">
     <span class='ocr_line' id='line_1_56' title="bbox 1966 2643 3544 2712; baseline 0.006 -17"><span class='ocrx_word' id='word_1_438' title='bbox 1966 2643 2213 2698; x_wconf 85' lang='lat' dir='ltr'><strong>facienda</strong></span> <span class='ocrx_word' id='word_1_439' title='bbox 2238 2684 2254 2708; x_wconf 93' lang='lat'><strong>,</strong></span> <span class='ocrx_word' id='word_1_440' title='bbox 2296 2645 2428 2699; x_wconf 86' lang='lat' dir='ltr'><strong>nihil</strong></span> <span class='ocrx_word' id='word_1_441' title='bbox 2464 2645 2712 2700; x_wconf 88' lang='lat' dir='ltr'><strong>videlicet</strong></span> <span class='ocrx_word' id='word_1_442' title='bbox 2756 2656 2904 2700; x_wconf 78' lang='lat' dir='ltr'><strong>extra</strong></span> <span class='ocrx_word' id='word_1_443' title='bbox 2951 2663 3029 2712; x_wconf 92' lang='lat' dir='ltr'><strong>se,</strong></span> <span class='ocrx_word' id='word_1_444' title='bbox 3072 2650 3163 2702; x_wconf 91' lang='lat' dir='ltr'><strong>sed</strong></span> <span class='ocrx_word' id='word_1_445' title='bbox 3192 2650 3243 2703; x_wconf 93' lang='lat' dir='ltr'><strong>in</strong></span> <span class='ocrx_word' id='word_1_446' title='bbox 3279 2665 3336 2704; x_wconf 92' lang='lat' dir='ltr'><strong>se</strong></span> <span class='ocrx_word' id='word_1_447' title='bbox 3364 2652 3544 2705; x_wconf 90' lang='lat' dir='ltr'><strong>omnia</strong></span> 
     </span>
    </p>
   </div>
   <div class='ocr_carea' id='block_1_57' title="bbox 1967 2731 3542 2804">
    <p class='ocr_par' dir='ltr' id='par_1_57' title="bbox 1967 2731 3542 2804">
     <span class='ocr_line' id='line_1_57' title="bbox 1967 2731 3542 2804; baseline 0.004 -18"><span class='ocrx_word' id='word_1_448' title='bbox 1967 2731 2256 2786; x_wconf 88' lang='lat' dir='ltr'><strong>cernendo.</strong></span> <span class='ocrx_word' id='word_1_449' title='bbox 2299 2733 2364 2786; x_wconf 85' lang='lat' dir='ltr'><strong>Et</strong></span> <span class='ocrx_word' id='word_1_450' title='bbox 2394 2733 2511 2786; x_wconf 86' lang='lat' dir='ltr'><strong>ideo</strong></span> <span class='ocrx_word' id='word_1_451' title='bbox 2541 2733 2594 2786; x_wconf 89' lang='lat' dir='ltr'><strong>in</strong></span> <span class='ocrx_word' id='word_1_452' title='bbox 2619 2743 2905 2803; x_wconf 88' lang='lat' dir='ltr'><strong>conspectu</strong></span> <span class='ocrx_word' id='word_1_453' title='bbox 2929 2735 3044 2804; x_wconf 84' lang='lat' dir='ltr'><strong>ejus</strong></span> <span class='ocrx_word' id='word_1_454' title='bbox 3067 2737 3195 2790; x_wconf 90' lang='lat' dir='ltr'><strong>nihil</strong></span> <span class='ocrx_word' id='word_1_455' title='bbox 3218 2746 3301 2791; x_wconf 90' lang='lat' dir='ltr'><strong>est</strong></span> <span class='ocrx_word' id='word_1_456' title='bbox 3322 2753 3542 2804; x_wconf 87' lang='lat' dir='ltr'><strong>novum,</strong></span> 
     </span>
    </p>
   </div>
   <div class='ocr_carea' id='block_1_58' title="bbox 1966 2823 3544 2896">
    <p class='ocr_par' dir='ltr' id='par_1_58' title="bbox 1966 2823 3544 2896">
     <span class='ocr_line' id='line_1_58' title="bbox 1966 2823 3544 2896; baseline 0.003 -20"><span class='ocrx_word' id='word_1_457' title='bbox 1966 2837 2067 2876; x_wconf 90' lang='lat' dir='ltr'><strong>nec</strong></span> <span class='ocrx_word' id='word_1_458' title='bbox 2091 2823 2304 2891; x_wconf 90' lang='lat' dir='ltr'><strong>quando</strong></span> <span class='ocrx_word' id='word_1_459' title='bbox 2331 2823 2563 2893; x_wconf 89' lang='lat' dir='ltr'><strong>primum</strong></span> <span class='ocrx_word' id='word_1_460' title='bbox 2602 2833 2685 2878; x_wconf 90' lang='lat' dir='ltr'><strong>est</strong></span> <span class='ocrx_word' id='word_1_461' title='bbox 2730 2833 3010 2890; x_wconf 88' lang='lat' dir='ltr'><strong>creatum,</strong></span> <span class='ocrx_word' id='word_1_462' title='bbox 3050 2827 3173 2895; x_wconf 90' lang='lat' dir='ltr'><strong>quia</strong></span> <span class='ocrx_word' id='word_1_463' title='bbox 3204 2842 3415 2896; x_wconf 77' lang='lat' dir='ltr'><strong>seraper</strong></span> <span class='ocrx_word' id='word_1_464' title='bbox 3442 2827 3544 2882; x_wconf 87' lang='lat' dir='ltr'><strong>fuit</strong></span> 
     </span>
    </p>
   </div>
   <div class='ocr_carea' id='block_1_59' title="bbox 1966 2912 3544 2986">
    <p class='ocr_par' dir='ltr' id='par_1_59' title="bbox 1966 2912 3544 2986">
     <span class='ocr_line' id='line_1_59' title="bbox 1966 2912 3544 2986; baseline 0.003 -19"><span class='ocrx_word' id='word_1_465' title='bbox 1966 2912 2022 2967; x_wconf 92' lang='lat' dir='ltr'><strong>in</strong></span> <span class='ocrx_word' id='word_1_466' title='bbox 2048 2912 2164 2982; x_wconf 86' lang='lat' dir='ltr'><strong>ejus</strong></span> <span class='ocrx_word' id='word_1_467' title='bbox 2188 2914 2410 2968; x_wconf 88' lang='lat' dir='ltr'><strong>scientia</strong></span> <span class='ocrx_word' id='word_1_468' title='bbox 2435 2923 2694 2968; x_wconf 71' lang='lat' dir='ltr'><strong>:eternum</strong></span> <span class='ocrx_word' id='word_1_469' title='bbox 2724 2929 2738 2966; x_wconf 88' lang='lat'><strong>:</strong></span> <span class='ocrx_word' id='word_1_470' title='bbox 2770 2929 2928 2983; x_wconf 89' lang='lat' dir='ltr'><strong>quem</strong></span> <span class='ocrx_word' id='word_1_471' title='bbox 2969 2916 3147 2969; x_wconf 90' lang='lat' dir='ltr'><strong>omnia</strong></span> <span class='ocrx_word' id='word_1_472' title='bbox 3176 2930 3339 2986; x_wconf 83' lang='lat' dir='ltr'><strong>Opera</strong></span> <span class='ocrx_word' id='word_1_473' title='bbox 3369 2918 3544 2973; x_wconf 88' lang='lat' dir='ltr'><strong>homi-</strong></span> 
     </span>
    </p>
   </div>
   <div class='ocr_carea' id='block_1_60' title="bbox 1965 3005 3542 3078">
    <p class='ocr_par' dir='ltr' id='par_1_60' title="bbox 1965 3005 3542 3078">
     <span class='ocr_line' id='line_1_60' title="bbox 1965 3005 3542 3078; baseline 0.004 -20"><span class='ocrx_word' id='word_1_474' title='bbox 1965 3021 2115 3069; x_wconf 91' lang='lat' dir='ltr'><strong>num,</strong></span> <span class='ocrx_word' id='word_1_475' title='bbox 2147 3005 2285 3059; x_wconf 90' lang='lat' dir='ltr'><strong>sicut</strong></span> <span class='ocrx_word' id='word_1_476' title='bbox 2314 3006 2367 3059; x_wconf 92' lang='lat' dir='ltr'><strong>in</strong></span> <span class='ocrx_word' id='word_1_477' title='bbox 2396 3005 2697 3060; x_wconf 90' lang='lat' dir='ltr'><strong>clarissimo</strong></span> <span class='ocrx_word' id='word_1_478' title='bbox 2720 3007 2829 3062; x_wconf 86' lang='lat' dir='ltr'><strong>sole</strong></span> <span class='ocrx_word' id='word_1_479' title='bbox 2853 3023 2959 3062; x_wconf 90' lang='lat' dir='ltr'><strong>non</strong></span> <span class='ocrx_word' id='word_1_480' title='bbox 2990 3008 3156 3062; x_wconf 85' lang='lat' dir='ltr'><strong>latent</strong></span> <span class='ocrx_word' id='word_1_481' title='bbox 3184 3025 3198 3074; x_wconf 92' lang='lat'><strong>;</strong></span> <span class='ocrx_word' id='word_1_482' title='bbox 3233 3024 3389 3078; x_wconf 91' lang='lat' dir='ltr'><strong>quem</strong></span> <span class='ocrx_word' id='word_1_483' title='bbox 3421 3011 3542 3064; x_wconf 92' lang='lat' dir='ltr'><strong>nul-</strong></span> 
     </span>
    </p>
   </div>
   <div class='ocr_carea' id='block_1_61' title="bbox 1966 3094 3541 3167">
    <p class='ocr_par' dir='ltr' id='par_1_61' title="bbox 1966 3094 3541 3167">
     <span class='ocr_line' id='line_1_61' title="bbox 1966 3094 3541 3167; baseline 0.005 -20"><span class='ocrx_word' id='word_1_484' title='bbox 1966 3099 2048 3149; x_wconf 90' lang='lat' dir='ltr'><strong>lus</strong></span> <span class='ocrx_word' id='word_1_485' title='bbox 2078 3094 2352 3148; x_wconf 90' lang='lat' dir='ltr'><strong>hominum</strong></span> <span class='ocrx_word' id='word_1_486' title='bbox 2381 3095 2618 3165; x_wconf 63' lang='lat' dir='ltr'><strong>prieterit</strong></span> <span class='ocrx_word' id='word_1_487' title='bbox 2649 3097 2931 3167; x_wconf 80' lang='lat' dir='ltr'><strong>cogitatus,</strong></span> <span class='ocrx_word' id='word_1_488' title='bbox 2956 3113 2984 3151; x_wconf 88' lang='lat' dir='ltr'><strong>a</strong></span> <span class='ocrx_word' id='word_1_489' title='bbox 3015 3113 3119 3166; x_wconf 92' lang='lat' dir='ltr'><strong>quo</strong></span> <span class='ocrx_word' id='word_1_490' title='bbox 3146 3099 3321 3153; x_wconf 90' lang='lat' dir='ltr'><strong>nullus</strong></span> <span class='ocrx_word' id='word_1_491' title='bbox 3353 3115 3541 3156; x_wconf 88' lang='lat' dir='ltr'><strong>eorum</strong></span> 
     </span>
    </p>
   </div>
   <div class='ocr_carea' id='block_1_62' title="bbox 283 3153 1862 3252">
    <p class='ocr_par' dir='ltr' id='par_1_62' title="bbox 283 3168 1860 3238">
     <span class='ocr_line' id='line_1_62' title="bbox 283 3168 1860 3238; baseline 0.001 -18"><span class='ocrx_word' id='word_1_492' title='bbox 283 3169 494 3238; x_wconf 87' lang='lat' dir='ltr'><strong>justitia</strong></span> <span class='ocrx_word' id='word_1_493' title='bbox 525 3168 627 3223; x_wconf 88' lang='lat' dir='ltr'><strong>tale</strong></span> <span class='ocrx_word' id='word_1_494' title='bbox 647 3183 837 3221; x_wconf 90' lang='lat' dir='ltr'><strong>nomen</strong></span> <span class='ocrx_word' id='word_1_495' title='bbox 864 3169 1088 3237; x_wconf 90' lang='lat' dir='ltr'><strong>accepit.</strong></span> <span class='ocrx_word' id='word_1_496' title='bbox 1136 3168 1212 3221; x_wconf 90' lang='lat' dir='ltr'><strong>Ita</strong></span> <span class='ocrx_word' id='word_1_497' title='bbox 1243 3169 1403 3222; x_wconf 90' lang='lat' dir='ltr'><strong>etiam</strong></span> <span class='ocrx_word' id='word_1_498' title='bbox 1439 3184 1582 3223; x_wconf 92' lang='lat' dir='ltr'><strong>mors</strong></span> <span class='ocrx_word' id='word_1_499' title='bbox 1608 3168 1860 3222; x_wconf 83' lang='lat' dir='ltr'><strong>substan-</strong></span> 
     </span>
    </p>
   </div>
   <div class='ocr_carea' id='block_1_63' title="bbox 1962 3153 3544 3252">
    <p class='ocr_par' dir='ltr' id='par_1_63' title="bbox 1964 3187 3544 3252">
     <span class='ocr_line' id='line_1_63' title="bbox 1964 3187 3544 3252; baseline 0.003 -11"><span class='ocrx_word' id='word_1_500' title='bbox 1964 3201 2143 3242; x_wconf 88' lang='lat' dir='ltr'><strong>sermo</strong></span> <span class='ocrx_word' id='word_1_501' title='bbox 2185 3187 2569 3252; x_wconf 89' lang='lat' dir='ltr'><strong>absconditur;</strong></span> <span class='ocrx_word' id='word_1_502' title='bbox 2602 3188 2701 3241; x_wconf 88' lang='lat' dir='ltr'><strong>iste</strong></span> <span class='ocrx_word' id='word_1_503' title='bbox 2749 3196 2858 3242; x_wconf 90' lang='lat' dir='ltr'><strong>tam</strong></span> <span class='ocrx_word' id='word_1_504' title='bbox 2907 3188 3166 3244; x_wconf 90' lang='lat' dir='ltr'><strong>mirabilis</strong></span> <span class='ocrx_word' id='word_1_505' title='bbox 3214 3188 3437 3244; x_wconf 88' lang='lat' dir='ltr'><strong>Creator</strong></span> <span class='ocrx_word' id='word_1_506' title='bbox 3488 3201 3544 3246; x_wconf 88' lang='lat' dir='ltr'><strong>et</strong></span> 
     </span>
    </p>
   </div>
   <div class='ocr_carea' id='block_1_64' title="bbox 292 3258 1858 3321">
    <p class='ocr_par' dir='ltr' id='par_1_64' title="bbox 292 3258 1858 3321">
     <span class='ocr_line' id='line_1_64' title="bbox 292 3258 1858 3321; baseline -0.001 -8"><span class='ocrx_word' id='word_1_507' title='bbox 292 3261 421 3313; x_wconf 89' lang='lat' dir='ltr'><strong>tiam</strong></span> <span class='ocrx_word' id='word_1_508' title='bbox 450 3261 501 3313; x_wconf 90' lang='lat' dir='ltr'><strong>in</strong></span> <span class='ocrx_word' id='word_1_509' title='bbox 533 3274 592 3313; x_wconf 92' lang='lat' dir='ltr'><strong>se</strong></span> <span class='ocrx_word' id='word_1_510' title='bbox 619 3258 881 3313; x_wconf 78' lang='lat' dir='ltr'><strong>existendi</strong></span> <span class='ocrx_word' id='word_1_511' title='bbox 924 3267 979 3313; x_wconf 90' lang='lat' dir='ltr'><strong>et</strong></span> <span class='ocrx_word' id='word_1_512' title='bbox 1017 3258 1339 3312; x_wconf 88' lang='lat' dir='ltr'><strong>subsistendi</strong></span> <span class='ocrx_word' id='word_1_513' title='bbox 1389 3272 1494 3312; x_wconf 90' lang='lat' dir='ltr'><strong>non</strong></span> <span class='ocrx_word' id='word_1_514' title='bbox 1525 3258 1716 3321; x_wconf 86' lang='lat' dir='ltr'><strong>habet,</strong></span> <span class='ocrx_word' id='word_1_515' title='bbox 1763 3258 1858 3312; x_wconf 90' lang='lat' dir='ltr'><strong>sed</strong></span> 
     </span>
    </p>
   </div>
   <div class='ocr_carea' id='block_1_65' title="bbox 288 3346 1859 3415">
    <p class='ocr_par' dir='ltr' id='par_1_65' title="bbox 288 3346 1859 3415">
     <span class='ocr_line' id='line_1_65' title="bbox 288 3346 1859 3415; baseline -0.001 -14"><span class='ocrx_word' id='word_1_516' title='bbox 288 3350 414 3401; x_wconf 67' lang='lat' dir='ltr'><strong>vitae</strong></span> <span class='ocrx_word' id='word_1_517' title='bbox 435 3348 653 3402; x_wconf 87' lang='lat' dir='ltr'><strong>amissio</strong></span> <span class='ocrx_word' id='word_1_518' title='bbox 682 3348 784 3401; x_wconf 90' lang='lat' dir='ltr'><strong>tale</strong></span> <span class='ocrx_word' id='word_1_519' title='bbox 829 3362 1018 3401; x_wconf 89' lang='lat' dir='ltr'><strong>nomen</strong></span> <span class='ocrx_word' id='word_1_520' title='bbox 1066 3347 1289 3415; x_wconf 87' lang='lat' dir='ltr'><strong>accepit.</strong></span> <span class='ocrx_word' id='word_1_521' title='bbox 1328 3347 1456 3400; x_wconf 91' lang='lat' dir='ltr'><strong>Item</strong></span> <span class='ocrx_word' id='word_1_522' title='bbox 1492 3346 1633 3415; x_wconf 87' lang='lat' dir='ltr'><strong>quod</strong></span> <span class='ocrx_word' id='word_1_523' title='bbox 1661 3347 1859 3401; x_wconf 91' lang='lat' dir='ltr'><strong>dicitur</strong></span> 
     </span>
    </p>
   </div>
   <div class='ocr_carea' id='block_1_66' title="bbox 286 3436 1857 3508">
    <p class='ocr_par' dir='ltr' id='par_1_66' title="bbox 286 3436 1857 3508">
     <span class='ocr_line' id='line_1_66' title="bbox 286 3436 1857 3508; baseline 0.001 -18"><span class='ocrx_word' id='word_1_524' title='bbox 286 3453 448 3508; x_wconf 60' lang='lat' dir='ltr'><strong>paena</strong></span> <span class='ocrx_word' id='word_1_525' title='bbox 477 3437 674 3491; x_wconf 90' lang='lat' dir='ltr'><strong>nullam</strong></span> <span class='ocrx_word' id='word_1_526' title='bbox 704 3437 757 3490; x_wconf 89' lang='lat' dir='ltr'><strong>in</strong></span> <span class='ocrx_word' id='word_1_527' title='bbox 789 3450 846 3490; x_wconf 91' lang='lat' dir='ltr'><strong>se</strong></span> <span class='ocrx_word' id='word_1_528' title='bbox 875 3436 1136 3489; x_wconf 81' lang='lat' dir='ltr'><strong>existendi</strong></span> <span class='ocrx_word' id='word_1_529' title='bbox 1165 3436 1523 3490; x_wconf 88' lang='lat' dir='ltr'><strong>substantiam</strong></span> <span class='ocrx_word' id='word_1_530' title='bbox 1559 3437 1740 3500; x_wconf 89' lang='lat' dir='ltr'><strong>habet,</strong></span> <span class='ocrx_word' id='word_1_531' title='bbox 1764 3437 1857 3491; x_wconf 90' lang='lat' dir='ltr'><strong>sed</strong></span> 
     </span>
    </p>
   </div>
   <div class='ocr_carea' id='block_1_67' title="bbox 287 3527 1853 3596">
    <p class='ocr_par' dir='ltr' id='par_1_67' title="bbox 287 3527 1853 3596">
     <span class='ocr_line' id='line_1_67' title="bbox 287 3527 1853 3596; baseline -0.001 -15"><span class='ocrx_word' id='word_1_532' title='bbox 287 3530 443 3582; x_wconf 89' lang='lat' dir='ltr'><strong>dolor</strong></span> <span class='ocrx_word' id='word_1_533' title='bbox 489 3537 543 3582; x_wconf 89' lang='lat' dir='ltr'><strong>et</strong></span> <span class='ocrx_word' id='word_1_534' title='bbox 593 3543 659 3582; x_wconf 76' lang='lat' dir='ltr'><strong>ex</strong></span> <span class='ocrx_word' id='word_1_535' title='bbox 703 3527 887 3582; x_wconf 92' lang='lat' dir='ltr'><strong>dolore</strong></span> <span class='ocrx_word' id='word_1_536' title='bbox 936 3527 1205 3581; x_wconf 89' lang='lat' dir='ltr'><strong>cruciatus</strong></span> <span class='ocrx_word' id='word_1_537' title='bbox 1246 3527 1350 3580; x_wconf 92' lang='lat' dir='ltr'><strong>tale</strong></span> <span class='ocrx_word' id='word_1_538' title='bbox 1376 3542 1566 3581; x_wconf 91' lang='lat' dir='ltr'><strong>nomen</strong></span> <span class='ocrx_word' id='word_1_539' title='bbox 1610 3527 1853 3596; x_wconf 88' lang='lat' dir='ltr'><strong>accepit:</strong></span> 
     </span>
    </p>
   </div>
   <div class='ocr_carea' id='block_1_68' title="bbox 286 3615 1857 3690">
    <p class='ocr_par' dir='ltr' id='par_1_68' title="bbox 286 3615 1857 3690">
     <span class='ocr_line' id='line_1_68' title="bbox 286 3615 1857 3690; baseline -0.003 -17"><span class='ocrx_word' id='word_1_540' title='bbox 286 3621 433 3690; x_wconf 88' lang='lat' dir='ltr'><strong>quod</strong></span> <span class='ocrx_word' id='word_1_541' title='bbox 464 3619 597 3673; x_wconf 87' lang='lat' dir='ltr'><strong>nihil</strong></span> <span class='ocrx_word' id='word_1_542' title='bbox 626 3627 709 3673; x_wconf 91' lang='lat' dir='ltr'><strong>est</strong></span> <span class='ocrx_word' id='word_1_543' title='bbox 751 3617 895 3671; x_wconf 88' lang='lat' dir='ltr'><strong>aliud</strong></span> <span class='ocrx_word' id='word_1_544' title='bbox 944 3633 1103 3686; x_wconf 88' lang='lat' dir='ltr'><strong>quam</strong></span> <span class='ocrx_word' id='word_1_545' title='bbox 1154 3616 1558 3686; x_wconf 82' lang='lat' dir='ltr'><strong>tranquillitatis</strong></span> <span class='ocrx_word' id='word_1_546' title='bbox 1589 3615 1857 3684; x_wconf 88' lang='lat' dir='ltr'><strong>etquictis</strong></span> 
     </span>
    </p>
   </div>
   <div class='ocr_carea' id='block_1_69' title="bbox 287 3705 1856 3777">
    <p class='ocr_par' dir='ltr' id='par_1_69' title="bbox 287 3705 1856 3777">
     <span class='ocr_line' id='line_1_69' title="bbox 287 3705 1856 3777; baseline -0.003 -15"><span class='ocrx_word' id='word_1_547' title='bbox 287 3709 551 3763; x_wconf 88' lang='lat' dir='ltr'><strong>naturalis</strong></span> <span class='ocrx_word' id='word_1_548' title='bbox 575 3706 906 3777; x_wconf 86' lang='lat' dir='ltr'><strong>perturbatio</strong></span> <span class='ocrx_word' id='word_1_549' title='bbox 924 3745 939 3770; x_wconf 94' lang='lat'><strong>,</strong></span> <span class='ocrx_word' id='word_1_550' title='bbox 971 3706 1054 3760; x_wconf 87' lang='lat' dir='ltr'><strong>vel</strong></span> <span class='ocrx_word' id='word_1_551' title='bbox 1081 3705 1332 3771; x_wconf 88' lang='lat' dir='ltr'><strong>amissio,</strong></span> <span class='ocrx_word' id='word_1_552' title='bbox 1365 3707 1466 3760; x_wconf 90' lang='lat' dir='ltr'><strong>hoc</strong></span> <span class='ocrx_word' id='word_1_553' title='bbox 1492 3720 1719 3773; x_wconf 91' lang='lat' dir='ltr'><strong>namque</strong></span> <span class='ocrx_word' id='word_1_554' title='bbox 1745 3705 1856 3774; x_wconf 85' lang='lat' dir='ltr'><strong>agit</strong></span> 
     </span>
    </p>
   </div>
   <div class='ocr_carea' id='block_1_70' title="bbox 286 3782 1856 3871">
    <p class='ocr_par' dir='ltr' id='par_1_70' title="bbox 286 3782 1856 3871">
     <span class='ocr_line' id='line_1_70' title="bbox 286 3782 1856 3871; baseline 0 -18"><span class='ocrx_word' id='word_1_555' title='bbox 286 3815 448 3871; x_wconf 79' lang='lat' dir='ltr'><strong>pcena</strong></span> <span class='ocrx_word' id='word_1_556' title='bbox 471 3840 486 3865; x_wconf 91' lang='lat'><strong>,</strong></span> <span class='ocrx_word' id='word_1_557' title='bbox 519 3808 578 3852; x_wconf 91' lang='lat' dir='ltr'><strong>ut</strong></span> <span class='ocrx_word' id='word_1_558' title='bbox 615 3798 972 3867; x_wconf 80' lang='lat' dir='ltr'><strong>tranquillitas</strong></span> <span class='ocrx_word' id='word_1_559' title='bbox 1012 3807 1066 3852; x_wconf 92' lang='lat' dir='ltr'><strong>et</strong></span> <span class='ocrx_word' id='word_1_560' title='bbox 1107 3798 1260 3866; x_wconf 88' lang='lat' dir='ltr'><strong>quies</strong></span> <span class='ocrx_word' id='word_1_561' title='bbox 1297 3782 1504 3852; x_wconf 76' lang='lat' dir='ltr'><strong>naturae</strong></span> <span class='ocrx_word' id='word_1_562' title='bbox 1532 3798 1648 3869; x_wconf 89' lang='lat' dir='ltr'><strong>ipso</strong></span> <span class='ocrx_word' id='word_1_563' title='bbox 1674 3797 1856 3853; x_wconf 89' lang='lat' dir='ltr'><strong>dolore</strong></span> 
     </span>
    </p>
   </div>
   <div class='ocr_carea' id='block_1_71' title="bbox 263 3887 1324 3945">
    <p class='ocr_par' dir='ltr' id='par_1_71' title="bbox 263 3887 1324 3945">
     <span class='ocr_line' id='line_1_71' title="bbox 263 3887 1324 3945; baseline -0.005 0"><span class='ocrx_word' id='word_1_564' title='bbox 263 3898 340 3945; x_wconf 87' lang='lat' dir='ltr'><strong>et</strong></span> <span class='ocrx_word' id='word_1_565' title='bbox 369 3889 610 3944; x_wconf 90' lang='lat' dir='ltr'><strong>cruciatu</strong></span> <span class='ocrx_word' id='word_1_566' title='bbox 645 3888 889 3942; x_wconf 89' lang='lat' dir='ltr'><strong>turbetur</strong></span> <span class='ocrx_word' id='word_1_567' title='bbox 919 3887 999 3940; x_wconf 86' lang='lat' dir='ltr'><strong>vel</strong></span> <span class='ocrx_word' id='word_1_568' title='bbox 1026 3887 1324 3941; x_wconf 88' lang='lat' dir='ltr'><strong>amittatur.</strong></span> 
     </span>
    </p>
   </div>
   <div class='ocr_carea' id='block_1_72' title="bbox 356 3979 1853 4049">
    <p class='ocr_par' dir='ltr' id='par_1_72' title="bbox 356 3979 1853 4049">
     <span class='ocr_line' id='line_1_72' title="bbox 356 3979 1853 4049; baseline -0.003 -13"><span class='ocrx_word' id='word_1_569' title='bbox 356 3981 467 4036; x_wconf 87' lang='lat' dir='ltr'><strong>Sed</strong></span> <span class='ocrx_word' id='word_1_570' title='bbox 507 3982 620 4035; x_wconf 67' lang='lat' dir='ltr'><strong>lucc</strong></span> <span class='ocrx_word' id='word_1_571' title='bbox 660 3981 838 4034; x_wconf 89' lang='lat' dir='ltr'><strong>omnia</strong></span> <span class='ocrx_word' id='word_1_572' title='bbox 862 4020 875 4041; x_wconf 93' lang='lat'><strong>,</strong></span> <span class='ocrx_word' id='word_1_573' title='bbox 909 3979 960 4033; x_wconf 89' lang='lat' dir='ltr'><strong>id</strong></span> <span class='ocrx_word' id='word_1_574' title='bbox 981 3989 1066 4034; x_wconf 90' lang='lat' dir='ltr'><strong>est</strong></span> <span class='ocrx_word' id='word_1_575' title='bbox 1090 3979 1284 4033; x_wconf 89' lang='lat' dir='ltr'><strong>malum</strong></span> <span class='ocrx_word' id='word_1_576' title='bbox 1303 4020 1318 4045; x_wconf 93' lang='lat'><strong>,</strong></span> <span class='ocrx_word' id='word_1_577' title='bbox 1342 3986 1641 4049; x_wconf 87' lang='lat' dir='ltr'><strong>peccatum,</strong></span> <span class='ocrx_word' id='word_1_578' title='bbox 1670 3991 1853 4049; x_wconf 60' lang='lat' dir='ltr'><strong>paena,</strong></span> 
     </span>
    </p>
   </div>
   <div class='ocr_carea' id='block_1_73' title="bbox 281 4070 1853 4161">
    <p class='ocr_par' dir='ltr' id='par_1_73' title="bbox 281 4070 1853 4161">
     <span class='ocr_line' id='line_1_73' title="bbox 281 4070 1853 4161; baseline -0.002 -35"><span class='ocrx_word' id='word_1_579' title='bbox 281 4087 435 4127; x_wconf 91' lang='lat' dir='ltr'><strong>mors</strong></span> <span class='ocrx_word' id='word_1_580' title='bbox 458 4111 475 4136; x_wconf 91' lang='lat'><strong>,</strong></span> <span class='ocrx_word' id='word_1_581' title='bbox 527 4071 743 4125; x_wconf 85' lang='lat' dir='ltr'><strong>miseria</strong></span> <span class='ocrx_word' id='word_1_582' title='bbox 767 4111 782 4135; x_wconf 93' lang='lat'><strong>,</strong></span> <span class='ocrx_word' id='word_1_583' title='bbox 834 4086 953 4140; x_wconf 73' lang='lat' dir='ltr'><strong>qua:</strong></span> <span class='ocrx_word' id='word_1_584' title='bbox 981 4079 1052 4147; x_wconf 90' lang='lat' dir='ltr'><strong>_et</strong></span> <span class='ocrx_word' id='word_1_585' title='bbox 1093 4071 1206 4141; x_wconf 89' lang='lat' dir='ltr'><strong>ipsa</strong></span> <span class='ocrx_word' id='word_1_586' title='bbox 1237 4070 1369 4161; x_wconf 62' lang='lat' dir='ltr'><strong>nihil</strong></span> <span class='ocrx_word' id='word_1_587' title='bbox 1409 4078 1492 4125; x_wconf 90' lang='lat' dir='ltr'><strong>est</strong></span> <span class='ocrx_word' id='word_1_588' title='bbox 1529 4070 1674 4125; x_wconf 89' lang='lat' dir='ltr'><strong>aliud</strong></span> <span class='ocrx_word' id='word_1_589' title='bbox 1694 4085 1853 4139; x_wconf 91' lang='lat' dir='ltr'><strong>quam</strong></span> 
     </span>
    </p>
   </div>
   <div class='ocr_carea' id='block_1_74' title="bbox 281 4161 1854 4231">
    <p class='ocr_par' dir='ltr' id='par_1_74' title="bbox 281 4161 1854 4231">
     <span class='ocr_line' id='line_1_74' title="bbox 281 4161 1854 4231; baseline 0 -15"><span class='ocrx_word' id='word_1_590' title='bbox 281 4162 507 4216; x_wconf 88' lang='lat' dir='ltr'><strong>amissio</strong></span> <span class='ocrx_word' id='word_1_591' title='bbox 532 4161 824 4225; x_wconf 89' lang='lat' dir='ltr'><strong>felicitatis,</strong></span> <span class='ocrx_word' id='word_1_592' title='bbox 875 4161 998 4215; x_wconf 83' lang='lat' dir='ltr'><strong>licet</strong></span> <span class='ocrx_word' id='word_1_593' title='bbox 1021 4176 1117 4231; x_wconf 91' lang='lat' dir='ltr'><strong>per</strong></span> <span class='ocrx_word' id='word_1_594' title='bbox 1144 4176 1201 4216; x_wconf 87' lang='lat' dir='ltr'><strong>se</strong></span> <span class='ocrx_word' id='word_1_595' title='bbox 1229 4170 1283 4215; x_wconf 92' lang='lat' dir='ltr'><strong>et</strong></span> <span class='ocrx_word' id='word_1_596' title='bbox 1306 4161 1359 4214; x_wconf 92' lang='lat' dir='ltr'><strong>in</strong></span> <span class='ocrx_word' id='word_1_597' title='bbox 1390 4175 1448 4216; x_wconf 91' lang='lat' dir='ltr'><strong>se</strong></span> <span class='ocrx_word' id='word_1_598' title='bbox 1481 4161 1744 4216; x_wconf 79' lang='lat' dir='ltr'><strong>existendi</strong></span> <span class='ocrx_word' id='word_1_599' title='bbox 1769 4161 1854 4216; x_wconf 91' lang='lat' dir='ltr'><strong>vel</strong></span> 
     </span>
    </p>
   </div>
   <div class='ocr_carea' id='block_1_75' title="bbox 262 4252 1853 4316">
    <p class='ocr_par' dir='ltr' id='par_1_75' title="bbox 262 4252 1853 4316">
     <span class='ocr_line' id='line_1_75' title="bbox 262 4252 1853 4316; baseline -0.002 -7"><span class='ocrx_word' id='word_1_600' title='bbox 262 4254 610 4309; x_wconf 78' lang='lat' dir='ltr'><strong>&#39;suhsistendi</strong></span> <span class='ocrx_word' id='word_1_601' title='bbox 642 4254 840 4307; x_wconf 87' lang='lat' dir='ltr'><strong>nullam</strong></span> <span class='ocrx_word' id='word_1_602' title='bbox 872 4252 1105 4306; x_wconf 90' lang='lat' dir='ltr'><strong>habeant</strong></span> <span class='ocrx_word' id='word_1_603' title='bbox 1136 4253 1511 4316; x_wconf 89' lang='lat' dir='ltr'><strong>substantiam,</strong></span> <span class='ocrx_word' id='word_1_604' title='bbox 1532 4262 1708 4308; x_wconf 87' lang='lat' dir='ltr'><strong>tamen</strong></span> <span class='ocrx_word' id='word_1_605' title='bbox 1737 4268 1853 4307; x_wconf 90' lang='lat' dir='ltr'><strong>om-</strong></span> 
     </span>
    </p>
   </div>
   <div class='ocr_carea' id='block_1_76' title="bbox 265 4341 1852 4411">
    <p class='ocr_par' dir='ltr' id='par_1_76' title="bbox 265 4341 1852 4411">
     <span class='ocr_line' id='line_1_76' title="bbox 265 4341 1852 4411; baseline -0.001 -14"><span class='ocrx_word' id='word_1_606' title='bbox 265 4345 413 4397; x_wconf 79' lang='lat' dir='ltr'><strong>nino</strong></span> <span class='ocrx_word' id='word_1_607' title='bbox 443 4358 660 4398; x_wconf 90' lang='lat' dir='ltr'><strong>necesse</strong></span> <span class='ocrx_word' id='word_1_608' title='bbox 686 4350 769 4397; x_wconf 89' lang='lat' dir='ltr'><strong>est</strong></span> <span class='ocrx_word' id='word_1_609' title='bbox 792 4351 850 4395; x_wconf 92' lang='lat' dir='ltr'><strong>ut</strong></span> <span class='ocrx_word' id='word_1_610' title='bbox 881 4341 932 4394; x_wconf 94' lang='lat' dir='ltr'><strong>in</strong></span> <span class='ocrx_word' id='word_1_611' title='bbox 965 4342 1140 4410; x_wconf 89' lang='lat' dir='ltr'><strong>aliqua</strong></span> <span class='ocrx_word' id='word_1_612' title='bbox 1174 4341 1258 4397; x_wconf 88' lang='lat' dir='ltr'><strong>vel</strong></span> <span class='ocrx_word' id='word_1_613' title='bbox 1297 4358 1364 4397; x_wconf 81' lang='lat' dir='ltr'><strong>ex</strong></span> <span class='ocrx_word' id='word_1_614' title='bbox 1400 4341 1575 4411; x_wconf 90' lang='lat' dir='ltr'><strong>aliqua</strong></span> <span class='ocrx_word' id='word_1_615' title='bbox 1599 4343 1852 4397; x_wconf 87' lang='lat' dir='ltr'><strong>substan-</strong></span> 
     </span>
    </p>
   </div>
   <div class='ocr_carea' id='block_1_77' title="bbox 276 4433 1849 4502">
    <p class='ocr_par' dir='ltr' id='par_1_77' title="bbox 276 4433 1849 4502">
     <span class='ocr_line' id='line_1_77' title="bbox 276 4433 1849 4502; baseline 0 -16"><span class='ocrx_word' id='word_1_616' title='bbox 276 4435 356 4488; x_wconf 86' lang='lat' dir='ltr'><strong>tia</strong></span> <span class='ocrx_word' id='word_1_617' title='bbox 384 4434 535 4487; x_wconf 86' lang='lat' dir='ltr'><strong>ﬁant.</strong></span> <span class='ocrx_word' id='word_1_618' title='bbox 570 4433 702 4488; x_wconf 85' lang='lat' dir='ltr'><strong>Nam</strong></span> <span class='ocrx_word' id='word_1_619' title='bbox 731 4443 783 4488; x_wconf 91' lang='lat' dir='ltr'><strong>et</strong></span> <span class='ocrx_word' id='word_1_620' title='bbox 805 4434 1032 4487; x_wconf 87' lang='lat' dir='ltr'><strong>desertio</strong></span> <span class='ocrx_word' id='word_1_621' title='bbox 1057 4433 1180 4488; x_wconf 88' lang='lat' dir='ltr'><strong>boni</strong></span> <span class='ocrx_word' id='word_1_622' title='bbox 1198 4473 1214 4497; x_wconf 94' lang='lat'><strong>,</strong></span> <span class='ocrx_word' id='word_1_623' title='bbox 1237 4433 1379 4502; x_wconf 91' lang='lat' dir='ltr'><strong>quod</strong></span> <span class='ocrx_word' id='word_1_624' title='bbox 1406 4433 1601 4488; x_wconf 91' lang='lat' dir='ltr'><strong>dicitur</strong></span> <span class='ocrx_word' id='word_1_625' title='bbox 1629 4433 1849 4498; x_wconf 89' lang='lat' dir='ltr'><strong>mahnn,</strong></span> 
     </span>
    </p>
   </div>
   <div class='ocr_carea' id='block_1_78' title="bbox 278 4495 1932 4594">
    <p class='ocr_par' dir='ltr' id='par_1_78' title="bbox 278 4495 1932 4594">
     <span class='ocr_line' id='line_1_78' title="bbox 278 4495 1932 4594; baseline -0.002 -11"><span class='ocrx_word' id='word_1_626' title='bbox 278 4538 339 4584; x_wconf 88' lang='lat' dir='ltr'><strong>et</strong></span> <span class='ocrx_word' id='word_1_627' title='bbox 367 4527 600 4581; x_wconf 85' lang='lat' dir='ltr'><strong>desertio</strong></span> <span class='ocrx_word' id='word_1_628' title='bbox 627 4526 874 4588; x_wconf 72' lang='lat' dir='ltr'><strong>’ustitim,</strong></span> <span class='ocrx_word' id='word_1_629' title='bbox 903 4527 1044 4594; x_wconf 92' lang='lat' dir='ltr'><strong>quod</strong></span> <span class='ocrx_word' id='word_1_630' title='bbox 1079 4525 1371 4594; x_wconf 88' lang='lat' dir='ltr'><strong>appellatur</strong></span> <span class='ocrx_word' id='word_1_631' title='bbox 1399 4534 1678 4594; x_wconf 87' lang='lat' dir='ltr'><strong>peccatum</strong></span> <span class='ocrx_word' id='word_1_632' title='bbox 1696 4567 1711 4590; x_wconf 92' lang='lat'><strong>,</strong></span> <span class='ocrx_word' id='word_1_633' title='bbox 1738 4541 1855 4580; x_wconf 90' lang='lat' dir='ltr'><strong>ma—</strong></span> <span class='ocrx_word' id='word_1_634' title='bbox 1881 4495 1932 4557; x_wconf 67' lang='grc' dir='ltr'><strong>Β</strong></span> 
     </span>
    </p>
   </div>
   <div class='ocr_carea' id='block_1_79' title="bbox 280 4615 1854 4686">
    <p class='ocr_par' dir='ltr' id='par_1_79' title="bbox 280 4615 1854 4686">
     <span class='ocr_line' id='line_1_79' title="bbox 280 4615 1854 4686; baseline 0 -14"><span class='ocrx_word' id='word_1_635' title='bbox 280 4617 476 4672; x_wconf 86' lang='lat' dir='ltr'><strong>nifeste</strong></span> <span class='ocrx_word' id='word_1_636' title='bbox 499 4619 553 4672; x_wconf 93' lang='lat' dir='ltr'><strong>in</strong></span> <span class='ocrx_word' id='word_1_637' title='bbox 581 4618 760 4671; x_wconf 81' lang='lat' dir='ltr'><strong>animo</strong></span> <span class='ocrx_word' id='word_1_638' title='bbox 788 4615 921 4670; x_wconf 90' lang='lat' dir='ltr'><strong>ﬁunt</strong></span> <span class='ocrx_word' id='word_1_639' title='bbox 946 4615 1030 4670; x_wconf 90' lang='lat' dir='ltr'><strong>vel</strong></span> <span class='ocrx_word' id='word_1_640' title='bbox 1071 4615 1312 4686; x_wconf 83' lang='lat' dir='ltr'><strong>angelico</strong></span> <span class='ocrx_word' id='word_1_641' title='bbox 1343 4616 1428 4671; x_wconf 87' lang='lat' dir='ltr'><strong>vel</strong></span> <span class='ocrx_word' id='word_1_642' title='bbox 1463 4617 1718 4670; x_wconf 89' lang='lat' dir='ltr'><strong>humano.</strong></span> <span class='ocrx_word' id='word_1_643' title='bbox 1763 4617 1854 4673; x_wconf 86' lang='lat' dir='ltr'><strong>Sic</strong></span> 
     </span>
    </p>
   </div>
   <div class='ocr_carea' id='block_1_80' title="bbox 278 4705 1857 4777">
    <p class='ocr_par' dir='ltr' id='par_1_80' title="bbox 278 4705 1857 4777">
     <span class='ocr_line' id='line_1_80' title="bbox 278 4705 1857 4777; baseline -0.004 -13"><span class='ocrx_word' id='word_1_644' title='bbox 278 4710 505 4764; x_wconf 85' lang='lat' dir='ltr'><strong>amissio</strong></span> <span class='ocrx_word' id='word_1_645' title='bbox 528 4709 666 4772; x_wconf 56' lang='lat' dir='ltr'><strong>vitae,</strong></span> <span class='ocrx_word' id='word_1_646' title='bbox 695 4723 813 4776; x_wconf 66' lang='lat' dir='ltr'><strong>quae</strong></span> <span class='ocrx_word' id='word_1_647' title='bbox 841 4705 1138 4777; x_wconf 86' lang='lat' dir='ltr'><strong>appellatur</strong></span> <span class='ocrx_word' id='word_1_648' title='bbox 1175 4721 1349 4771; x_wconf 87' lang='lat' dir='ltr'><strong>mors,</strong></span> <span class='ocrx_word' id='word_1_649' title='bbox 1383 4714 1439 4760; x_wconf 90' lang='lat' dir='ltr'><strong>et</strong></span> <span class='ocrx_word' id='word_1_650' title='bbox 1462 4706 1679 4760; x_wconf 90' lang='lat' dir='ltr'><strong>amissio</strong></span> <span class='ocrx_word' id='word_1_651' title='bbox 1710 4714 1857 4759; x_wconf 70' lang='lat' dir='ltr'><strong>tran.</strong></span> 
     </span>
    </p>
   </div>
   <div class='ocr_carea' id='block_1_81' title="bbox 260 4797 1852 4871">
    <p class='ocr_par' dir='ltr' id='par_1_81' title="bbox 260 4797 1852 4871">
     <span class='ocr_line' id='line_1_81' title="bbox 260 4797 1852 4871; baseline -0.002 -17"><span class='ocrx_word' id='word_1_652' title='bbox 260 4801 565 4871; x_wconf 61' lang='lat' dir='ltr'><strong>’quillitatis</strong></span> <span class='ocrx_word' id='word_1_653' title='bbox 591 4799 673 4854; x_wconf 86' lang='lat' dir='ltr'><strong>vel</strong></span> <span class='ocrx_word' id='word_1_654' title='bbox 705 4799 902 4868; x_wconf 88' lang='lat' dir='ltr'><strong>quietis</strong></span> <span class='ocrx_word' id='word_1_655' title='bbox 930 4798 1194 4852; x_wconf 88' lang='lat' dir='ltr'><strong>naturalis</strong></span> <span class='ocrx_word' id='word_1_656' title='bbox 1215 4838 1231 4862; x_wconf 91' lang='lat'><strong>,</strong></span> <span class='ocrx_word' id='word_1_657' title='bbox 1264 4813 1383 4866; x_wconf 64' lang='lat' dir='ltr'><strong>quae</strong></span> <span class='ocrx_word' id='word_1_658' title='bbox 1414 4797 1710 4867; x_wconf 88' lang='lat' dir='ltr'><strong>appellatur</strong></span> <span class='ocrx_word' id='word_1_659' title='bbox 1733 4812 1852 4866; x_wconf 76' lang='lat' dir='ltr'><strong>pm-</strong></span> 
     </span>
    </p>
   </div>
   <div class='ocr_carea' id='block_1_82' title="bbox 277 4888 1854 4958">
    <p class='ocr_par' dir='ltr' id='par_1_82' title="bbox 277 4888 1854 4958">
     <span class='ocr_line' id='line_1_82' title="bbox 277 4888 1854 4958; baseline -0.002 -13"><span class='ocrx_word' id='word_1_660' title='bbox 277 4907 384 4956; x_wconf 87' lang='lat' dir='ltr'><strong>na;</strong></span> <span class='ocrx_word' id='word_1_661' title='bbox 426 4901 481 4944; x_wconf 92' lang='lat' dir='ltr'><strong>et</strong></span> <span class='ocrx_word' id='word_1_662' title='bbox 511 4890 728 4944; x_wconf 88' lang='lat' dir='ltr'><strong>amissio</strong></span> <span class='ocrx_word' id='word_1_663' title='bbox 757 4888 1062 4954; x_wconf 89' lang='lat' dir='ltr'><strong>felicitatis,</strong></span> <span class='ocrx_word' id='word_1_664' title='bbox 1112 4904 1231 4958; x_wconf 76' lang='lat' dir='ltr'><strong>qua:</strong></span> <span class='ocrx_word' id='word_1_665' title='bbox 1271 4897 1493 4942; x_wconf 88' lang='lat' dir='ltr'><strong>vocatur</strong></span> <span class='ocrx_word' id='word_1_666' title='bbox 1531 4889 1765 4955; x_wconf 89' lang='lat' dir='ltr'><strong>miseria,</strong></span> <span class='ocrx_word' id='word_1_667' title='bbox 1800 4888 1854 4942; x_wconf 91' lang='lat' dir='ltr'><strong>in</strong></span> 
     </span>
    </p>
   </div>
   <div class='ocr_carea' id='block_1_83' title="bbox 260 4972 1850 5049">
    <p class='ocr_par' dir='ltr' id='par_1_83' title="bbox 260 4972 1850 5049">
     <span class='ocr_line' id='line_1_83' title="bbox 260 4972 1850 5049; baseline -0.003 -13"><span class='ocrx_word' id='word_1_668' title='bbox 260 4972 512 5049; x_wconf 25' lang='lat' dir='ltr'><strong>.utroquc</strong></span> <span class='ocrx_word' id='word_1_669' title='bbox 544 4978 662 5033; x_wconf 87' lang='lat' dir='ltr'><strong>ﬁeri</strong></span> <span class='ocrx_word' id='word_1_670' title='bbox 695 4979 1056 5040; x_wconf 90' lang='lat' dir='ltr'><strong>inveniuntur,</strong></span> <span class='ocrx_word' id='word_1_671' title='bbox 1119 4978 1172 5032; x_wconf 89' lang='lat' dir='ltr'><strong>id</strong></span> <span class='ocrx_word' id='word_1_672' title='bbox 1208 4985 1294 5032; x_wconf 89' lang='lat' dir='ltr'><strong>est</strong></span> <span class='ocrx_word' id='word_1_673' title='bbox 1335 4986 1388 5031; x_wconf 91' lang='lat' dir='ltr'><strong>et</strong></span> <span class='ocrx_word' id='word_1_674' title='bbox 1418 4979 1468 5030; x_wconf 93' lang='lat' dir='ltr'><strong>in</strong></span> <span class='ocrx_word' id='word_1_675' title='bbox 1498 4979 1699 5042; x_wconf 90' lang='lat' dir='ltr'><strong>anima,</strong></span> <span class='ocrx_word' id='word_1_676' title='bbox 1720 4986 1773 5032; x_wconf 90' lang='lat' dir='ltr'><strong>et</strong></span> <span class='ocrx_word' id='word_1_677' title='bbox 1796 4978 1850 5032; x_wconf 89' lang='lat' dir='ltr'><strong>in</strong></span> 
     </span>
    </p>
   </div>
   <div class='ocr_carea' id='block_1_84' title="bbox 274 5069 1848 5142">
    <p class='ocr_par' dir='ltr' id='par_1_84' title="bbox 274 5069 1848 5142">
     <span class='ocr_line' id='line_1_84' title="bbox 274 5069 1848 5142; baseline -0.001 -14"><span class='ocrx_word' id='word_1_678' title='bbox 274 5087 529 5142; x_wconf 89' lang='lat' dir='ltr'><strong>corpore.</strong></span> <span class='ocrx_word' id='word_1_679' title='bbox 569 5070 700 5125; x_wconf 85' lang='lat' dir='ltr'><strong>Nam</strong></span> <span class='ocrx_word' id='word_1_680' title='bbox 724 5079 779 5124; x_wconf 93' lang='lat' dir='ltr'><strong>et</strong></span> <span class='ocrx_word' id='word_1_681' title='bbox 806 5070 983 5124; x_wconf 89' lang='lat' dir='ltr'><strong>anima</strong></span> <span class='ocrx_word' id='word_1_682' title='bbox 1001 5069 1228 5125; x_wconf 89' lang='lat' dir='ltr'><strong>moritur</strong></span> <span class='ocrx_word' id='word_1_683' title='bbox 1247 5069 1550 5124; x_wconf 90' lang='lat' dir='ltr'><strong>desertione</strong></span> <span class='ocrx_word' id='word_1_684' title='bbox 1572 5071 1694 5123; x_wconf 65' lang='lat' dir='ltr'><strong>vitm</strong></span> <span class='ocrx_word' id='word_1_685' title='bbox 1718 5087 1848 5137; x_wconf 61' lang='lat' dir='ltr'><strong>sua},</strong></span> 
     </span>
    </p>
   </div>
   <div class='ocr_carea' id='block_1_85' title="bbox 275 5160 1852 5234">
    <p class='ocr_par' dir='ltr' id='par_1_85' title="bbox 275 5160 1852 5234">
     <span class='ocr_line' id='line_1_85' title="bbox 275 5160 1852 5234; baseline 0.001 -18"><span class='ocrx_word' id='word_1_686' title='bbox 275 5165 422 5234; x_wconf 88' lang='lat' dir='ltr'><strong>quod</strong></span> <span class='ocrx_word' id='word_1_687' title='bbox 457 5165 594 5217; x_wconf 89' lang='lat' dir='ltr'><strong>Deus</strong></span> <span class='ocrx_word' id='word_1_688' title='bbox 616 5162 688 5215; x_wconf 92' lang='lat' dir='ltr'><strong>illi</strong></span> <span class='ocrx_word' id='word_1_689' title='bbox 718 5169 837 5217; x_wconf 89' lang='lat' dir='ltr'><strong>est:</strong></span> <span class='ocrx_word' id='word_1_690' title='bbox 870 5169 924 5215; x_wconf 89' lang='lat' dir='ltr'><strong>et</strong></span> <span class='ocrx_word' id='word_1_691' title='bbox 974 5175 1168 5229; x_wconf 84' lang='lat' dir='ltr'><strong>corpus</strong></span> <span class='ocrx_word' id='word_1_692' title='bbox 1212 5160 1439 5215; x_wconf 91' lang='lat' dir='ltr'><strong>moritur</strong></span> <span class='ocrx_word' id='word_1_693' title='bbox 1463 5161 1748 5216; x_wconf 90' lang='lat' dir='ltr'><strong>amissione</strong></span> <span class='ocrx_word' id='word_1_694' title='bbox 1773 5163 1852 5217; x_wconf 90' lang='lat' dir='ltr'><strong>vi-</strong></span> 
     </span>
    </p>
   </div>
   <div class='ocr_carea' id='block_1_86' title="bbox 275 5250 1853 5321">
    <p class='ocr_par' dir='ltr' id='par_1_86' title="bbox 275 5250 1853 5321">
     <span class='ocr_line' id='line_1_86' title="bbox 275 5250 1853 5321; baseline 0 -14"><span class='ocrx_word' id='word_1_695' title='bbox 275 5264 349 5307; x_wconf 76' lang='lat' dir='ltr'><strong>ta:</strong></span> <span class='ocrx_word' id='word_1_696' title='bbox 396 5268 542 5317; x_wconf 65' lang='lat' dir='ltr'><strong>sum,</strong></span> <span class='ocrx_word' id='word_1_697' title='bbox 589 5252 731 5321; x_wconf 90' lang='lat' dir='ltr'><strong>quod</strong></span> <span class='ocrx_word' id='word_1_698' title='bbox 773 5253 949 5305; x_wconf 89' lang='lat' dir='ltr'><strong>anima</strong></span> <span class='ocrx_word' id='word_1_699' title='bbox 991 5250 1064 5304; x_wconf 91' lang='lat' dir='ltr'><strong>illi</strong></span> <span class='ocrx_word' id='word_1_700' title='bbox 1107 5260 1228 5306; x_wconf 91' lang='lat' dir='ltr'><strong>est:</strong></span> <span class='ocrx_word' id='word_1_701' title='bbox 1261 5261 1314 5306; x_wconf 91' lang='lat' dir='ltr'><strong>et</strong></span> <span class='ocrx_word' id='word_1_702' title='bbox 1355 5252 1468 5306; x_wconf 81' lang='lat' dir='ltr'><strong>haec</strong></span> <span class='ocrx_word' id='word_1_703' title='bbox 1509 5252 1611 5307; x_wconf 91' lang='lat' dir='ltr'><strong>duo</strong></span> <span class='ocrx_word' id='word_1_704' title='bbox 1641 5293 1657 5318; x_wconf 94' lang='lat'><strong>,</strong></span> <span class='ocrx_word' id='word_1_705' title='bbox 1692 5252 1743 5306; x_wconf 89' lang='lat' dir='ltr'><strong>id</strong></span> <span class='ocrx_word' id='word_1_706' title='bbox 1770 5262 1853 5308; x_wconf 91' lang='lat' dir='ltr'><strong>est</strong></span> 
     </span>
    </p>
   </div>
   <div class='ocr_carea' id='block_1_87' title="bbox 271 5341 1852 5412">
    <p class='ocr_par' dir='ltr' id='par_1_87' title="bbox 271 5341 1852 5412">
     <span class='ocr_line' id='line_1_87' title="bbox 271 5341 1852 5412; baseline 0 -16"><span class='ocrx_word' id='word_1_707' title='bbox 271 5358 428 5397; x_wconf 83' lang='lat' dir='ltr'><strong>mors</strong></span> <span class='ocrx_word' id='word_1_708' title='bbox 457 5343 650 5397; x_wconf 62' lang='lat' dir='ltr'><strong>animae</strong></span> <span class='ocrx_word' id='word_1_709' title='bbox 684 5351 736 5395; x_wconf 91' lang='lat' dir='ltr'><strong>et</strong></span> <span class='ocrx_word' id='word_1_710' title='bbox 766 5357 912 5396; x_wconf 90' lang='lat' dir='ltr'><strong>mors</strong></span> <span class='ocrx_word' id='word_1_711' title='bbox 953 5341 1228 5411; x_wconf 89' lang='lat' dir='ltr'><strong>corporis,</strong></span> <span class='ocrx_word' id='word_1_712' title='bbox 1274 5341 1402 5412; x_wconf 89' lang='lat' dir='ltr'><strong>quid</strong></span> <span class='ocrx_word' id='word_1_713' title='bbox 1448 5343 1588 5396; x_wconf 89' lang='lat' dir='ltr'><strong>aliud</strong></span> <span class='ocrx_word' id='word_1_714' title='bbox 1621 5342 1672 5396; x_wconf 93' lang='lat' dir='ltr'><strong>in</strong></span> <span class='ocrx_word' id='word_1_715' title='bbox 1703 5352 1852 5396; x_wconf 91' lang='lat' dir='ltr'><strong>utro-</strong></span> 
     </span>
    </p>
   </div>
   <div class='ocr_carea' id='block_1_88' title="bbox 274 5430 1850 5502">
    <p class='ocr_par' dir='ltr' id='par_1_88' title="bbox 274 5430 1850 5502">
     <span class='ocr_line' id='line_1_88' title="bbox 274 5430 1850 5502; baseline 0.001 -17"><span class='ocrx_word' id='word_1_716' title='bbox 274 5449 385 5502; x_wconf 88' lang='lat' dir='ltr'><strong>que</strong></span> <span class='ocrx_word' id='word_1_717' title='bbox 413 5433 514 5488; x_wconf 89' lang='lat' dir='ltr'><strong>nisi</strong></span> <span class='ocrx_word' id='word_1_718' title='bbox 542 5432 628 5486; x_wconf 88' lang='lat' dir='ltr'><strong>vel</strong></span> <span class='ocrx_word' id='word_1_719' title='bbox 655 5430 927 5486; x_wconf 85' lang='lat' dir='ltr'><strong>felicitatis</strong></span> <span class='ocrx_word' id='word_1_720' title='bbox 951 5431 1035 5485; x_wconf 93' lang='lat' dir='ltr'><strong>vel</strong></span> <span class='ocrx_word' id='word_1_721' title='bbox 1059 5432 1461 5500; x_wconf 87' lang='lat' dir='ltr'><strong>tranquillitatis</strong></span> <span class='ocrx_word' id='word_1_722' title='bbox 1488 5433 1705 5486; x_wconf 90' lang='lat' dir='ltr'><strong>amissio</strong></span> <span class='ocrx_word' id='word_1_723' title='bbox 1732 5432 1850 5487; x_wconf 90' lang='lat' dir='ltr'><strong>est?</strong></span> 
     </span>
    </p>
   </div>
   <div class='ocr_carea' id='block_1_89' title="bbox 261 5521 1850 5590">
    <p class='ocr_par' dir='ltr' id='par_1_89' title="bbox 261 5521 1850 5590">
     <span class='ocr_line' id='line_1_89' title="bbox 261 5521 1850 5590; baseline -0.001 -12"><span class='ocrx_word' id='word_1_724' title='bbox 261 5523 446 5578; x_wconf 69' lang='lat' dir='ltr'><strong>&#39;Ptnna</strong></span> <span class='ocrx_word' id='word_1_725' title='bbox 479 5531 658 5576; x_wconf 89' lang='lat' dir='ltr'><strong>autem</strong></span> <span class='ocrx_word' id='word_1_726' title='bbox 690 5537 807 5590; x_wconf 60' lang='lat' dir='ltr'><strong>quae</strong></span> <span class='ocrx_word' id='word_1_727' title='bbox 831 5521 885 5574; x_wconf 88' lang='lat' dir='ltr'><strong>in</strong></span> <span class='ocrx_word' id='word_1_728' title='bbox 909 5521 1148 5576; x_wconf 88' lang='lat' dir='ltr'><strong>cruciatu</strong></span> <span class='ocrx_word' id='word_1_729' title='bbox 1175 5531 1227 5576; x_wconf 92' lang='lat' dir='ltr'><strong>et</strong></span> <span class='ocrx_word' id='word_1_730' title='bbox 1249 5522 1431 5576; x_wconf 90' lang='lat' dir='ltr'><strong>dolore</strong></span> <span class='ocrx_word' id='word_1_731' title='bbox 1459 5523 1706 5587; x_wconf 89' lang='lat' dir='ltr'><strong>sentitur,</strong></span> <span class='ocrx_word' id='word_1_732' title='bbox 1735 5538 1850 5577; x_wconf 90' lang='lat' dir='ltr'><strong>ma-</strong></span> 
     </span>
    </p>
   </div>
   <div class='ocr_carea' id='block_1_90' title="bbox 277 5599 1847 5683">
    <p class='ocr_par' dir='ltr' id='par_1_90' title="bbox 277 5599 1847 5683">
     <span class='ocr_line' id='line_1_90' title="bbox 277 5599 1847 5683; baseline 0.001 -15"><span class='ocrx_word' id='word_1_733' title='bbox 277 5599 476 5668; x_wconf 71' lang='lat' dir='ltr'><strong>nifeSte</strong></span> <span class='ocrx_word' id='word_1_734' title='bbox 507 5613 588 5666; x_wconf 90' lang='lat' dir='ltr'><strong>vel</strong></span> <span class='ocrx_word' id='word_1_735' title='bbox 636 5613 689 5667; x_wconf 91' lang='lat' dir='ltr'><strong>in</strong></span> <span class='ocrx_word' id='word_1_736' title='bbox 721 5613 898 5666; x_wconf 88' lang='lat' dir='ltr'><strong>anima</strong></span> <span class='ocrx_word' id='word_1_737' title='bbox 945 5614 1121 5682; x_wconf 87' lang='lat' dir='ltr'><strong>agitur</strong></span> <span class='ocrx_word' id='word_1_738' title='bbox 1147 5613 1229 5666; x_wconf 89' lang='lat' dir='ltr'><strong>vel</strong></span> <span class='ocrx_word' id='word_1_739' title='bbox 1273 5614 1326 5668; x_wconf 90' lang='lat' dir='ltr'><strong>in</strong></span> <span class='ocrx_word' id='word_1_740' title='bbox 1357 5629 1606 5683; x_wconf 88' lang='lat' dir='ltr'><strong>corpore;</strong></span> <span class='ocrx_word' id='word_1_741' title='bbox 1639 5624 1692 5668; x_wconf 90' lang='lat' dir='ltr'><strong>et</strong></span> <span class='ocrx_word' id='word_1_742' title='bbox 1726 5630 1847 5669; x_wconf 89' lang='lat' dir='ltr'><strong>cum</strong></span> 
     </span>
    </p>
   </div>
   <div class='ocr_carea' id='block_1_91' title="bbox 257 5703 1844 5776">
    <p class='ocr_par' dir='ltr' id='par_1_91' title="bbox 257 5703 1844 5776">
     <span class='ocr_line' id='line_1_91' title="bbox 257 5703 1844 5776; baseline 0.001 -18"><span class='ocrx_word' id='word_1_743' title='bbox 257 5705 337 5758; x_wconf 80' lang='lat' dir='ltr'><strong>&#39;in</strong></span> <span class='ocrx_word' id='word_1_744' title='bbox 360 5718 582 5773; x_wconf 89' lang='lat' dir='ltr'><strong>corpore</strong></span> <span class='ocrx_word' id='word_1_745' title='bbox 603 5704 779 5773; x_wconf 84' lang='lat' dir='ltr'><strong>agitur</strong></span> <span class='ocrx_word' id='word_1_746' title='bbox 805 5704 1037 5758; x_wconf 79' lang='lat' dir='ltr'><strong>maxime</strong></span> <span class='ocrx_word' id='word_1_747' title='bbox 1062 5717 1127 5758; x_wconf 81' lang='lat' dir='ltr'><strong>ex</strong></span> <span class='ocrx_word' id='word_1_748' title='bbox 1158 5703 1264 5758; x_wconf 89' lang='lat' dir='ltr'><strong>alio</strong></span> <span class='ocrx_word' id='word_1_749' title='bbox 1290 5719 1516 5775; x_wconf 89' lang='lat' dir='ltr'><strong>corpore</strong></span> <span class='ocrx_word' id='word_1_750' title='bbox 1539 5705 1807 5776; x_wconf 82' lang='lat' dir='ltr'><strong>irrogatur</strong></span> <span class='ocrx_word' id='word_1_751' title='bbox 1831 5723 1844 5760; x_wconf 91' lang='lat'><strong>:</strong></span> 
     </span>
    </p>
   </div>
   <div class='ocr_carea' id='block_1_92' title="bbox 1960 3277 3541 3348">
    <p class='ocr_par' dir='ltr' id='par_1_92' title="bbox 1960 3277 3541 3348">
     <span class='ocr_line' id='line_1_92' title="bbox 1960 3277 3541 3348; baseline 0.003 -17"><span class='ocrx_word' id='word_1_752' title='bbox 1960 3278 2314 3347; x_wconf 85' lang='lat' dir='ltr'><strong>gubernator,</strong></span> <span class='ocrx_word' id='word_1_753' title='bbox 2345 3277 2484 3332; x_wconf 88' lang='lat' dir='ltr'><strong>sicut</strong></span> <span class='ocrx_word' id='word_1_754' title='bbox 2523 3278 2762 3334; x_wconf 86' lang='lat' dir='ltr'><strong>omnium</strong></span> <span class='ocrx_word' id='word_1_755' title='bbox 2790 3293 2968 3333; x_wconf 91' lang='lat' dir='ltr'><strong>rerum</strong></span> <span class='ocrx_word' id='word_1_756' title='bbox 2999 3295 3116 3348; x_wconf 76' lang='lat' dir='ltr'><strong>qua:</strong></span> <span class='ocrx_word' id='word_1_757' title='bbox 3146 3279 3336 3333; x_wconf 82' lang='lat' dir='ltr'><strong>futurae</strong></span> <span class='ocrx_word' id='word_1_758' title='bbox 3364 3291 3541 3344; x_wconf 90' lang='lat' dir='ltr'><strong>erant,</strong></span> 
     </span>
    </p>
   </div>
   <div class='ocr_carea' id='block_1_93' title="bbox 1959 3371 3544 3443">
    <p class='ocr_par' dir='ltr' id='par_1_93' title="bbox 1959 3371 3544 3443">
     <span class='ocr_line' id='line_1_93' title="bbox 1959 3371 3544 3443; baseline 0.005 -22"><span class='ocrx_word' id='word_1_759' title='bbox 1959 3377 2208 3422; x_wconf 90' lang='lat' dir='ltr'><strong>naturam</strong></span> <span class='ocrx_word' id='word_1_760' title='bbox 2257 3379 2312 3424; x_wconf 93' lang='lat' dir='ltr'><strong>et</strong></span> <span class='ocrx_word' id='word_1_761' title='bbox 2346 3371 2578 3440; x_wconf 90' lang='lat' dir='ltr'><strong>speciem</strong></span> <span class='ocrx_word' id='word_1_762' title='bbox 2610 3380 2661 3425; x_wconf 94' lang='lat' dir='ltr'><strong>et</strong></span> <span class='ocrx_word' id='word_1_763' title='bbox 2690 3372 2930 3425; x_wconf 87' lang='lat' dir='ltr'><strong>ordinem</strong></span> <span class='ocrx_word' id='word_1_764' title='bbox 2970 3372 3022 3425; x_wconf 92' lang='lat' dir='ltr'><strong>in</strong></span> <span class='ocrx_word' id='word_1_765' title='bbox 3066 3388 3160 3426; x_wconf 89' lang='lat' dir='ltr'><strong>sua</strong></span> <span class='ocrx_word' id='word_1_766' title='bbox 3186 3382 3382 3428; x_wconf 63' lang='lat' dir='ltr'><strong>aeterna</strong></span> <span class='ocrx_word' id='word_1_767' title='bbox 3408 3389 3544 3443; x_wconf 71' lang='lat' dir='ltr'><strong>pra:—</strong></span> 
     </span>
    </p>
   </div>
   <div class='ocr_carea' id='block_1_94' title="bbox 1957 3458 3544 3530">
    <p class='ocr_par' dir='ltr' id='par_1_94' title="bbox 1957 3458 3544 3530">
     <span class='ocr_line' id='line_1_94' title="bbox 1957 3458 3544 3530; baseline 0.004 -18"><span class='ocrx_word' id='word_1_768' title='bbox 1957 3458 2182 3513; x_wconf 88' lang='lat' dir='ltr'><strong>scientia</strong></span> <span class='ocrx_word' id='word_1_769' title='bbox 2211 3475 2422 3530; x_wconf 90' lang='lat' dir='ltr'><strong>semper</strong></span> <span class='ocrx_word' id='word_1_770' title='bbox 2448 3461 2631 3526; x_wconf 92' lang='lat' dir='ltr'><strong>novit,</strong></span> <span class='ocrx_word' id='word_1_771' title='bbox 2659 3461 2730 3514; x_wconf 90' lang='lat' dir='ltr'><strong>ita</strong></span> <span class='ocrx_word' id='word_1_772' title='bbox 2759 3462 2919 3514; x_wconf 90' lang='lat' dir='ltr'><strong>etiam</strong></span> <span class='ocrx_word' id='word_1_773' title='bbox 2945 3463 3180 3530; x_wconf 90' lang='lat' dir='ltr'><strong>ipsarum</strong></span> <span class='ocrx_word' id='word_1_774' title='bbox 3213 3479 3389 3517; x_wconf 90' lang='lat' dir='ltr'><strong>rerum</strong></span> <span class='ocrx_word' id='word_1_775' title='bbox 3432 3476 3544 3518; x_wconf 88' lang='lat' dir='ltr'><strong>sla-</strong></span> 
     </span>
    </p>
   </div>
   <div class='ocr_carea' id='block_1_95' title="bbox 1959 3549 3542 3618">
    <p class='ocr_par' dir='ltr' id='par_1_95' title="bbox 1959 3549 3542 3618">
     <span class='ocr_line' id='line_1_95' title="bbox 1959 3549 3542 3618; baseline 0.006 -20"><span class='ocrx_word' id='word_1_776' title='bbox 1959 3556 2092 3606; x_wconf 90' lang='lat' dir='ltr'><strong>tum,</strong></span> <span class='ocrx_word' id='word_1_777' title='bbox 2123 3555 2178 3601; x_wconf 91' lang='lat' dir='ltr'><strong>et</strong></span> <span class='ocrx_word' id='word_1_778' title='bbox 2199 3549 2312 3602; x_wconf 84' lang='lat' dir='ltr'><strong>sive</strong></span> <span class='ocrx_word' id='word_1_779' title='bbox 2342 3549 2407 3602; x_wconf 90' lang='lat' dir='ltr'><strong>ad</strong></span> <span class='ocrx_word' id='word_1_780' title='bbox 2439 3549 2659 3603; x_wconf 87' lang='lat' dir='ltr'><strong>meliora</strong></span> <span class='ocrx_word' id='word_1_781' title='bbox 2682 3550 3008 3618; x_wconf 91' lang='lat' dir='ltr'><strong>profectum,</strong></span> <span class='ocrx_word' id='word_1_782' title='bbox 3039 3551 3153 3605; x_wconf 87' lang='lat' dir='ltr'><strong>sive</strong></span> <span class='ocrx_word' id='word_1_783' title='bbox 3178 3553 3243 3605; x_wconf 91' lang='lat' dir='ltr'><strong>ad</strong></span> <span class='ocrx_word' id='word_1_784' title='bbox 3277 3553 3542 3608; x_wconf 85' lang='lat' dir='ltr'><strong>deteriora</strong></span> 
     </span>
    </p>
   </div>
   <div class='ocr_carea' id='block_1_96' title="bbox 1959 3634 3543 3711">
    <p class='ocr_par' dir='ltr' id='par_1_96' title="bbox 1959 3634 3543 3711">
     <span class='ocr_line' id='line_1_96' title="bbox 1959 3634 3543 3711; baseline 0.005 -23"><span class='ocrx_word' id='word_1_785' title='bbox 1959 3634 2228 3690; x_wconf 84' lang='lat' dir='ltr'><strong>defectum</strong></span> <span class='ocrx_word' id='word_1_786' title='bbox 2269 3638 2598 3693; x_wconf 66' lang='lat' dir='ltr'><strong>aaternaliter</strong></span> <span class='ocrx_word' id='word_1_787' title='bbox 2625 3640 2907 3708; x_wconf 61' lang='lat' dir='ltr'><strong>praevidit;</strong></span> <span class='ocrx_word' id='word_1_788' title='bbox 2940 3649 2994 3693; x_wconf 92' lang='lat' dir='ltr'><strong>et</strong></span> <span class='ocrx_word' id='word_1_789' title='bbox 3026 3656 3144 3708; x_wconf 75' lang='lat' dir='ltr'><strong>qua:</strong></span> <span class='ocrx_word' id='word_1_790' title='bbox 3191 3641 3257 3694; x_wconf 91' lang='lat' dir='ltr'><strong>ad</strong></span> <span class='ocrx_word' id='word_1_791' title='bbox 3286 3656 3344 3696; x_wconf 87' lang='lat' dir='ltr'><strong>se</strong></span> <span class='ocrx_word' id='word_1_792' title='bbox 3381 3644 3543 3711; x_wconf 89' lang='lat' dir='ltr'><strong>proli-</strong></span> 
     </span>
    </p>
   </div>
   <div class='ocr_carea' id='block_1_97' title="bbox 1958 3725 3543 3800">
    <p class='ocr_par' dir='ltr' id='par_1_97' title="bbox 1958 3725 3543 3800">
     <span class='ocr_line' id='line_1_97' title="bbox 1958 3725 3543 3800; baseline 0.004 -21"><span class='ocrx_word' id='word_1_793' title='bbox 1958 3725 2224 3779; x_wconf 88' lang='lat' dir='ltr'><strong>cientibus</strong></span> <span class='ocrx_word' id='word_1_794' title='bbox 2244 3728 2485 3796; x_wconf 66' lang='lat' dir='ltr'><strong>praamia,</strong></span> <span class='ocrx_word' id='word_1_795' title='bbox 2525 3743 2644 3796; x_wconf 70' lang='lat' dir='ltr'><strong>qua:</strong></span> <span class='ocrx_word' id='word_1_796' title='bbox 2671 3735 2849 3781; x_wconf 89' lang='lat' dir='ltr'><strong>autem</strong></span> <span class='ocrx_word' id='word_1_797' title='bbox 2873 3744 2903 3782; x_wconf 90' lang='lat' dir='ltr'><strong>a</strong></span> <span class='ocrx_word' id='word_1_798' title='bbox 2934 3744 2992 3783; x_wconf 93' lang='lat' dir='ltr'><strong>se</strong></span> <span class='ocrx_word' id='word_1_799' title='bbox 3021 3728 3392 3784; x_wconf 84' lang='lat' dir='ltr'><strong>deficientibus</strong></span> <span class='ocrx_word' id='word_1_800' title='bbox 3416 3746 3543 3800; x_wconf 78' lang='lat' dir='ltr'><strong>sup-</strong></span> 
     </span>
    </p>
   </div>
   <div class='ocr_carea' id='block_1_98' title="bbox 1957 3814 3536 3888">
    <p class='ocr_par' dir='ltr' id='par_1_98' title="bbox 1957 3814 3536 3888">
     <span class='ocr_line' id='line_1_98' title="bbox 1957 3814 3536 3888; baseline 0.004 -21"><span class='ocrx_word' id='word_1_801' title='bbox 1957 3814 2116 3885; x_wconf 86' lang='lat' dir='ltr'><strong>plicia</strong></span> <span class='ocrx_word' id='word_1_802' title='bbox 2147 3815 2491 3882; x_wconf 88' lang='lat' dir='ltr'><strong>deberentur,</strong></span> <span class='ocrx_word' id='word_1_803' title='bbox 2533 3815 2868 3885; x_wconf 88' lang='lat' dir='ltr'><strong>justissimus</strong></span> <span class='ocrx_word' id='word_1_804' title='bbox 2914 3819 3092 3888; x_wconf 87' lang='lat' dir='ltr'><strong>operis</strong></span> <span class='ocrx_word' id='word_1_805' title='bbox 3129 3821 3210 3873; x_wconf 92' lang='lat' dir='ltr'><strong>sui</strong></span> <span class='ocrx_word' id='word_1_806' title='bbox 3239 3821 3536 3883; x_wconf 86' lang='lat' dir='ltr'><strong>ordinatur,</strong></span> 
     </span>
    </p>
   </div>
   <div class='ocr_carea' id='block_1_99' title="bbox 1957 3905 3538 3980">
    <p class='ocr_par' dir='ltr' id='par_1_99' title="bbox 1957 3905 3538 3980">
     <span class='ocr_line' id='line_1_99' title="bbox 1957 3905 3538 3980; baseline 0.003 -21"><span class='ocrx_word' id='word_1_807' title='bbox 1957 3913 2012 3959; x_wconf 90' lang='lat' dir='ltr'><strong>et</strong></span> <span class='ocrx_word' id='word_1_808' title='bbox 2034 3905 2304 3973; x_wconf 77' lang='lat' dir='ltr'><strong>przescivit</strong></span> <span class='ocrx_word' id='word_1_809' title='bbox 2331 3915 2386 3958; x_wconf 92' lang='lat' dir='ltr'><strong>et</strong></span> <span class='ocrx_word' id='word_1_810' title='bbox 2412 3905 2832 3975; x_wconf 85' lang='lat' dir='ltr'><strong>praedestinavit,</strong></span> <span class='ocrx_word' id='word_1_811' title='bbox 2862 3917 2918 3962; x_wconf 91' lang='lat' dir='ltr'><strong>et</strong></span> <span class='ocrx_word' id='word_1_812' title='bbox 2945 3923 3002 3963; x_wconf 91' lang='lat' dir='ltr'><strong>se</strong></span> <span class='ocrx_word' id='word_1_813' title='bbox 3027 3908 3366 3978; x_wconf 88' lang='lat' dir='ltr'><strong>impleturum</strong></span> <span class='ocrx_word' id='word_1_814' title='bbox 3397 3926 3538 3980; x_wconf 79' lang='lat' dir='ltr'><strong>prze-</strong></span> 
     </span>
    </p>
   </div>
   <div class='ocr_carea' id='block_1_100' title="bbox 1958 3992 3541 4068">
    <p class='ocr_par' dir='ltr' id='par_1_100' title="bbox 1958 3992 3541 4068">
     <span class='ocr_line' id='line_1_100' title="bbox 1958 3992 3541 4068; baseline 0.006 -22"><span class='ocrx_word' id='word_1_815' title='bbox 1958 3992 2112 4046; x_wconf 78' lang='lat' dir='ltr'><strong>dixit.</strong></span> <span class='ocrx_word' id='word_1_816' title='bbox 2150 3992 2218 4046; x_wconf 87' lang='lat' dir='ltr'><strong>Et</strong></span> <span class='ocrx_word' id='word_1_817' title='bbox 2264 3993 2385 4048; x_wconf 89' lang='lat' dir='ltr'><strong>ideo</strong></span> <span class='ocrx_word' id='word_1_818' title='bbox 2432 3995 2544 4049; x_wconf 85' lang='lat' dir='ltr'><strong>sive</strong></span> <span class='ocrx_word' id='word_1_819' title='bbox 2593 3994 2790 4049; x_wconf 90' lang='lat' dir='ltr'><strong>malum</strong></span> <span class='ocrx_word' id='word_1_820' title='bbox 2841 4006 2895 4051; x_wconf 91' lang='lat' dir='ltr'><strong>et</strong></span> <span class='ocrx_word' id='word_1_821' title='bbox 2941 4007 3240 4066; x_wconf 88' lang='lat' dir='ltr'><strong>peccatum,</strong></span> <span class='ocrx_word' id='word_1_822' title='bbox 3268 4001 3318 4052; x_wconf 90' lang='lat' dir='ltr'><strong>in</strong></span> <span class='ocrx_word' id='word_1_823' title='bbox 3347 4002 3541 4068; x_wconf 90' lang='lat' dir='ltr'><strong>quibus</strong></span> 
     </span>
    </p>
   </div>
   <div class='ocr_carea' id='block_1_101' title="bbox 1957 4084 3542 4159">
    <p class='ocr_par' dir='ltr' id='par_1_101' title="bbox 1957 4084 3542 4159">
     <span class='ocr_line' id='line_1_101' title="bbox 1957 4084 3542 4159; baseline 0.006 -21"><span class='ocrx_word' id='word_1_824' title='bbox 1957 4093 2042 4138; x_wconf 92' lang='lat' dir='ltr'><strong>est</strong></span> <span class='ocrx_word' id='word_1_825' title='bbox 2070 4084 2309 4140; x_wconf 86' lang='lat' dir='ltr'><strong>defectus</strong></span> <span class='ocrx_word' id='word_1_826' title='bbox 2337 4100 2364 4138; x_wconf 88' lang='lat' dir='ltr'><strong>a</strong></span> <span class='ocrx_word' id='word_1_827' title='bbox 2397 4085 2538 4141; x_wconf 91' lang='lat' dir='ltr'><strong>bono</strong></span> <span class='ocrx_word' id='word_1_828' title='bbox 2563 4103 2577 4152; x_wconf 92' lang='lat'><strong>;</strong></span> <span class='ocrx_word' id='word_1_829' title='bbox 2606 4087 2719 4141; x_wconf 90' lang='lat' dir='ltr'><strong>sive</strong></span> <span class='ocrx_word' id='word_1_830' title='bbox 2742 4103 2885 4142; x_wconf 89' lang='lat' dir='ltr'><strong>mors</strong></span> <span class='ocrx_word' id='word_1_831' title='bbox 2910 4098 2964 4142; x_wconf 90' lang='lat' dir='ltr'><strong>et</strong></span> <span class='ocrx_word' id='word_1_832' title='bbox 2985 4103 3142 4159; x_wconf 84' lang='lat' dir='ltr'><strong>poena</strong></span> <span class='ocrx_word' id='word_1_833' title='bbox 3160 4131 3174 4155; x_wconf 87' lang='lat'><strong>,</strong></span> <span class='ocrx_word' id='word_1_834' title='bbox 3203 4107 3321 4159; x_wconf 84' lang='lat' dir='ltr'><strong>quae</strong></span> <span class='ocrx_word' id='word_1_835' title='bbox 3349 4092 3420 4145; x_wconf 94' lang='lat' dir='ltr'><strong>illi</strong></span> <span class='ocrx_word' id='word_1_836' title='bbox 3453 4091 3542 4147; x_wconf 82' lang='lat' dir='ltr'><strong>de-</strong></span> 
     </span>
    </p>
   </div>
   <div class='ocr_carea' id='block_1_102' title="bbox 1956 4171 3539 4252">
    <p class='ocr_par' dir='ltr' id='par_1_102' title="bbox 1956 4171 3539 4252">
     <span class='ocr_line' id='line_1_102' title="bbox 1956 4171 3539 4252; baseline 0.008 -25"><span class='ocrx_word' id='word_1_837' title='bbox 1956 4171 2118 4229; x_wconf 86' lang='lat' dir='ltr'><strong>fectui</strong></span> <span class='ocrx_word' id='word_1_838' title='bbox 2139 4175 2284 4246; x_wconf 90' lang='lat' dir='ltr'><strong>justc</strong></span> <span class='ocrx_word' id='word_1_839' title='bbox 2311 4177 2552 4243; x_wconf 82' lang='lat' dir='ltr'><strong>debetur,</strong></span> <span class='ocrx_word' id='word_1_840' title='bbox 2580 4193 2792 4249; x_wconf 79' lang='lat' dir='ltr'><strong>seraper</strong></span> <span class='ocrx_word' id='word_1_841' title='bbox 2816 4180 2916 4235; x_wconf 89' lang='lat' dir='ltr'><strong>fuit</strong></span> <span class='ocrx_word' id='word_1_842' title='bbox 2953 4180 3006 4236; x_wconf 93' lang='lat' dir='ltr'><strong>in</strong></span> <span class='ocrx_word' id='word_1_843' title='bbox 3037 4184 3372 4252; x_wconf 70' lang='lat' dir='ltr'><strong>praescientia</strong></span> <span class='ocrx_word' id='word_1_844' title='bbox 3397 4185 3539 4241; x_wconf 56' lang='lat' dir='ltr'><strong>Con-</strong></span> 
     </span>
    </p>
   </div>
   <div class='ocr_carea' id='block_1_103' title="bbox 1957 4270 3632 4343">
    <p class='ocr_par' dir='ltr' id='par_1_103' title="bbox 1957 4270 3632 4343">
     <span class='ocr_line' id='line_1_103' title="bbox 1957 4270 3632 4343; baseline 0.005 -18"><span class='ocrx_word' id='word_1_845' title='bbox 1957 4270 2176 4334; x_wconf 89' lang='lat' dir='ltr'><strong>ditoris;</strong></span> <span class='ocrx_word' id='word_1_846' title='bbox 2224 4271 2314 4340; x_wconf 93' lang='lat' dir='ltr'><strong>qui</strong></span> <span class='ocrx_word' id='word_1_847' title='bbox 2362 4286 2670 4326; x_wconf 89' lang='lat' dir='ltr'><strong>mensuram</strong></span> <span class='ocrx_word' id='word_1_848' title='bbox 2719 4275 3032 4343; x_wconf 89' lang='lat' dir='ltr'><strong>proﬁciendi</strong></span> <span class='ocrx_word' id='word_1_849' title='bbox 3073 4285 3127 4331; x_wconf 89' lang='lat' dir='ltr'><strong>et</strong></span> <span class='ocrx_word' id='word_1_850' title='bbox 3175 4279 3451 4334; x_wconf 87' lang='lat' dir='ltr'><strong>deliciendi</strong></span> <span class='ocrx_word' id='word_1_851' title='bbox 3482 4281 3537 4334; x_wconf 91' lang='lat' dir='ltr'><strong>in</strong></span> <span class='ocrx_word' id='word_1_852' title='bbox 3625 4331 3632 4340; x_wconf 89' lang='grc'><em>,</em></span> 
     </span>
    </p>
   </div>
   <div class='ocr_carea' id='block_1_104' title="bbox 1955 4359 3536 4438">
    <p class='ocr_par' dir='ltr' id='par_1_104' title="bbox 1955 4359 3536 4438">
     <span class='ocr_line' id='line_1_104' title="bbox 1955 4359 3536 4438; baseline 0.006 -24"><span class='ocrx_word' id='word_1_853' title='bbox 1955 4359 2217 4426; x_wconf 77' lang='lat' dir='ltr'><strong>creaturis</strong></span> <span class='ocrx_word' id='word_1_854' title='bbox 2260 4360 2370 4414; x_wconf 92' lang='lat' dir='ltr'><strong>suis</strong></span> <span class='ocrx_word' id='word_1_855' title='bbox 2418 4361 2562 4416; x_wconf 90' lang='lat' dir='ltr'><strong>solus</strong></span> <span class='ocrx_word' id='word_1_856' title='bbox 2599 4366 2864 4419; x_wconf 89' lang='lat' dir='ltr'><strong>veraciter</strong></span> <span class='ocrx_word' id='word_1_857' title='bbox 2897 4367 3160 4436; x_wconf 83' lang='lat' dir='ltr'><strong>agnoscit,</strong></span> <span class='ocrx_word' id='word_1_858' title='bbox 3208 4377 3261 4422; x_wconf 90' lang='lat' dir='ltr'><strong>et</strong></span> <span class='ocrx_word' id='word_1_859' title='bbox 3298 4369 3536 4438; x_wconf 89' lang='lat' dir='ltr'><strong>ipsorum</strong></span> 
     </span>
    </p>
   </div>
   <div class='ocr_carea' id='block_1_105' title="bbox 1955 4449 3538 4526">
    <p class='ocr_par' dir='ltr' id='par_1_105' title="bbox 1955 4449 3538 4526">
     <span class='ocr_line' id='line_1_105' title="bbox 1955 4449 3538 4526; baseline 0.006 -24"><span class='ocrx_word' id='word_1_860' title='bbox 1955 4449 2292 4519; x_wconf 86' lang='lat' dir='ltr'><strong>profectuum</strong></span> <span class='ocrx_word' id='word_1_861' title='bbox 2320 4459 2481 4521; x_wconf 89' lang='lat' dir='ltr'><strong>atque</strong></span> <span class='ocrx_word' id='word_1_862' title='bbox 2508 4451 2811 4508; x_wconf 81' lang='lat' dir='ltr'><strong>defectuum</strong></span> <span class='ocrx_word' id='word_1_863' title='bbox 2841 4455 2986 4510; x_wconf 90' lang='lat' dir='ltr'><strong>solus</strong></span> <span class='ocrx_word' id='word_1_864' title='bbox 3019 4454 3181 4524; x_wconf 80' lang='lat' dir='ltr'><strong>judcx</strong></span> <span class='ocrx_word' id='word_1_865' title='bbox 3224 4457 3403 4526; x_wconf 88' lang='lat' dir='ltr'><strong>justus</strong></span> <span class='ocrx_word' id='word_1_866' title='bbox 3423 4458 3538 4512; x_wconf 81' lang='lat' dir='ltr'><strong>exi-</strong></span> 
     </span>
    </p>
   </div>
   <div class='ocr_carea' id='block_1_106' title="bbox 1959 4539 3536 4614">
    <p class='ocr_par' dir='ltr' id='par_1_106' title="bbox 1959 4539 3536 4614">
     <span class='ocr_line' id='line_1_106' title="bbox 1959 4539 3536 4614; baseline 0.004 -20"><span class='ocrx_word' id='word_1_867' title='bbox 1959 4540 2072 4594; x_wconf 86' lang='lat' dir='ltr'><strong>stit.</strong></span> <span class='ocrx_word' id='word_1_868' title='bbox 2109 4539 2188 4594; x_wconf 85' lang='lat' dir='ltr'><strong>lla</strong></span> <span class='ocrx_word' id='word_1_869' title='bbox 2222 4548 2277 4594; x_wconf 90' lang='lat' dir='ltr'><strong>et</strong></span> <span class='ocrx_word' id='word_1_870' title='bbox 2314 4555 2462 4595; x_wconf 89' lang='lat' dir='ltr'><strong>mors</strong></span> <span class='ocrx_word' id='word_1_871' title='bbox 2500 4552 2555 4596; x_wconf 92' lang='lat' dir='ltr'><strong>et</strong></span> <span class='ocrx_word' id='word_1_872' title='bbox 2583 4552 2862 4612; x_wconf 89' lang='lat' dir='ltr'><strong>peccatum</strong></span> <span class='ocrx_word' id='word_1_873' title='bbox 2887 4553 2942 4598; x_wconf 91' lang='lat' dir='ltr'><strong>et</strong></span> <span class='ocrx_word' id='word_1_874' title='bbox 2970 4545 3144 4599; x_wconf 90' lang='lat' dir='ltr'><strong>omnis</strong></span> <span class='ocrx_word' id='word_1_875' title='bbox 3170 4561 3324 4614; x_wconf 67' lang='lat' dir='ltr'><strong>paena</strong></span> <span class='ocrx_word' id='word_1_876' title='bbox 3353 4562 3415 4601; x_wconf 91' lang='lat' dir='ltr'><strong>ac</strong></span> <span class='ocrx_word' id='word_1_877' title='bbox 3433 4546 3536 4601; x_wconf 89' lang='lat' dir='ltr'><strong>mi-</strong></span> 
     </span>
    </p>
   </div>
   <div class='ocr_carea' id='block_1_107' title="bbox 1958 4636 3530 4708">
    <p class='ocr_par' dir='ltr' id='par_1_107' title="bbox 1958 4636 3530 4708">
     <span class='ocr_line' id='line_1_107' title="bbox 1958 4636 3530 4708; baseline 0.001 -17"><span class='ocrx_word' id='word_1_878' title='bbox 1958 4636 2096 4691; x_wconf 91' lang='lat' dir='ltr'><strong>seria</strong></span> <span class='ocrx_word' id='word_1_879' title='bbox 2125 4650 2244 4704; x_wconf 78' lang='lat' dir='ltr'><strong>quze</strong></span> <span class='ocrx_word' id='word_1_880' title='bbox 2270 4646 2550 4705; x_wconf 89' lang='lat' dir='ltr'><strong>peccatum</strong></span> <span class='ocrx_word' id='word_1_881' title='bbox 2578 4647 2992 4707; x_wconf 89' lang='lat' dir='ltr'><strong>consequentur,</strong></span> <span class='ocrx_word' id='word_1_882' title='bbox 3031 4639 3154 4708; x_wconf 88' lang='lat' dir='ltr'><strong>quia</strong></span> <span class='ocrx_word' id='word_1_883' title='bbox 3175 4639 3530 4694; x_wconf 86' lang='lat' dir='ltr'><strong>substantiam</strong></span> 
     </span>
    </p>
   </div>
   <div class='ocr_carea' id='block_1_108' title="bbox 1959 4724 3532 4798">
    <p class='ocr_par' dir='ltr' id='par_1_108' title="bbox 1959 4724 3532 4798">
     <span class='ocr_line' id='line_1_108' title="bbox 1959 4724 3532 4798; baseline 0.004 -19"><span class='ocrx_word' id='word_1_884' title='bbox 1959 4724 2158 4779; x_wconf 90' lang='lat' dir='ltr'><strong>nullam</strong></span> <span class='ocrx_word' id='word_1_885' title='bbox 2190 4725 2390 4780; x_wconf 90' lang='lat' dir='ltr'><strong>habent</strong></span> <span class='ocrx_word' id='word_1_886' title='bbox 2429 4727 2480 4780; x_wconf 91' lang='lat' dir='ltr'><strong>in</strong></span> <span class='ocrx_word' id='word_1_887' title='bbox 2526 4742 2585 4781; x_wconf 92' lang='lat' dir='ltr'><strong>se</strong></span> <span class='ocrx_word' id='word_1_888' title='bbox 2622 4728 2882 4781; x_wconf 79' lang='lat' dir='ltr'><strong>existendi</strong></span> <span class='ocrx_word' id='word_1_889' title='bbox 2908 4767 2923 4790; x_wconf 91' lang='lat'><strong>,</strong></span> <span class='ocrx_word' id='word_1_890' title='bbox 2955 4727 3087 4780; x_wconf 92' lang='lat' dir='ltr'><strong>nihil</strong></span> <span class='ocrx_word' id='word_1_891' title='bbox 3128 4737 3272 4782; x_wconf 91' lang='lat' dir='ltr'><strong>sunt.</strong></span> <span class='ocrx_word' id='word_1_892' title='bbox 3312 4729 3377 4782; x_wconf 89' lang='lat' dir='ltr'><strong>Et</strong></span> <span class='ocrx_word' id='word_1_893' title='bbox 3407 4731 3532 4798; x_wconf 87' lang='lat' dir='ltr'><strong>quia</strong></span> 
     </span>
    </p>
   </div>
   <div class='ocr_carea' id='block_1_109' title="bbox 1957 4815 3533 4889">
    <p class='ocr_par' dir='ltr' id='par_1_109' title="bbox 1957 4815 3533 4889">
     <span class='ocr_line' id='line_1_109' title="bbox 1957 4815 3533 4889; baseline 0.005 -22"><span class='ocrx_word' id='word_1_894' title='bbox 1957 4824 2220 4868; x_wconf 75' lang='lat' dir='ltr'><strong>creatura:</strong></span> <span class='ocrx_word' id='word_1_895' title='bbox 2269 4815 2549 4881; x_wconf 88' lang='lat' dir='ltr'><strong>rationali,</strong></span> <span class='ocrx_word' id='word_1_896' title='bbox 2577 4815 2740 4884; x_wconf 86' lang='lat' dir='ltr'><strong>,cujus</strong></span> <span class='ocrx_word' id='word_1_897' title='bbox 2767 4815 3008 4870; x_wconf 82' lang='lat' dir='ltr'><strong>defectus</strong></span> <span class='ocrx_word' id='word_1_898' title='bbox 3047 4826 3100 4872; x_wconf 89' lang='lat' dir='ltr'><strong>et</strong></span> <span class='ocrx_word' id='word_1_899' title='bbox 3145 4819 3414 4889; x_wconf 88' lang='lat' dir='ltr'><strong>corruptio</strong></span> <span class='ocrx_word' id='word_1_900' title='bbox 3450 4822 3533 4876; x_wconf 89' lang='lat' dir='ltr'><strong>his</strong></span> 
     </span>
    </p>
   </div>
   <div class='ocr_carea' id='block_1_110' title="bbox 1958 4905 3534 4978">
    <p class='ocr_par' dir='ltr' id='par_1_110' title="bbox 1958 4905 3534 4978">
     <span class='ocr_line' id='line_1_110' title="bbox 1958 4905 3534 4978; baseline 0.005 -19"><span class='ocrx_word' id='word_1_901' title='bbox 1958 4905 2262 4959; x_wconf 86' lang='lat' dir='ltr'><strong>nominibus</strong></span> <span class='ocrx_word' id='word_1_902' title='bbox 2301 4906 2685 4977; x_wconf 84' lang='lat' dir='ltr'><strong>signiﬁcantur,</strong></span> <span class='ocrx_word' id='word_1_903' title='bbox 2724 4907 2884 4960; x_wconf 90' lang='lat' dir='ltr'><strong>nimis</strong></span> <span class='ocrx_word' id='word_1_904' title='bbox 2918 4918 3143 4972; x_wconf 87' lang='lat' dir='ltr'><strong>nocent,</strong></span> <span class='ocrx_word' id='word_1_905' title='bbox 3185 4909 3236 4963; x_wconf 91' lang='lat' dir='ltr'><strong>in</strong></span> <span class='ocrx_word' id='word_1_906' title='bbox 3266 4909 3381 4978; x_wconf 83' lang='lat' dir='ltr'><strong>ejus</strong></span> <span class='ocrx_word' id='word_1_907' title='bbox 3409 4913 3534 4967; x_wconf 86' lang='lat' dir='ltr'><strong>sub-</strong></span> 
     </span>
    </p>
   </div>
   <div class='ocr_carea' id='block_1_111' title="bbox 1955 4994 3530 5065">
    <p class='ocr_par' dir='ltr' id='par_1_111' title="bbox 1955 4994 3530 5065">
     <span class='ocr_line' id='line_1_111' title="bbox 1955 4994 3530 5065; baseline 0.005 -17"><span class='ocrx_word' id='word_1_908' title='bbox 1955 4996 2149 5048; x_wconf 88' lang='lat' dir='ltr'><strong>stantia</strong></span> <span class='ocrx_word' id='word_1_909' title='bbox 2182 4994 2263 5048; x_wconf 88' lang='lat' dir='ltr'><strong>vel</strong></span> <span class='ocrx_word' id='word_1_910' title='bbox 2293 4995 2577 5064; x_wconf 85' lang='lat' dir='ltr'><strong>corporali,</strong></span> <span class='ocrx_word' id='word_1_911' title='bbox 2606 4995 2689 5049; x_wconf 89' lang='lat' dir='ltr'><strong>vel</strong></span> <span class='ocrx_word' id='word_1_912' title='bbox 2710 4996 2956 5065; x_wconf 87' lang='lat' dir='ltr'><strong>spiritali,</strong></span> <span class='ocrx_word' id='word_1_913' title='bbox 2999 4999 3262 5053; x_wconf 88' lang='lat' dir='ltr'><strong>veraciter</strong></span> <span class='ocrx_word' id='word_1_914' title='bbox 3285 5002 3530 5060; x_wconf 87' lang='lat' dir='ltr'><strong>sentiun-</strong></span> 
     </span>
    </p>
   </div>
   <div class='ocr_carea' id='block_1_112' title="bbox 1957 5086 3533 5154">
    <p class='ocr_par' dir='ltr' id='par_1_112' title="bbox 1957 5086 3533 5154">
     <span class='ocr_line' id='line_1_112' title="bbox 1957 5086 3533 5154; baseline 0.006 -15"><span class='ocrx_word' id='word_1_915' title='bbox 1957 5095 2062 5139; x_wconf 92' lang='lat' dir='ltr'><strong>tur.</strong></span> <span class='ocrx_word' id='word_1_916' title='bbox 2107 5086 2170 5139; x_wconf 88' lang='lat' dir='ltr'><strong>Et</strong></span> <span class='ocrx_word' id='word_1_917' title='bbox 2199 5101 2317 5154; x_wconf 75' lang='lat' dir='ltr'><strong>quae</strong></span> <span class='ocrx_word' id='word_1_918' title='bbox 2343 5103 2444 5140; x_wconf 89' lang='lat' dir='ltr'><strong>non</strong></span> <span class='ocrx_word' id='word_1_919' title='bbox 2471 5093 2594 5141; x_wconf 89' lang='lat' dir='ltr'><strong>sunt</strong></span> <span class='ocrx_word' id='word_1_920' title='bbox 2617 5086 2914 5141; x_wconf 81' lang='lat' dir='ltr'><strong>substantia</strong></span> <span class='ocrx_word' id='word_1_921' title='bbox 2941 5088 3237 5154; x_wconf 75' lang='lat' dir='ltr'><strong>existendo,</strong></span> <span class='ocrx_word' id='word_1_922' title='bbox 3266 5102 3390 5146; x_wconf 89' lang='lat' dir='ltr'><strong>sunt</strong></span> <span class='ocrx_word' id='word_1_923' title='bbox 3419 5109 3533 5148; x_wconf 91' lang='lat' dir='ltr'><strong>om-</strong></span> 
     </span>
    </p>
   </div>
   <div class='ocr_carea' id='block_1_113' title="bbox 1955 5178 3531 5254">
    <p class='ocr_par' dir='ltr' id='par_1_113' title="bbox 1955 5178 3531 5254">
     <span class='ocr_line' id='line_1_113' title="bbox 1955 5178 3531 5254; baseline 0.004 -22"><span class='ocrx_word' id='word_1_924' title='bbox 1955 5178 2184 5232; x_wconf 89' lang='lat' dir='ltr'><strong>nimodis</strong></span> <span class='ocrx_word' id='word_1_925' title='bbox 2211 5179 2510 5246; x_wconf 89' lang='lat' dir='ltr'><strong>perniciosa</strong></span> <span class='ocrx_word' id='word_1_926' title='bbox 2539 5178 2794 5232; x_wconf 90' lang='lat' dir='ltr'><strong>nocendo.</strong></span> <span class='ocrx_word' id='word_1_927' title='bbox 2846 5179 3063 5234; x_wconf 88' lang='lat' dir='ltr'><strong>Desinat</strong></span> <span class='ocrx_word' id='word_1_928' title='bbox 3092 5197 3220 5253; x_wconf 87' lang='lat' dir='ltr'><strong>ergo</strong></span> <span class='ocrx_word' id='word_1_929' title='bbox 3249 5183 3531 5254; x_wconf 87' lang='lat' dir='ltr'><strong>hujusmo-</strong></span> 
     </span>
    </p>
   </div>
   <div class='ocr_carea' id='block_1_114' title="bbox 1956 5268 3532 5338">
    <p class='ocr_par' dir='ltr' id='par_1_114' title="bbox 1956 5268 3532 5338">
     <span class='ocr_line' id='line_1_114' title="bbox 1956 5268 3532 5338; baseline 0.006 -15"><span class='ocrx_word' id='word_1_930' title='bbox 1956 5268 2008 5323; x_wconf 93' lang='lat' dir='ltr'><strong>di</strong></span> <span class='ocrx_word' id='word_1_931' title='bbox 2055 5268 2383 5337; x_wconf 87' lang='lat' dir='ltr'><strong>blasphemia</strong></span> <span class='ocrx_word' id='word_1_932' title='bbox 2409 5308 2422 5331; x_wconf 92' lang='lat'><strong>,</strong></span> <span class='ocrx_word' id='word_1_933' title='bbox 2463 5277 2516 5323; x_wconf 91' lang='lat' dir='ltr'><strong>et</strong></span> <span class='ocrx_word' id='word_1_934' title='bbox 2561 5269 2899 5338; x_wconf 89' lang='lat' dir='ltr'><strong>omnipotens</strong></span> <span class='ocrx_word' id='word_1_935' title='bbox 2934 5270 3072 5326; x_wconf 88' lang='lat' dir='ltr'><strong>Deus</strong></span> <span class='ocrx_word' id='word_1_936' title='bbox 3107 5273 3245 5328; x_wconf 85' lang='lat' dir='ltr'><strong>sicut</strong></span> <span class='ocrx_word' id='word_1_937' title='bbox 3289 5275 3532 5331; x_wconf 69' lang='lat' dir='ltr'><strong>omnium</strong></span> 
     </span>
    </p>
   </div>
   <div class='ocr_carea' id='block_1_115' title="bbox 1956 5357 3535 5422">
    <p class='ocr_par' dir='ltr' id='par_1_115' title="bbox 1956 5357 3535 5422">
     <span class='ocr_line' id='line_1_115' title="bbox 1956 5357 3535 5422; baseline 0.008 -13"><span class='ocrx_word' id='word_1_938' title='bbox 1956 5365 2269 5409; x_wconf 86' lang='lat' dir='ltr'><strong>naturarum</strong></span> <span class='ocrx_word' id='word_1_939' title='bbox 2325 5357 2600 5422; x_wconf 91' lang='lat' dir='ltr'><strong>conditor,</strong></span> <span class='ocrx_word' id='word_1_940' title='bbox 2655 5367 2709 5411; x_wconf 91' lang='lat' dir='ltr'><strong>et</strong></span> <span class='ocrx_word' id='word_1_941' title='bbox 2757 5367 2926 5414; x_wconf 84' lang='lat' dir='ltr'><strong>status</strong></span> <span class='ocrx_word' id='word_1_942' title='bbox 2977 5376 3163 5415; x_wconf 89' lang='lat' dir='ltr'><strong>earum</strong></span> <span class='ocrx_word' id='word_1_943' title='bbox 3214 5362 3535 5422; x_wconf 80' lang='lat' dir='ltr'><strong>verissimus</strong></span> 
     </span>
    </p>
   </div>
   <div class='ocr_carea' id='block_1_116' title="bbox 1955 5447 3329 5519">
    <p class='ocr_par' dir='ltr' id='par_1_116' title="bbox 1955 5447 3329 5519">
     <span class='ocr_line' id='line_1_116' title="bbox 1955 5447 3329 5519; baseline 0.007 -20"><span class='ocrx_word' id='word_1_944' title='bbox 1955 5455 2276 5517; x_wconf 81' lang='lat' dir='ltr'><strong>agnoscatur</strong></span> <span class='ocrx_word' id='word_1_945' title='bbox 2299 5447 2559 5517; x_wconf 82' lang='lat' dir='ltr'><strong>cognitor,</strong></span> <span class='ocrx_word' id='word_1_946' title='bbox 2595 5456 2650 5504; x_wconf 90' lang='lat' dir='ltr'><strong>et</strong></span> <span class='ocrx_word' id='word_1_947' title='bbox 2671 5449 3003 5519; x_wconf 87' lang='lat' dir='ltr'><strong>justissimus</strong></span> <span class='ocrx_word' id='word_1_948' title='bbox 3028 5452 3329 5514; x_wconf 78' lang='lat' dir='ltr'><strong>ordinatur.</strong></span> 
     </span>
    </p>
   </div>
   <div class='ocr_carea' id='block_1_117' title="bbox 2553 5604 2902 5663">
    <p class='ocr_par' dir='ltr' id='par_1_117' title="bbox 2553 5604 2902 5663">
     <span class='ocr_line' id='line_1_117' title="bbox 2553 5604 2902 5663; baseline 0.011 -4"><span class='ocrx_word' id='word_1_949' title='bbox 2553 5604 2779 5662; x_wconf 81' lang='lat' dir='ltr'><strong>CAPUT</strong></span> <span class='ocrx_word' id='word_1_950' title='bbox 2813 5606 2902 5663; x_wconf 82' lang='lat' dir='ltr'><strong>XI.</strong></span> 
     </span>
    </p>
   </div>
   <div class='ocr_carea' id='block_1_118' title="bbox 2033 5696 3256 5788">
    <p class='ocr_par' dir='ltr' id='par_1_118' title="bbox 2033 5696 3256 5788">
     <span class='ocr_line' id='line_1_118' title="bbox 2033 5696 3256 5788; baseline 0.009 -19"><span class='ocrx_word' id='word_1_951' title='bbox 2033 5711 2327 5771; x_wconf 85' lang='lat' dir='ltr'><strong>Undecimo</strong></span> <span class='ocrx_word' id='word_1_952' title='bbox 2352 5715 2583 5786; x_wconf 83' lang='lat' dir='ltr'><strong>capitulo</strong></span> <span class='ocrx_word' id='word_1_953' title='bbox 2608 5719 2849 5788; x_wconf 87' lang='lat' dir='ltr'><strong>sequitur</strong></span> <span class='ocrx_word' id='word_1_954' title='bbox 2876 5720 2996 5784; x_wconf 87' lang='lat' dir='ltr'><strong>iste,</strong></span> <span class='ocrx_word' id='word_1_955' title='bbox 3028 5728 3083 5778; x_wconf 85' lang='lat' dir='ltr'><strong>et</strong></span> <span class='ocrx_word' id='word_1_956' title='bbox 3114 5696 3256 5780; x_wconf 89' lang='lat' dir='ltr'><strong>dicit.</strong></span> 
     </span>
    </p>
   </div>
  </div>
