4050 6302
514 348 523 355 ’
569 372 676 430 tos

1658 363 1860 423 FLOBI
1893 357 2165 419 DIACONI
2203 358 2686 418 LUGDUNENSIS
3724 361 3807 419 liii

640 489 695 543 1.
734 484 858 542 Non
896 501 1007 540 esse
1040 480 1137 539 Dei
1169 480 1665 555 prmdestinalioncm
1688 519 1704 544 ,
1733 480 1834 534 nisi
1852 479 1918 534 de
1948 479 2028 532 his
2055 479 2144 549 qui
2170 481 2219 536 Α
2248 470 2543 544 Scripturis
2569 471 2899 544 propheticis
2933 483 3150 529 omnem
3197 488 3346 529 suam
3388 474 3809 546 praedicationem

576 579 862 650 praeparati
886 584 1005 631 sunt
1028 575 1098 629 ad
1118 583 1364 629 wternam
1380 572 1704 641 felicitatem.

2250 565 2560 631 conﬁrmat;
2601 566 2695 621 sed
2724 567 2887 621 etiam
2914 567 2968 621 in
2996 568 3235 638 ipsorum
3260 571 3661 638 prophetarum
3689 572 3813 628 Scri-

641 667 699 722 2.
741 667 961 720 Abusive
988 663 1335 733 translateque
1351 662 1455 715 dici
1486 662 1730 731 prtrscire
1761 658 1927 716 Deum
1949 671 1996 715 et
2022 677 2151 730 pra:-
2247 656 2424 727 pluris
2450 656 2754 728 diligentius
2779 658 3230 729 investigandam,
3252 668 3307 714 et
3330 661 3485 730 quod
3513 661 3569 716 in
3597 663 3813 734 utrisque

574 756 870 810 destinare:
908 770 944 807 a
983 751 1143 806 simili
1182 751 1436 821 prwscivit
1482 766 1599 819 qua:
1626 750 1862 817 facturus
1908 759 2073 815 esset;
2116 767 2152 804 a
2252 748 2389 804 festa
2416 750 2661 805 veritatis
2686 750 3048 806 declaratione
3073 748 3237 805 fuerit
3263 751 3587 818 inventum,
3614 754 3816 809 ﬁdeliter

574 845 839 900 contrario
876 840 1127 913 prtescivit
1146 878 1161 905 ,
1210 855 1328 909 qua:
1355 840 1593 909 facturus
1624 857 1725 894 non
1760 850 1913 905 esset,
1941 857 2034 911 pro
2064 858 2152 899 ne.

573 936 743 990 scivit.
783 931 1035 988 Similiter
1071 947 1103 983 a
1124 930 1282 983 simili
1310 930 1694 1000 prtedestinavit
1730 947 1857 1002 quos
1887 946 2155 1001 prrepara-

573 1024 645 1077 uit
672 1021 741 1077 ad
766 1022 1009 1092 gratiam.
1049 1016 1095 1069 A
1135 1019 1399 1072 contrario
1439 1020 1821 1088 prtrdestinavit
1858 1019 2042 1089 impios
2083 1019 2153 1072 ad

571 1112 840 1166 interitum
873 1109 952 1164 uel
989 1109 1300 1182 supplicium
1333 1118 1583 1162 wternum
1608 1107 1692 1162 :si
1731 1108 1865 1161 enim
1886 1108 2155 1177 praedesti-

574 1202 684 1258 nati
720 1210 874 1265 sunt,
917 1202 1205 1255 necessario
1245 1199 1522 1270 peribunt,
1581 1213 1858 1268 plenasque
1893 1200 2157 1268 patientur

572 1291 909 1347 inevitabiles.
948 1290 1101 1358 Quod
1123 1293 1170 1345 si
1189 1292 1263 1345 ita
1291 1300 1405 1356 est,
1451 1289 1707 1360 quomodo
1739 1288 1883 1358 juste
1899 1288 2160 1357 judicabi-

572 1394 660 1439 tur
681 1385 908 1439 mundus
933 1424 952 1452 ,
988 1400 1143 1455 quem
1182 1384 1462 1438 necessitas
1510 1382 1978 1453 praedestiuationis
2021 1382 2155 1453 cogit

575 1474 765 1544 perire.

625 1564 696 1619 .3.
733 1562 959 1620 Sanctus
985 1563 1285 1635 Scripturas
1304 1563 1683 1634 prcescientiam
1711 1560 1868 1616 simul
1891 1569 1939 1615 et
1962 1561 2161 1631 prtrde-

571 1659 939 1723 stinationem,
970 1667 1067 1712 aut
1097 1655 1263 1711 solam
1301 1654 1596 1709 absolutam
1629 1654 2157 1725 prwdestinationem,

571 1764 677 1803 non
698 1748 799 1802 nisi
818 1750 873 1802 in
906 1747 973 1802 iis
995 1763 1124 1817 quos
1153 1746 1295 1799 Deus
1321 1744 1471 1815 elegit
1502 1745 1572 1797 ad
1599 1753 1848 1799 mternam
1882 1741 2157 1796 beatitudi-

573 1855 690 1893 nem
710 1838 1098 1909 possidendam,
1120 1837 1449 1891 inveniantur
1475 1836 1725 1904 posuisse.

642 1926 699 1981 4.
737 1925 1044 1997 Apostolum
1078 1925 1460 1996 prrescientiam
1493 1933 1540 1977 et
1569 1921 2076 1993 pra'destinationem
2097 1923 2155 1977 in

573 2015 701 2071 solis
723 2012 944 2080 sanctis;
965 2016 1312 2086 Augustinum
1335 2014 1607 2086 aliquoties
1634 2015 1689 2069 in
1718 2015 1949 2084 reprobis
1984 2031 2017 2068 a
2036 2030 2160 2069 cott-

520 2170 523 2173 _
576 2106 741 2160 trario
771 2108 1026 2176 posuisse.

647 2196 917 2266 Imprimis
953 2195 1099 2265 quod
1138 2194 1301 2259 dicit,
1335 2210 1437 2248 non
1468 2209 1578 2248 esse
1614 2193 1711 2248 Dei
1747 2193 2158 2264 prtcdestinatioo

576 2300 694 2339 nem
727 2285 828 2339 nisi
856 2284 920 2339 de
943 2285 1027 2337 his
1052 2285 1139 2355 qui
1164 2284 1449 2363 prwparati
1476 2292 1596 2337 sunt
1622 2283 1690 2336 ad
1719 2292 1968 2337 wternam
1990 2282 2158 2352 felici-

573 2384 755 2429 tatem.
816 2374 944 2431 Sive
991 2389 1059 2429 ex
1098 2389 1197 2429 suo
1238 2389 1401 2429 sensu
1430 2374 1533 2428 hoc
1559 2372 1776 2433 dixerit,
1803 2372 1916 2427 sive
1943 2372 2011 2427 ab
2033 2371 2155 2428 aliis

576 2466 851 2532 audierit,
901 2481 1001 2521 nos
1030 2474 1211 2520 tamen
1253 2464 1518 2519 veraciter
1555 2463 1759 2518 scimus
1787 2464 1911 2532 quia
1942 2462 2045 2518 iste
2070 2470 2156 2518 est

573 2548 731 2610 errdr
773 2556 1016 2612 moderni
1052 2553 1311 2625 temporis
1349 2555 1487 2626 apud
1531 2553 1825 2625 plurimos,
1874 2554 2000 2607 dum
2045 2566 2152 2607 non

571 2652 768 2715 putant
809 2645 1336 2716 przedestinationem
1382 2644 1517 2709 Dei,
1574 2643 1675 2698 nisi
1707 2643 1760 2697 in
1783 2651 1934 2713 parte
1959 2641 2153 2698 electo-

576 2751 719 2801 rum,
744 2736 797 2791 in
821 2735 1113 2807 Scripturis
1141 2735 1370 2791 inveniri
1400 2752 1414 2789 :
1447 2750 1545 2791 nec
1585 2736 1755 2805 ipsum
1787 2736 2002 2790 beatum
2024 2733 2158 2790 Pau-

578 2826 687 2881 lum
711 2826 1012 2896 apostolum
1036 2826 1088 2880 in
1118 2826 1371 2896 Epistolis
1388 2826 1520 2890 suis,
1545 2826 1647 2880 nisi
1671 2826 1737 2880 de
1760 2825 1886 2880 solis
1908 2825 2157 2882 similiter

576 2918 766 2974 electis
812 2918 1339 2988 praulestinationem
1383 2918 1667 2987 posuisse,
1718 2915 1859 2971 sicut
1903 2924 1959 2972 et
1991 2916 2045 2971 in
2072 2931 2156 2971 se-

584 3010 874 3080 quentibus
899 3009 1049 3064 dicit.
1110 3009 1219 3064 Sed
1244 3008 1690 3077 acquiescendum
1711 3016 1766 3062 et
1798 3007 2157 3063 obediendum

576 3110 665 3156 est
694 3100 969 3155 humiliter
993 3098 1240 3163 veritati;
1278 3107 1333 3152 et
1358 3113 1463 3152 non
1501 3097 1642 3166 quod
1670 3096 1836 3153 semel
1859 3097 2013 3152 nobis
2037 3110 2158 3166 per-

2252 838 2440 905 nobis,
2490 847 2544 894 et
2586 840 2702 895 sine
2746 840 2854 895 ulla
2902 842 3392 896 controversiarum
3445 842 3815 914 disceptatione

2250 928 2577 984 omnimodis
2607 922 2957 999 sequendum.

2322 1015 2505 1071 Primo
2535 1020 2713 1088 itaque
2755 1019 2880 1088 quid
2932 1019 3045 1089 ipse
3091 1017 3416 1091 Apostolus,
3470 1019 3568 1091 qui
3626 1036 3684 1077 se
3708 1022 3817 1079 nihil

2255 1118 2404 1162 extra
2435 1109 2611 1164 dicere
2636 1110 2736 1165 nisi
2760 1125 2878 1180 qua)
2904 1112 3101 1180 scripta
3124 1120 3249 1167 sunt
3274 1113 3325 1167 in
3361 1102 3487 1184 lege
3518 1122 3577 1168 et
3603 1108 3819 1185 proplie-r

2258 1197 2328 1253 tis
2360 1207 2606 1263 testatur,
2634 1200 2701 1255 de
2730 1201 2832 1256 hac
2869 1216 2928 1256 re
2967 1201 3111 1256 dicat
3133 1202 3443 1268 audiamus,
3474 1218 3581 1258 nec
3613 1213 3716 1258 tam
3741 1203 3819 1258 ab-

2257 1292 2427 1358 surdi,
2458 1307 2557 1348 nec
2586 1293 2908 1349 contentiosi
2937 1293 3104 1349 simus
3134 1304 3216 1359 ut,
3236 1295 3326 1349 ubi
3367 1293 3493 1365 ipsa
3521 1310 3634 1358 res,
3665 1295 3716 1349 id
3751 1306 3818 1349 est

2256 1382 2749 1452 praedestinationis
2792 1366 2995 1438 veritas
3023 1391 3264 1452 apparet,
3296 1382 3421 1438 ideo
3451 1397 3715 1454 negemus
3738 1396 3819 1453 pro

2257 1475 2730 1545 praedestinatione
2759 1475 2986 1540 dictum,
3028 1475 3152 1545 quia
3188 1489 3542 1545 nequaquam
3591 1474 3666 1529 ibi
3699 1490 3816 1543 prae-

2261 1565 2638 1620 destinationis
2665 1579 2860 1620 nomen
2889 1564 3121 1635 positum
3150 1564 3467 1620 inveniatur
3503 1581 3520 1617 :
3572 1564 3686 1627 sed.
3726 1563 3819 1618 sive

2260 1666 2416 1711 sonet
2441 1655 2511 1709 ibi
2541 1670 2794 1726 expresse
2814 1655 3237 1726 praedestinatio,
3268 1656 3383 1711 sive
3428 1655 3606 1725 ipsius
3636 1654 3818 1725 prrede-

2263 1744 2571 1799 stinationis
2590 1744 2793 1799 veritas
2825 1744 3130 1799 certissime
3165 1742 3452 1806 clarescat,
3491 1758 3603 1796 una
3644 1751 3696 1796 et
3718 1742 3818 1811 pari

2182 1826 2229 1885 Β
2263 1837 2368 1891 ﬁde
2397 1836 2739 1906 suscipiatur.
2783 1834 2926 1892 Dicit
2965 1836 3148 1905 itaque
3196 1835 3312 1905 ipse
3337 1833 3586 1905 primum
3614 1832 3680 1889 de
3719 1832 3815 1888 sola

2226 1971 2231 1977 .
2260 1928 2733 1999 prtedestinatione
2760 1927 3148 1983 electorum‘ita
3191 1945 3205 1981 :
3240 1926 3384 1981 Nam
3411 1943 3550 1997 quos
3583 1926 3816 1996 prrrscivit

2256 2027 2306 2073 et
2344 2017 2733 2087 praedestinavit
2768 2017 3059 2084 conformes
3102 2016 3219 2086 ﬁeri
3264 2017 3518 2088 imaginis
3560 2014 3690 2070 Filii
3726 2014 3813 2078 sui,

2256 2115 2315 2160 ut
2337 2106 2403 2160 sit
2430 2106 2539 2177 ipse
2589 2107 2959 2178 primogenitus
3002 2106 3058 2161 in
3108 2106 3287 2161 multis
3322 2107 3590 2177 fratribus
3629 2122 3648 2161 :
3694 2106 3816 2172 Quos

2256 2205 2432 2248 autem
2466 2195 2868 2265 prtedestinavit,
2895 2196 2988 2249 hos
3015 2203 3063 2249 et
3107 2196 3345 2261 vocavit;
3374 2206 3425 2250 et
3447 2212 3584 2267 quos
3622 2194 3812 2257 vocat-it,

2256 2288 2353 2342 hos
2382 2297 2431 2343 et
2461 2288 2807 2358 justi/ienuit;
2861 2285 2988 2359 quos
3034 2299 3205 2342 autem
3246 2287 3588 2358 justiﬁcaeit,
3634 2286 3744 2351 illos
3774 2294 3813 2339 et

2256 2364 2609 2450 magniﬁcavit
2659 2377 2831 2451 (Rom.
2860 2393 2979 2443 vui,
3005 2376 3097 2444 29,
3125 2377 3237 2449 50).
3267 2377 3400 2433 Post
3427 2394 3554 2449 quae
3591 2377 3742 2432 verba
3775 2374 3811 2429 si

2257 2470 2393 2525 nihil
2417 2471 2637 2526 omnino
2666 2470 2894 2527 dixisset
2936 2470 3003 2524 de
3046 2479 3200 2539 parte
3236 2471 3625 2540 reproborum,
3674 2468 3810 2523 etiam

2257 2561 2444 2631 utique
2487 2574 2518 2615 e
2556 2560 2831 2616 contrario
2882 2559 3180 2630 intelligere
3209 2560 3577 2617 debueramus
3602 2559 3723 2629 quid
3759 2557 3813 2610 de

2258 2649 2339 2705 eis
2365 2658 2511 2706 esset
2537 2650 2898 2715 sentiendum,
2938 2649 3205 2715 videlicet,
3260 2658 3317 2703 ut
3357 2664 3427 2705 ex
3487 2647 3811 2720 praedestina-

2259 2740 2409 2796 tione
2442 2741 2736 2796 electorum
2789 2739 2857 2795 ad
2917 2739 3141 2811 gloriam
3196 2754 3618 2811 agnosceremus
3671 2738 3810 2793 etiam

2263 2830 2791 2900 pmdestinationem
2840 2842 2960 2886 esse
3004 2830 3354 2900 reproborum
3388 2830 3461 2885 ad
3487 2843 3714 2900 pinnam.
3739 2824 3809 2879 Si-

2258 2928 2353 2976 cut
2378 2931 2433 2977 et
2458 2922 2511 2976 in
2534 2921 2777 2997 symbolo
2808 2922 3178 2977 tantummodo
3197 2922 3362 2976 vitam
3382 2931 3669 2984 aeternam,
3688 2917 3808 2990 quod

2264 3022 2348 3067 est
2378 3013 2657 3082 praemium
2684 3021 2992 3067 sanctorum
3046 3012 3288 3067 videmur
3330 3012 3611 3075 conﬁteri;
3655 3019 3708 3066 et
3738 3018 3805 3062 ta-

2264 3116 2387 3157 men
2416 3116 2448 3157 e
2476 3102 2752 3157 contrario
2795 3101 3045 3157 similiter
3087 3101 3453 3159 indubitanter
3512 3103 3725 3159 credere
3764 3105 3810 3153 et

577 3198 799 3246 suasum
846 3198 960 3255 est,
1005 3189 1339 3245 contentiosa
1374 3187 1760 3243 defendendum
1784 3225 1798 3250 ,
1846 3187 1941 3241 sed
1976 3186 2157 3256 potius
2184 3169 2230 3233 Ο
2265 3192 2561 3263 intelligere
2582 3193 2839 3248 debemus
2861 3201 3087 3248 mortem
3109 3203 3389 3258 :eternam,
3409 3194 3559 3264 quod
3584 3191 3808 3248 estdata—

578 3282 858 3352 Scriptura
880 3289 1067 3337 sancta
1089 3279 1393 3348 diligentius
1420 3279 1823 3349 perscrutanda,
1848 3294 1953 3334 non
1984 3277 2158 3333 solum

582 3372 902 3443 apostolica,
934 3371 1027 3426 sed
1053 3370 1218 3433 etiam
1244 3368 1576 3440 prophetica,
1603 3383 1667 3424 ex
1691 3384 1795 3438 qua
1819 3368 1997 3424 omnis
2029 3382 2159 3438 apo-

583 3465 775 3520 stolica
796 3464 1090 3519 auctoritas
1111 3461 1405 3517 descendit.
1441 3460 1595 3517 Sicut
1617 3461 1729 3531 ipse
1748 3461 1936 3516 beatus
1960 3460 2160 3516 Paulus

582 3554 770 3609 statim
798 3553 851 3609 in
879 3552 1145 3622 principio
1184 3550 1435 3621 Epistolze
1479 3550 1548 3605 ad
1586 3550 1859 3605 Romanos
1883 3550 2160 3605 evidenter

584 3642 844 3705 declarat,
891 3650 1217 3713 segregatum
1269 3656 1328 3697 se
1371 3657 1491 3698 esse
1530 3642 1715 3698 dicens
1740 3642 1793 3696 in
1818 3640 2159 3712 Evangelium

580 3733 702 3798 Dei,
732 3732 870 3804 quod
893 3741 1013 3786 ante
1041 3734 1352 3803 promiserat
1372 3749 1465 3803 per
1490 3734 1762 3803 prophetas
1795 3749 1917 3787 suos
1938 3733 1993 3786 in
2014 3732 2163 3789 Scri-

581 3824 751 3896 pturis
793 3824 991 3878 sanctis
1033 3821 1206 3892 (Rom.
1237 3837 1276 3888 I,
1317 3822 1392 3895 l).
1432 3822 1499 3877 Et
1521 3823 1575 3877 in
1620 3822 1726 3877 ﬁne
1763 3822 2001 3893 ejusdem
2037 3820 2163 3889 Epi-

580 3914 735 3971 stolte
762 3928 923 3969 omne
947 3913 1261 3984 mysterium
1292 3912 1615 3984 evangelicae
1643 3914 2039 3982 praedicationis
2061 3954 2076 3977 ,
2104 3913 2160 3968 in

583 4020 691 4074 qua
714 4014 798 4058 est
819 4005 983 4058 etiam
1012 4002 1492 4073 profundissimam
1528 4005 1842 4074 mysterium
1869 4005 2160 4074 praescion-

583 4095 673 4148 tia:
698 4103 754 4147 et
776 4093 1265 4161 praedestinationis
1292 4093 1409 4159 Dei,
1429 4108 1527 4163 per
1553 4094 1862 4164 Scripturas
1887 4095 2163 4165 propheti-

582 4200 676 4239 cas
716 4183 1002 4238 conﬁrmat
1037 4197 1157 4239 esse
1183 4182 1498 4252 revelatum,
1550 4186 1623 4240 ita
1649 4187 1867 4241 dicens:
1901 4185 1968 4240 Ei
1991 4198 2162 4240 autem

580 4278 675 4351 qui
702 4290 880 4349 potens
919 4287 993 4332 est
1021 4294 1108 4331 vos
1132 4276 1460 4347 conﬁrmare,
1502 4280 1786 4333 secundum
1824 4280 2162 4351 Evangelium

582 4386 780 4434 meum,
804 4381 851 4424 et
877 4368 1299 4440 praedicationem
1327 4369 1453 4423 Iesu
1475 4368 1690 4435 Christi,
1713 4372 1995 4425 secundum
2025 4356 2165 4427 rere-

584 4459 832 4514 lationem
852 4459 1085 4530 mysterii
1104 4459 1312 4513 (uternis
1334 4461 1646 4528 temporibus
1666 4460 1841 4524 taciti,
1864 4461 2002 4531 quod
2024 4478 2160 4516 nunc

2262 3282 2415 3337 natio
2438 3282 2762 3353 iniquorum.
2794 3282 2947 3338 Hanc
2973 3283 3118 3338 enim
3143 3283 3379 3354 regulam
3419 3280 3739 3354 intelligendi
3764 3278 3806 3332 in

2263 3370 2561 3443 Scripturis
2598 3371 2714 3442 ipse
2751 3387 2853 3427 nos
2878 3372 3165 3442 Apostolus
3188 3373 3368 3440 docet,
3399 3376 3495 3444 qui
3520 3389 3640 3431 cum
3663 3370 3806 3426 dixiso

2262 3468 2368 3524 set,
2393 3462 2460 3516 de
2484 3460 2879 3516 resurrectione
2930 3461 3213 3531 disputans
3255 3475 3270 3515 :
3306 3460 3613 3518 Seminatur
3648 3472 3807 3527 corpus

2262 3550 2512 3616 animale,
2542 3561 2717 3622 surget
2736 3568 2921 3622 corpus
2947 3552 3222 3622 spirituale
3253 3553 3301 3625 (Ι
3339 3552 3466 3608 Cor.
3495 3570 3586 3619 xv,
3614 3552 3718 3614 44),
3751 3562 3806 3604 ne

2263 3640 2382 3696 sine
2408 3642 2731 3697 auctoritate
2758 3640 3051 3712 Scriptura:
3078 3642 3357 3712 Spirituale
3393 3658 3595 3716 corpus
3634 3640 3807 3695 dixisse

2264 3732 2562 3798 videretur,
2597 3734 2781 3787 statim
2807 3734 2947 3802 quod
2966 3747 2997 3788 e
3028 3734 3303 3788 contrario
3343 3735 3614 3790 veraciter
3648 3725 3809 3785 intelli-

2266 3823 2495 3892 gendum
2525 3831 2667 3877 esset
2695 3822 2957 3893 adiunxit,
2993 3821 3179 3878 dicens
3222 3841 3237 3877 :
3287 3821 3353 3878 Si
3378 3832 3454 3877 est
3483 3838 3663 3893 corpus
3713 3815 3807 3871 atti-

2263 3913 2406 3971 male.
2432 3923 2479 3967 et
2529 3913 2801 3983 spirituale
2856 3912 3064 3985 (lbid.).
3123 3913 3193 3968 Et
3243 3914 3501 3971 continuo
3555 3920 3809 3979 utrumque

2263 4006 2591 4059 conﬁrmans
2631 4004 2782 4073 ponit
2829 4004 3195 4060 testimonium
3230 4003 3549 4076 Scriptum,
3581 4012 3637 4059 et
3659 3998 3803 4057 dicit:

2267 4094 2415 4151 Sicut
2456 4098 2709 4167 scriptum
2747 4106 2855 4163 est,
2905 4095 3076 4165 factus
3105 4104 3181 4151 est
3232 4097 3432 4165 primus
3466 4100 3622 4152 homo
3667 4091 3807 4147 Adam

2264 4187 2320 4240 in
2343 4187 2575 4240 animant
2596 4186 2875 4241 virentem:
2902 4187 3210 4241 novissimus
3237 4187 3407 4240 Adam
3429 4189 3487 4240 in
3508 4185 3731 4257 spiritum
3747 4177 3805 4230 εἰ·

2263 4277 2556 4345 uiﬁcantem
2573 4276 2746 4347 (ibid.,
2762 4276 2878 4345 45).
2893 4276 3157 4341 Similiter
3174 4286 3229 4331 et
3244 4277 3372 4331 illud
3395 4280 3580 4347 utique
3599 4266 3807 4336 intelligi-

2266 4373 2354 4418 tur
2376 4364 2539 4433 quod,
2570 4378 2692 4419 cum
2720 4363 2862 4420 Deus
2885 4364 3061 4433 primo
3088 4365 3291 4419 homini
3318 4366 3546 4420 dixisset
3574 4382 3588 4416 :
3642 4360 3713 4413 Ds
3749 4355 3803 4406 liv

2266 4472 2366 4526 gno
2406 4455 2637 4509 scientia:
2676 4454 2795 4509 boui
2838 4464 2886 4509 et
2936 4454 3065 4507 ntali
3109 4470 3171 4508 ne
3214 4459 3489 4519 comedas;
3539 4457 3805 4520 quocum“

584 4522 929 4620 patefactumv
955 4558 1030 4604 est
1094 4564 1188 4619 per
1247 4522 1545 4618 Scripturas
1611 4522 2014 4618 Prophetarum,
2049 4557 2156 4604 etc.
2186 4522 2238 4582 D
2263 4522 2348 4599 die
2375 4545 2660 4599 comederis
2692 4561 2758 4599 ea:
2799 4560 2882 4608 eo,
2921 4554 3086 4599 morte
3127 4544 3366 4599 morieris
3412 4545 3566 4617 (Gen.
3613 4558 3668 4605 tt,
3712 4534 3800 4605 l7)-

586 4640 769 4712 (Ram.
786 4657 895 4703 xvi,
909 4641 1005 4705 25,
1020 4640 1134 4711 26).
1152 4640 1393 4711 Itemque
1416 4640 1467 4694 in
1488 4639 1709 4695 Actibus
1722 4640 2078 4708 apostolorum
2095 4643 2161 4698 de

588 4733 767 4801 seipso
814 4732 1052 4799 loquitur
1093 4731 1321 4786 dicens:
1360 4728 1533 4801 Usque
1574 4732 1631 4785 in
1665 4730 1973 4786 hodiernum
2022 4734 2163 4788 diem

590 4833 671 4879 sto
695 4824 975 4892 testiﬁcaris
996 4823 1208 4882 minori.
1234 4833 1387 4891 atque
1409 4821 1620 4891 majori,
1647 4819 1774 4874 nihil
1792 4830 1939 4876 extra
1963 4818 2160 4889 dicens,

589 4931 750 4987 quam
792 4930 853 4968 ea
899 4929 1016 4985 qua:
1060 4912 1335 4982 Propheta:
1372 4922 1491 4967 sunt
1532 4910 1691 4965 locuti
1734 4911 1915 4981 futura
1956 4930 2084 4979 esse,
2115 4922 2166 4968 et

595 5007 804 5076 Moyses
842 5003 991 5077 (Act.
1020 5019 1169 5063 xxvr,
1196 5002 1328 5075 22).
1384 5003 1516 5057 Cum
1564 5016 1703 5073 ergo
1738 5003 2167 5077 ipseApostolus

594 5074 862 5151 osténdatl
891 5104 1054 5164 atque
1089 5093 1374 5148 conﬁrmet
1416 5093 1468 5147 in
1498 5092 1626 5147 illud
1655 5074 2002 5164 Evangelium
2048 5090 2166 5160 Dei,

595 5186 740 5257 quod
772 5194 896 5239 ante
920 5183 1169 5255 promisit
1194 5198 1292 5252 per
1322 5183 1608 5253 prophetas
1635 5198 1761 5239 suos
1791 5185 1845 5238 in
1873 5183 2170 5254 Scripturis

597 5276 806 5333 sanctis
859 5290 918 5330 se
961 5282 1328 5344 segregatum,
1372 5282 1428 5328 et
1472 5288 1632 5329 omne
1678 5274 1807 5328 illud
1856 5274 2168 5344 mysterium

595 5367 742 5439 quod
765 5364 1100 5437 evangelizat
1129 5379 1226 5434 per
1259 5364 1565 5435 Scripturas
1590 5365 1975 5434 pr0phctarum
2007 5372 2171 5417 trste-

600 5468 691 5513 tur
714 5456 1073 5527 patefactum,
1101 5456 1340 5525 nihilque
1365 5472 1423 5511 se
1451 5466 1607 5511 extra
1638 5456 1836 5520 dicere,
1865 5470 2024 5523 quam
2052 5450 2171 5524 qua:

599 5547 800 5615 scripta
829 5554 955 5601 sunt
1000 5546 1055 5600 in
1100 5547 1214 5617 lege
1258 5554 1314 5601 et
1361 5545 1674 5615 prophetis,
1704 5544 2050 5599 manifestum
2090 5555 2173 5601 est

603 5636 762 5704 hujus
792 5637 902 5700 rei,
942 5634 994 5690 id
1020 5644 1105 5691 est
1137 5635 1333 5691 divina:
1369 5636 1718 5703 pt-zescientue
1748 5646 1804 5688 et
1825 5636 2171 5703 prtedestina-

602 5726 796 5795 tionis,
826 5724 1160 5782 altitudinem
1202 5740 1311 5781 non
1352 5723 1524 5779 solum
1569 5725 1621 5779 in
1670 5724 1954 5795 Apostolo,
1986 5742 2075 5797 qui
2105 5742 2173 5782 ex

2266 4633 2464 4704 Utique
2504 4634 2833 4690 inobcdienti
2894 4634 3254 4689 comminatus
3304 4643 3391 4691 est
3439 4644 3690 4695 mortem;
3728 4624 3805 4682 sed

2266 4726 2506 4795 nunquid
2535 4741 2639 4780 non
2665 4726 2910 4797 agnoscit
2938 4725 3073 4782 ﬁdes
3100 4726 3231 4796 quid
3262 4740 3296 4782 e
3318 4728 3588 4782 contrario
3607 4719 3803 4778 sentien-

2267 4817 2392 4872 dum
2422 4817 2529 4883 sit;
2563 4816 2617 4870 id
2662 4824 2745 4871 est
2773 4817 2917 4886 quod
2949 4816 3217 4872 obedienti
3242 4803 3804 4887 praeparaveritvitam‘l

2266 4904 2398 4961 Item
2423 4921 2546 4960 cum
2561 4904 2798 4975 loquitur
2822 4906 2962 4961 Deus
2986 4905 3053 4959 ad
3069 4907 3345 4961 Abraham
3369 4925 3382 4960 :
3405 4904 3666 4963 Masculus
3676 4895 3803 4967 cujus

2268 5000 2509 5070 prarputii
2528 5016 2653 5054 caro
2685 5016 2787 5054 non
2810 5000 2969 5069 fuerit
2993 4999 3301 5054 circumcisa
3328 5010 3509 5056 octava
3530 5000 3630 5062 die,
3650 4986 3802 5065 peribit

2269 5090 2447 5161 anima
2468 5089 2561 5143 illa
2593 5091 2657 5144 de
2677 5090 2879 5160 populis
2904 5092 3015 5144 suis
3039 5103 3057 5141 :
3080 5091 3204 5163 quia
3227 5100 3438 5161 pactum
3450 5105 3616 5145 meum
3630 5082 3802 5138 irritata!

2269 5179 2389 5250 fecit
2418 5177 2569 5252 (Gen.
2601 5196 2732 5242 xvu,
2761 5179 2868 5252 14).
2888 5180 3228 5236 Manifestum
3244 5189 3328 5235 est
3344 5178 3632 5235 masculum
3651 5174 3797 5227 istum.

2270 5272 2362 5341 qui
2388 5286 2495 5325 non
2537 5281 2621 5325 est
2658 5280 2850 5325 octava
2899 5273 2986 5326 die
3028 5272 3399 5339 circumcisus,
3445 5270 3720 5341 periturum
3748 5256 3802 5309 de

2272 5360 2483 5430 populis
2513 5360 2642 5422 suis,
2682 5362 2807 5430 quia
2853 5371 3071 5431 pactum
3118 5362 3214 5416 Dei
3259 5361 3473 5415 irritum
3520 5345 3798 5414 fecit:N0|l

2273 5452 2459 5521 υιίίιιιθ
2485 5451 2539 5506 in
2570 5461 2724 5507 utero
2761 5463 3030 5517 materno,
3060 5468 3159 5507 nec
3185 5453 3237 5506 in
3269 5452 3355 5506 illa
3388 5462 3497 5507 tam
3528 5436 3799 5505 rccentitil'

2271 5543 2461 5605 l'antia,
2490 5544 2705 5612 quando
2732 5544 2935 5614 aliquid
2964 5545 3163 5599 bonum
3194 5552 3287 5598 aut
3308 5544 3513 5597 malum
3543 5537 3797 5597 ηυιιειωυε

2274 5649 2432 5707 agere
2470 5635 2663 5705 potuit,
2705 5636 2798 5691 sed
2829 5637 3013 5704 utique
3050 5635 3102 5689 in
3142 5636 3414 5705 paradiso,
3454 5634 3508 5687 iu
3530 5620 3798 5703 prmfiﬂ’

2272 5730 2412 5782 tione
2432 5728 2582 5793 Λάαν,
2613 5729 2666 5781 in
2701 5745 2802 5797 quo
2842 5742 3042 5795 onmes,
3069 5730 3207 5784 sicut
3229 5727 3515 5798 Apostolus
3548 5720 3675 5782 dicili
3699 5707 3795 5783 ριῖ²
