4050 6302
285 377 386 435 163

1263 377 1462 434 LlBEll
1500 377 1867 434 ADVERSUS
1903 377 2217 435 JOANNEM
2257 379 2555 440 SCOTUM.

3438 391 3541 449 166

277 500 528 547 cauerunt
563 487 741 562 (Rom.
777 503 833 557 ν,
857 490 945 560 l2)
967 507 982 556 ;
1008 490 1099 563 qui
1127 505 1194 546 ex
1233 491 1320 546 Illa
1364 492 1614 546 damnata
1656 491 1864 561 origine
1892 493 1937 550 A
1967 490 2202 547 divinam
2233 495 2765 564 przedestinationem
2788 499 3227 559 manifestissime
3245 514 3539 563 ostensam:

278 584 636 640 descendunt.
665 582 820 639 Sicut
845 599 974 655 ergo
1015 584 1116 638 iste
1164 592 1352 638 octava
1381 568 1468 637 die
1506 584 1727 638 minime
1753 584 1860 639 cir—

277 676 580 740 cumcisus,
615 674 898 730 manifeste
931 675 1206 744 periturus
1241 674 1590 728 denuntiatur
1619 676 1690 729 ob
1741 690 1862 730 rea-

278 779 396 823 tum
424 767 613 838 prima!
637 767 1116 836 przevarieationis,
1145 767 1217 820 ita
1251 781 1283 820 e
1316 765 1588 820 contrario
1631 765 1861 821 ﬁdeliter

279 859 689 931 intelligendum
721 869 804 914 est
825 875 949 914 eum
973 861 1063 930 qui
1103 860 1208 915 rite
1237 867 1294 915 et
1323 859 1560 930 legitime
1585 867 1730 914 esset
1751 858 1861 913 cir—

275 951 576 1016 cumcisus,
606 951 674 1003 ab
696 949 787 1004 illo
811 957 963 1003 reatu
993 949 1397 1004 absolvendum.

352 1043 480 1098 Hmc
533 1041 764 1097 diximus
818 1049 876 1095 ut
929 1039 1215 1095 manifeste
1287 1039 1642 1111 intelligamus
1693 1038 1856 1109 quod,

276 1135 498 1189 etiamsi
525 1133 813 1203 Apostolus
842 1133 894 1187 in
950 1131 1037 1187 illa
1080 1132 1570 1203 prtedestinationis
1616 1132 1858 1202 disputa-

277 1229 432 1282 tione
459 1229 526 1282 de
562 1226 915 1297 reproborum
946 1234 1100 1296 parte
1127 1226 1425 1290 tacuisset,
1460 1225 1734 1280 debuisset
1780 1233 1862 1279 ta-

276 1335 408 1373 men
436 1319 568 1374 ﬁdes
596 1326 802 1382 nostra,
833 1318 964 1388 quid
991 1320 1056 1374 de
1101 1319 1183 1374 eis
1226 1321 1567 1375 sentiendum
1623 1329 1798 1384 esset,
1830 1335 1862 1374 e

279 1408 560 1464 contrario
616 1409 899 1464 advertere
938 1418 992 1464 et
1035 1399 1369 1480 intelliger'e;
1411 1410 1503 1464 sed
1547 1425 1652 1465 non
1696 1418 1858 1474 tacet,

277 1517 407 1556 cum
433 1502 613 1555 statim
635 1509 756 1571 post
769 1501 1002 1570 aliquam
1027 1510 1082 1556 et
1101 1502 1416 1563 electorum.
1431 1510 1484 1556 et
1509 1503 1860 1570 reproborum

275 1593 714 1658 similitudinem,
733 1592 891 1650 simul
914 1610 1119 1663 ponens
1151 1595 1203 1648 in
1235 1594 1441 1648 duobus
1461 1595 1689 1665 geminis
1711 1594 1862 1649 Isaac

276 1690 340 1737 et
377 1683 637 1738 Rebecca:
676 1685 749 1739 ita
797 1681 1096 1754 adjungat:
1137 1682 1268 1737 Cum
1292 1684 1445 1738 'enim
1491 1685 1708 1737 necdum
1753 1685 1863 1738 nati

277 1784 474 1838 essent,
505 1783 596 1829 aut
624 1774 824 1845 aliquid
851 1775 1072 1844 egissent
1103 1774 1290 1828 bonum
1320 1784 1410 1828 aut
1451 1774 1645 1827 malum
1678 1775 1756 1845 (ut
1782 1791 1864 1830 se-

277 1866 515 1919 cundum
541 1864 840 1919 electionem
870 1864 1193 1934 propositum
1223 1863 1317 1917 Dei
1361 1864 1633 1926 maneret),
1659 1880 1762 1917 non
1796 1879 1862 1917 ea:

278 1955 546 2024 aperibus,
572 1955 663 2008 sed
691 1972 756 2009 ea:
794 1965 1006 2009 vocante
1026 1956 1218 2008 dictum
1245 1965 1317 2008 est
1344 1971 1362 2010 :
1393 1954 1529 2020 Quia
1555 1955 1725 2024 major
1748 1970 1864 2008 ser—

279 2059 382 2101 viet
417 2047 628 2110 minori,
655 2046 786 2099 sicut
828 2047 1076 2114 scriptum
1123 2055 1197 2099 est
1226 2058 1244 2096 :
1273 2045 1439 2098 Iacob
1493 2043 1674 2109 dilexi,
1717 2043 1861 2098 Esau

277 2148 458 2191 autem
483 2138 602 2190 odio
623 2137 784 2190 habui
813 2134 984 2208 (Rom.
1013 2153 1088 2201 tx,
1127 2138 1209 2200 ll,
1240 2137 1324 2198 l2,
1352 2135 1448 2200 l3;
1481 2134 1614 2189 Mal.
1640 2152 1680 2199 ι,
1706 2137 1756 2200 1,
1779 2133 1860 2206 2).

278 2226 564 2282 Manifeste
596 2227 758 2297 igitur
788 2227 840 2281 in
869 2227 971 2281 hoc
997 2227 1264 2297 exemplo,
1287 2235 1343 2282 et
1372 2227 1424 2280 in
1447 2223 1631 2290 Jacob,
1660 2228 1863 2296 absque

279 2316 410 2371 ullis
450 2317 658 2371 meritis
695 2316 894 2371 dilecto
920 2328 976 2371 et
1002 2318 1192 2382 electo,
1249 2318 1338 2387 qui
1371 2317 1620 2371 similiter
1649 2317 1865 2372 teneba-

280 2414 375 2460 tur
397 2406 674 2477 originalis
699 2408 904 2476 peccati
934 2406 1218 2471 obnoxius,
1235 2415 1295 2460 ut
1319 2405 1484 2461 frater
1504 2417 1558 2460 et
1583 2421 1649 2460 ex
1673 2407 1863 2461 eadem

280 2499 536 2552 veniebat
573 2513 750 2553 massa
799 2498 856 2551 in
901 2497 1075 2552 Adam
1119 2498 1392 2558 damnata,
1444 2495 1715 2552 declarata
1779 2505 1866 2552 est

278 2590 681 2659 praedestinatio
707 2589 1002 2644 electorum
1032 2590 1100 2644 ad
1152 2590 1339 2645 vitam.
1381 2589 1440 2643 In
1483 2589 1623 2644 Esau
1681 2599 1862 2645 autent

279 2680 402 2734 solo
431 2680 708 2751 originalis
732 2681 937 2751 peccati
978 2691 1130 2736 reatu
1177 2683 1304 2737 odio
1349 2682 1558 2748 habito,
1585 2683 1866 2752 praedesti-

283 2771 436 2825 natio
465 2771 813 2839 reproborum
845 2771 910 2826 ad
942 2772 1244 2826 interitum.
1299 2771 1430 2826 Tale
1479 2780 1587 2836 est,
1618 2781 1670 2825 et
1723 2772 1866 2839 quod

283 2871 409 2932 post
444 2861 718 2930 paululum
753 2862 821 2916 de
866 2873 1094 2932 utraque
1125 2872 1280 2933 parte
1309 2862 1687 2932 subjungitur:
1721 2861 1863 2932 Ergo

276 2955 439 3023 cujus
473 2953 581 3008 vult
623 2955 917 3020 miseretur,
938 2964 987 3010 et
1008 2973 1159 3025 quem
1189 2956 1293 3010 vult
1331 2957 1547 3036 indura}
1577 2955 1755 3025 (Rom.
1785 2970 1862 3020 tx,

285 3046 400 3113 18).
435 3045 505 3099 Et
533 3046 675 3114 quod
699 3045 891 3101 deinde
916 3045 1066 3101 addit
1095 3065 1108 3100 :
1137 3047 1325 3101 Annon
1365 3049 1516 3102 habet
1559 3057 1864 3117 potestatem

281 3134 480 3204 ﬁgulus
502 3134 599 3188 luti
627 3151 690 3190 ex
715 3137 896 3190 eadem
929 3153 1104 3191 massa
1133 3137 1304 3206 facere
1333 3138 1477 3191 aliud
1519 3141 1726 3208 quidem
1771 3156 1864 3192 ras

1895 1838 1937 1897 Β

1964 583 2088 637 dum
2115 591 2170 638 et
2195 585 2349 640 electi
2385 588 2532 641 nullo
2555 603 2654 643 suo
2684 592 2902 656 merito,
2926 595 3017 647 sed
3049 596 3160 648 sola
3187 596 3280 651 Dei
3303 598 3542 656 bonitate

1961 676 2411 742 pnedestinantur
2439 681 2507 734 ad
2528 681 2727 748 vitam;
2777 692 2833 738 et
2861 685 3072 753 reprobi
3107 685 3250 741 nullo
3281 688 3372 744 Dei
3401 705 3543 759 prm-

1956 765 2187 834 judicio,
2219 770 2315 824 sed
2343 771 2459 825 solo
2488 787 2587 827 suo
2625 773 2707 828 vel
2732 775 2978 846 originali
3010 779 3094 832 vel
3121 780 3317 835 actuali
3345 781 3543 836 merito

1961 859 2424 926 praedestinantur
2455 862 2521 914 ad
2544 863 2848 929 interitum,
2878 881 2979 921 nec
3007 869 3086 922 eis
3115 869 3291 924 divina
3338 871 3543 940 praede-

1961 949 2180 1002 stinatio
2210 951 2585 1007 necessitatem
2649 957 2906 1024 pereundi
2963 958 3207 1028 imponit,
3251 960 3390 1014 sicut
3440 975 3543 1014 nec

1961 1039 2333 1093 necessitatem
2356 1043 2632 1110 peccandi,
2649 1044 2739 1098 sed
2762 1048 3135 1102 necessitatem
3161 1052 3539 1106 tantummodo

1955 1125 2099 1196 justa
2127 1129 2384 1197 supplicia
2416 1132 2650 1200 patiendi
2685 1148 2697 1186 :
2730 1135 2892 1202 utqui
2916 1136 3192 1190 voluntate
3214 1146 3537 1205 permanent

1961 1220 2015 1274 in
2045 1223 2300 1288 peccatis,
2335 1223 2655 1278 necessitate
2682 1225 2993 1279 crucientur
3022 1227 3074 1280 in
3123 1227 3317 1296 pinnis.

2030 1310 2107 1365 Ita
2140 1311 2350 1366 etiamsi
2377 1322 2523 1367 tanta
2551 1312 2638 1366 illa
2665 1314 2904 1382 Apostoli
2936 1317 3000 1369 de
3029 1316 3130 1370 hac
3160 1331 3217 1369 re
3244 1317 3539 1387 disputatio

1959 1416 2026 1456 ex
2085 1403 2186 1456 hoc
2235 1401 2353 1457 loco
2406 1417 2578 1473 usque
2630 1405 2696 1458 ad
2747 1405 2929 1469 ﬁnem,
2971 1406 3060 1460 ubi
3106 1407 3182 1459 ait
3224 1424 3238 1459 :
3278 1404 3544 1461 Concinsit

1961 1495 2098 1548 enim
2131 1493 2270 1547 Deus
2294 1496 2468 1548 omnia
2493 1496 2548 1548 in
2592 1495 2976 1561 incredulitate,
3009 1505 3066 1549 ut
3106 1497 3337 1550 omnium
3381 1498 3542 1550 mise-

1963 1597 2143 1641 reatur
2183 1586 2354 1658 (liam.
2388 1605 2465 1651 χι,
2496 1589 2586 1658 52)
2618 1607 2630 1642 :
2663 1589 2968 1660 diligenter,
3001 1599 3054 1645 et
3095 1591 3324 1646 ﬁdeliter
3363 1593 3544 1646 consi-

1963 1681 2202 1745 deretur,
2225 1680 2293 1734 de
2323 1683 2604 1750 utriusque
2639 1683 2808 1752 partis
2837 1683 3331 1752 prmdestinatione,
3357 1684 3469 1738 sive
3490 1684 3544 1737 itt

1963 1787 2074 1825 uno
2109 1772 2305 1841 populo
2339 1771 2644 1827 Judmorunt
2682 1774 2735 1826 itt
2787 1774 2902 1838 his,
2940 1775 3031 1844 qui
3075 1775 3354 1840 excmcati,
3388 1786 3442 1829 et
3491 1776 3544 1828 itt

1966 1859 2050 1913 his
2081 1861 2171 1929 qui
2203 1862 2499 1914 secundant
2531 1861 2849 1915 electionem
2883 1865 3070 1932 gratim
3099 1864 3294 1918 salvari
3336 1880 3545 1918 merue-

1965 1957 2128 2015 runt;
2178 1949 2291 2004 sive
2319 1951 2370 2004 itt
2399 1961 2649 2020 utroque,
2674 1953 2725 2005 id
2749 1962 2832 2006 est
2851 1952 3156 2008 Jndmorum
3184 1965 3239 2008 et
3267 1954 3544 2018 Gentium,

1963 2040 2088 2093 dum
2121 2040 2193 2094 illi
2229 2050 2482 2109 tanquam
2510 2042 2787 2096 naturales
2821 2045 2954 2097 rami
2982 2042 3134 2099 fracti
3163 2053 3318 2099 sunt:
3360 2054 3414 2099 et
3448 2047 3537 2100 isti

1964 2139 2219 2200 tanquam
2278 2132 2498 2186 oleaster
2549 2134 2603 2186 in
2648 2136 2834 2186 bonam
2885 2135 3076 2188 olivam
3113 2135 3297 2189 inserti
3345 2135 3547 2206 (Ibid.,

1963 2222 2084 2290 l7),
2116 2223 2484 2280 indubitanter
2524 2239 2648 2278 eum
2696 2225 2934 2280 inveniet
2982 2235 3036 2281 et
3082 2228 3195 2283 suis
3238 2229 3443 2293 verbis,
3491 2239 3548 2283 et

1964 2313 2201 2367 maxime
2229 2315 2552 2368 testimoniis
2579 2316 2906 2384 propheticis
2933 2318 3316 2388 disputantem.
3349 2321 3404 2373 In
3429 2321 3521 2390 qui

1964 2407 2064 2460 bus
2095 2416 2272 2460 tanten
2302 2408 2634 2477 propheticis
2661 2409 3010 2475 testimoniis,
3027 2423 3147 2482 quae
3176 2413 3332 2467 nobis
3356 2413 3546 2467 beatus

1962 2497 2250 2568 Apostolus
2297 2507 2444 2552 tanta
2495 2501 2816 2554 auctoritate
2843 2503 3142 2570 proposuit,
3167 2512 3226 2556 ut
3255 2502 3392 2556 nihil
3422 2517 3545 2556 out-

1964 2588 2093 2642 nino
2121 2587 2188 2642 de
2218 2587 2376 2657 hujus
2399 2588 2502 2652 rei,
2530 2587 2581 2642 id
2628 2598 2732 2652 est,
2758 2590 2953 2645 divina:
2994 2591 3048 2647 in
3095 2601 3377 2660 utramque
3397 2599 3548 2661 ’νειμ

1967 2685 2078 2732 teut
2123 2677 2616 2745 praedestinationis
2666 2678 3055 2748 profunditate,
3112 2691 3171 2737 et
3217 2683 3548 2737 obscuritate

1967 2768 2073 2824 nisi
2115 2784 2183 2823 ex
2228 2783 2416 2823 eorum
2467 2769 2742 2836 ﬁrmitate,
2795 2780 2850 2826 ct
2912 2773 3148 2828 evidenti
3206 2776 3549 2830 attestationc

1969 2861 2165 2915 docere
2193 2860 2444 2915 voluerit.
2479 2859 2614 2914 lllud
2646 2862 2914 2931 praecipue
2938 2864 3086 2917 omni
3114 2864 3334 2935 pietatis
3363 2867 3545 2920 consi-

1970 2951 2250 3006 derationc
2277 2950 2663 3006 attendendum
2691 2959 2775 3006 est
2829 2953 2970 3021 quod
3008 2969 3130 3008 cum
3177 2970 3442 3024 nusquam
3494 2957 3548 3010 itt

1967 3041 2049 3095 eis
2078 3054 2334 3111 expresse
2357 3048 2412 3094 et
2437 3041 2653 3109 proprie
2691 3041 2913 3095 verbum
2942 3042 3434 3111 prtedestinalionis
3458 3061 3550 3099 so-

1971 3141 2092 3194 net;
2127 3141 2305 3185 tamen
2345 3132 2468 3200 quia
2503 3133 2632 3201 ipsa:
2655 3146 2743 3186 res
2772 3131 2838 3185 ad
2878 3139 3164 3202 utramque
3201 3136 3552 3202 praedestina-

365 3225 616 3278 honorem
635 3265 652 3291 ,
691 3225 837 3279 aliud
868 3243 984 3280 vero
1025 3198 1475 3297 inlcontnmeliam
1514 3198 1704 3299 ('lbid.,
1738 3228 1864 3300 2|);
1895 3198 1940 3261 Ο
1974 3223 2172 3277 tionem
2195 3198 3010 3291 pertinentesmanifestissimae
3032 3198 3314 3292 apparent,
3345 3233 3402 3278 et
3430 3226 3546 3279 evi-

284 3315 354 3369 de
383 3315 579 3384 quibus
603 3316 748 3370 vasis
784 3316 1006 3371 honoris
1038 3326 1094 3372 et
1141 3318 1481 3372 contumeliae
1525 3319 1709 3373 statim
1747 3321 1871 3374 sub-

279 3405 463 3475 jungit
495 3423 509 3459 :
540 3404 692 3470 Quod
717 3406 765 3459 si
795 3406 964 3462 volens
987 3407 1128 3461 Deus
1144 3409 1411 3463 ostendere
1430 3409 1587 3474 iram,
1610 3420 1656 3463 et
1694 3419 1868 3466 notam

289 3494 772 3575 facerepotentiam
803 3513 954 3550 suam
1006 3498 1251 3552 sustinuit
1301 3499 1356 3552 in
1403 3499 1568 3553 multa
1620 3502 1871 3570 patientia

284 3603 414 3640 vasa
447 3588 542 3640 ira:
565 3597 745 3658 aptata
788 3588 841 3642 in
893 3589 1158 3644 interitum
1183 3604 1203 3644 :
1234 3601 1289 3646 ut
1327 3585 1614 3647 ostenderet
1660 3594 1872 3649 divitias

285 3677 476 3747 gloria:
500 3696 610 3733 sua:
640 3681 694 3734 in
720 3697 842 3734 vasa
868 3683 1262 3744 misericordirr,
1290 3699 1408 3753 qua:
1453 3687 1768 3754 prwparavit
1814 3687 1872 3740 in

285 3768 558 3840 gloriam?
598 3779 704 3826 etc.
762 3770 951 3842 (Ibid.,
997 3773 1090 3838 22,
1129 3773 1245 3842 25.)
1279 3775 1334 3828 lu
1382 3775 1578 3844 quibus
1624 3777 1874 3831 omnibus

289 3861 697 3917 evidentissime
745 3864 1059 3944 agnoscitur
1113 3865 1428 3934 Apostolum
1483 3881 1587 3919 non
1650 3867 1717 3921 de
1757 3867 1871 3922 sola

291 3951 614 4017 electorum,
636 3967 796 4022 quam
823 3954 1002 4023 primo
1039 3954 1158 4009 loco
1185 3955 1384 4024 posuit,
1416 3954 1510 4009 sed
1541 3955 1594 4008 in
1623 3963 1738 4010 toto
1767 3956 1872 4012 isto

293 4042 674 4112 disputationis
700 4059 811 4098 suae
836 4053 1112 4109 contextu,
1137 4044 1203 4099 de
1230 4045 1508 4114 utriusque
1531 4047 1704 4116 partis
1726 4061 1868 4116 pra:-

291 4134 674 4200 destinatione,
699 4135 814 4191 sive
857 4136 911 4190 in
962 4137 1164 4200 vitam,
1195 4137 1310 4192 sive
1367 4135 1420 4190 in
1472 4146 1747 4203 mortem;
1816 4146 1874 4193 et

288 4223 578 4292 exemplis,
603 4233 660 4278 et
689 4225 1011 4279 testimoniis
1047 4233 1312 4279 tractasse
1356 4227 1709 4294 propheticis,
1740 4226 1869 4281 dum

293 4315 350 4370 in
380 4314 548 4371 Jacub
570 4317 824 4386 proponit
851 4317 1078 4380 formam
1108 4317 1423 4380 electorum,
1455 4317 1508 4371 in
1559 4318 1700 4372 Esau
1741 4333 1873 4375 vero

289 4403 523 4457 formam
548 4405 920 4474 reproborunt.
956 4405 1010 4458 ln
1039 4405 1236 4473 quibus
1266 4407 1453 4475 utique
1494 4407 1703 4461 duabus
1747 4422 1872 4477 par-

289 4494 460 4556 tibus,
481 4494 634 4563 cujus
655 4494 760 4548 uult
782 4495 921 4548 Deus
945 4496 1238 4560 miseretur,
1253 4507 1301 4550 et
1317 4513 1469 4567 quem
1493 4497 1600 4552 vult
1619 4497 1868 4550 indurat:

287 4586 389 4640 sed
419 4586 692 4640 miseretur
712 4587 1133 4643 misericorditer
1151 4586 1473 4655 adjuvando,
1491 4589 1704 4642 indurat
1724 4589 1872 4657 juste

287 4675 617 4742 deserendo;
653 4685 710 4733 et
739 4685 992 4746 tanquam
1039 4677 1233 4748 ﬁgulus
1271 4678 1368 4732 luti
1400 4695 1463 4733 ea:
1490 4679 1670 4733 eadem
1697 4697 1872 4734 massa

288 4765 458 4820 simul
489 4773 595 4838 tota
622 4767 899 4832 damnata,
929 4767 1056 4822 facit
1083 4769 1229 4822 aliud
1251 4786 1339 4830 vas
1365 4769 1421 4824 in
1441 4770 1689 4824 honorem
1715 4771 1876 4826 misc-

291 4857 584 4913 ricorditer
611 4858 912 4924 liberando,
940 4858 1086 4912 aliud
1116 4876 1232 4914 vero
1258 4861 1312 4914 in
1342 4861 1709 4915 contumeliam
1729 4860 1874 4929 juste

293 4950 606 5006 damnando
635 4967 648 5003 :
675 4959 734 5004 ut
761 4949 868 5004 duo
895 4964 963 5003 ex
987 4950 1070 5003 his
1097 4950 1317 5005 ordines
1353 4949 1609 5014 existant,
1645 4965 1873 5019 quorum

295 5043 390 5098 alii
414 5043 524 5098 sint
548 5058 642 5098 vas
664 5043 778 5107 irae,
797 5051 851 5098 et
879 5043 968 5096 alii
993 5059 1088 5096 vas
1114 5041 1494 5097 misericordiae
1517 5057 1532 5105 ;
1568 5041 1654 5094 illa
1695 5051 1878 5110 aptata

291 5138 358 5191 in
387 5136 676 5198 interitum,
702 5136 800 5190 ista
826 5137 881 5189 in
901 5135 1126 5206 gloriam
1146 5143 1464 5204 prteparata.
1489 5132 1595 5188 Sed
1621 5143 1800 5201 aptata
1823 5135 1877 5186 in

292 5226 569 5279 interitum
603 5235 659 5280 et
685 5240 783 5280 suo
811 5226 1025 5289 merito,
1048 5235 1102 5280 et
1140 5224 1235 5278 Dei
1272 5222 1419 5292 justo
1465 5221 1708 5290 judicio;
1741 5240 1876 5292 prce-

294 5325 486 5386 parata
521 5323 700 5370 autem
732 5317 787 5370 in
817 5315 1040 5386 gloriam
1071 5313 1216 5370 nullo
1239 5329 1338 5369 suo
1367 5313 1584 5379 merito,
1614 5313 1710 5368 sed
1761 5315 1876 5370 solo

297 5405 500 5459 divina:
521 5405 708 5476 gratiae
735 5404 1017 5460 beneﬁcio.
1043 5404 1178 5461 Cum
1209 5419 1339 5474 ergo
1367 5413 1478 5459 tant
1506 5415 1692 5475 aperte
1734 5406 1879 5461 dicat

296 5497 630 5566 ApoStolus:
664 5496 730 5550 Et
769 5514 893 5552 vasa
929 5498 1024 5551 ira:
1047 5506 1227 5567 aptata
1259 5498 1314 5551 in
1359 5499 1649 5563 interitum,
1678 5506 1726 5552 et
1755 5515 1878 5553 vasa

297 5589 678 5644 misericordia:
700 5597 996 5657 praeparata
1019 5589 1074 5642 in
1093 5587 1336 5658 gloriam,
1349 5599 1396 5644 et
1419 5605 1484 5644 ex
1504 5591 1684 5646 eadem
1704 5606 1880 5644 massa

299 5683 452 5736 aliud
470 5699 558 5737 vas
571 5682 688 5750 ﬁeri
715 5684 768 5735 in
789 5683 1060 5747 honorem,
1085 5681 1234 5736 aliud
1255 5699 1370 5736 vero
1393 5683 1449 5737 in
1471 5683 1834 5738 contumeliam
1860 5700 1878 5738 :

302 5774 427 5844 quis
468 5789 573 5828 non
611 5772 872 5842 intelligat
911 5773 961 5828 in
1011 5773 1096 5828 his
1142 5771 1324 5829 verbis
1378 5773 1662 5846 utriusque
1712 5774 1880 5845 partis

1898 4538 1948 4597 D

1971 3312 2302 3366 deutissintte
2345 3311 2720 3374 declarantur,
2763 3310 3222 3366 conﬁdentissime
3260 3313 3552 3382 Apostolus

1973 3408 2038 3460 ad
2068 3415 2231 3459 tanta:
2279 3405 2353 3459 rei
2395 3391 2885 3469 conﬁrmationem,
2929 3415 3090 3475 atque
3141 3406 3442 3460 doctrinam
3487 3421 3551 3459 ea

1973 3496 2359 3564 assumpsit,et
2387 3497 2461 3549 ita
2487 3496 2716 3550 tenenda
2745 3505 2908 3564 atque
2935 3496 3272 3567 intelligenda
3295 3496 3551 3552 Ecclesia:

1972 3586 2196 3641 tradidit
2221 3600 2236 3640 :
2265 3601 2361 3640 sua
2389 3585 2596 3640 scilicet
2624 3587 2966 3651 auctoritate,
2991 3595 3046 3640 ct
3070 3587 3316 3655 exemplo
3343 3603 3440 3642 nos
3467 3587 3552 3640 in-

1972 3679 2211 3733 formans
2240 3685 2295 3731 et
2324 3678 2616 3741 instruens,
2651 3684 2711 3729 ut
2755 3691 2860 3729 non
2899 3677 3234 3730 eoutentiose
3269 3685 3325 3730 et
3355 3692 3547 3746 super-

1972 3781 2142 3822 vacue
2172 3767 2238 3822 de
2263 3767 2379 3836 ipso
2405 3767 2572 3820 verbo
2603 3765 3094 3836 prtedestinatiouis
3131 3767 3184 3819 in
3234 3774 3550 3821 sanctorum

1973 3859 2356 3927 prophetarum
2403 3856 2633 3926 eloquiis
2682 3855 2822 3909 inter
2877 3871 2975 3909 nos
3022 3856 3420 3925 disceptemus,
3465 3857 3550 3911 vel

1973 3949 2139 4019 (quod
2166 3948 2329 4018 absit)
2355 3947 2517 4002 etiant
2551 3946 2823 4011 rixemur;
2862 3947 2954 4000 sed
2982 3946 3207 4015 paciﬁca
3254 3955 3308 4001 et
3348 3948 3435 4017 pia
3469 3949 3551 4002 in-

1974 4038 2285 4110 telligentia,
2322 4037 2626 4105 ubicunque
2650 4049 2737 4090 res
2763 4034 2878 4105 ipsa
2916 4036 3352 4091 manifestissime
3374 4037 3552 4092 deela-

1973 4140 2146 4195 ratur,
2175 4128 2540 4182 indubitanter
2567 4125 2786 4180 omnino
2830 4126 3063 4179 divinant
3115 4127 3547 4195 prtedcstinatio-

1972 4236 2094 4277 nem
2123 4228 2178 4274 et
2203 4233 2517 4290 agnoscere,
2545 4225 2599 4272 et
2627 4231 2872 4272 asserere
2902 4219 3214 4273 debeamus.

2045 4311 2286 4367 Primum
2315 4324 2546 4379 namque
2585 4308 2952 4364 testimonium
2978 4309 3370 4379 propheticum,
3402 4311 3544 4380 quod

1973 4405 2041 4461 de
2071 4407 2176 4460 hac
2211 4404 2471 4474 reposuit,
2519 4402 2645 4457 illud
2681 4419 2748 4457 ex
2775 4401 2969 4458 Genesi
2998 4403 3169 4456 estde
3189 4418 3296 4472 quo
3321 4404 3391 4455 ita
3427 4403 3504 4456 ait
3536 4421 3550 4455 :

1978 4495 2348 4550 Promissionis
2395 4496 2532 4548 enim
2582 4495 2789 4549 verbum
2835 4495 2932 4547 hoc
2973 4504 3046 4548 est
3077 4492 3416 4547 :Secundum
3458 4495 3556 4548 hoc

1976 4599 2178 4659 tempus
2226 4588 2448 4651 ueniam,
2491 4594 2540 4639 et
2583 4587 2679 4639 erit
2731 4586 2883 4639 Sara:
2926 4584 3070 4654 ﬁlius
3115 4583 3286 4654 (Rom.
3331 4599 3408 4647 ιχ,
3442 4585 3496 4653 9)
3537 4601 3551 4636 :

1975 4681 2066 4735 ubi
2096 4681 2221 4735 licet
2250 4695 2355 4733 non
2403 4677 2649 4732 videatur
2702 4691 2899 4732 sonare
2936 4675 3354 4747 pmdestinatio,
3402 4687 3557 4730 sonat

1979 4784 2157 4828 tamen
2182 4782 2368 4844 aperte
2394 4772 2702 4842 promissio,
2738 4786 2858 4839 quae
2895 4785 3000 4823 non
3040 4769 3197 4823 aliter
3222 4779 3366 4824 recte
3392 4768 3554 4822 intel-

1977 4863 2180 4932 ligitur,
2229 4863 2333 4916 nisi
2387 4863 2502 4931 ipsa
2552 4861 2842 4931 promissio
2887 4859 3121 4914 ﬁdeliter
3150 4860 3558 4930 praedestinatio

1978 4956 2274 5025 accipiatur
2298 4955 2455 5009 electi
2504 4954 2728 5008 seminis
2764 4951 3016 5016 Abrahae,
3056 4952 3108 5006 id
3144 4961 3228 5008 est
3249 4967 3434 5006 eorum
3464 4952 3556 5021 qui

1982 5045 2076 5100 ﬁlii
2123 5045 2217 5100 Dei
2268 5045 2623 5114 deputantur,-
2644 5051 2698 5097 et
2741 5059 2771 5096 a
2813 5042 2938 5096 ﬁliis
2967 5043 3148 5096 carnis
3171 5043 3354 5097 divina
3387 5043 3557 5110 gratia

1981 5138 2202 5192 discreti
2251 5146 2396 5190 sunt.
2449 5135 2601 5191 Sicut
2632 5136 2746 5204 ipse
2792 5134 3085 5203 Apostolus
3114 5135 3167 5188 in
3217 5137 3406 5188 eodem
3442 5133 3561 5188 loco

1979 5231 2202 5301 exponit
2229 5231 2412 5284 dicens
2459 5246 2471 5281 :
2527 5225 2650 5280 Non
2695 5226 2784 5296 qui
2824 5225 2924 5294 ﬁlii
2968 5226 3164 5289 carnis,
3211 5226 3264 5279 hi
3302 5225 3401 5293 ﬁlii
3438 5237 3560 5278 sunt

1980 5319 2109 5384 Dei;
2139 5320 2228 5373 sed
2253 5320 2340 5388 qni
2369 5318 2467 5387 filii
2496 5325 2615 5370 sunt
2642 5317 3002 5386 promissionis
3035 5318 3366 5370 a’stimantnr
3393 5317 3444 5368 in
3481 5332 3563 5369 se-

1981 5414 2119 5466 mine
2148 5410 2329 5482 (Ibid.,
2380 5409 2456 5478 8).
2509 5407 2756 5464 Secundo
2793 5408 2912 5464 loco
2953 5408 3080 5463 illud
3123 5410 3315 5463 iterum
3352 5423 3418 5463 ex
3458 5406 3565 5463 Ge-

1983 5505 2099 5561 nesi
2123 5502 2486 5558 testimonium
2519 5501 2699 5571 posuit
2739 5517 2755 5555 :
2805 5501 2882 5555 De
2907 5502 3110 5554 duobus
3159 5501 3376 5570 geminis
3405 5499 3564 5554 Isaac

1982 5605 2029 5649 et
2061 5594 2320 5658 Rebeccae,
2371 5608 2478 5662 quo
2511 5593 2705 5647 dictum
2743 5593 2914 5663 fuerat
2955 5606 2973 5643 :
3016 5592 3156 5658 Quia
3186 5592 3358 5660 major
3379 5591 3564 5645 serviet

1983 5684 2174 5738 minori
2200 5681 2351 5752 (Gen.
2400 5698 2525 5748 xxv,
2564 5682 2657 5754 25)
2692 5701 2705 5736 :
2735 5683 2825 5738 ttbi
2878 5681 3003 5736 licet
3027 5680 3428 5749 prmdestinatio
3462 5679 3562 5732 Ini—

1985 5775 2131 5831 nime
2158 5788 2352 5831 sonare
2377 5776 2644 5842 videatur,
2675 5783 2854 5829 tamen
2901 5788 2989 5828 res
3019 5773 3184 5843 ipsius
3209 5768 3558 5840 praedestina-
