4050 6302
573 335 579 341 ”
627 347 729 401 167

1724 362 1925 421 ηοω
1963 367 2237 427 DlACONl
2276 371 2763 432 LUGDUNENSIS

627 458 788 547 tionis
834 470 945 519 tam
997 465 1263 536 profunde
1303 478 1359 525 et
1393 457 1669 540 granditer
1713 475 1785 530 ibi
1831 477 2197 535 demonstrata
2227 491 2271 548 Α
2302 486 2558 552 potuerit,
2582 502 2744 557 quam
2772 497 2826 543 ut
2854 505 2918 544 es
2945 490 3120 546 forma
3141 492 3368 550 istorum
3390 497 3718 567 geminorum
3734 502 3837 558 alios

624 536 728 614 est,
761 557 819 602 ut
847 562 1064 607 moneat
1105 570 1227 620 nos,
1256 565 1312 611 et
1338 536 1567 613 solerter
1599 562 1801 617 excitet
1828 566 2115 635 Apostolus
2140 570 2195 624 in

626 644 740 690 toto
768 637 860 691 illo
882 641 1121 707 oraculo,
1152 645 1295 713 quod
1344 655 1472 700 tunc
1498 646 1758 705 Rebecca:
1781 653 1847 707 de
1878 657 2080 710 eisdem
2104 672 2199 728 ge-

625 727 788 784 minis
838 732 1116 799 divinitus,
1156 751 1471 805 responsum
1519 749 1624 805 est,
1669 742 1773 797 hoc
1818 745 2108 816 vigilanter
2143 758 2200 804 et

625 819 857 876 tideliter
892 825 1190 895 intendere,
1219 838 1274 882 et
1301 832 1650 891 considerare
1674 836 1897 902 debere,
1926 841 2068 908 quod
2096 856 2198 901 nec

623 912 863 968 damnati
906 926 1061 971 erant
1102 933 1170 972 es
1220 928 1376 977 utero
1418 932 1684 990 materno,
1740 929 1959 983 necdum
1988 931 2198 1002 aliquid

619 1010 830 1070 egerant
860 1003 1051 1059 bonum
1080 1017 1173 1060 aut
1208 1010 1409 1064 malum
1437 1012 1491 1065 in
1519 1013 1630 1067 vita
1662 1017 1894 1086 propria,
1935 1028 1992 1073 et
2013 1021 2196 1092 utique

618 1102 687 1142 ex
718 1105 822 1145 uno
865 1102 1021 1146 erant
1065 1098 1354 1152 concubitu
1387 1103 1653 1169 procreati
1681 1120 1696 1169 ;
1743 1115 1801 1160 et
1839 1115 2016 1162 tamen
2047 1119 2195 1168 tanta

619 1177 871 1251 distantia
896 1183 1238 1252 omnipotens
1261 1186 1402 1241 Deus
1433 1188 1576 1244 inter
1602 1202 1891 1263 utrumque
1917 1196 2188 1265 discrevit,

617 1274 677 1322 ut
710 1266 871 1325 nullis
889 1286 1079 1328 eorum
1109 1280 1538 1345 prtecedentibus
1582 1283 1667 1338 vel
1706 1285 1885 1352 bonis,
1915 1289 1997 1344 vel
2038 1292 2195 1348 malis

614 1358 843 1425 meritis,
871 1361 986 1416 sola
1023 1363 1286 1431 bonitate,
1332 1375 1388 1424 et
1426 1369 1631 1439 judicio
1678 1388 1777 1427 suo
1818 1391 1986 1433 unum
2015 1392 2085 1434 ex
2113 1381 2194 1437 eis

610 1445 913 1517 praeferret,
946 1459 1000 1507 et
1019 1452 1248 1508 alterum
1273 1456 1520 1512 servituti
1551 1459 1884 1532 subjugaret.

678 1536 746 1591 Et
767 1555 837 1595 ne
866 1542 970 1597 hoc
999 1559 1190 1613 parum
1218 1561 1340 1602 esse
1381 1549 1837 1618 existimaremus,
1870 1558 2011 1625 quod
2034 1568 2189 1627 quasi

608 1628 676 1684 de
705 1630 956 1688 humanis
981 1642 1036 1689 et
1057 1636 1367 1694 inhumanis
1398 1641 1561 1695 rebus
1590 1643 1793 1699 dictum
1821 1661 1941 1704 esse
1963 1650 2185 1706 videba-

608 1729 717 1788 tur,
744 1725 868 1794 quia
906 1726 1078 1796 major
1127 1730 1311 1784 serviet
1357 1731 1583 1795 minori;
1609 1735 1861 1791 videlicet
1901 1740 2054 1808 quasi
2086 1742 2189 1799 hoc

2305 575 2648 643 omnipotens
2672 576 2816 633 Deus
2842 588 3042 634 mtcrna
3077 582 3448 639 misericordia
3485 602 3582 641 sua
3604 589 3833 657 dilexisse,

2299 668 2435 723 alios
2460 678 2664 725 aeterno
2690 686 2789 727 suo
2805 672 3011 741 judicio
3038 678 3237 745 odisse,
3267 696 3360 735 sua
3386 685 3731 741 attestatione
3749 702 3836 743 m-

2298 756 2599 812 nil‘estetur.

2371 845 2508 902 Huic
2536 850 2850 907 testimonio
2894 857 3213 925 prophetico
3251 867 3304 915 et
3332 861 3520 916 sensui
3562 865 3836 932 apostolico,

2296 939 2548 995 videlicet
2578 957 2687 1011 quo
2712 953 2768 999 et
2793 944 3013 1003 dilectio
3050 958 3105 1003 et
3131 950 3313 1005 odium
3344 952 3435 1007 Dei
3473 953 3527 1007 in
3559 955 3749 1010 duobus
3767 973 3835 1026 ge-

2296 1029 2459 1085 minis
2495 1032 2672 1088 adhuc
2707 1033 2760 1088 in
2790 1044 2946 1092 utero
2972 1048 3223 1095 materno
3258 1043 3454 1111 positis
3479 1057 3547 1097 ex
3573 1045 3835 1100 misericor-

2294 1116 2383 1172 dia
2413 1128 2469 1175 et
2501 1118 2704 1189 judicio
2735 1123 2829 1179 Dei
2873 1126 3208 1198 intelligitur,
3249 1131 3412 1186 etiam
3461 1131 3595 1187 illud
3630 1135 3693 1188 de
3730 1134 3836 1191 Isaia

2294 1211 2556 1281 propheta
2602 1214 2930 1272 mirabiliter
2983 1230 3245 1277 consonat
3302 1231 3359 1278 et
3411 1225 3731 1291 concordat,
3767 1227 3836 1283 ubi

2292 1310 2641 1370 omnipotens
2673 1303 2838 1384 Deus,
2880 1307 3038 1363 electi
3077 1310 3259 1380 populi
3280 1313 3357 1367 ab
3390 1321 3552 1370 utero
3571 1314 3835 1384 auxiliator,

2293 1397 2347 1443 et
2376 1404 2409 1444 e
2447 1394 2723 1449 contrario
2756 1379 2975 1467 re‘prohi
3011 1379 3194 1471 populi
3231 1404 3490 1460 similiter
3527 1415 3768 1476 tanquam
3785 1379 3836 1463 es

2294 1489 2450 1537 utero
2472 1490 2891 1555 transgressoris
2905 1492 3294 1550 condemnator
3315 1490 3635 1562 ostenditur,
3656 1499 3835 1555 dicente

2260 1598 2267 1603 ν
2292 1573 2481 1627 eodem
2503 1577 2762 1645 propheta
2779 1578 2831 1632 in
2858 1581 3135 1650 primis'ad
3158 1586 3416 1655 populum
3437 1588 3669 1644 electum
3696 1606 3709 1642 :
3737 1589 3834 1643 lies

2289 1661 2416 1716 dicit
2441 1663 2695 1720 Dominus
2724 1668 2925 1738 faciens
2967 1685 3014 1726 et
3050 1674 3284 1743 [amans
3318 1688 3389 1745 te,
3419 1679 3488 1733 ab
3532 1690 3674 1736 utero
3712 1684 3834 1737 attai-

2291 1752 2451 1808 liator
2473 1766 2595 1811 tuus
2623 1758 2761 1828 (Isa.
2791 1776 2934 1828 xuv,
2965 1763 3045 1833 2).
3079 1766 3281 1823 Deinde
3310 1779 3435 1839 post
3461 1771 3643 1840 aliqua
3673 1772 3735 1827 ad
3756 1787 3832 1843 po-

609 1816 978 1869 tantummodo
1000 1816 1052 1871 in
1076 1834 1257 1874 rerum
1284 1823 1660 1891 temporalium
1686 1834 1830 1880 statu
1862 1828 1915 1883 in
1939 1830 2188 1895 eisesset
2216 1829 2263 1889 Β
2290 1844 2471 1914 putum
2523 1816 2812 1918 περί-οιηιηι
2859 1816 2933 1908 εί
2972 1816 3202 1924 pgmna
3388 1816 3713 1931 εηιῂυξιεθηε
3736 1816 3833 1917 ετξ,

610 1902 935 1931 :mnl..n.l.....
1000 1908 1120 1931 .1...“
1154 1908 1204 1931 ε--
1229 1909 1425 1931 ·--μ--μ,
1463 1929 1485 1931 μ
1508 1923 1606 1931 --.μ
1650 1915 1661 1926 ο

608 1902 959 1971 implendum,
997 1908 1123 1962 dum
1154 1908 1210 1963 in
1229 1909 1429 1966 eorum
1461 1915 1695 1982 posteris
1734 1934 1875 1974 unus
1906 1935 2072 2001 regno
2097 1939 2188 1979 su-

604 1990 880 2059 blimatus,
905 1996 1061 2050 alteri
1083 1998 1182 2052 sibi
1215 2001 1450 2069 subdito,
1476 2014 1532 2058 et
1556 2006 1814 2064 servienti
1835 1992 2184 2068 dominatur:

604 2079 765 2149 erigit
816 2083 1334 2155 adltueApostolus
1382 2091 1794 2165 intelligentiam
1848 2108 2090 2156 nostram
2118 2102 2186 2157 ad

605 2167 825 2236 majoris
850 2174 925 2226 rei
960 2177 1452 2235 considerationem
1490 2184 1746 2252 adjuncto
1785 2191 2097 2247 testimonio
2117 2207 2186 2249 ex

603 2256 867 2314 Malacltia
906 2267 1189 2335 propheta,
1245 2270 1298 2324 in
1326 2287 1438 2341 quo
1465 2275 1531 2330 de
1574 2277 1777 2333 eisdem
1821 2283 2053 2351 geminis
2076 2300 2183 2341 non

603 2354 991 2423 temporaliter,
1024 2360 1119 2414 sed
1147 2363 1477 2419 aaternaliter
1505 2366 1782 2434 discretis,
1808 2387 1983 2441 neque
2015 2373 2182 2431 intre-

601 2438 703 2493 bus
754 2450 961 2499 tantum
1021 2450 1411 2518 temporalibus
1472 2456 1568 2510 sed
1622 2458 1786 2512 etiam
1839 2438 2184 2520 mternalibus

600 2546 794 2602 magna
822 2534 1076 2593 distantia
1099 2544 1393 2619 separatis,
1415 2545 1530 2616 ipse
1545 2548 1691 2605 Deus
1706 2550 1948 2621 loquitur
1962 2555 2179 2617 dicens:

594 2619 762 2676 Iacob
776 2626 958 2693 dilexi,
974 2629 1119 2685 Esau
1141 2644 1313 2689 autem
1342 2638 1462 2693 odio
1493 2640 1657 2696 habui
1682 2619 1838 2715 (Hal.
1862 2663 1899 2711 ι,
1922 2647 2001 2719 2).
2029 2648 2183 2708 Unde

595 2725 702 2766 non
716 2713 874 2770 aliter
889 2729 1035 2775 recte
1061 2722 1375 2795 intelligitur
1398 2729 1500 2785 boc
1524 2713 1890 2793 testimonium
1905 2713 2181 2811 propheti-

594 2814 739 2868 cum,
773 2804 874 2859 nisi
912 2807 1144 2865 lidelitcr
1180 2814 1253 2868 illi
1303 2819 1447 2887 quod
1473 2835 1541 2875 ex
1571 2821 1768 2881 Genesi
1796 2804 2067 2899 sumptum
2093 2842 2178 2889 est

596 2894 902 2949 testimonio
936 2899 1314 2974 conjungatur,
1350 2918 1406 2963 ut
1436 2913 1672 2982 scilicet,
1706 2917 1849 2974 sicut
1877 2894 2005 2976 illud
2033 2924 2176 2992 quod

596 2980 669 3034 ibi
708 2982 909 3040 dictum
940 2999 1040 3054 est,
1078 2992 1216 3057 Quia
1244 2998 1416 3068 major
1443 3005 1624 3059 seruiet
1658 2980 1883 3075 minori,
1911 3011 1982 3066 ita
2010 2980 2172 3071 etiam

595 3068 738 3174 istud
765 3077 906 3142 quod
933 3078 986 3131 in
1023 3083 1289 3174 propheta
1315 3090 1459 3147 Deus
1483 3093 1722 3164 loquitur
1752 3117 1765 3151 :
1793 3068 1962 3157 Jacob
1983 3068 2171 3174 ditari,

594 3158 741 3215 Esau
768 3175 939 3220 autem
964 3170 1086 3225 odio
1109 3172 1291 3243 habui,
1316 3190 1600 3253 antequam
1628 3190 1739 3244 nati
1766 3202 1971 3261 essent,
2003 3207 2058 3252 et
2077 3215 2173 3255 an—
2201 3177 2245 3238 C

596 3258 810 3319 tequam
839 3255 1041 3327 aliquid
1063 3264 1301 3333 egissent
1326 3268 1523 3341 bonum
1541 3287 1634 3330 aut
1656 3280 1878 3338 malum.
1902 3255 1967 3339 ln'
1984 3287 2169 3347 divino

2294 1944 2731 2008 transgressorem
2781 1959 2848 1997 ea:
2888 1955 3061 1999 ventre
3099 1950 3271 2002 vocavi
3314 1960 3364 2003 te
3388 1949 3526 2021 (Isn.
3557 1967 3732 2017 vattt,
3756 1952 3829 2020 8):

2286 2034 2348 2080 ut
2376 2029 2684 2086 certissime
2712 2034 2854 2102 quod
2882 2034 2937 2089 in
2967 2036 3177 2091 illorum
3199 2039 3542 2109 geminorum
3572 2041 3733 2098 forma
3753 2043 3829 2097 dc-

2286 2127 2645 2173 monstratutn
2661 2121 2901 2177 declarat
2915 2123 3226 2194 Apostolus,
3248 2127 3350 2184 ltoc
3368 2130 3421 2183 in
3445 2129 3643 2199 duplici
3667 2146 3829 2202 genere

2284 2201 2583 2273 hominum,
2634 2208 2932 2271 electorum
2970 2213 3175 2269 scilicet
3224 2224 3282 2270 et
3328 2201 3699 2288 reproborum,
3727 2219 3830 2274 luci-

2285 2294 2505 2350 dissime
2535 2300 2823 2355 tenendum
2849 2312 3124 2373 appareat.
3162 2305 3298 2359 Dum
3338 2316 3394 2363 et
3440 2309 3531 2364 isti
3572 2311 3741 2365 divino
3757 2309 3826 2378 ju-

2284 2386 2424 2441 dicio
2472 2402 2538 2442 ex
2589 2398 2779 2446 ventre
2827 2399 3258 2464 transgressores
3283 2409 3587 2468 arguuntur
3622 2414 3636 2454 :
3667 2409 3717 2454 et
3742 2399 3827 2454 illis

2284 2474 2532 2529 similiter
2556 2477 2697 2533 Deus
2740 2497 2808 2535 ex
2846 2490 3000 2537 utero
3041 2484 3333 2541 auxiliator
3363 2489 3691 2554 ostenditur,
3717 2505 3824 2558 qua-

2282 2573 2439 2622 tenus
2457 2585 2522 2622 ex
2566 2570 2746 2625 eadem
2777 2589 2953 2629 massa
2984 2575 3322 2648 originaliter
3363 2588 3478 2636 tota
3528 2583 3761 2636 damnata
3782 2582 3825 2635 in

2281 2669 2426 2715 utero
2448 2666 2683 2715 materno
2721 2662 2853 2731 ﬂant
2880 2665 2989 2719 alia
3026 2683 3151 2723 vasa
3193 2673 3251 2723 in
3290 2671 3565 2737 honorem,
3597 2682 3645 2727 et
3664 2672 3757 2726 alia
3781 2673 3823 2724 in

2277 2749 2644 2804 contumeliam
2684 2744 2864 2822 (Rom.
2897 2770 2969 2818 lx,
3008 2755 3099 2823 2|,
3153 2757 3263 2830 15).
3313 2758 3580 2817 Similiter
3617 2762 3669 2815 in
3691 2760 3821 2815 tertio

2278 2839 2584 2895 testimonio
2614 2843 2967 2914 pr0phetico,'
2985 2846 3129 2916 quod
3162 2848 3235 2902 ita
3262 2850 3446 2918 posuit
3481 2867 3497 2904 :
3526 2850 3692 2921 Moysi
3709 2851 3820 2903 enim

2274 2931 2401 2985 dicit
2450 2945 2470 2983 :
2539 2933 2828 3006 Miserebor
2871 2939 2957 2991 cui
3012 2939 3312 3006 miserebor,
3355 2952 3404 2995 et
3438 2940 3820 2996 misericordiam

2272 3024 2533 3092 pra-stabo
2560 3003 2711 3095 cujus
2748 3028 3030 3083 miserebor
3060 3028 3255 3102 (Exod.
3284 3003 3481 3098 ssxut,
3511 3034 3595 3106 l9)
3630 3052 3645 3090 :
3679 3033 3818 3105 mani-

2278 3112 2414 3171 feste
2432 3115 2654 3171 verbum
2674 3118 3170 3188 prmdestinationis
3203 3140 3309 3178 non
3334 3135 3515 3180 sonat.
3544 3124 3647 3180 Res
3668 3134 3817 3178 tamen

2276 3202 2351 3258 ita
2382 3205 2664 3262 manifesta
2692 3219 2795 3274 est,
2820 3217 2882 3264 ut
2909 3210 2976 3266 de
3003 3225 3069 3267 ea
3113 3212 3421 3268 nullatenus
3463 3214 3691 3269 dubitari
3717 3227 3817 3283 pos-

2270 3297 2361 3352 sit.
2405 3298 2539 3355 Cum
2589 3302 2930 3372 omnipotens
2972 3305 3116 3363 Deus
3164 3308 3417 3364 omnibus
3468 3310 3735 3380 aequaliter
3761 3322 3813 3361 ex

2034 3378 2167 3447 ipia-
2268 3387 2442 3454 prima
2483 3388 2572 3443 illa
2602 3394 3030 3469 transgressione
3049 3397 3337 3461 damnatis,
3375 3414 3486 3455 non
3525 3378 3700 3470 utique
3715 3396 3813 3450 ullis
3862 3462 3866 3469 ν

585 3977 786 4046 aliqua,
832 3997 951 4050 qua:
1003 3987 1147 4042 nulla
1201 3977 1649 4069 perpetraverat,
1699 4005 1773 4060 ita
1820 4009 2158 4070 solummodo

580 4064 727 4135 juste
778 4068 916 4125 facta
968 4074 1357 4150 intelliguntur,
1404 4097 1464 4142 ut
1507 4064 1849 4164 omnipotens
1880 4064 2041 4167 Deus,
2065 4105 2159 4172 qui

585 4160 914 4216 atternalitcr
947 4165 1049 4221 ista
1074 4169 1126 4223 in
1147 4186 1244 4227 suo
1261 4173 1488 4245 judicio,
1520 4192 1578 4238 et
1599 4160 1674 4239 dei
1694 4188 1852 4243 unius
1873 4160 2156 4263 electione,

585 4259 641 4305 et
670 4251 737 4307 de
750 4253 982 4335 alterius
1008 4264 1383 4330 reprobatione
1417 4280 1700 4342 statuerat,
1727 4294 1792 4334 ac
1820 4251 2158 4350 prtedeﬁnie:

586 4351 691 4409 rat,
722 4334 1038 4417 eriginalcm
1067 4350 1119 4405 in
1138 4353 1219 4407 eis
1244 4367 1448 4413 reatum
1471 4376 1539 4417 ex
1566 4370 2008 4434 praevaricatione
2027 4377 2157 4432 Adae

583 4436 910 4505 venientem,
957 4442 1044 4497 cui
1091 4444 1274 4514 utique
1309 4449 1467 4506 ambo
1511 4457 1791 4526 atqualiter
1831 4466 2157 4524 tenebantur

579 4526 819 4594 obnoxii,
871 4529 1111 4588 futurum
1163 4539 1496 4608 praeviderit,
1526 4560 1695 4601 unum
1735 4550 2156 4614 misericorditer
2185 4538 2236 4598 θ

579 4616 848 4688 diligendo
871 4619 1144 4692 liberaret,
1174 4627 1401 4687 alterum
1420 4633 1566 4704 juste
1584 4637 1812 4697 odiendo
1843 4648 2158 4715 rcprobaret

580 4717 740 4777 atque
762 4712 1063 4772 damnaret.
1097 4720 1375 4787 Quatenus
1406 4742 1469 4782 ex
1504 4730 1606 4786 hoc
1633 4732 1864 4790 ﬁdeliter
1894 4712 2157 4811 intelliga-

580 4813 700 4853 mus
738 4803 1135 4870 profundiorem
1182 4822 1238 4868 et
1277 4819 1626 4876 occultiorem
1652 4824 1819 4881 divini
1843 4826 2033 4896 judicii
2074 4834 2155 4889 di-

578 4893 949 4965 spositionem,
991 4910 1047 4956 et
1087 4902 1232 4958 illaut
1257 4911 1564 4977 generalem
1592 4914 1645 4968 in
1666 4893 2026 4978 Adam-totius
2055 4925 2156 4979 hu-

580 4983 726 5035 mani
757 4988 973 5054 generis
1023 4990 1422 5052 damnationem
1473 5001 1810 5062 illuminante
1855 5026 1955 5066 nos
1987 5029 2151 5072 sensu

578 5075 876 5139 apostolico
907 5077 1067 5135 altius
1111 5088 1499 5156 perspiciamus
1525 5111 1538 5146 :
1574 5109 1641 5149 ex
1672 5110 1780 5164 qua
1804 5103 2150 5173 omnipotens

579 5163 742 5227 Deus,
778 5174 833 5220 et
869 5183 1005 5236 quos
1050 5174 1278 5232 voluerit
1306 5181 1419 5237 sola
1469 5200 1563 5241 sua
1597 5163 1774 5256 gratia
1822 5163 2034 5260 liberat,
2093 5207 2150 5254 et

574 5270 713 5325 quos
756 5260 988 5317 noluerit
1033 5275 1231 5324 :eterna
1286 5289 1383 5329 sua
1417 5280 1672 5347 aequitate
1702 5285 2045 5343 condemnat.
2081 5290 2150 5347 Et

576 5348 702 5404 licet
736 5351 788 5405 in
815 5353 918 5408 hoc
953 5360 1266 5428 prophetico
1289 5368 1611 5438 testimonio,
1635 5377 1778 5445 quod
1807 5378 1947 5436 Deus
1972 5381 2106 5439 dicit
2130 5403 2144 5439 :

572 5439 742 5495 Jacob
769 5443 954 5512 dilexi,
989 5446 1135 5503 Esau
1160 5466 1331 5508 autem
1358 5458 1477 5512 odio
1508 5439 1689 5530 habui,
1719 5481 1826 5520 non
1850 5479 2007 5524 sonet
2032 5485 2150 5527 ver-

574 5531 702 5585 bum
732 5535 1267 5611 prtedestinationis;
1316 5546 1435 5618 ipsa
1486 5559 1666 5608 tamen
1709 5557 1787 5611 rei
1833 5561 2033 5617 veritas
2072 5561 2148 5618 ita

572 5621 856 5679 evidenter
894 5638 1136 5698 apparet,
1181 5633 1234 5688 in
1275 5638 1558 5709 utriusque
1599 5645 1773 5712 partis
1801 5647 2141 5719 electionem,

572 5711 660 5769 vel
687 5716 1142 5793 reprobationem,
1174 5733 1234 5781 ut
1259 5727 1394 5786 nihil
1420 5711 1615 5790 fortius
1632 5743 1687 5792 et
1708 5739 2020 5807 expressius
2038 5742 2142 5799 dici

2266 3480 2697 3548 praecedentibus
2744 3484 2900 3539 bonis
2955 3488 3187 3553 meritis,
3232 3490 3327 3543 sed
3372 3490 3492 3545 sola
3539 3490 3700 3562 gratia
3734 3501 3810 3541 sua

2267 3568 2589 3626 misereatur
2641 3573 2727 3627 cui
2775 3575 3085 3645 miseretur,
3125 3588 3181 3635 et
3234 3581 3552 3637 misericors
3596 3584 3705 3643 liat,
3738 3574 3810 3631 cui

2263 3658 2695 3715 misericordiam
2735 3667 3083 3733 praestiterit;
3118 3668 3400 3725 manifeste
3450 3672 3681 3732 ctetcris,
3715 3668 3832 3736 qui-.

2264 3747 2366 3803 bus
2391 3752 2531 3805 hanc
2554 3753 2787 3821 gratiam
2818 3754 3069 3814 conferre
3094 3758 3349 3825 noluerit,
3372 3758 3525 3829 justo
3549 3769 3605 3815 et
3638 3768 3809 3813 aeterno

2261 3852 2362 3891 suo
2384 3836 2589 3906 judicio
2612 3841 2739 3896 odio
2767 3843 2967 3900 habitis
2999 3854 3161 3916 atque
3187 3847 3483 3903 damnatis.

2330 3926 2572 3984 Posthaec
2600 3941 2852 4000 quartum
2885 3936 3252 3991 testimonium
3292 3940 3664 4009 propheticum
3692 3936 3809 3992 sicut

2254 4028 2313 4075 et
2349 4020 2565 4075 tertium
2610 4023 2679 4078 de
2711 4023 2896 4079 Exodo
2932 4027 3130 4096 posuit,
3163 4028 3239 4083 ita
3278 4031 3611 4103 subjungens
3648 4049 3662 4085 :
3692 4028 3807 4083 Dicit

2255 4109 2394 4162 enim
2419 4107 2693 4173 Scriptura
2721 4109 2994 4169 Pharaoni
3013 4115 3186 4181 :Quia
3210 4121 3266 4172 in
3292 4119 3389 4174 hoc
3419 4122 3593 4191 ipsum
3617 4113 3808 4175 excitati

2257 4210 2327 4264 le,
2358 4213 2413 4254 ut
2436 4203 2708 4257 ostendam
2737 4205 2792 4259 in
2836 4216 2887 4260 te
2908 4207 3147 4262 virtutem
3179 4227 3372 4276 meam,
3409 4226 3458 4267 et
3494 4212 3808 4267 annuntielur

2246 4310 2443 4349 nornen
2469 4312 2640 4350 meum
2677 4297 2735 4350 in
2780 4300 3021 4354 universa
3051 4311 3190 4357 terra
3232 4303 3413 4373 (Rom.
3444 4321 3526 4372 ιχ,
3567 4305 3671 4377 l7).
3701 4299 3804 4364 Ulli:

2255 4384 2382 4441 licet
2431 4403 2631 4443 nomen
2680 4390 3171 4459 praedestinationis
3199 4410 3457 4465 expresse
3499 4412 3605 4453 non
3645 4399 3802 4455 sonet.

2260 4484 2437 4531 tamen
2466 4477 2580 4547 ipsa
2618 4482 3021 4548 praedestinatio
3058 4484 3325 4540 malorum
3361 4489 3561 4543 merito
3589 4484 3805 4554 iniquita—

2262 4565 2331 4620 tis
2352 4582 2462 4621 sum
2482 4568 2552 4621 ad
2573 4568 2847 4625 interitum
2872 4574 3278 4643 sempiternum,
3305 4584 3414 4631 tam
3443 4586 3628 4647 aperte
3649 4580 3803 4629 oste"-

2258 4655 2625 4727 ditur,‘utqui
2665 4661 2782 4716 hmo
2828 4660 3056 4717 ﬁdeliter
3082 4665 3254 4731 audit,
3293 4675 3349 4720 et
3379 4667 3640 4738 intelligit,
3670 4663 3730 4717 de
3749 4673 3802 4714 ea

2258 4743 2505 4801 dubitare
2552 4764 2657 4802 non
2687 4751 2904 4820 possit:
2932 4752 3061 4807 dum
3104 4753 3194 4809 ille
3243 4755 3458 4826 impius,
3483 4766 3542 4812 et
3565 4761 3734 4816 durus,
3757 4755 3803 4803 et

2256 4833 2601 4893 indomabilis
2633 4856 2727 4894 rex
2750 4841 3148 4913 Egyptiorum,
3172 4845 3356 4904 divino
3370 4847 3598 4919 judicio,
3624 4848 3802 4902 siveet

2255 4940 2437 4980 massa
2489 4927 2754 4984 damnata:
2786 4934 3030 5003 originis,
3070 4935 3185 4991 sive
3229 4938 3295 4993 ad
3331 4946 3643 5008 potestatem
3688 4927 3800 5003 regii

2259 5017 2501 5082 honoris,
2535 5018 2587 5072 in
2618 5021 2718 5075 hoc
2743 5026 3111 5082 tantummodo
3131 5029 3400 5085 excitatus
3426 5040 3531 5096 est,
3565 5036 3618 5083 ut
3635 5024 3799 5096 qui.“

2256 5109 2579 5180 semetipso,
2628 5120 2684 5165 et
2736 5113 2789 5167 in
2843 5118 3132 5187 semetipso
3177 5120 3370 5192 dignus
3422 5132 3543 5177 erat
3602 5115 3797 5175 interitu

2251 5211 2476 5266 teterno,
2521 5215 2826 5273 apponente
2874 5208 2984 5263 Deo
3018 5209 3113 5283 [al.
3162 5212 3252 5288 eo]
3292 5215 3628 5286 iniquitatem
3661 5222 3798 5281 super

2253 5289 2590 5359 iniquitatem
2619 5293 2757 5363 ejus,
2786 5310 3011 5368 augeret
3037 5310 3401 5375 contemptum
3433 5306 3487 5360 in
3516 5304 3794 5362 Dominum.

2251 5395 2360 5449 quo
2388 5381 2552 5437 tantis
2587 5398 2654 5438 ac
2689 5385 2884 5441 talibus
2913 5388 3423 5461 plagisadmirabili
3461 5392 3690 5465 potentia
3715 5387 3793 5444 Dei

2249 5481 2554 5536 mereretur
2578 5471 2857 5544 ﬂagellari,
2889 5487 2946 5533 et
2965 5480 3037 5535 ad
3056 5480 3304 5537 ultimum
3345 5499 3468 5538 cum
3499 5483 3639 5538 omni
3663 5476 3791 5534 simi-

2249 5558 2375 5615 liter
2404 5561 2571 5633 impio
2604 5565 2803 5635 populo
2830 5582 2929 5623 suo
2957 5579 3163 5625 aeterna
3199 5573 3591 5639 submersione,
3614 5580 3666 5626 et
3684 5581 3791 5640 pel“

2235 5650 2452 5708 ditione
2476 5654 2680 5723 deleri;
2715 5667 2775 5713 ut
2816 5669 2873 5714 et
2922 5661 3000 5717 illi
3033 5661 3334 5730 iustissime
3362 5655 3794 5737 reciperentqtttttl

2249 5747 2632 5817 merebantur;
2667 5758 2727 5806 et
2749 5751 3094 5821 omnipotens
3128 5754 3221 5810 Dei
3258 5756 3447 5825 virtus,
3489 5758 3603 5812 sive
3629 5753 3679 5808 in
3705 5746 3788 5803 lla”
