4050 6302
213 373 328 438 ’Πῧ
1211 379 1414 435 LIBER
1448 376 1816 435 ADVERSUS
1849 375 2164 435 JOANNEM
2200 377 2488 435 SCOTUM.

224 496 538 569 oppressuri
577 503 752 559 erant,
784 504 987 552 aeterno
1012 495 1104 550 Dei
1123 493 1331 562 judicio
1364 494 1653 564 perditioni
1679 509 1800 564 per-
1828 495 1878 555 Α
1903 493 2061 548 cisti?
2093 493 2204 548 Nec
2223 495 2362 549 enim
2390 502 2466 548 est
2501 492 2638 548 alius
2665 492 2808 550 Deus
2847 512 3005 565 quam
3030 504 3103 560 tu,
3143 499 3228 552 cui
3249 515 3378 555 cura
3410 512 3489 555 est

218 598 402 658 petitae
436 587 755 642 destinatos.
787 586 996 642 Similis
1016 595 1120 651 est,
1149 594 1242 640 aut
1268 586 1432 640 etiam
1475 585 1646 639 multo
1690 583 1807 639 evi-
1860 656 1862 662 ι
1907 584 1973 638 de
2001 584 2238 638 omnibus
2259 598 2279 636 :
2302 591 2360 638 ut
2382 583 2624 639 ostendas
2647 585 2894 654 quoniam
2917 603 3021 640 non
3042 587 3236 656 injuste
3265 590 3482 659 judicas

3393 384 3488 441 Ui
3590 382 3594 388 ’

222 681 444 735 dentior
465 679 552 734 illa
568 678 966 748 praenuntialio,
989 691 1052 731 ac
1066 675 1472 746 prmdestinatio
1493 675 1560 729 de
1585 673 1806 729 interitu

222 773 666 828 A’morrhaeorum
692 812 707 834 ,
754 770 866 824 imo
905 778 1110 840 septem
1151 767 1804 836 gentiumpessimarum,

215 879 361 933 quas
389 871 541 917 tanto
567 869 693 916 ante
727 859 1070 928 omnipotens
1096 858 1238 913 Deus
1270 857 1466 912 merito
1509 855 1805 926 impietatis

223 957 468 1024 ipsorum
503 969 562 1008 se
597 953 1011 1021 disperditurum
1044 965 1109 1006 ac
1133 951 1432 1006 deleturum
1458 950 1710 1004 statuisse
1738 963 1806 1004 ac

215 1049 525 1121 praeﬁnisse
543 1088 558 1114 ,
582 1047 647 1102 ad
671 1045 946 1100 Abraham
978 1041 1204 1112 loquens
1231 1041 1672 1098 manifestissime
1700 1041 1803 1096 de-

212 1142 472 1205 claravit,
498 1155 621 1196 cum
647 1138 783 1194 dixit
810 1157 822 1191 :
856 1136 1092 1191 Necdum
1115 1135 1249 1189 enim
1270 1132 1538 1203 completas
1560 1143 1680 1187 sunt
1701 1132 1804 1187 ini-

209 1235 447 1304 quitates
504 1230 930 1284 Amorrhaaorum
985 1243 1148 1297 usque
1193 1227 1250 1280 in
1299 1241 1526 1296 prwsens
1578 1234 1802 1294 tempus.

219 1327 559 1382 Promiserat
581 1337 816 1393 namque
854 1322 1029 1377 eidem
1076 1320 1420 1376 sanctissimo
1452 1319 1799 1389 patriarchae,

213 1417 388 1487 quod,
414 1415 519 1470 illis
541 1412 748 1468 deletis.
777 1427 942 1481 regna
971 1419 1028 1467 et
1057 1419 1232 1467 terras
1255 1424 1444 1466 eorum
1471 1408 1661 1464 semini
1686 1407 1802 1476 ejus

215 1505 274 1560 in
302 1503 702 1574 possessionem
743 1503 1002 1556 traderet.
1032 1501 1142 1555 Nec
1169 1508 1348 1554 tamen
1380 1499 1485 1554 hoc
1511 1497 1676 1567 judex
1707 1499 1798 1568 ju-

213 1608 339 1654 stus
378 1605 435 1652 et
463 1595 806 1656 misericors,
849 1591 997 1647 velut
1029 1605 1416 1661 personarum,
1451 1589 1595 1660 quod
1636 1589 1797 1656 absit,

149 1727 160 1739 .
206 1695 473 1758 acceptor
495 1727 511 1749 ,
533 1693 754 1754 propter
777 1684 947 1737 solam
977 1682 1273 1738 bonitatem
1299 1689 1354 1737 et
1384 1681 1800 1752 promissionem

209 1793 373 1834 suam
396 1777 462 1831 ad
483 1775 757 1830 Abraham
781 1771 961 1827 facere
986 1772 1192 1834 voluit;
1231 1773 1324 1826 sed
1352 1772 1636 1824 secundum
1665 1771 1798 1825 divi-

1899 675 2161 746 judicium
2187 690 2206 730 :
2233 691 2396 746 neque
2415 691 2530 741 rex,
2554 691 2718 745 neque
2739 685 2996 745 tyrannus
3020 677 3075 730 in
3097 688 3370 748 conspectu
3393 691 3483 734 tuo

1904 764 2164 834 inquirent
2181 763 2263 818 'de
2291 765 2371 818 his
2395 781 2523 834 quos
2550 765 2841 834 perdidisti.
2871 765 3002 820 Cum
3043 767 3114 820 sis
3141 783 3264 837 ergo
3288 769 3480 835 iustus,

1897 855 2042 926 juste
2085 854 2260 908 omnia
2309 855 2540 924 disponis
2583 852 2736 925 (Sap.
2787 870 2885 921 xu,
2935 855 3144 925 12-15).
3182 857 3311 911 item
3357 873 3481 912 cum

1904 945 2092 1000 eadem
2123 943 2404 1014 Scriptura
2430 944 2742 999 distantiam
2769 944 2973 1001 faceret
2997 946 3192 1001 divinae
3219 948 3481 1005 bonitatis

1898 1048 2030 1105 erga
2059 1035 2314 1104 populum
2339 1049 2520 1098 suum,
2549 1034 2780 1103 etjustae
2807 1037 3112 1092 severitatis
3145 1052 3270 1107 erga
3301 1039 3480 1094 inimi-

1900 1142 1997 1183 cos
2039 1129 2299 1198 ipsorum,
2331 1127 2620 1199 IEgyptios
2647 1127 2932 1194 videlicet,
2963 1145 3098 1199 quos
3122 1139 3337 1186 aeterna:
3361 1147 3482 1202 per-

1902 1217 2092 1274 ditioni
2115 1217 2500 1284 destinaverat,
2526 1218 2598 1273 ita
2635 1219 2767 1273 dicit
2794 1236 2807 1272 :
2832 1219 3122 1275 Ostendens
3149 1224 3484 1291 quemadmo-

1901 1309 2027 1363 dum
2063 1319 2181 1367 tuos
2221 1309 2503 1376 exaltares,
2545 1319 2594 1365 et
2636 1311 2963 1368 adversarios
3003 1312 3214 1368 illorum
3247 1331 3481 1370 necares.

1903 1399 2034 1455 Cum
2065 1401 2204 1456 enim
2237 1402 2423 1456 tentati
2464 1411 2604 1468 sunt,
2643 1413 2690 1457 et
2713 1403 2922 1474 quidem
2961 1421 3080 1458 cum
3122 1407 3484 1461 misericordia

1899 1489 2230 1560 disciplinam
2257 1503 2593 1561 acceperunt,
2634 1493 2866 1548 scierunt
2897 1495 3335 1564 quemadmodum
3360 1513 3482 1553 cum

1899 1582 1983 1637 ira
2010 1582 2239 1652 judicati
2284 1583 2435 1653 impii
2473 1593 2731 1640 tormenta
2759 1594 3084 1655 paterentur.
3122 1585 3234 1643 Hos
3267 1588 3482 1659 quidem

1899 1683 2151 1746 tanquam
2174 1684 2324 1746 pater
2341 1692 2556 1731 monens
2576 1677 2849 1748 probasti:
2877 1677 2997 1732 illos
3027 1687 3200 1733 autem
3227 1688 3481 1750 tanquam

1899 1780 1992 1819 rea:
2012 1765 2178 1820 durus
2211 1766 2542 1836 interrogans
2586 1767 2946 1822 condemnasti
2997 1767 3147 1839 (Sap.
3192 1785 3268 1835 x1,
3301 1769 3476 1838 9-H).

203 1871 321 1924 tias
351 1866 626 1929 bonitatis,
660 1873 711 1918 et
743 1863 1010 1933 patientia:
1049 1871 1096 1917 et
1144 1862 1689 1939 longanimitatissum
1719 1870 1796 1916 tot
1824 1845 1872 1906 Β
1898 1855 1967 1911 Et
1994 1856 2187 1911 iterum
2219 1873 2233 1910 :
2271 1856 2553 1927 Oportebat
2575 1858 2716 1911 enim
2741 1859 2849 1912 illis
2869 1859 3226 1929 quidem'sine
3259 1877 3479 1915 excusa-

200 1958 429 2015 steculis
451 1958 784 2028 exspectavit
800 1963 856 2010 et
873 1955 1100 2017 distulit,
1128 1963 1183 2008 et
1203 1954 1435 2024 spatium
1465 1954 1798 2023 ptenitentiaa

209 2052 384 2113 dedit,
423 2058 478 2104 ut
511 2049 726 2103 illarum
750 2047 996 2118 gentium
1021 2044 1305 2099 multitudo
1325 2045 1369 2099 si
1398 2044 1451 2098 in
1476 2045 1590 2098 suis
1612 2045 1796 2114 impie-

206 2141 420 2194 tatibus
453 2143 852 2208 perseveraret,
879 2142 934 2189 et
971 2142 1318 2203 peccatorum
1361 2145 1580 2187 suorum
1609 2147 1796 2188 cumu-

199 2230 324 2284 lum
368 2228 723 2298 adimpleret,
751 2225 802 2280 in
828 2225 1160 2295 plenitudine
1184 2221 1529 2292 iniquitatum
1573 2239 1794 2278 suarum

199 2317 509 2389 iustissime
536 2316 854 2386 puniretur;
895 2314 1122 2384 ejusque
1145 2312 1266 2368 loco
1309 2326 1494 2368 semen
1538 2311 1792 2376 Abrahae,

193 2409 356 2478 quod
380 2407 494 2462 Deo
517 2405 980 2466 eratserviturum
997 2443 1014 2470 ,
1044 2417 1153 2458 non
1185 2416 1431 2472 personae
1458 2401 1792 2470 acceptione,

199 2513 319 2552 mn
342 2495 568 2564 iustitia:
586 2503 642 2549 et
663 2494 939 2564 aequitatis
957 2509 1069 2548 suae
1095 2492 1323 2558 merito;
1347 2492 1442 2548 sed
1471 2492 1586 2547 sola
1612 2492 1791 2548 divina

198 2589 453 2644 bonitate
479 2586 814 2643 succederet.
841 2584 1086 2656 Cumque
1107 2585 1222 2655 jam
1250 2594 1462 2655 tempus
1499 2583 1790 2653 appropin-

193 2687 422 2748 quaret,
463 2686 526 2732 et
562 2676 880 2747 perditionis
931 2676 1242 2732 earumdem
1279 2676 1520 2746 gentium
1573 2683 1794 2745 pr0pter

199 2768 528 2837 iniquitates
557 2783 712 2831 suas,
746 2776 803 2821 et
840 2752 1258 2823 introductionis
1295 2767 1516 2822 seminis
1561 2766 1793 2822 Abraha:

198 2861 263 2914 in
297 2869 473 2914 terras
491 2873 678 2912 earum
705 2872 807 2927 per
824 2856 1250 2912 misericordiam
1275 2855 1394 2917 Dei,
1423 2856 1496 2911 ita
1520 2856 1587 2912 de
1605 2871 1790 2911 earum

192 2950 470 3021 peccatis,
505 2958 563 3003 et
591 2947 842 3014 instanti,
866 2947 1013 3016 justa
1035 2947 1362 3019 perditione,
1390 2949 1459 3003 ad
1500 2948 1677 3019 ipsum
1707 2964 1792 3004 se-

196 3056 332 3096 men
362 3040 622 3104 Abrahae,
652 3039 706 3094 id
730 3048 817 3095 est
845 3039 910 3094 ad
939 3040 1194 3110 populum
1221 3039 1412 3107 Israel,
1444 3039 1586 3096 Deus
1614 3041 1792 3112 loqui-

199 3143 330 3196 tur,
369 3131 558 3186 dicens
589 3147 602 3183 ε
635 3129 720 3184 Ne
755 3129 1067 3202 polluantini
1114 3130 1171 3186 in
1195 3131 1436 3186 omnibus
1473 3131 1555 3186 his
1601 3133 1790 3201 quibus

1895 1945 2041 2001 tione
2069 1947 2400 2016 supervenire
2424 1948 2696 2001 interitum
2725 1949 3082 2003 exercentibus
3103 1951 3436 2019 tyrannidem
3457 1965 3477 2002 :

1898 2036 1979 2090 his
2013 2047 2190 2091 autem
2221 2045 2425 2091 tantum
2467 2038 2757 2102 ostendere,
2797 2038 3237 2108 quemadmodum
3281 2040 3482 2093 inimici

1895 2127 2112 2182 illorum
2147 2130 2638 2184 exterminabantur
2670 2128 2823 2201 (Sap.
2855 2146 2970 2196 xw,
3015 2129 3093 2201 4).
3120 2131 3186 2185 Et
3228 2131 3424 2186 iterum
3461 2151 3474 2184 :

1901 2217 2092 2288 Tetigit
2114 2230 2288 2274 autem
2316 2229 2439 2274 tunc
2458 2231 2505 2275 et
2523 2221 2692 2289 justas
2723 2224 2940 2276 tentatio
2960 2224 3166 2289 mortis,
3187 2233 3234 2277 et
3253 2237 3484 2278 commo-

1897 2308 1970 2362 tio
1996 2308 2051 2362 in
2071 2324 2242 2362 eremo
2271 2309 2414 2378 facta
2449 2319 2524 2363 est
2554 2310 2924 2377 multitudinis,
2953 2314 3044 2366 sed
3083 2329 3188 2368 non
3229 2314 3322 2368 diu
3363 2331 3482 2385 per-

1898 2400 2092 2454 mansit
2129 2400 2212 2454 ira
2243 2409 2337 2454 tua
2356 2414 2378 2452 :
2399 2411 2513 2456 erat
2534 2404 2673 2457 enim
2715 2403 2829 2458 sola
2858 2407 3076 2462 tentatio
3105 2408 3200 2462 ira:
3223 2407 3479 2478 sufficiens

1897 2488 2054 2559 (Sap.
2104 2506 2262 2557 xvm,
2285 2491 2379 2556 20,
2409 2492 2503 2565 25)
2528 2495 2740 2564 ;impiis
2775 2505 2949 2550 autem
2977 2513 3138 2566 usque
3160 2498 3216 2551 in
3252 2499 3478 2553 novissi-

1895 2599 2037 2636 mum
2084 2583 2196 2638 sine
2221 2585 2584 2640 misericordia
2625 2587 2706 2640 ira
2746 2588 3036 2657 supervenit
3084 2587 3236 2659 (Sap.
3261 2603 3371 2653 XIX,
3402 2590 3477 2659 l).

1895 2673 1964 2728 Et
2001 2673 2160 2744 paulo
2186 2683 2310 2744 post
2335 2676 2403 2730 de
2447 2684 2653 2731 aeterno
2678 2677 2992 2732 eorumdem
3023 2675 3400 2749 Egyptiorum
3425 2677 3480 2732 in

1894 2764 2033 2818 mari
2081 2763 2268 2819 Rubro
2319 2765 2562 2832 interitu,
2617 2767 2690 2821 ita
2737 2768 3118 2822 dicitzAdhuc
3155 2769 3294 2823 enim
3344 2769 3482 2823 inter

1895 2873 2086 2910 manus
2114 2857 2358 2911 habentes
2380 2857 2601 2924 luctum,
2621 2869 2671 2913 et
2685 2858 3016 2930 deplorantes
3045 2859 3114 2913 ad
3138 2869 3476 2930 monumenta

1895 2955 2246 3010 mortuorum,
2268 2945 2430 3000 aliam
2457 2947 2558 3000 sibi
2588 2958 2983 3018 assumpserunt
3007 2949 3375 3019 cogitationem
3395 2949 3478 3003 in-

1894 3037 2126 3090 scientiae
2149 3049 2168 3087 .°
2191 3045 2238 3090 et
2265 3052 2396 3106 quos
2424 3047 2666 3107 rogantes
2725 3039 3077 3107 projecerant,
3099 3040 3192 3093 hos
3221 3049 3477 3110 tanquam

1895 3125 2144 3195 fugitivos
2169 3125 2612 3196 persequebantur
2630 3140 2650 3178 :
2672 3126 2890 3180 ducebat
2911 3128 3054 3181 enim
3083 3127 3202 3182 illos
3238 3128 3309 3182 ad
3338 3128 3477 3183 hunc

195 3222 731 3277 contaminamwm
762 3220 1018 3276 απὶυεηω
1039 3230 1242 3292 ρεηεεε,
1279 3237 1412 3292 qua;
1449 3237 1545 3292 ego
1578 3221 1791 3291 dictum
1818 3203 1864 3266 C
1893 3214 2050 3284 ﬁnem
2101 3215 2261 3286 digna
2307 3217 2602 3279 necessitas,
2644 3227 2693 3271 et
2741 3233 2945 3283 eorum,
2990 3234 3109 3290 qua:
3155 3220 3478 3286 acciderant,

191 3320 328 3366 ante
358 3319 691 3379 conspectum
717 3318 942 3365 vestrum
961 3349 978 3376 ,
1007 3319 1058 3365 et
1076 3311 1264 3382 quibus
1289 3310 1492 3381 polluta
1513 3321 1589 3367 est
1608 3321 1750 3367 terra
1770 3329 1790 3368 :

195 3402 363 3472 cujus
384 3417 476 3472 ego
501 3399 698 3454 scelera
723 3400 944 3454 visitabo
961 3441 976 3466 ,
1003 3412 1061 3457 ut
1101 3411 1301 3458 evomat
1324 3402 1644 3457 habitatores
1669 3420 1793 3458 suos

195 3498 356 3569 (Leu.
391 3513 552 3563 xviii,
576 3496 670 3562 24,
698 3496 812 3567 25).
839 3496 906 3552 Et
924 3503 1046 3567 post
1067 3509 1240 3564 pauca
1269 3511 1286 3550 z
1319 3491 1513 3548 Omnes
1537 3495 1676 3548 enim
1700 3510 1794 3549 ea:-

192 3591 527 3645 secrationes
568 3589 697 3643 istas
723 3587 954 3657 fecerunt
999 3585 1195 3640 accola:
1242 3595 1428 3650 terras,
1457 3585 1546 3654 qui
1577 3584 1792 3653 fuerunt

195 3691 328 3736 ante
351 3697 440 3735 vos
457 3720 474 3746 ,
512 3689 560 3735 et
590 3679 887 3750 polluerunt
911 3695 1044 3732 eam.
1071 3675 1257 3732 Cavete
1285 3692 1408 3746 ergo
1439 3693 1502 3730 ne
1533 3685 1583 3730 et
1612 3692 1702 3730 vos
1721 3677 1794 3729 si-

195 3770 404 3824 militer
421 3778 648 3832 evomat,
665 3785 790 3824 cum
818 3768 970 3840 paria
993 3767 1238 3836 feceritis,
1263 3766 1398 3819 sicut
1419 3764 1641 3819 evomuit
1663 3780 1792 3834 gen-

196 3872 329 3923 tem,
354 3876 474 3930 quae
498 3859 599 3928 fuit
634 3869 756 3912 ante
778 3873 876 3913 vos
891 3856 1083 3928 ilbid.,
1103 3855 1198 3920 27,
1226 3855 1340 3926 28).

270 3949 397 4004 Jam
436 3963 567 4003 vero
606 3949 672 4002 de
701 3957 944 4004 extrema
981 3945 1297 4002 earumdem
1331 3944 1577 4016 gentium
1609 3942 1795 4016 perdi-

196 4044 378 4104 tione,
400 4055 506 4109 qua
533 4047 594 4093 et
619 4039 670 4093 in
695 4037 969 4109 praesenti,
996 4037 1132 4093 etin
1154 4034 1333 4090 futuro
1353 4034 1551 4090 saeculo
1598 4033 1794 4104 procul

195 4134 373 4189 dubio
399 4132 710 4202 perierunt,
739 4131 814 4184 ita
853 4128 1184 4200 generaliter
1206 4126 1486 4196 Scriptura
1527 4126 1792 4196 loquitur,

196 4226 402 4279 dicens
434 4240 448 4275 :
490 4221 702 4280 Domini
721 4220 862 4275 enim
882 4219 1136 4274 sententia
1159 4217 1356 4287 fuerat,
1385 4225 1443 4270 ut
1475 4215 1794 4283 induraren-

192 4327 295 4370 tur
317 4314 480 4369 corda
509 4328 712 4377 eorum,
737 4322 784 4365 et
813 4319 1102 4383 pugnarent
1131 4319 1316 4364 contra
1342 4308 1536 4375 Israel,
1557 4318 1605 4363 et
1632 4309 1794 4364 cade-

195 4418 343 4474 rent,
365 4416 415 4462 et
436 4423 539 4461 non
563 4415 886 4460 mererentur
902 4404 1066 4458 ullam
1093 4403 1443 4470 clementiam,
1461 4419 1524 4458 ac
1541 4403 1792 4474 perirent,

194 4502 343 4555 sicut
379 4507 698 4568 praceperat
737 4495 994 4550 Dominus
1033 4495 1206 4566 Moysi
1238 4495 1375 4566 (Jos.
1405 4511 1482 4560 si,
1510 4494 1624 4567 20).
1652 4493 1793 4561 Quid

191 4584 448 4658 apertius
468 4583 697 4638 inveniri
717 4590 896 4652 potest
913 4582 980 4636 de
997 4580 1475 4651 praadestinatioue
1503 4581 1792 4649 impiorum

193 4677 272 4732 ad
302 4675 580 4730 interitum
610 4671 1024 4742 sempiternum,
1061 4686 1224 4741 quam
1268 4670 1412 4740 quod
1454 4671 1797 4740 omnipotens

195 4769 374 4833 Deus,
401 4767 494 4836 qui
520 4767 623 4821 hoc
647 4764 886 4820 futurum
913 4766 968 4820 in
991 4765 1206 4821 occulto
1230 4765 1436 4835 judicio
1466 4779 1565 4820 suo
1586 4774 1793 4821 statue-

195 4867 316 4925 rat,
365 4865 515 4912 tanto
551 4865 698 4922 ante,
728 4866 784 4912 et
808 4857 1042 4913 Abrahae
1067 4857 1170 4913 ista
1194 4857 1541 4928 praedixerat,
1587 4867 1644 4914 et
1681 4858 1798 4928 ipse

192 4958 395 5021 postea
417 4949 610 5004 mediis
626 4949 958 5019 temporibus
979 4949 1417 5020 frequentissime
1432 4951 1798 5008 comminatus

192 5050 307 5107 est,
344 5049 402 5096 et
439 5040 506 5095 ad
544 5048 847 5096 extremum
879 5040 998 5110 ejus
1027 5041 1330 5107 sententiae,
1364 5041 1415 5096 id
1457 5051 1542 5096 est
1578 5042 1790 5098 consilii

195 5143 371 5203 atque
389 5132 580 5203 judicii
617 5131 783 5188 fuisse
814 5131 1095 5203 Scriptura
1117 5132 1422 5196 conﬁrmat,
1450 5141 1511 5187 ut
1541 5148 1646 5187 non
1679 5149 1793 5188 me-

195 5232 460 5280 rerentur
481 5223 645 5278 ullam
671 5223 1014 5279 clementiam
1034 5264 1050 5288 ,
1076 5223 1169 5278 sed
1193 5223 1245 5277 in
1268 5237 1366 5278 sua
1405 5222 1683 5294 impietate
1711 5233 1792 5278 at-

191 5330 312 5385 que
351 5322 662 5385 contemptu
690 5314 933 5371 funditus
960 5324 1015 5372 et
1046 5315 1375 5372 teternalitcr
1406 5317 1669 5388 perirent.
1715 5317 1792 5374 De

196 5406 292 5462 his
314 5403 511 5460 divinis
529 5403 750 5473 iudiciis
766 5406 929 5461 etiam
951 5405 1088 5462 liber
1113 5405 1402 5477 Sapientiae
1429 5407 1502 5462 ita
1527 5408 1594 5463 ad
1616 5408 1785 5464 Deum

197 5495 464 5566 loquitur,
488 5496 674 5551 dicens
699 5510 715 5550 :
747 5496 877 5561 Quis
903 5496 1041 5551 enim
1065 5496 1199 5551 dicet
1228 5497 1321 5552 tibi
1350 5516 1368 5554 :
1407 5496 1548 5564 Quid
1584 5497 1786 5568 fecisti;

195 5595 298 5641 aut
333 5586 450 5656 quis
498 5585 657 5640 stabit
705 5595 889 5640 contra
919 5586 1184 5656 judicium
1227 5587 1418 5641 tuum?
1459 5597 1552 5642 aut
1579 5589 1695 5657 quis
1733 5588 1789 5642 in

197 5687 485 5748 conspectu
515 5686 606 5732 tuo
635 5678 796 5732 veniet
825 5679 1012 5732 vindex
1030 5679 1329 5750 iniquorum
1357 5681 1668 5735 hominum?
1695 5691 1788 5736 aut

199 5771 323 5840 quis
353 5771 446 5827 tibi
489 5771 762 5840 imputabit
796 5772 841 5825 si
884 5773 1128 5827 vet‘ierint
1158 5774 1390 5829 nationes
1435 5791 1566 5844 quas
1609 5785 1666 5830 tu
1714 5776 1793 5846 (e-

1819 4547 1874 4607 D

1890 3310 2434 3364 commemorationem
2487 3311 2792 3365 amittebant
2818 3324 2837 3363 :
2867 3321 2923 3364 ut
2969 3327 3088 3383 qua:
3127 3312 3342 3368 deerant
3378 3323 3481 3367 tor-

1892 3405 2102 3468 mentis,
2131 3404 2347 3474 repleret
2373 3405 2609 3475 punitio;
2640 3417 2688 3459 et
2714 3404 2937 3475 populus
2974 3406 3183 3476 quidem
3233 3415 3352 3460 tuus
3375 3407 3479 3458 mi-

1893 3494 2131 3548 rabiliter
2158 3496 2426 3559 transiret,
2461 3495 2543 3550 illi
2569 3504 2744 3550 autem
2786 3511 2974 3550 novant
3016 3506 3233 3550 mortem
3276 3497 3476 3551 inveni-

1894 3593 2008 3637 rent
2028 3582 2220 3654 (Ibid.,
2259 3585 2314 3648 5,
2343 3584 2400 3648 4,
2429 3584 2506 3655 5).

1966 3675 2231 3730 Similiter
2267 3683 2323 3730 et
2363 3677 2417 3731 in
2463 3676 2602 3734 libro
2640 3677 2882 3733 Danielis
2912 3678 3187 3749 propheta
3214 3677 3379 3746 (Dan.
3410 3691 3474 3740 ιι,

1893 3765 1985 3837 32)
2030 3774 2265 3835 quatuor
2308 3768 2613 3823 futurorum
2657 3783 2975 3838 magnorum
3017 3777 3073 3823 et
3114 3768 3474 3824 cardinalium

1894 3869 2210 3925 regnorum,
2241 3864 2296 3910 et
2320 3857 2457 3912 ordo
2480 3866 2536 3914 et
2564 3865 2806 3928 tempora
2832 3899 2846 3922 ,
2876 3867 2932 3912 et
2959 3866 3158 3912 aeterna
3184 3865 3240 3912 et
3267 3857 3476 3912 destru-

1894 3948 2004 4003 ctio
2043 3947 2199 4017 juxta
2257 3949 2451 4004 divina:
2481 3949 2972 4019 prazdestiuationis
3015 3950 3301 4020 judicium,
3357 3950 3474 4004 sive

1895 4039 1995 4095 sub
2036 4038 2216 4110 Specie
2259 4047 2492 4109 quatuor
2521 4039 2860 4095 metallorum
2891 4041 2944 4093 in
3007 4048 3183 4094 statua
3211 4057 3244 4094 a
3278 4055 3396 4110 rege
3421 4041 3476 4095 in

1895 4131 2101 4188 somnis
2129 4131 2272 4196 visa,
2298 4132 2416 4187 sive
2443 4133 2543 4188 sub
2581 4131 2893 4187 diversitate
2921 4129 3153 4202 quatuor
3181 4132 3478 4188 bestiarum

1895 4224 1963 4280 de
1995 4224 2130 4279 mari
2165 4224 2602 4289 ascendentium;
2649 4225 2763 4280 sive
2806 4233 2992 4294 aperta
3029 4223 3481 4294 prmnuntiatione

1895 4331 2084 4386 regum
2115 4323 2276 4386 atque
2299 4315 2562 4371 bellorum
2604 4331 2775 4386 usque
2805 4316 2871 4370 ad
2905 4325 3144 4386 tempora
3164 4355 3178 4380 ,
3215 4323 3270 4369 et
3305 4315 3474 4371 inter-

1898 4404 2216 4473 fectionem,
2239 4416 2403 4476 atque
2430 4406 2707 4462 interitum
2738 4407 2906 4476 ipsius
2930 4405 3269 4468 Antichristi,
3298 4413 3351 4459 et
3373 4406 3472 4460 ad-

1897 4507 2117 4553 ventum
2137 4497 2338 4554 Christi
2363 4499 2430 4554 ad
2453 4499 2717 4569 judicium
2740 4497 3044 4552 admirabili
3069 4497 3160 4550 Dei
3185 4497 3474 4565 przescicn—

1899 4589 1974 4644 tia
2011 4597 2062 4644 et
2095 4589 2447 4659 dispositione
2476 4589 2908 4644 manifestantur.
2935 4589 3062 4656 Quae
3084 4588 3268 4656 utique
3290 4601 3476 4656 regna,

1895 4678 2156 4749 adjuncto
2176 4695 2343 4751 regno
2362 4681 2703 4746 Antichristi,
2724 4690 2924 4749 quanta
2948 4688 3002 4734 et
3021 4695 3181 4748 quam
3203 4677 3478 4732 horrenda

1899 4771 2039 4826 mala
2068 4773 2119 4826 in
2150 4773 2406 4828 universo
2431 4774 2633 4829 mundo
2666 4772 3028 4834 exercuerim,
3050 4779 3105 4826 et
3136 4770 3187 4824 in
3215 4778 3476 4840 quantum

1900 4861 2136 4916 maxime
2166 4861 2464 4917 Ecclesium
2499 4862 2598 4917 Dei
2646 4860 3009 4933 oppresserint
3037 4868 3090 4914 et
3131 4859 3480 4930 impugnave-

1903 4951 2032 5016 rint,
2061 4951 2184 5020 quis
2214 4952 2373 5022 digne
2391 4951 2665 5017 azstimare
2689 4949 2950 5006 suﬂiciat?
2979 4949 3044 5004 Et
3073 4957 3254 5004 tamen
3281 4956 3342 5002 ut
3363 4963 3482 5003 om-

1899 5045 1987 5100 nia
2015 5046 2130 5100 hzec
2159 5057 2360 5102 aeterno
2387 5045 2742 5117 pratscientiat
2768 5054 2824 5100 et
2871 5039 3363 5114 praedestinationis
3392 5039 3476 5094 di-

1897 5136 2037 5191 vium
2055 5136 2259 5205 judicio
2289 5137 2430 5191 facta
2449 5177 2464 5201 ,
2492 5135 2577 5190 vel
2605 5135 2784 5190 futura
2805 5148 2924 5189 esse
2951 5133 3339 5203 intelligantur,
3368 5137 3482 5183 tam

1899 5227 2220 5282 mirabiliter
2260 5227 2342 5300 (ut
2369 5225 2626 5297 diximus)
2676 5240 2776 5281 suo
2808 5225 3000 5299 ordine
3041 5222 3331 5294 praedicta,
3365 5219 3480 5274 suis

1901 5321 2234 5390 temporibus
2277 5319 2554 5385 distincta,
2596 5319 2710 5374 suis
2751 5319 2996 5375 terminis
3026 5316 3290 5381 linienda;
3329 5321 3484 5370 tanto

1898 5418 2024 5465 ante
2067 5410 2381 5481 prophetica
2424 5409 2754 5466 revelatione
2783 5417 2839 5465 et
2877 5408 3087 5479 agnita,
3119 5415 3176 5462 et
3213 5404 3484 5474 descripta

1896 5509 2042 5557 sunt.

1967 5595 2120 5663 Quod
2143 5596 2189 5652 si
2209 5595 2372 5651 etiam
2398 5596 2572 5666 ipsum
2595 5611 2787 5652 nomen
2812 5589 3317 5667 przedestinationis,
3340 5587 3483 5659 quod
3567 5613 3569 5616 ⁴

1899 5685 2031 5742 nihil
2059 5694 2143 5742 est
2182 5686 2326 5743 aliud
2365 5703 2526 5759 quam
2577 5690 2849 5746 decretum
2890 5695 2945 5741 et
2984 5682 3270 5756 prteliuitio
3317 5679 3483 5734 divini

1892 5775 2082 5844 judicii
2125 5777 2178 5831 in
2225 5777 2406 5834 verbis
2450 5777 2798 5849 propheticis,
2832 5775 3074 5831 invenire
3101 5771 3367 5843 cupimus,
3400 5772 3487 5821 est-
