3970 6306
581 360 682 424 115

1676 345 1879 405 FLORI
1915 339 2170 401 DIACONi

2272 333 2713 394 UGDUNENSIS
3726 331 3805 394 ιη

570 472 732 541 locus
759 476 1024 536 mirabilis
1057 482 1113 532 et
1132 467 1496 530 memorabilis
1520 466 1662 538 apud
1701 464 1896 520 lsaiam
1922 458 2156 532 propbe-
2186 457 2229 515 Α
2258 464 2366 522 que
2394 449 2449 503 in
2473 449 2675 503 mundo
2704 458 2805 517 per
2834 458 2929 501 eos
2959 443 3261 501 exercenda
3294 451 3466 511 sunt,
3501 446 3640 515 apud
3672 447 3805 507 nam

580 583 715 641 tam,
758 570 854 629 ubi
908 566 1165 624 historice
1208 563 1274 620 de
1329 560 1477 631 regni
1529 553 1808 628 Babylonii
1851 560 1906 609 et
1952 548 2159 641 Assyrii

581 637 966 727 destructione,
990 658 1214 732 mystice
1233 664 1409 711 autem
1431 650 1498 706 de
1517 649 1682 704 totius
1704 643 1939 702 civitatis
1962 637 2160 697 diaboli

580 758 639 813 in
669 756 776 811 ﬁne
804 752 983 810 saeculi
1012 748 1308 820 perditione
1352 738 1609 814 loquitur,
1655 745 1711 794 et
1734 736 2160 805 omnipotentem

583 847 754 902 Deum
792 843 1083 915 iurantem.
1127 837 1178 894 id
1200 844 1285 891 est
1310 830 1570 890 immobili
1619 828 1845 885 veritate
1872 840 1966 880 sua
1997 824 2162 878 verba

582 912 889 991 ﬁrmantem
912 928 1135 992 inducit,
1161 933 1217 983 et
1246 925 1325 980 ait
1344 921 1482 995 (ιω.
1506 934 1621 985 xw,
1658 918 1753 983 at,
1788 916 1882 982 as,
1910 914 2001 984 ετ)
2025 930 2039 967 ε
2063 912 2164 967 Ju-

583 1026 717 1079 ravit
762 1021 1017 1076 Dominus
1060 1017 1379 1072 exercituum
1400 1012 1579 1067 dicens
1602 1022 1619 1064 :
1646 1007 1709 1064 Si
1727 1023 1852 1071 non,
1880 1014 1935 1058 ut
1962 1000 2161 1073 putaui,

581 1117 659 1170 ita
704 1116 801 1169 erit
825 1121 910 1167 :et
946 1107 1206 1181 quomodo
1252 1114 1420 1160 mente
1450 1099 1690 1165 tractaui,
1737 1100 1813 1152 sic
1841 1095 2055 1152 eveniet.
2096 1092 2164 1146 Et

584 1207 744 1277 paulo
786 1210 910 1274 post
955 1219 969 1256 :
1015 1199 1131 1254 Hoc
1183 1196 1495 1259 comitium,
1539 1191 1678 1264 quod
1726 1186 1951 1259 cogitavi
2007 1198 2166 1254 super

582 1273 797 1351 omnem?
815 1304 1010 1349 terram
1033 1304 1052 1344 :
1075 1299 1122 1345 et
1155 1290 1266 1343 Iure
1294 1297 1370 1342 est
1393 1299 1583 1341 manus
1626 1280 1837 1335 extenta
1863 1286 2019 1343 super
2042 1273 2164 1327 uni-

581 1403 754 1441 uersas
782 1393 975 1456 gentes.
1000 1381 1253 1435 Dominus
1272 1378 1411 1432 enim
1427 1374 1571 1429 Deus
1589 1369 1909 1427 exercituum
1922 1364 2165 1420 decrevit:

580 1487 631 1531 et
650 1477 775 1547 quis
802 1474 988 1545 poterit
1027 1469 1345 1541 inﬁrmare?
1374 1476 1422 1521 et
1467 1480 1657 1519 manus
1698 1462 1814 1532 ejus
1855 1467 2085 1522 extenta,
2114 1462 2166 1510 et

582 1568 701 1637 quis
723 1572 917 1620 auertet
938 1578 1051 1617 eam
1068 1562 1093 1614 ?
1114 1560 1252 1615 Ecce
1271 1553 1558 1612 manifeste
1581 1548 1983 1624 praedestinatio
2004 1547 2165 1601 inter-

579 1635 693 1712 itus
741 1657 1113 1727 reproborum,
1166 1649 1223 1704 id
1268 1655 1353 1704 est
1393 1645 1637 1701 omnium
1682 1640 1924 1713 gentium
1970 1635 2166 1708 populo

584 1746 682 1802 Dei
711 1724 1130 1802 adversantium,
1157 1747 1212 1793 et
1238 1736 1602 1798 inimicarum,
1629 1744 1727 1801 per
1749 1728 1944 1783 divinas
1968 1724 2165 1781 mentis

2258 543 2467 599 orando
2500 542 2866 597 obtineantnr.
3104 586 3107 587 ν

2333 632 2457 687 Haec
2479 631 2879 701 praedestinatio
2898 639 2954 685 et
2971 622 3256 700 praeﬁnitio
3276 624 3454 685 divini
3475 627 3660 700 iudicii
3678 633 3807 690 etiam

2250 723 2401 793 apud
2428 720 2766 777 Ezechielem
2791 721 3109 790 prophetam
3137 719 3379 775 breviter
3405 721 3725 786 ostenditur,
3742 722 3809 776 ubi

2262 813 2316 867 in
2345 827 2575 883 persona
2604 812 2767 866 totius
2805 811 2957 882 regni
2995 818 3051 866 et
3088 809 3379 865 sacerdotii
3412 807 3628 864 Judaici
3657 812 3811 868 merito

2252 901 2555 971 impietatis
2595 915 2707 955 suat
2753 901 2806 953 in
2854 899 3164 954 novissimis
3209 899 3591 968 temporibus,
3636 900 3813 955 Christo
3912 899 3913 967 ᾗ

2264 991 2492 1047 Domino
2515 989 2853 1054 adveniente,
2893 987 3202 1047 destruendi
3237 990 3303 1043 ad
3344 990 3644 1058 reprobum
3672 1003 3812 1058 regem
3912 984 3913 1049 ᾗ

2263 1081 2462 1137 dicitur
2489 1098 2502 1134 :
2539 1079 2618 1133 Tu
2644 1089 2839 1143 autem,
2871 1079 3112 1148 profane,
3136 1080 3294 1149 impie
3318 1080 3439 1132 dua:
3471 1077 3665 1142 Israel,
3694 1080 3815 1148 cujus

2265 1173 2398 1226 venit
2425 1171 2538 1225 dies
2567 1172 2623 1225 in
2651 1181 2877 1240 tempore
2913 1168 3204 1238 iniquitatis
3236 1169 3511 1237 prtrﬁnita
3531 1205 3548 1232 ,
3584 1169 3690 1222 lure
3721 1170 3816 1222 dicit

2265 1264 2522 1320 Dominus
2547 1277 2566 1315 :
2596 1263 2763 1332 Aufer
2788 1262 3033 1327 Cidarim,
3062 1260 3186 1315 tolle
3210 1276 3469 1315 coronam
3499 1260 3708 1328 (Exerit.
3726 1276 3815 1324 ut,

2264 1357 2357 1428 25)
2385 1374 2399 1410 :
2431 1370 2688 1412 coronam
2718 1357 2862 1411 enim
2894 1356 3045 1425 regni
3075 1368 3198 1410 esse
3233 1363 3289 1409 et
3323 1354 3566 1409 cidarim
3604 1354 3817 1408 mocrito-

2268 1455 2381 1502 tum
2420 1445 2765 1501 manifestum
2805 1453 2907 1500 est.
2954 1445 3107 1512 Quod
3153 1453 3454 1513 utrumque
3493 1444 3706 1500 Christo
3740 1444 3817 1497 Do-

2267 1537 2416 1592 mino
2444 1536 2765 1591 adveniente
2792 1535 2861 1588 ab
2891 1535 2981 1590 illo
3019 1533 3213 1605 populo
3247 1534 3535 1589 sublatum
3560 1548 3681 1587 esse
3703 1532 3817 1586 vide-

2264 1643 2408 1693 mus,
2434 1636 2489 1682 et
2516 1626 2618 1681 hoc
2644 1627 2867 1695 quando
2887 1625 3105 1680 advenit
3135 1625 3217 1680 eis
3246 1624 3363 1679 dies
3391 1625 3451 1679 in
3485 1632 3721 1693 tempore
3742 1623 3818 1677 ini-

2267 1715 2492 1786 quitatis
2525 1712 2815 1784 praeﬁnita.
2862 1712 2994 1768 Tale
3042 1722 3127 1768 est
3166 1722 3221 1768 et
3257 1712 3392 1769 illud
3420 1714 3571 1784 apud
3608 1713 3818 1767 eumdem

587 1797 877 1890 ira—clatum
904 1839 960 1886 et
986 1797 1294 1890 consilium,
1328 1832 1492 1894 atque
1525 1797 1824 1881 decretum,
1849 1825 1905 1872 et
1924 1830 2024 1887 per
2051 1828 2167 1869 ma-
2193 1797 2242 1859 Β
2266 1807 2607 1894 propbeiam,
2637 1808 2781 1876 quod
2809 1805 3067 1861 Dominus
3088 1804 3158 1860 ad
3182 1803 3426 1873 gladium
3458 1812 3739 1859 omentum
3757 1809 3819 1855 at-

583 1940 691 1980 nus
723 1919 1111 1982 extensionem,
1141 1932 1242 1987 per
1276 1929 1438 1985 quam
1476 1911 1659 1968 omnia
1697 1922 1861 1978 opera
1899 1902 2166 1975 implenda

587 2023 645 2071 et
671 2010 999 2083 perﬁcienda
1035 2005 1407 2079 signiﬁcantur
1450 2002 1550 2057 sub
1573 1995 1924 2071 iurisiurandi
1971 1991 2166 2048 testiﬁ-

589 2106 823 2167 catione,
850 2102 907 2157 id
924 2109 1007 2156 est
1027 2098 1195 2155 divini
1215 2095 1426 2153 consilii
1452 2091 1711 2150 immobili
1738 2089 1991 2145 ﬁrmitate
2010 2100 2167 2143 auer-

589 2196 798 2251 tissime
830 2190 1155 2249 declaratur.

590 2410 593 2411 ν
658 2375 720 2429 In
749 2372 836 2428 illa
866 2383 1079 2443 quoque
1098 2367 1294 2425 visione
1325 2366 1528 2423 arboris
1553 2377 1779 2435 magnae,
1807 2360 1961 2431 cuius
2013 2344 2170 2429 aspeé

592 2475 715 2523 ctus
742 2472 861 2521 erat
895 2477 1067 2534 usque
1095 2461 1163 2517 ad
1190 2459 1323 2516 ﬁnes
1365 2467 1544 2520 terrae,
1576 2469 1739 2526 quam
1787 2466 1886 2507 rex
1928 2450 2065 2505 vidit
2112 2448 2169 2503 in

590 2559 798 2617 somnis
820 2559 932 2613 Deo
957 2555 1185 2625 iubente
1208 2551 1434 2616 abscidi,
1456 2565 1555 2621 per
1577 2562 1739 2619 quam
1768 2542 2171 2615 signiﬁcabatur

589 2647 818 2706 altitudo
858 2645 1142 2702 mundana:
1176 2640 1449 2713 potentias,
1496 2652 1618 2709 quae
1666 2632 1932 2704 superbia:
1976 2629 2170 2685 merito

587 2741 904 2813 frequenter
940 2737 1123 2793 divino
1151 2733 1356 2803 judicio
1379 2729 1711 2788 subvertitur
1752 2731 1808 2813 et
1846 2722 2167 2792 dissipatur:

589 2809 757 2889 divini
776 2829 989 2888 consilii
1009 2824 1498 2900 praedestinatione,
1522 2830 1578 2877 et
1600 2809 1839 2882 decreto,
1864 2825 2025 2885 atque
2049 2828 2173 2869 sen-

588 2924 758 2980 tentia
783 2936 883 2992 per
904 2918 1216 2991 angelorum
1242 2922 1553 2971 sanctorum
1581 2907 1880 2965 ministeria
1908 2906 2025 2960 haec
2053 2901 2170 2958 ﬁeri

588 3014 1049 3069 demonstrentur.
1074 3006 1169 3061 Sic
1194 3005 1309 3074 ipse
1331 3017 1428 3057 rex
1462 3002 1517 3056 in
1544 2998 1784 3069 eiusdem
1830 2993 2003 3050 somni
2036 3008 2169 3048 nar-

589 3102 802 3158 ratione
826 3100 931 3165 ait:
955 3095 1206 3151 Videbam
1233 3095 1290 3147 in
1311 3091 1504 3147 uisione
1528 3088 1712 3158 capitis
1736 3086 1836 3140 mei
1857 3099 2013 3154 super
2034 3091 2170 3136 stra-

589 3203 703 3248 tum
728 3164 901 3245 meum
920 3202 939 3242 :
961 3196 1013 3243 et
1032 3202 1148 3242 ecce
1169 3182 1312 3254 vigil,
1337 3191 1386 3237 et
1409 3190 1619 3236 sanctus
1638 3178 1702 3232 de
1731 3174 1859 3230 coelo
1879 3149 2165 3227 descendit.
2196 3149 2240 3211 Ο

589 3280 848 3338 Clamauit
895 3278 1122 3349 fortiter,
1164 3284 1213 3331 et
1263 3275 1338 3329 sic
1364 3273 1486 3327 ait:
1515 3267 1777 3325 Succidite
1823 3265 2080 3327 arborem,
2122 3270 2173 3318 et.

586 3371 857 3445 praecidite
878 3383 1053 3424 ramos
1080 3366 1215 3437 ejus,
1238 3364 1463 3419 excutite
1503 3359 1632 3431 folia
1657 3357 1791 3427 ejus,
1824 3363 1871 3410 et
1897 3354 2173 3424 dispergite

538 3508 549 3513 -
590 3443 827 3534 fructum
848 3460 985 3530 ejus,
1001 3456 1290 3528 etc.(Dan.
1308 3452 1487 3520 tv,l0,
1512 3448 1622 3521 li).
1638 3449 1706 3503 Et
1731 3454 1851 3518 post
1869 3460 2040 3515 pauca
2067 3461 2081 3497 :
2104 3443 2173 3497 In

594 3551 853 3608 sententia
881 3547 1095 3619 vigilum
1121 3545 1385 3600 decretum
1407 3550 1502 3605 est,
1520 3548 1567 3594 et
1592 3552 1761 3593 sermo
1793 3542 2093 3589 sanctorum
2122 3540 2171 3586 et

588 3642 797 3714 petitio,
839 3639 1003 3693 donec
1052 3640 1364 3706 cognoscant
1411 3632 1656 3693 uiuentes,
1699 3624 1836 3697 quod
1876 3623 2175 3677 dominetur

590 3713 848 3787 Excelsus
868 3730 923 3783 in
951 3742 1108 3798 regno
1131 3724 1421 3787 hominum,
1436 3730 1484 3775 et
1501 3720 1790 3788 cuicunque
1815 3713 2058 3778 voluerit,
2076 3713 2177 3766 αα·-

588 3824 662 3879 bit
715 3820 848 3876 illud
901 3817 1093 3883 (Ibid.,
1119 3814 1230 3887 14).
1270 3812 1388 3873 Non
1433 3810 1577 3867 enim
1604 3810 1721 3864 haec
1750 3812 1971 3877 propter
1997 3802 2173 3869 solum

593 3914 1094 3971 Nabuchodonosor
1119 3915 1266 3980 gesta
1296 3913 1449 3970 sunt;
1477 3902 1573 3958 sed
1600 3902 1667 3956 ad
1701 3909 1964 3955 terrorem
1989 3904 2047 3950 et
2071 3894 2172 3950 bu-

590 4004 946 4060 miliationem
988 3997 1230 4054 omnium
1279 3992 1632 4050 mundialium
1673 3994 1998 4060 potestatum
2024 4024 2040 4049 ,
2078 3981 2171 4052 qui

590 4091 783 4161 legunt
815 4090 929 4145 ista
963 4087 1049 4143 vel
1089 4084 1341 4149 audiunt,
1388 4089 1447 4137 ut
1484 4092 1674 4137 omnes
1711 4074 2168 4137 contremiscam,

592 4197 786 4238 omnes
805 4186 1134 4251 cognoscant
1158 4176 1302 4246 quod
1322 4174 1626 4230 dominetur
1645 4169 1903 4226 Exceisus
1928 4166 1983 4220 in
2006 4178 2172 4231 regno

594 4272 878 4329 hominum
918 4287 931 4323 :
974 4266 1127 4337 cuius
1170 4274 1436 4338 potestate
1478 4272 1640 4333 atque
1670 4259 1876 4332 iudicio
1911 4255 2170 4328 regnandi

592 4362 836 4434 potentia
867 4360 1010 4425 aliis,
1041 4366 1205 4427 atque
1240 4356 1362 4411 aliis
1399 4356 1684 4411 tribuatur.
1723 4351 1877 4421 Quod
1914 4349 2038 4420 quia
2076 4362 2173 4418 per

594 4456 838 4528 angelica
904 4450 1207 4508 ministeria
1276 4448 1581 4519 disponitur
1634 4454 1797 4516 atque
1859 4442 2170 4514 peragitur,

594 4549 758 4604 etiam
784 4547 838 4601 in
868 4542 1133 4600 sententia
1161 4540 1383 4611 vigilum
1412 4540 1687 4595 decretum
1713 4551 1864 4603 esse,
1904 4546 1961 4591 et
1993 4549 2175 4591 sermo

595 4646 910 4696 sanctorum
935 4674 952 4700 ,
1009 4640 1065 4688 et
1114 4631 1304 4703 petitio
1357 4630 1412 4685 in
1461 4629 1658 4685 talibus
1702 4626 1911 4698 impleri
1956 4624 2170 4680 dicitur.

597 4729 772 4796 Quam
800 4734 980 4781 tamen
1005 4722 1223 4793 vigilum
1243 4721 1568 4777 sententiam
1591 4719 1851 4791 propheta
1875 4717 1928 4771 in
1951 4728 2176 4784 sequen-

600 4819 749 4872 tibus
768 4814 1087 4870 sententiam
1111 4812 1373 4868 Altissimi
1396 4824 1518 4868 esse
1545 4815 1769 4864 testatur
1792 4806 1978 4862 dicens
2002 4821 2017 4858 :
2045 4802 2175 4858 Ha'c

600 4916 676 4964 est
706 4905 1060 4975 interpretatio
1084 4904 1354 4960 sententia:
1381 4901 1658 4966 Altissimi,
1687 4915 1804 4970 qua:
1830 4897 2056 4968 pervenit
2083 4910 2176 4949 su-

599 5013 695 5070 per
734 4996 1006 5051 dominum
1042 5011 1214 5051 meum
1245 5010 1413 5065 regem
1440 4992 1628 5066 (Ibid.,
1662 4990 1777 5062 21).
1834 4990 1940 5044 Ista
1993 4987 2178 5057 itaque

598 5087 789 5158 iudicii
835 5086 1000 5142 divini
1049 5085 1350 5149 sententia,
1389 5099 1497 5155 qua
1540 5091 1600 5138 ut
1647 5081 1774 5137 talia
1819 5089 2076 5152 gerantur
2121 5078 2179 5133 in

606 5176 807 5233 mundo
837 5175 1109 5231 decretum
1139 5182 1194 5229 et
1218 5174 1541 5244 praeﬁnitum
1582 5179 1666 5227 est
1704 5171 1843 5240 apud
1887 5169 2086 5234 Deum,
2124 5176 2182 5223 et

605 5266 869 5323 Altissimi
906 5275 1018 5331 est,
1060 5276 1115 5321 et
1150 5265 1462 5338 angelorum
1502 5272 1813 5319 sanctorum
1841 5279 1856 5317 :
1887 5262 1983 5317 sed
2016 5260 2182 5316 Altis-

608 5361 729 5417 simi
754 5358 1046 5430 iudicando
1070 5366 1125 5413 et
1147 5357 1414 5427 iubendo;
1454 5366 1763 5413 sanctorum
1801 5371 1928 5411 vero
1964 5352 2180 5423 angelo-

608 5466 749 5517 rum,
781 5451 873 5521 qui
900 5448 1003 5505 sub
1030 5448 1121 5505 ilio
1145 5456 1201 5504 et
1221 5449 1514 5504 secundum
1544 5448 1691 5503 illum
1717 5446 1897 5503 omnia
1920 5443 2178 5500 inferiora

602 5542 866 5613 iudicant,
900 5541 1203 5599 obediendo
1241 5549 1297 5597 et
1335 5541 1696 5611 exsequendo.
1742 5538 1870 5593 lude
1909 5535 2180 5606 accipiunt

608 5638 952 5699 potestatem,
983 5638 1043 5685 ut
1072 5630 1143 5685 sit
1169 5644 1348 5685 sermo
1383 5643 1572 5685 eorum
1611 5629 1665 5681 in
1701 5627 1895 5683 talibus
1923 5635 2178 5695 tanquam

602 5721 925 5816 iubentium.
956 5720 1023 5776 Et
1052 5729 1230 5775 tamen
1258 5720 1447 5791 petitio
1472 5719 1799 5790 adiungitur,
1837 5727 1896 5773 ut
1932 5732 2180 5787 quaecun-

2268 1911 2375 1969 que
2406 1888 2649 1953 limatum
2683 1896 2749 1951 ad
2776 1896 2976 1951 caedem
3003 1903 3058 1949 et
3078 1894 3439 1966 perditionem
3467 1894 3742 1962 impiorum
3765 1892 3820 1944 ita

2270 1989 2402 2045 dicit
2425 2006 2439 2042 :
2469 1986 2534 2042 Ut
2557 1987 2760 2041 dureris
2786 2002 2941 2055 super
2963 1985 3098 2040 colla
3123 1984 3526 2039 vulneratorum
3554 1984 3816 2053 impiorum,
3912 2024 3913 2059 ζ

2271 2101 2497 2157 quorum
2540 2083 2676 2138 venit
2723 2082 2835 2136 dies
2878 2084 2934 2136 in
2982 2091 3209 2151 tempore
3248 2078 3555 2149 iniquitatis
3598 2075 3818 2146 preﬁnita

2271 2177 2458 2250 (lbid.,
2525 2177 2640 2242 29).
2703 2176 2794 2231 Sic
2853 2176 3016 2246 igitur
3070 2183 3358 2242 utramque
3425 2166 3817 2240 praedestinatio-
3912 2200 3913 2217 η

2269 2282 2428 2335 nem,
2468 2275 2525 2323 et
2558 2265 2848 2336 Apostolus
2879 2265 2933 2319 in
2958 2262 3212 2334 Epistolis
3239 2261 3382 2324 suis,
3413 2269 3476 2315 et
3499 2258 3757 2330 propr
3777 2254 3818 2307 in

2271 2358 2570 2429 Scripturis
2616 2355 2854 2427 antiquis
2888 2351 3330 2409 manifestissime
3369 2349 3668 2406 ostendunt
3699 2366 3713 2398 :
3743 2357 3818 2412 per

2269 2464 2431 2521 quam
2465 2447 2601 2504 nihil
2630 2446 2848 2516 iniuste,
2881 2444 3014 2500 nihil
3048 2436 3387 2507 inordinate,
3429 2439 3531 2497 sed
3569 2446 3727 2495 totum
3752 2432 3818 2502 iu-

2268 2542 2417 2599 stitia
2447 2549 2504 2595 et
2531 2538 2742 2595 ratione
2768 2537 3088 2607 disponitur.

2342 2634 2516 2701 Quam
2562 2629 2940 2686 auctoritatem
2986 2626 3332 2699 apostolicam
3379 2632 3553 2695 atque
3583 2617 3817 2693 propheti-

2270 2740 2390 2781 cam
2437 2720 2995 2792 beatus‘Augustinus
3031 2706 3262 2773 ﬁdeliter
3295 2731 3567 2787 sequens,
3608 2716 3660 2769 in
3687 2710 3817 2780 iustis
3912 2782 3913 2785 η

2271 2817 2364 2872 Dei
2390 2815 2612 2885 iudiciis
2649 2821 2706 2869 et
2739 2808 3181 2883 dispositionibus
3215 2823 3322 2864 non
3358 2808 3549 2863 timuit
3581 2800 3816 2876 praedesti-

2271 2908 2547 2964 nationem
2575 2906 2854 2963 verissime
2877 2903 3080 2967 dicere,
3110 2916 3238 2966 non,
3267 2900 3415 2954 sicut
3441 2900 3551 2953 iste
3572 2895 3713 2956 dicit,
3738 2890 3816 2944 tal-

2273 3000 2466 3056 iaciter
2495 2998 2771 3063 simulare,
2807 2997 2896 3066 qui
2927 2996 3083 3051 nobis
3109 2994 3265 3059 duas,
3302 2993 3496 3048 nescio
3533 3003 3664 3060 quas
3689 3000 3811 3039 uten-

2273 3090 2586 3147 dacissimas
2626 3094 2693 3143 et‘
2721 3087 3096 3142 fallacissimas
3124 3084 3337 3155 regulas
3362 3084 3581 3138 tradere
3607 3084 3814 3135 conatur,

2273 3182 2326 3237 id
2356 3189 2440 3236 est
2479 3197 2511 3235 a
2545 3180 2707 3236 simili
2749 3187 2805 3234 et
2844 3194 2875 3233 a
2917 3176 3213 3243 contrario,
3260 3183 3321 3229 ut
3359 3175 3508 3245 quod
3546 3187 3641 3244 per
3684 3179 3814 3222 uuam

2271 3272 2425 3343 quasi
2452 3271 2717 3327 veraciter
2743 3267 3055 3333 ailirmatur,
3080 3282 3176 3337 per
3199 3265 3451 3330 alteram,
3477 3262 3631 3333 quasi
3656 3258 3815 3313 falsum

2272 3342 2362 3425 sit,
2391 3360 2605 3431 penitus
2635 3359 2962 3414 destruatur.
3002 3357 3079 3410 Ita
3122 3353 3236 3408 vult
3272 3361 3333 3407 ut
3368 3349 3651 3422 quidquid,
3680 3343 3750 3398 vel
3772 3342 3813 3394 in

2273 3452 2567 3523 Scripturis
2593 3451 2823 3514 sanctis,
2850 3450 2936 3505 vel
2962 3450 3019 3503 in
3042 3446 3381 3517 dogmatibus
3409 3444 3631 3498 Patrum
3657 3438 3716 3492 de
3736 3435 3814 3487 hac

2270 3542 2772 3615 praedestinatione,
2808 3555 2931 3609 quae
2966 3539 3033 3594 ad
3066 3548 3276 3607 partem
3305 3535 3656 3606 reproborum
3678 3525 3814 3596 perti-

2271 3641 2382 3697 net,
2422 3632 2739 3701 simpliciter
2768 3638 2822 3684 et
2851 3628 3115 3683 veraciter
3141 3627 3360 3692 dicitur,
3390 3626 3621 3681 licenter
3641 3617 3767 3672 velut
3791 3626 3815 3664 a

2271 3721 2546 3776 contrario
2575 3722 2647 3774 ita
2679 3719 3034 3789 intelligatur;
3075 3726 3136 3772 ut
3164 3717 3364 3771 factum
3406 3731 3507 3787 pro
3545 3727 3646 3767 non
3680 3706 3811 3762 facto.

2270 3822 2326 3869 et
2360 3814 2562 3869 dictum
2608 3828 2706 3882 pro
2745 3827 2849 3865 non
2894 3812 3037 3865 dicto
3077 3811 3309 3881 positum
3339 3809 3681 3876 intelligatur.
3711 3794 3814 3863 Quis

2271 3922 2505 3976 unquam
2535 3904 2697 3961 talem
2727 3904 2932 3958 audivit
2956 3902 3254 3958 insaniam?
3292 3899 3548 3970 Nunquid
3584 3908 3682 3951 non
3713 3900 3813 3960 ριόο

2271 3997 2358 4054 cnl
2382 3997 2450 4051 ab
2472 3996 2693 4051 auribus
2712 3993 2950 4049 omnium
2979 3992 3316 4063 repellendus
3334 3999 3439 4056 est,
3463 3990 3555 4061 qui
3577 3997 3676 4041 tam
3697 3991 3816 4048 apet-

2274 4097 2385 4143 tnm
2408 4094 2463 4141 et
2488 4086 2708 4155 impium
2733 4084 3073 4138 mendacium
3097 4091 3289 4138 contra
3305 4082 3590 4136 veritatem
3612 4070 3815 4139 δαίμω-

2271 4190 2475 4240 rarum,
2520 4154 2709 4228 contra
2743 4173 3031 4242 puritatem
3088 4181 3327 4242 paterna:
3379 4168 3636 4225 doctrinae
3684 4154 3813 4213 audet

2272 4264 2496 4329 sentire,
2525 4263 2688 4318 audet
2713 4264 2877 4318 etiam
2904 4261 3175 4317 scribere?
3200 4261 3267 4314 Et
3295 4274 3418 4314 cum
3449 4265 3596 4313 tanta
3622 4245 3813 4306 fallacis-

2273 4356 2425 4413 simis
2454 4353 3008 4424 argumentationibus
3062 4353 3174 4406 suis
3200 4349 3400 4405 dixerit
3427 4358 3590 4419 atque
3613 4333 3812 4399 conscri-

2274 4447 2466 4519 pserit,
2496 4446 2583 4500 hic
2610 4459 2747 4515 pene
2773 4445 2826 4498 in
2853 4454 3117 4505 extremo,
3148 4442 3292 4497 velut
3322 4457 3418 4512 per
3442 4438 3810 4497 somnium.”

2277 4538 2528 4593 cordatus
2548 4542 2635 4590 est
2655 4534 3056 4604 Scripturarum
3083 4541 3417 4598 sanctarum,
3441 4542 3500 4587 et
3517 4521 3749 4601 apostoli,
3768 4521 3811 4569 ei

2274 4629 2575 4700 Augustini.

2346 4718 2621 4774 Ettamen
2647 4716 2787 4787 quod
2819 4732 2914 4789 per
2943 4716 3252 4788 Scripturas
3285 4724 3502 4771 sanctas
3536 4722 3591 4769 et
3623 4710 3809 4789 Aposwj

2277 4811 2423 4876 lum,
2461 4786 2675 4876 deﬁnit,
2703 4786 2839 4864 nihil
2873 4810 2941 4865 de
2976 4786 3448 4878 praidestinatione
3483 4805 3726 4862 maiorum
3756 4786 3808 4843 ad

2276 4898 2597 4971 supplicium
2621 4909 2882 4958 aeternum
2907 4900 3035 4965 dici,
3056 4914 3219 4969 quam
3244 4909 3490 4969 apertum
3517 4886 3807 4953 mendacium

2279 4988 2368 5055 sit,
2390 5004 2551 5059 supra
2567 4987 2897 5047 sufﬁcienter
2913 4997 3167 5059 putamus
3186 5000 3481 5044 ostensum.
3499 4984 3632 5042 Dicit
3649 4980 3706 5035 de
3722 4973 3808 5028 Deo

2289 5080 2583 5143 secundum
2610 5077 2891 5135 ridiculam
2920 5087 2976 5133 et
2997 5077 3249 5134 omnibus
3272 5074 3659 5148 conspuendam
3683 5073 3806 5129 ι’θϐιθ

2280 5173 2388 5227 lam
2419 5186 2572 5227 suam
2598 5189 2610 5224 :
2638 5169 2907 5225 Prtescivit
2931 5187 3050 5242 quae
3070 5170 3311 5240 facturus
3331 5186 3435 5225 non
3462 5175 3611 5229 esset,
3627 5171 3714 5231 pro

2280 5264 2447 5319 scivit.
2469 5263 2601 5330 Quis
2621 5262 2826 5315 audivit
2848 5235 3083 5332 unquam
3105 5260 3243 5316 tale?
3273 5269 3332 5313 ut
3357 5260 3447 5314 ubi
3468 5261 3680 5331 legimps
3692 5235 3804 5332 quoa]

2283 5355 2427 5409 Deus
2448 5314 3392 5423 aliquidpraescivichntelligamus,
3425 5314 3657 5402 nescivit
3697 5314 3814 5391 (ὶίοδ

2284 5446 2472 5514 utique
2494 5451 2782 5521 utrumque
2800 5441 2993 5497 falsum
3015 5450 3119 5508 est,
3138 5422 3195 5497 ut
3211 5449 3306 5496 aut
3319 5438 3581 5511 praescivit
3597 5422 3807 5488 intellisa‘

2287 5514 2657 5603 tur,nescivit,
2674 5542 2765 5587 aut
2784 5534 2925 5601 quod
2938 5532 3080 5586 Deus
3097 5530 3338 5586 facturus
3351 5545 3457 5585 non
3467 5532 3624 5586 esset,
3638 5514 3805 5603 diali"

2288 5627 2414 5697 quia
2446 5625 2672 5680 nescivit
2699 5639 2713 5678 :
2744 5623 2846 5690 Qui
2874 5638 3031 5687 vere,
3061 5631 3116 5677 et
3141 5631 3344 5677 aeterna
3374 5618 3591 5674 scientia
3617 5595 3807 5697 δαινξίθ

2291 5718 2663 5803 utpraescivit
2709 5731 3043 5787 quaecunque
3095 5722 3216 5771 erat
3257 5713 3532 5777 facturus,
3568 5690 3805 5762 siceum.
