3970 6306
155 385 266 443 177

1133 378 1331 437 LlBER
1369 377 1737 436 ADVERSUS
1769 375 2089 435 JOANNEM
2126 377 2424 438 SCOTUM.

3307 385 3406 439 178

153 493 432 568 pnesclvit
460 474 792 565 quzecunque
822 506 926 546 non
963 472 1370 547 era-tfacturus.
1401 493 1562 548 Verbi
1604 507 1731 562 gra-
1761 495 1808 553 Α
1837 492 2024 548 tionem
2056 493 2241 562 gratia:
2269 508 2289 548 :
2317 492 2458 564 quod
2497 508 2603 549 non
2646 494 2718 549 ita
2752 509 2872 551 esse
2913 496 3160 566 superius
3189 509 3406 567 aposto-

153 590 259 652 tia,
289 586 558 658 praescivit
579 585 722 655 quod
750 584 1012 638 Lazarum
1043 591 1189 638 esset
1217 582 1654 646 resuscitaturus,
1679 589 1735 636 et

154 677 291 734 fecit
319 696 330 730 :
362 674 631 742 prmscivit
664 673 804 743 quod
831 672 1022 728 Jndam
1048 687 1155 727 non
1177 681 1323 727 esset
1355 673 1731 736 suscitaturus,

154 783 265 824 nec
292 766 452 830 fecit;
487 765 589 820 iste
611 774 788 819 autem
821 764 950 818 dicit
981 781 994 816 :
1027 763 1428 832 praedestinavit
1453 763 1646 832 impios
1667 763 1735 816 ad

153 840 440 914 interitum
467 855 551 910 vel
581 855 897 925 supplicium
929 864 1220 919 teternum,
1256 871 1356 925 pro
1392 871 1498 910 non
1528 854 1735 924 praede-

153 950 416 1016 stinavit;
445 948 500 1004 id
527 957 610 1004 est
642 956 734 1012 ut,
761 948 850 1002 ubi
889 947 1118 1017 legimus
1142 946 1556 1015 prwdestinavit,
1587 945 1739 999 inau-

154 1049 278 1104 dita
304 1046 515 1103 insania
544 1043 904 1114 intelligamus
928 1058 1032 1096 non
1053 1041 1457 1112 prwdestinavit.
1482 1038 1740 1110 Proponit

154 1138 330 1195 etiam
358 1134 709 1205 quaestionem
733 1149 750 1187 :
780 1130 1052 1197 Quomodo
1079 1130 1220 1199 juste
1241 1129 1569 1199 judicabitur
1590 1145 1742 1182 mun-

156 1231 304 1291 dus,
347 1242 500 1297 quem
533 1225 811 1279 necessitas
856 1220 1328 1292 prtvdestinationis
1375 1220 1510 1289 cogit
1535 1217 1743 1288 perire?

153 1320 308 1391 quod
335 1317 477 1373 absit
509 1325 570 1370 ut
595 1315 788 1384 aliquis
816 1323 1061 1370 nostrum
1091 1313 1253 1368 dicat.
1285 1313 1421 1379 Quia
1458 1311 1741 1382 apertissi-

155 1425 268 1465 mte
307 1405 654 1477 blasphemiae
693 1414 777 1460 est
817 1415 879 1460 ut
923 1405 1065 1459 Deus
1108 1403 1597 1474 prtedestinationis
1633 1417 1746 1458 suae

154 1498 478 1570 praejudicio
511 1497 744 1566 aliquem
787 1504 945 1566 cogat
975 1509 1235 1566 peccare,
1266 1503 1320 1550 et
1351 1494 1624 1564 peccando
1651 1508 1746 1564 pe-

154 1590 298 1644 rire.
337 1587 445 1642 Sed
483 1585 969 1656 praedestinationis
1006 1600 1116 1638 sum
1154 1584 1301 1654 justo
1339 1583 1572 1654 judicio,
1609 1597 1745 1652 quos

155 1685 577 1750 perseverantes
615 1676 668 1730 in
697 1675 933 1745 peccatis
972 1675 1163 1744 punire
1207 1673 1488 1739 decrevit,
1526 1679 1746 1728 revocat

154 1769 346 1840 potius
374 1782 404 1820 a
430 1766 701 1837 peccatis,
732 1775 786 1819 et
831 1764 1100 1819 salubrem
1131 1772 1393 1832 terrorem
1424 1763 1615 1817 incutit
1651 1777 1747 1816 au—

1838 581 1955 636 licis
1995 591 2050 636 et
2079 583 2408 653 prepheticis
2449 585 2770 640 testimoniis
2809 585 2941 640 satis
2983 597 3256 640 ostensum
3299 593 3406 647 est,

1836 671 1929 725 ubi
1975 681 2159 740 aperte
2196 673 2497 729 invenimus
2525 685 2580 728 et
2608 675 3094 730 demonstravimus
3134 675 3408 744 praedesti-

1840 761 2114 818 nationem
2142 763 2236 819 Dei
2265 763 2551 833 dupliciter
2576 766 2772 840 debere
2818 766 3040 838 intelligi
3060 807 3074 830 ,
3105 767 3157 820 id
3199 775 3284 821 est
3319 773 3415 820 aut

1839 852 1894 908 in
1937 855 2092 910 bonis
2135 855 2556 910 misericorditer
2582 857 3022 923 renntnerandis,
3055 866 3142 911 aut
3175 857 3228 911 in
3255 856 3413 910 malis

1831 947 1978 1017 juste
2000 947 2335 1002 damnandis.
2368 947 2434 1001 Et
2460 947 2603 1014 ideo,
2631 949 2772 1003 sicut
2800 951 2962 1003 verba
2991 947 3134 1003 beati
3156 948 3412 1019 Augusti-

1839 1041 1916 1105 ni,
1942 1056 2061 1110 quze
2083 1056 2243 1110 supra
2266 1042 2563 1112 posuimus,
2583 1043 3018 1099 manifestissime
3041 1041 3254 1108 docent,
3277 1056 3418 1113 prte-

1841 1129 2130 1184 destinatio
2161 1130 2250 1184 Dei
2281 1132 2495 1200 quando
2542 1132 2596 1186 in
2642 1132 2784 1187 bono
2825 1131 3108 1202 accipitur,
3137 1142 3266 1186 tunc
3301 1138 3421 1187 tan-

1841 1229 1956 1276 tum
1986 1221 2324 1292 intelligenda
2345 1231 2427 1276 est
2455 1223 2639 1293 gratim
2665 1223 3006 1293 praeparatio.

1913 1313 2092 1368 Tertia
2118 1316 2500 1385 propositione,
2530 1314 2778 1368 similiter
2797 1314 3144 1369 falsissimum
3169 1321 3254 1369 est
3277 1311 3422 1382 quod

1843 1403 2111 1459 aliirniare
2139 1414 2386 1468 conatur,
2417 1404 2666 1459 videlicet
2696 1421 2797 1458 non
2827 1421 2936 1460 esse
2971 1403 3132 1456 ullam
3157 1403 3426 1473 praedesti-

1845 1493 2110 1570 nationent
2136 1509 2318 1562 premo.
2365 1491 2422 1546 Si
2465 1493 2607 1547 enim
2657 1507 2814 1561 poena
2859 1492 3072 1546 diabolo
3118 1500 3173 1547 et
3219 1491 3424 1562 angelis

1845 1583 1981 1653 ejus,
2010 1589 2063 1636 et
2084 1582 2331 1636 omnibus
2358 1581 2599 1651 reprobis
2627 1583 2717 1651 qui
2743 1597 2864 1636 cum
2891 1582 2970 1636 cis
2993 1579 3244 1649 puniendi
3274 1589 3423 1644 sunt,

1847 1689 1951 1728 non
1981 1682 2123 1728 esset
2161 1672 2560 1742 prtedestinata,
2585 1671 2890 1728 nullatenus
2927 1672 3140 1726 Veritas
3173 1671 3380 1726 diceret
3407 1682 3426 1724 :

1847 1763 1929 1818 Ite
1955 1765 2010 1817 in
2039 1765 2208 1834 ignem
2243 1775 2512 1829 aeternum,
2543 1764 2632 1832 qui
2665 1773 2880 1834 paratus
2909 1773 2982 1818 est
3012 1761 3221 1817 diabolo
3247 1771 3296 1816 et
3330 1778 3427 1814 an-

154 1839 460 1922 dientibus,
489 1865 551 1910 ut
576 1857 830 1912 timentes
857 1854 1219 1932 corrigantur,
1247 1861 1304 1909 et
1334 1852 1562 1909 correcti
1591 1851 1746 1909 mini-
1771 1839 1819 1900 Β
1847 1852 1973 1924 gelis
1998 1853 2112 1922 ejus
2135 1851 2347 1921 (Matth.
2374 1867 2501 1917 xxv,
2527 1851 2640 1924 4i).
2667 1852 2735 1906 Et
2761 1851 2901 1920 quod
2931 1851 2984 1905 in
3013 1852 3116 1905 line
3143 1851 3298 1920 hujus
3322 1858 3428 1904 ter-

155 1962 254 2003 me
282 1948 620 2003 damnentur.

763 2037 992 2096 CAPUT
1029 2027 1143 2092 XII.

235 2129 568 2185 Duodecimn
596 2129 830 2200 capitulo
858 2129 1160 2197 huiusmodi
1204 2128 1544 2185 definitiones
1575 2126 1748 2199 ponit.

242 2223 296 2276 l.
321 2221 539 2276 Omnem
566 2222 949 2292 prtescientiam
978 2221 1070 2275 Dei
1094 2222 1600 2290 prtedestinationem
1619 2234 1754 2284 esse,

156 2322 218 2366 et
249 2327 455 2366 omnem
488 2310 993 2381 prwdestinationcm
1026 2310 1426 2378 pra'scientiam.

238 2401 297 2454 2.
330 2399 548 2454 Omnem
575 2399 1084 2469 prtedestinationem
1114 2399 1210 2453 Dei
1245 2400 1455 2454 omnino
1483 2415 1592 2454 esse
1619 2413 1755 2469 pra-

158 2491 499 2546 oarationem
521 2490 707 2560 gratiae
729 2506 748 2544 :
777 2507 1079 2560 omnemque
1107 2491 1352 2560 gratiam,
1381 2491 1598 2544 donum.
1627 2488 1755 2544 Om-

159 2599 290 2636 nem
330 2581 490 2650 igitur
515 2580 746 2633 divinam
789 2579 1295 2634 urwdestinationem
1340 2579 1597 2633 donorum
1640 2579 1754 2650 ejus

159 2669 630 2741 prteparationem.

241 2761 297 2815 3.
335 2757 552 2813 Poenam
590 2759 776 2829 impios
805 2758 948 2830 juste
987 2769 1250 2829 torquere,
1276 2775 1393 2829 qua:
1421 2758 1618 2813 donum
1653 2774 1759 2812 non

159 2861 247 2906 est
277 2866 297 2904 :
333 2849 585 2919 alioquin,
609 2851 656 2902 si
680 2859 810 2903 esset
836 2849 1062 2913 donum,
1090 2866 1194 2903 non
1220 2858 1510 2919 torqueret,
1538 2850 1628 2904 sed
1657 2848 1760 2903 uti-

158 2957 272 3010 que
298 2939 560 2993 liberaret.
581 2937 706 2993 Non
721 2955 830 2993 esse
855 2940 1016 3009 igitur
1037 2939 1549 3007 prwdestinationem
1571 2954 1755 3009 panic.

161 3029 332 3095 Quod
361 3029 407 3084 si
436 3036 610 3094 esset,
642 3044 743 3082 non
786 3044 894 3083 esse
933 3043 1137 3098 poenam
1161 3067 1176 3092 ,
1218 3027 1308 3080 sed
1353 3029 1598 3096 gratiam.
1631 3026 1760 3082 Esse

160 3128 348 3172 autem
374 3132 578 3187 pomum
600 3130 619 3168 :
650 3133 755 3171 non
777 3133 887 3171 esse
914 3117 1075 3187 igitur
1094 3117 1602 3186 prwdestinationem
1623 3117 1756 3188 ejus.

1850 1944 1938 1999 tia:
1979 1943 2362 2014 propositionis
2402 1942 2573 2012 ponit,
2618 1938 3138 1995 Prtedestinationem
3178 1940 3233 1993 in
3276 1939 3430 1993 donis

1849 2037 2040 2091 divina:
2064 2035 2323 2105 largitatis
2356 2049 2556 2104 semper
2587 2030 2974 2102 intelligendam
3001 2047 3142 2095 esse,
3180 2028 3430 2083 similiter

1851 2129 2043 2185 falsum
2073 2138 2158 2184 est
2188 2147 2201 2185 :
2234 2128 2507 2183 invenitur
2532 2126 2697 2187 enim,
2729 2132 2784 2179 et
2813 2123 3078 2179 veraciter
3113 2120 3433 2190 intelligitur

1853 2236 1961 2276 non
1995 2220 2168 2276 solum
2197 2220 2249 2274 iu
2274 2219 2471 2275 divinae
2494 2217 2783 2290 largitatis,
2809 2215 2903 2273 sed
2932 2214 3098 2272 etiam
3133 2215 3187 2270 in
3211 2213 3431 2286 judiciis

1848 2309 2007 2380 justas
2029 2308 2408 2364 damnationis.

1925 2401 2126 2468 Quarta
2156 2400 2270 2469 ejus
2304 2401 2619 2472 propositio,
2643 2415 2764 2470 quas
2791 2400 2862 2456 ita
2885 2414 2945 2456 se
2971 2398 3136 2456 habet
3168 2417 3182 2454 :
3213 2397 3432 2453 Prwde-

1853 2495 2076 2549 stinatos
2106 2494 2174 2547 ad
2222 2510 2425 2564 poenam
2469 2511 2501 2546 a
2541 2495 2807 2548 contrario
2836 2510 3037 2563 semper
3078 2491 3329 2563 intelligi,
3367 2490 3437 2544 ad

1855 2583 2000 2640 illam
2028 2583 2291 2639 insaniam
2321 2585 2554 2655 pertinet
2596 2585 2663 2640 de
2693 2599 2800 2653 qua
2844 2584 3091 2654 superius
3119 2583 3252 2638 satis
3293 2582 3433 2637 dixi-

1855 2687 1977 2726 mus
1996 2713 2010 2736 ,
2039 2688 2144 2741 qua
2185 2672 2298 2727 vult
2339 2682 2400 2727 ut
2427 2672 2786 2741 intelligamus
2813 2673 3204 2742 prwdestinatos
3224 2710 3240 2736 ,
3273 2671 3325 2725 id
3354 2678 3439 2725 est

1856 2776 1962 2814 non
1987 2761 2402 2830 prwdestinatos.
2430 2761 2581 2828 Quod
2627 2769 2805 2816 autem
2825 2801 2840 2826 ,
2867 2760 3010 2814 velut
3038 2759 3267 2829 exempli
3313 2774 3433 2829 gra-

1859 2852 1955 2915 tia,
1995 2850 2270 2921 subjuuxit
2296 2869 2308 2904 :
2339 2849 2486 2906 Sicut
2530 2850 2746 2916 electos,
2774 2867 2869 2922 pro
2902 2868 3004 2905 non
3035 2850 3243 2915 electis;
3292 2848 3431 2918 ﬁlios

1857 2939 1978 3004 Dei,
2004 2957 2100 3009 pro
2131 2957 2234 2995 non
2261 2942 2408 3011 ﬁliis,
2449 2941 2640 2996 melius
2687 2943 2741 2996 in
2783 2942 3027 3010 sequenti
3057 2941 3293 3011 capitulo
3323 2949 3432 2995 tra-

1859 3030 2112 3094 ctabitur,
2139 3031 2229 3084 ubi
2259 3031 2326 3085 de
2355 3032 2438 3086 bis
2466 3031 2594 3102 quid
2630 3032 2745 3101 ipse
2775 3031 2974 3086 sentiat
3003 3031 3164 3087 latius
3193 3031 3431 3102 exponit.

1861 3121 2274 3176 itecordandum
2303 3131 2480 3178 tamen
2503 3132 2557 3179 et
2585 3123 3075 3193 recognoscendum
3107 3131 3192 3179 est
3217 3125 3433 3179 beatum

164 3208 409 3263 Proinde
445 3208 951 3278 prwdestinationem
989 3209 1045 3264 in
1080 3209 1232 3264 donis
1269 3209 1461 3265 divino!
1498 3209 1756 3279 largitatis
1784 3194 1829 3257 (ἶ
1862 3211 2243 3281 Augustinum,
2266 3212 2406 3266 sicut
2427 3213 2674 3283 superius
2698 3213 2872 3281 posita
2897 3210 3012 3280 ejus
3036 3213 3197 3268 verba
3225 3213 3441 3267 demon-

160 3316 376 3370 semper
401 3299 792 3370 intelligendam
817 3317 948 3356 esse.

243 3389 302 3442 4.
345 3388 753 3443 Prtedestinatos
799 3392 868 3442 ad
921 3407 1124 3460 pennam
1169 3408 1202 3445 a
1254 3390 1517 3445 contrario
1560 3407 1760 3462 semper

161 3477 417 3546 intelligi,
444 3478 579 3532 sicut
607 3478 794 3533 electos
820 3495 918 3548 pro
956 3496 1061 3534 non
1113 3479 1286 3535 electis
1314 3495 1332 3536 :
1364 3479 1503 3548 ﬁlios
1529 3479 1629 3535 Dei
1657 3497 1754 3549 pro

165 3585 279 3625 non
315 3567 462 3636 ﬁliis.

248 3658 363 3713 llas
390 3666 624 3728 quatuor
647 3659 1046 3729 propositiones
1080 3659 1424 3731 longissimas
1446 3668 1503 3716 et
1527 3661 1759 3717 vanissi-

165 3767 314 3816 mas,
340 3760 393 3804 et
416 3752 563 3806 velut
588 3751 1017 3823 syllogismorum
1041 3753 1270 3808 artiﬁcio
1286 3761 1587 3818 contextas,
1603 3751 1758 3809 facile

163 3844 475 3914 dijudicare
507 3852 562 3896 et
587 3843 866 3898 destruere
889 3851 1088 3913 potest,
1130 3844 1222 3913 qui
1251 3859 1315 3898 ea
1352 3859 1472 3914 quae
1508 3844 1756 3914 superius

158 3936 327 4006 juxta
359 3932 596 4003 regulam
627 3932 769 3998 ﬁdei,
787 3933 1016 3988 Domino
1049 3933 1327 4004 largiente,
1367 3934 1761 4001 diximus,stu—

167 4026 330 4080 diose
359 4025 552 4096 legerit
585 4033 641 4080 et
677 4023 908 4080 ﬁdeliter
935 4023 1276 4092 intellexerit.
1307 4025 1441 4093 Quis
1469 4024 1610 4080 enim
1650 4041 1758 4081 non

164 4115 440 4183 intelligat
463 4129 624 4183 quam
654 4113 1024 4184 blasphemum
1052 4122 1108 4168 et
1146 4113 1365 4184 impium
1397 4115 1469 4168 sit
1500 4115 1642 4184 quod
1669 4115 1758 4170 hic

161 4205 351 4276 primo
382 4203 503 4258 loco
528 4203 706 4273 posuit
731 4204 916 4260 dicens
947 4218 962 4258 :
997 4202 1213 4259 Omnem
1251 4206 1634 4274 pra’scientiam
1658 4205 1758 4260 Dei

160 4295 683 4365 pra'destinationem
721 4311 872 4358 esse;
913 4311 1034 4349 cum
1079 4295 1364 4350 manifeste
1400 4295 1532 4350 fides
1578 4304 1759 4350 teneat

160 4388 594 4456 omnipotentem
625 4385 793 4440 Deum
821 4388 1073 4457 praescire
1097 4388 1300 4452 omnia,
1340 4387 1392 4442 id
1422 4397 1506 4442 est
1533 4387 1670 4442 bona
1701 4395 1756 4442 et

164 4479 316 4535 mala
345 4496 359 4532 :
391 4488 448 4533 et
473 4493 594 4548 quae
621 4478 862 4534 facturus
890 4479 1002 4550 ipse
1025 4481 1126 4546 sit,
1155 4489 1210 4535 et
1235 4495 1354 4549 qua:
1375 4477 1619 4536 facturus
1647 4495 1754 4536 non

163 4578 278 4639 sit;
309 4575 698 4645 pratdestinare
743 4583 920 4630 autem
967 4591 1072 4630 non
1118 4575 1220 4629 nisi
1265 4574 1375 4629 sola
1418 4575 1592 4640 bona,
1635 4589 1756 4644 qua:

165 4668 289 4737 ipse
323 4666 562 4721 facturus
608 4665 716 4731 sit,
757 4665 841 4720 vel
878 4665 1303 4724 misericorditer
1338 4665 1616 4720 liberando
1639 4705 1655 4731 ,
1701 4672 1758 4720 et

166 4756 571 4814 remunerando
595 4755 816 4821 electos,
839 4753 922 4810 vel
946 4755 1089 4824 juste
1115 4754 1370 4825 reprobos
1393 4757 1760 4810 condemnan-

167 4853 266 4915 do,
290 4850 417 4920 quia
440 4849 583 4919 quod
599 4849 806 4920 justum
829 4856 932 4913 est,
956 4848 1142 4918 utique
1170 4847 1367 4902 bonum
1389 4856 1493 4902 est.
1523 4847 1578 4902 Si
1607 4863 1755 4919 ergo,

165 4941 333 5012 juxta
392 4941 548 4996 istius
597 4939 997 5005 deﬁnitionem,
1047 4938 1225 4992 omnis
1261 4939 1597 5008 priescientia
1660 4939 1754 4995 Dei

167 5031 577 5101 praedestinatio
601 5039 718 5095 est,
753 5046 881 5101 ergo
909 5028 1086 5084 ontnia
1113 5044 1231 5097 quae
1259 5029 1527 5096 praescivit
1549 5069 1562 5093 ,
1593 5031 1753 5084 etiam

169 5121 317 5176 mala
345 5161 361 5186 ,
399 5119 804 5190 praedestinavit
834 5133 893 5174 se
935 5133 1056 5173 esse
1083 5116 1373 5180 facturum,
1407 5117 1548 5186 quod
1580 5119 1749 5172 absit!

171 5212 314 5279 Quia
347 5210 487 5265 mala
516 5211 888 5266 tantummodo
913 5209 1205 5280 prmscivit,
1238 5223 1335 5262 nec
1360 5223 1422 5262 ea
1453 5207 1560 5262 ullo
1599 5210 1758 5264 modo

170 5301 612 5372 praedestinavit,
642 5300 767 5370 quia
796 5315 896 5356 nec
925 5301 1040 5372 ipse
1067 5315 1130 5356 ea
1161 5307 1279 5354 erat
1305 5297 1547 5352 facturus
1565 5339 1580 5362 ,
1617 5299 1758 5355 sicut

172 5393 358 5448 omnia
389 5407 510 5462 qua:
542 5392 966 5462 praedestinavit,
997 5406 1171 5462 neque
1199 5399 1256 5446 ut
1286 5390 1478 5446 fierent
1508 5391 1622 5460 ipse
1647 5399 1756 5446 sta-

176 5482 282 5538 tuit
311 5490 401 5537 aut
430 5481 736 5550 pratlinivit.

247 5573 514 5628 Similiter
550 5574 803 5630 secundae
832 5575 1213 5645 propositionis
1254 5583 1415 5646 caput
1454 5590 1482 5630 a
1526 5574 1762 5632 falsitate

181 5666 401 5736 incipit;
433 5675 490 5721 et
523 5666 644 5720 ideo
685 5666 850 5720 etiam
892 5665 1125 5720 falsitate
1157 5665 1357 5720 linitur.
1393 5665 1532 5720 Dicit
1565 5666 1709 5721 enim
1741 5681 1756 5720 :

186 5756 404 5811 Omnem
431 5755 936 5826 prtcdestinationem
966 5755 1085 5826 Dei,
1117 5757 1326 5811 omnino
1351 5773 1460 5813 esse
1487 5773 1758 5828 pra’para-

1861 3311 2057 3368 strant,
2085 3301 2287 3357 dixisse
2313 3301 2603 3372 aliquando
2633 3302 2685 3356 in
2712 3300 3010 3372 Scripturis
3038 3301 3439 3372 prmscientiam

1861 3397 1956 3453 Dei
2005 3397 2528 3468 praedestinationem
2577 3394 3008 3467 sigttilicare(de
3067 3394 3218 3449 Dono
3275 3410 3438 3464 pers.,

1859 3503 1909 3545 c.
1941 3489 2049 3560 18).
2077 3487 2155 3542 Ex
2187 3489 2382 3558 quibus
2423 3488 2602 3543 verbis
2648 3489 2748 3543 iste
2786 3487 2933 3542 velut
2963 3486 3300 3570 occasionejn
3329 3500 3441 3540 suae

1861 3580 2345 3650 argumentationis
2371 3593 2652 3634 assumens
2676 3587 2864 3632 contra
2894 3576 3009 3644 ejus
3031 3575 3441 3630 veracissimum

1861 3672 2082 3733 dictum,
2112 3671 2254 3739 quod
2298 3669 2388 3723 ille
2427 3667 2715 3738 aliquando
2743 3667 2814 3720 ita
2845 3665 3028 3720 docuit
3054 3663 3250 3719 debere
3278 3661 3438 3717 intel-

1859 3759 1972 3831 ligi,
2003 3760 2103 3814 iste
2129 3759 2334 3813 addidit
2361 3774 2586 3822 omnem,
2610 3765 2665 3810 et
2687 3755 2809 3810 tulit
2827 3753 3132 3824 aliquando.
3163 3753 3340 3821 Atque
3365 3752 3442 3806 ita

1863 3850 1991 3906 fecit
2011 3849 2376 3905 definitionem
2397 3847 2764 3911 falsissimam,
2789 3847 3047 3902 dicendo:
3069 3845 3287 3900 Omnem
3307 3861 3439 3914 prte-

1858 3941 2127 3996 scientiam
2155 3938 2252 3993 Dei
2285 3937 2793 4009 prwdestinationem
2823 3952 2951 3991 esse.
2980 3935 3132 3999 Item,
3165 3934 3290 4003 quia
3315 3933 3440 3988 bea-

1861 4040 1947 4088 tus
1971 4030 2322 4101 Augustinus,
2350 4030 2492 4085 sicut
2512 4045 2690 4100 supra-
2706 4029 3007 4100 posuimus,
3039 4026 3284 4082 deﬁnivit
3304 4040 3442 4097 pra:-

1861 4123 2274 4181 destinationcm
2289 4122 2382 4178 Dei
2396 4121 2840 4192 praeparationem
2856 4121 3044 4194 gratia:
3055 4135 3176 4176 esse
3191 4120 3274 4190 (de
3291 4117 3442 4174 Prw-

1857 4217 1990 4270 dest.
2021 4215 2232 4281 Sanct.,
2259 4230 2308 4269 c.
2340 4213 2462 4284 lO),
2496 4213 2638 4283 quod
2686 4213 3057 4268 tantummodo
3095 4210 3251 4282 juxta
3299 4209 3442 4266 illius

1861 4320 2077 4362 sensum
2109 4304 2161 4358 in
2188 4313 2343 4374 parte
2376 4303 2672 4358 electorum
2712 4302 3049 4370 intelligitur,
3083 4301 3184 4356 iste
3214 4300 3438 4365 addidit,

1861 4414 2090 4464 omnem,
2126 4405 2182 4452 et
2209 4395 2340 4451 fecit
2366 4395 2732 4452 deﬁnitionem
2771 4394 3139 4457 falsissimam,
3168 4392 3396 4447 dicendo
3423 4408 3437 4444 :

1863 4487 2080 4543 Omnem
2105 4487 2611 4558 prwdestinationem
2650 4486 2749 4543 Dei
2787 4488 3014 4542 omnino.
3039 4501 3148 4540 esse
3175 4499 3443 4556 prwpara-

1860 4579 2050 4633 tionem
2081 4578 2287 4648 gratim.

2449 4665 2676 4725 CAPUT
2709 4665 2848 4721 Xill:

1938 4757 2125 4814 Tertio
2153 4757 2360 4813 decimo
2380 4756 2616 4828 capitulo
2641 4756 2716 4812 ita
2739 4756 2890 4811 dicit.

1934 4845 1988 4901 1.
2030 4845 2268 4900 Electum
2308 4846 2507 4900 ludam
2551 4860 2646 4916 pro
2693 4860 2799 4897 non
2843 4841 3036 4904 electo,
3078 4850 3126 4896 et
3177 4841 3314 4912 ﬁlios
3350 4840 3446 4896 Dei

1858 4953 1958 5008 pro
2004 4952 2107 4989 non
2136 4935 2261 5004 ﬁliis
2287 4953 2319 4988 α
2364 4935 2634 4988 contrario
2678 4933 2903 5002 accipi:
2943 4933 3020 4986 sic
3048 4932 3186 4987 idem
3217 4934 3442 4997 amicus,

1861 5028 1951 5098 qui
1982 5042 2246 5097 nunquam
2277 5042 2382 5079 non
2417 5025 2588 5093 fuerat
2616 5023 2879 5077 inimicus.

1932 5118 1988 5172 2.
2040 5115 2270 5170 Frustra
2293 5117 2459 5186 σαωνί
2496 5113 2634 5184 ﬁlios
2678 5113 2775 5167 Dei
2825 5113 3164 5184 pra'ter-ejus
3203 5115 3390 5170 electos
3421 5131 3440 5170 :

1863 5206 2061 5276 [rustra
2087 5208 2263 5277 putari
2288 5207 2402 5276 ejus
2431 5205 2616 5258 electos
2640 5215 2828 5274 pratter
2853 5205 2916 5258 ab
2936 5222 2996 5260 eo
3011 5207 3439 5276 praedestinatos.

1934 5301 1986 5355 5.
2021 5300 2154 5354 Item
2185 5301 2339 5369 impie
2378 5298 2982 5367 putari-prtedestinatos
3031 5316 3066 5354 α
3105 5298 3213 5353 Deo
3252 5308 3441 5369 prwter

1861 5391 1978 5460 ejus
2020 5389 2239 5453 electos,
2269 5403 2586 5457 supervacue
2623 5388 2871 5442 wstimari
2892 5389 3079 5444 electos
3119 5388 3218 5444 Dei
3254 5400 3444 5457 praeter

1863 5482 1974 5554 ejus
2003 5481 2165 5553 ﬁlios,
2198 5497 2290 5536 nec
2313 5497 2424 5535 esse
2444 5481 2858 5552 prwdestinatos,
2883 5484 2930 5538 si
2951 5499 3054 5538 non
3075 5483 3179 5538 sint
3203 5483 3303 5552 ﬁlii
3324 5483 3440 5538 Dei.

1933 5573 1989 5627 4.
2020 5569 2427 5626 Prmdestinatos
2457 5574 2526 5625 ad
2551 5589 2760 5642 pwnas,
2791 5574 2866 5628 uel
2894 5576 3180 5640 interitum,
3214 5574 3289 5629 vel
3315 5591 3440 5643 sup-

1864 5664 2078 5735 plicium
2127 5662 2258 5716 nihil
2305 5662 2451 5717 aliud
2495 5665 2824 5718 sentiendum
2871 5667 2970 5720 nisi
3017 5683 3119 5720 non
3167 5666 3442 5735 μνη-(1ηιὶ-

1867 5767 2014 5812 notos
2029 5773 2048 5823 ;
2076 5756 2164 5812 sed
2187 5773 2218 5812 a
2242 5773 2413 5813 massa
2435 5757 2722 5812 damnabili
2746 5759 2925 5813 merito
2951 5759 3146 5828 peccati
3169 5756 3458 5828 originalis.
