3970 6306
591 338 691 397 179

1692 325 1893 384 FLOR!
1928 325 2203 384 DIACONI
2237 324 2728 384 LUGDUNENSIS

3711 319 3782 390 'tso

588 460 746 521 atque
782 464 980 521 propﬂt
1028 463 1133 502 non
1171 460 1282 501 esse
1316 450 1581 515 separatos
1609 454 1627 492 :
1658 439 2066 511 ideoqueimpie
2091 438 2165 493 vi-
2194 442 2245 502 Α
2270 447 2453 496 menta
2475 447 2533 495 et
2569 439 2870 497 ministeria
2903 439 3106 506 divina,
3149 439 3242 496 sed
3286 439 3454 499 etiam
3494 441 3659 499 locum
3690 450 3788 518 rqi-

590 554 709 596 ναῖε
732 539 1032 610 permissos,
1060 544 1254 590 «eterna
1277 534 1395 604 igne
1414 529 1729 601 puniendos.

663 629 725 686 in
750 628 838 684 his
862 625 1043 683 verbis
1065 624 1209 695 quod
1233 622 1307 678 ita
1328 619 1575 693 intelligit
1591 618 1783 676 ludam
1809 619 1952 676 inter
1969 617 2172 676 electos

594 717 868 790 apostolos
891 731 924 771 a
948 713 1176 771 Domino
1201 716 1673 775 connumeratum,
1700 708 1797 764 ubi
1829 708 1906 764 ait
1934 724 1949 761 :
1981 706 2172 764 Nonne

593 808 871 864 duodecim
893 823 983 862 vos
1010 821 1103 875 ego
1133 803 1262 873 elegi
1287 800 1482 875 (Joan.
1512 816 1603 867 vt,
1631 799 1759 871 την
1788 807 1850 854 ιιι
1873 798 2052 853 caeteri
2091 797 2172 852 in-

593 897 908 969 telligantur
953 908 1080 948 vere
1121 891 1304 957 electi,
1333 890 1421 945 ille
1450 900 1580 946 vero
1608 888 1754 944 velut
1798 902 1829 941 a
1875 885 2175 952 contrario,

589 986 648 1042 id
680 994 765 1041 est
785 998 886 1054 per
920 981 1171 1045 ironiam,
1202 980 1276 1035 ita
1319 979 1391 1036 sit
1416 978 1750 1050 appellatus;
1795 977 1993 1034 melius
2013 984 2098 1032 est
2126 975 2175 1030 si

590 1077 669 1134 ita
702 1075 1017 1148 accipiatur,
1046 1082 1106 1129 ut
1131 1071 1346 1128 Veritas
1367 1085 1553 1127 verum
1580 1071 1781 1126 dixisse
1818 1068 2175 1141 agnoscatur?

591 1178 653 1223 ut
684 1180 876 1223 omnes
902 1163 1187 1220 duodecim
1236 1161 1393 1218 electi
1418 1178 1451 1217 a
1480 1160 1708 1217 Domino
1729 1174 1848 1216 esse
1873 1158 2176 1230 intelligan-

593 1267 686 1316 tur
718 1275 734 1312 :
766 1256 864 1317 sed
891 1255 1052 1312 aliter
1076 1253 1284 1320 caeteri,
1314 1252 1471 1309 aliter
1496 1247 1691 1316 ludas,
1721 1251 1775 1306 id
1802 1258 1886 1306 est
1914 1249 1993 1304 illi
2019 1258 2177 1305 aeter-

592 1349 789 1406 naliter
819 1349 889 1405 ad
908 1361 1159 1418 regnum,
1186 1346 1288 1401 iste
1309 1343 1676 1415 temporaliter
1700 1343 1769 1398 ad
1794 1340 2177 1396 ministerium.

591 1438 810 1499 Electus
834 1451 1071 1507 namque
1098 1435 1167 1490 ad
1196 1443 1408 1505 tempus
1443 1433 1585 1488 inter
1616 1440 1842 1487 eteteros
1868 1431 1935 1486 ad
1964 1438 2178 1499 aposto-

592 1532 759 1589 licum
783 1529 1164 1594 ministerium,
1186 1528 1384 1584 missus
1403 1528 1471 1582 ad
1490 1525 1889 1598 praedicationis
1907 1522 2172 1581 cilicium:

596 1625 810 1694 accepit
846 1623 1011 1679 etiam
1056 1622 1280 1678 forsitan
1317 1621 1549 1693 gratiam
1591 1619 2004 1686 miraculorum;
2035 1618 2177 1674 unde

591 1723 650 1772 et
692 1715 884 1771 beatus
929 1713 1124 1769 Petrus
1159 1713 1214 1768 in
1241 1712 1466 1768 Actibus
1490 1710 1858 1782 apostolorum
1900 1711 1980 1766 sic
2018 1710 2086 1765 de
2110 1724 2177 1765 eo

592 1803 835 1872 loquitur
867 1818 882 1856 :
913 1801 1350 1872 Quandoquidem
1392 1811 1798 1857 connumeratus
1832 1810 1944 1855 erat
1986 1800 2040 1854 in
2082 1815 2176 1854 no-

598 1894 702 1959 bis,
726 1902 776 1949 et
802 1894 1019 1949 sortitus
1038 1902 1113 1949 est
1137 1902 1331 1949 sortem
1350 1893 1626 1948 ministerii
1648 1893 1808 1964 hujus
1834 1893 1971 1964 (Act.
1995 1908 2036 1957 ι,
2064 1893 2173 1964 17),

594 1985 812 2040 Etcum
841 1983 1158 2040 statuissent
1198 1984 1360 2050 duos,
1386 1992 1443 2041 et
1480 1993 1703 2041 orarent
1740 1992 1802 2040 ut
1830 1983 1974 2040 Deus
1998 1979 2180 2040 o'sten-

595 2074 753 2131 deret
779 2074 903 2145 quis
929 2089 997 2131 ex
1030 2074 1111 2130 eis
1138 2074 1199 2129 in
1235 2073 1412 2129 locum
1435 2087 1594 2144 quem
1634 2074 1750 2144 ipse
1773 2074 2178 2144 praevaricando

595 2165 887 2232 amiserat,
930 2165 1191 2222 constitui
1217 2166 1477 2232 deberet,
1517 2166 1595 2221 ita
1630 2166 1995 2238 supplicantes
2031 2168 2180 2222 dixe-

596 2263 731 2309 runt
761 2271 776 2308 :
806 2253 886 2308 Tu
916 2253 1088 2321 Deus,
1128 2255 1220 2325 qui
1248 2255 1408 2310 corda
1451 2257 1587 2311 nosti
1624 2256 1931 2324 hominum,
1969 2256 2181 2312 ostende

594 2360 751 2415 quem
774 2344 988 2416 elegeris
1011 2361 1077 2401 ea:
1103 2345 1185 2400 his
1207 2345 1410 2402 duobus
1434 2347 1665 2418 accipere
1688 2358 1879 2404 sortem
1904 2348 2181 2403 ministerii

596 2434 760 2504 hujus
787 2445 836 2489 et
856 2434 1180 2504 apostolatus
1198 2475 1215 2501 ,
1237 2435 1302 2490 de
1336 2452 1438 2506 quo
1463 2439 1837 2508 prwuarioatus
1872 2447 1948 2493 est
1984 2437 2179 2504 ludas,

595 2537 653 2581 ut
683 2526 849 2581 abiret
875 2526 932 2582 in
955 2526 1128 2581 locum
1161 2542 1319 2581 suum
1347 2524 1534 2598 (Ibid.,
1562 2526 1656 2594 25,
1676 2527 1790 2599 25).
1815 2527 1894 2585 lla
1915 2541 2046 2598 ergo
2067 2528 2180 2585 ele—

594 2625 720 2671 ctus
759 2624 877 2671 erat
924 2630 957 2671 a
992 2614 1257 2682 Domino,
1284 2623 1347 2671 ut
1388 2614 1668 2686 temporali
1696 2616 1927 2686 quadam
1962 2616 2179 2687 dispen-

593 2706 806 2763 satione
849 2704 1272 2777 coniungeretur
1315 2704 1607 2777 apostolis,
1641 2714 1699 2761 et
1739 2706 2028 2767 sortiretur
2056 2722 2180 2761 cum

593 2795 677 2851 eis
703 2804 907 2851 sortem
948 2795 1241 2852 ministerii
1281 2804 1340 2850 et
1369 2796 1706 2865 apostolatus
1735 2815 1748 2851 ε
1773 2797 1848 2853 ita
1876 2806 1937 2853 ut
1962 2798 2032 2855 de
2064 2798 2182 2868 ipso

594 2884 767 2953 gradu
802 2884 1095 2953 apostolico
1142 2885 1354 2940 dicatur
1401 2898 1525 2942 esse
1572 2887 1990 2956 pmvaricatus;
2037 2894 2183 2960 quod

599 2984 779 3029 tamen
818 2975 1080 3030 Dominus
1103 2991 1211 3031 non
1237 2975 1389 3042 fecit,
1414 2976 1577 3047 quasi
1601 2978 1820 3050 ignarus
1854 2979 2179 3048 futurorum,

597 3065 688 3134 qui
733 3080 947 3136 semper
976 3075 1202 3121 noverat
1230 3067 1285 3121 in
1325 3077 1524 3123 aeterna
1570 3084 1667 3127 sua
1710 3072 2084 3139 praescientia,
2127 3084 2184 3129 et

597 3165 917 3210 ceterorum
951 3157 1318 3226 apostolorum
1358 3161 1952 3227 perseverantissimam
1998 3162 2180 3232 ﬁdem,

596 3253 656 3300 et
702 3244 842 3301 illius
885 3261 1100 3310 casum,
1128 3255 1183 3301 ct
1222 3247 1431 3301 ruinam
1476 3247 1711 3305 futuram
1745 3267 1759 3304 :
1806 3251 1963 3310 sicut.
1992 3252 2184 3310 beatus

596 3334 833 3392 Joannes
872 3335 1213 3408 Evangelista
1257 3337 1444 3394 dicens
1486 3348 1758 3394 testatur:
1792 3338 2002 3396 Sciebat
2045 3343 2188 3398 enim

597 3426 665 3480 ab
686 3426 837 3500 initio
860 3425 1040 3491 Jesus,
1067 3428 1156 3498 qui
1183 3436 1350 3483 essent
1371 3427 1655 3494 credentes,
1681 3439 1729 3483 et
1755 3431 1871 3500 quis
1891 3430 2184 3486 traditurus

596 3529 729 3572 esset
746 3495 870 3572 dum
902 3495 1089 3589 (lacn.
1115 3533 1192 3583 vr,
1214 3517 1329 3590 65).
1355 3517 1504 3575 Unde
1531 3528 1587 3574 et
1611 3520 1725 3591 ipse
1752 3495 2035 3586 Dominus,
2060 3536 2186 3577 cum

600 3605 826 3660 dixisset
848 3605 977 3662 illud
997 3605 1139 3676 quod
1158 3621 1322 3676 supra
1343 3616 1823 3665 commemoratum
1847 3618 1931 3665 est
1958 3626 1972 3663 :
1993 3607 2186 3666 Nonne

596 3685 874 3753 duodecim
894 3695 1121 3767 voselegi
1136 3696 1165 3751 i‘
1177 3695 1227 3767 (Ι
1234 3698 1320 3751 bid
1326 3735 1362 3761 .,
1388 3697 1448 3751 71
1460 3695 1501 3771 .)
1519 3707 1773 3768 tanquam
1789 3714 1913 3755 vere
1926 3701 2188 3772 prtescius

596 3785 937 3853 futurorum,
967 3787 1150 3842 statim
1190 3787 1470 3857 subiunxit
1496 3807 1511 3843 :
1542 3788 1611 3845 Et
1637 3806 1775 3845 unus
1804 3806 1870 3846 ea:
1902 3792 2042 3847 vobis
2068 3792 2188 3847 dia-

597 3876 747 3931 bolus
769 3887 862 3932 est.
891 3877 1046 3943 Quod
1081 3877 1420 3948 Evangelista
1442 3894 1718 3949 exponens
1743 3880 1810 3935 de
1829 3895 1936 3951 quo
1964 3882 2185 3949 dixerit,

601 3968 811 4023 addidit
849 3968 1107 4025 continuo
1157 3984 1177 4022 :
1216 3968 1431 4031 Dicebat
1480 3981 1657 4024 autem
1695 3971 1898 4025 ludam
1952 3970 2191 4028 Simonis

599 4057 894 4113 Iscarioten
915 4073 936 4113 :
965 4058 1050 4112 hic
1074 4059 1211 4113 enim
1239 4069 1350 4113 erat
1393 4061 1684 4115 traditurus
1727 4077 1880 4128 eum,
1907 4078 2025 4116 cum
2054 4074 2189 4118 esset

601 4167 738 4204 unus
776 4165 840 4204 ea:
865 4149 1135 4204 duodecim
1172 4149 1361 4221 (Ιὸἱιι.,
1387 4151 1497 4222 72).
1529 4151 1766 4207 Noverat
1805 4152 1977 4209 etiam.
2010 4152 2187 4210 locum

600 4239 963 4296 damnationis
976 4240 1095 4312 ejus
1119 4241 1174 4295 in
1198 4242 1475 4312 suppliciis
1497 4243 1862 4313 sempiternis,
1877 4244 1970 4315 qui
1992 4244 2188 4301 merito

601 4333 898 4403 impietatis
942 4347 1055 4388 sute
1096 4331 1272 4388 fuerat
1314 4334 1612 4389 destinatus
1650 4343 1706 4390 et
1744 4336 2187 4406 prmdestiuatus.

605 4426 760 4483 Unde
788 4435 843 4482 et
870 4426 939 4482 ab
965 4426 1225 4497 apostolis
1261 4425 1461 4480 dictum
1488 4436 1571 4482 est
1603 4446 1616 4482 :
1643 4424 1709 4482 Ut
1736 4428 1901 4484 abiret
1927 4430 1983 4484 in
2014 4428 2186 4485 locum

600 4536 757 4575 suum
793 4518 934 4591 (Act.
962 4535 1001 4583 ι,
1029 4517 1142 4588 25).
1176 4517 1245 4572 Ει
1277 4518 1391 4589 ipse
1432 4517 1691 4576 Dotninns
1721 4521 1836 4576 ait:
1868 4520 1959 4576 Va:
1991 4522 2190 4578 homini

601 4613 703 4679 illi,
733 4630 826 4683 per
852 4629 1006 4684 quem
1038 4610 1209 4666 Filius
1235 4610 1458 4667 hominis
1484 4612 1721 4667 tradetur
1745 4629 1764 4668 :
1797 4614 1988 4668 bonum
2008 4625 2119 4668 erat
2143 4614 2191 4669 ei

602 4706 649 4760 si
700 4715 852 4758 natus
891 4720 1000 4759 non
1041 4703 1226 4774 fuisset
1268 4705 1424 4758 homo
1448 4703 1545 4759 ille
1561 4704 1778 4776 (Matth.
1807 4721 1958 4772 xxvr,
1979 4706 2095 4779 24).
2123 4708 2193 4763 Et

604 4802 789 4848 tamen
817 4792 989 4848 voluit
1027 4807 1153 4849 eum
1171 4833 1190 4859 ,
1230 4803 1290 4848 ut
1318 4794 1521 4850 dictum
1560 4804 1664 4862 est,
1693 4794 1763 4850 ad
1791 4804 2003 4867 tempus
2032 4797 2194 4853 mini-

606 4883 832 4937 sterium
856 4891 912 4935 et
933 4880 1106 4938 locum
1149 4882 1482 4953 apostolatus
1511 4884 1781 4955 accipere,
1827 4894 1910 4953 ut,
1954 4901 2077 4941 cum
2103 4886 2192 4942 ille

605 4972 753 5029 male
782 4972 980 5028 abusus
1007 4974 1198 5030 fuisset
1225 4982 1371 5030 tanta
1402 4977 1617 5031 Domini
1639 4972 1897 5045 bonitate,
1929 4979 2190 5037 Dominus

609 5079 641 5119 c.
670 5062 946 5118 contrario
971 5063 1111 5119 bene
1149 5075 1392 5121 uteretur
1424 5080 1620 5137 magno
1654 5066 1772 5135 ejus
1814 5068 1959 5123 malo
1996 5069 2064 5124 ad
2092 5085 2192 5125 no-

608 5166 784 5210 strum
813 5169 1068 5225 magnum
1097 5157 1296 5212 bonum
1316 5174 1334 5209 :
1358 5157 1560 5212 docens
1596 5156 1689 5211 tali
1714 5158 1960 5228 exemplo
1979 5158 2189 5215 futuros

611 5246 666 5300 in
694 5244 933 5301 Ecclesia
963 5262 1058 5302 sua
1092 5246 1263 5303 malos
1287 5246 1568 5313 admistos,
1607 5247 1750 5304 sicut
1780 5260 1836 5304 et
1865 5249 1970 5305 iste
2015 5250 2071 5305 in
2098 5250 2188 5306 illa

611 5343 740 5389 tunc
768 5336 1027 5392 societate
1051 5335 1419 5407 apostolorum
1443 5337 1510 5391 ad
1535 5346 1746 5408 tempus
1772 5336 1965 5393 mistus
1986 5346 2074 5394 est
2090 5380 2105 5405 ,
2134 5349 2192 5397 et

613 5429 1105 5484 commnnicaturos
1159 5442 1282 5482 cum
1330 5425 1570 5484 Ecclesia
1620 5443 1730 5484 non
1777 5427 1951 5484 solum
2007 5445 2192 5486 sacra-

2272 527 2435 584 minis
2465 542 2481 586 :
2510 537 2674 600 atque
2706 528 2784 584 ita
2808 538 3138 584 monstraret
3165 530 3283 585 suis
3299 529 3600 603 exemplum
3630 535 3788 604 patien-

2270 617 2393 685 tiaa,
2420 632 2585 688 quam
2613 617 2885 688 patienter
2929 617 3138 675 scilicet
3183 619 3441 678 toleraret
3483 621 3659 689 malos,
3691 623 3790 681 sicut

2271 704 2387 776 ipse
2416 706 2578 762 istum
2605 714 2665 765 et
2697 706 2983 764 verissime
3023 719 3281 775 noverat,
3304 717 3362 765 et
3405 708 3540 765 mira
3583 712 3788 780 patientis

2273 798 2566 867 tolerabat;
2607 815 2678 861 ne
2714 807 2968 871 putarent
2991 800 3107 856 veri
3143 799 3330 858 tideles
3365 801 3551 856 talium
3579 804 3793 861 societate

2274 907 2334 949 se
2356 892 2543 963 pollui,
2566 892 2652 948 vel
2676 906 2865 949 eorum
2890 892 3210 961 ministeria,
3225 906 3345 966 qua:
3365 896 3648 951 secundum
3666 896 3796 954 Deum

2273 990 2417 1047 sunt,
2442 983 2742 1054 respuenda
2775 1000 2789 1036 :
2818 982 2959 1037 sicut
2984 997 3087 1038 nec
3111 982 3257 1037 beati
3286 983 3519 1055 apostoli
3544 984 3672 1041 illius
3702 986 3795 1042 ﬁet:

2275 1072 2532 1129 societate
2577 1071 2987 1143 pollnebantnr,
3032 1087 3133 1128 nec
3177 1071 3297 1144 ejus
3346 1073 3715 1142 ministerium,
3756 1078 3793 1132 in

2275 1172 2537 1234 quantum
2565 1163 2861 1220 secundum
2905 1164 3075 1221 Deum
3117 1165 3319 1232 ﬁebat,
3343 1176 3429 1225 est
3469 1168 3793 1239 improbatum.

2275 1252 2519 1325 Cumque
2546 1268 2716 1325 usque
2741 1254 2810 1309 ad
2835 1254 3161 1326 proditionis
3184 1256 3385 1312 malum
3418 1256 3535 1326 ejus
3567 1256 3798 1313 infelicitas

2275 1344 2642 1416 pervenisset,
2670 1354 2783 1399 tam
2827 1360 3084 1416 magnum
3135 1348 3305 1405 unius
3335 1348 3609 1403 hominum
3643 1348 3797 1404 malum

2276 1436 2545 1493 convertit
2573 1436 2628 1491 in
2659 1436 2821 1492 totius
2864 1437 3050 1493 mundi
3082 1438 3308 1506 bonum,
3334 1440 3463 1495 dum
3504 1455 3598 1510 per
3617 1439 3704 1495 hoc
3721 1439 3797 1509 ipse

2276 1543 2429 1582 verus
2477 1526 2775 1582 immolatus
2818 1536 2894 1583 est
2931 1528 3142 1598 Agnus,
3188 1529 3279 1600 qui
3330 1529 3546 1585 abstulit
3585 1540 3796 1600 peccatus

2278 1617 2463 1672 mundi
2490 1634 2509 1671 :
2537 1624 2701 1688 atque
2740 1617 2816 1673 ita
2863 1617 2919 1673 in
2964 1627 3173 1674 tantum
3216 1621 3355 1677 bene
3397 1621 3569 1676 bonus
3596 1621 3803 1676 Dominus

2278 1722 2402 1763 eum
2430 1708 2593 1779 elegit
2618 1709 2687 1765 ad
2713 1708 2937 1776 bonum,
2964 1718 3025 1764 ut
3047 1720 3104 1766 et
3125 1710 3268 1766 bona
3289 1726 3387 1766 sua
3414 1711 3489 1766 illi
3515 1710 3795 1773 concederet,

2206 1776 2254 1836 Β
2279 1806 2335 1855 et
2363 1799 2503 1854 mala
2519 1776 2677 1881 illius
2715 1799 2769 1855 in
2812 1790 3056 1856 nostrum
3082 1800 3282 1855 bonum
3312 1807 3675 1858 commutaret.
3700 1799 3799 1866 Quis

2198 1958 2227 1975 ,ἢ
2279 1891 2421 1960 quod
2450 1891 2836 1960 praevaricatus
2854 1898 2965 1957 est,
2984 1891 3128 1961 quod
3147 1892 3336 1961 periit,
3354 1907 3467 1947 sua:
3486 1891 3684 1947 malitia
3701 1890 3797 1954 fuit;

2280 1980 2423 2050 quod
2454 1989 2634 2037 autem
2679 1981 2824 2035 inter
2862 1981 3037 2038 bonos
3079 1982 3291 2038 electus
3325 1991 3433 2047 est,
3474 1982 3707 2038 bonitatis
3729 1980 3796 2034 Do-

2279 2072 2435 2128 mini.
2473 2071 2531 2128 Si
2571 2073 2963 2142 permansisset
2999 2073 3055 2129 in
3097 2071 3361 2137 bonitate,
3408 2073 3543 2129 sicut
3574 2071 3801 2141 Apostolus

2280 2162 2398 2219 ait:
2439 2161 2564 2218 Vide
2590 2179 2713 2234 ergo
2762 2162 3043 2218 bonitatem
3089 2174 3137 2218 et
3177 2165 3505 2219 severitatem
3536 2162 3653 2229 Dei;
3678 2163 3722 2215 in
3740 2178 3807 2215 eos

2279 2257 2488 2329 quidem
2520 2259 2610 2329 qui
2651 2257 2948 2313 ceciderunt
2981 2259 3327 2323 severitatem,
3352 2258 3410 2313 in
3435 2266 3484 2312 te
3509 2267 3669 2311 autem
3693 2254 3801 2309 boni.

2281 2358 2466 2415 tatem,
2484 2348 2530 2404 si
2546 2349 2895 2419 permanseris
2914 2348 2970 2402 in
2994 2347 3224 2404 bonitate
3248 2347 3430 2419 (Rom.
3452 2363 3531 2413 ιι,
3552 2346 3656 2417 22).
3674 2345 3807 2412 Quan-

2282 2448 2397 2496 tum
2420 2439 2643 2511 ergo-ad
2675 2439 2971 2511 temporale
2995 2439 3328 2509 apostolatus
3354 2439 3695 2495 ministerium
3714 2437 3802 2491 atti-

2282 2540 2402 2597 net,
2433 2532 2500 2588 de
2526 2547 2634 2602 quo
2664 2530 2924 2587 Dominus
2956 2538 3083 2585 tunc
3104 2530 3449 2600 loquebatur,
3472 2545 3591 2586 cum
3609 2528 3796 2584 diceret:

2283 2623 2476 2679 Nonne
2498 2623 2773 2678 duodecim
2794 2638 2884 2677 vos
2905 2621 3031 2693 elegi
3047 2621 3268 2693 ?(Joan.
3282 2638 3360 2687 vr,
3376 2621 3491 2692 71.)
3520 2620 3653 2676 Bene
3671 2624 3803 2688 potest

2281 2714 2395 2771 dici
2416 2722 2477 2769 et
2510 2714 2612 2770 iste
2648 2714 2793 2769 inter
2832 2721 3060 2770 caeteros
3086 2712 3311 2769 electus.
3339 2712 3605 2781 Quantum
3629 2725 3735 2765 vero
3754 2708 3806 2761 ad

2281 2814 2538 2860 aeternam
2583 2802 2936 2863 beatitudinis
2980 2802 3327 2868 electionem,
3369 2803 3447 2858 illi
3495 2798 3805 2858 tantummodo

2284 2894 2444 2952 electi
2469 2902 2647 2960 erant,
2677 2894 2744 2949 de
2770 2893 2970 2962 quibus
2991 2908 3115 2949 cum
3157 2894 3303 2949 inter
3342 2893 3510 2949 istum
3536 2902 3589 2948 et
3628 2891 3727 2945 illos
3744 2887 3792 2941 la»

2284 2992 2436 3040 ceret
2458 2984 2877 3047 distinctionem,
2908 2981 3021 3037 ait:
3055 2981 3180 3037 Non
3206 2982 3272 3036 de
3293 2983 3534 3037 omnibus
3560 2981 3682 3036 vobis
3701 2978 3805 3039 duo,

2285 3093 2379 3149 ego
2401 3078 2511 3132 scio
2537 3093 2668 3148 quos
2693 3075 2934 3148 elegerim
2961 3074 3145 3147 (Joan.
3177 3092 3298 3143 xm,
3325 3077 3440 3148 18).

2355 3165 2534 3235 Aulue
2564 3166 2641 3221 ita
2670 3166 2811 3221 bene
2847 3173 2906 3221 et
2930 3181 3057 3221 vere
3092 3174 3273 3238 potest
3313 3165 3541 3238 intelligi
3574 3164 3744 3219 dictum
3764 3168 3805 3213 et

2284 3255 2538 3325 adjuncto
2586 3254 2764 3311 Juda:
2803 3255 2994 3311 Nonne
3031 3257 3309 3313 duodecim
3350 3275 3441 3313 vos
3483 3256 3641 3327 elegi?
3665 3251 3805 3308 etlillo

2284 3356 2569 3416 segregato
2596 3353 2852 3415 tanquam
2880 3346 3114 3416 reprobo
3138 3362 3153 3400 :
3177 3345 3290 3417 Ego
3313 3348 3426 3401 scio
3452 3362 3578 3417 quos
3600 3340 3800 3414 elegerint.

2286 3434 2397 3491 Nec
2422 3450 2648 3492 necesse
2669 3444 2754 3491 est
2784 3451 2816 3491 e
2853 3438 3130 3494 contrario
3158 3438 3535 3509 accipi.Quod
3575 3444 3804 3501 utrumque

2288 3539 2479 3580 verum
2521 3525 2755 3582 evidenti
2803 3528 3012 3583 ratione
3058 3536 3393 3584 monstratur
3433 3546 3448 3583 :
3499 3529 3575 3584 sic
3630 3534 3809 3590 ιηιικιιιθ

2283 3615 2450 3671 etiam
2481 3616 2549 3671 de
2573 3613 2736 3670 Saule
2757 3615 3018 3685 scriptum
3041 3624 3145 3682 est,
3175 3631 3300 3671 cum
3320 3627 3472 3673 esset
3498 3615 3737 3688 eligendus
3757 3607 3805 3662 ad

2286 3722 2539 3780 regnum,
2561 3707 2648 3764 cui
2680 3708 2735 3763 in
2766 3707 2950 3765 multis
2974 3708 3124 3765 utilis
3153 3718 3273 3765 erat
3295 3708 3510 3766 futurus
3532 3706 3663 3779 quod
3685 3702 3804 3758 etiam

2287 3800 2427 3855 forte
2458 3798 2661 3855 electus
2684 3798 2911 3868 accepit,
2941 3798 3159 3855 dicente
3183 3796 3471 3870 Scriptura
3499 3817 3515 3854 :
3541 3797 3658 3853 Erat
3680 3789 3809 3848 oirde

2288 3893 2429 3949 tribu
2472 3892 2751 3963 Benjamin
2798 3892 3049 3948 vocabulo
3079 3891 3215 3948 Saul
3261 3892 3479 3958 electus,
3507 3900 3554 3946 et
3594 3888 3805 3947 bonus,“

2289 4003 2396 4043 non
2421 3995 2534 4043 erat
2563 3985 2627 4040 de
2657 3985 2783 4055 filiis
2812 3983 2984 4039 Israel
3003 3984 3188 4040 melior
3212 3984 3304 4040 illo
3326 3984 3380 4056 (Ι
3404 3984 3533 4056 Reg.
3559 4000 3629 4048 Ix,
3650 3979 3715 4049 3).
3733 3971 3807 4040 Q‘Ii

2288 4084 2472 4133 tamen
2510 4084 2699 4148 postea
2743 4074 3111 4132 infelicissimo
3153 4076 3479 4146 reprobatus
3535 4083 3588 4131 et
3621 4069 3805 4139 abiectus

2284 4166 2467 4238 periit.
2505 4165 2575 4221 Et
2614 4174 2794 4221 tamen
2836 4166 2904 4220 ad
2947 4174 3160 4237 tempus
3207 4165 3348 4222 bene
3392 4168 3465 4222 ad
3522 4156 3808 4233 temporalem

2286 4255 2579 4326 quamdam
2620 4254 2774 4325 regni
2821 4253 3108 4311 utilitatem
3151 4255 3358 4312 electus
3401 4254 3625 4317 dicitur,
3662 4246 3806 4318 quiet

2288 4344 2521 4415 mystica
2548 4343 2821 4405 unctione,
2849 4352 2904 4398 et
2931 4345 3095 4400 sortis
3118 4344 3404 4411 electione,
3436 4360 3535 4416 per
3551 4340 3806 4414 prophetam

2292 4444 2539 4491 sanctum
2578 4434 2672 4490 Dei
2707 4435 2903 4505 populo
2946 4435 3223 4505 praelatus.
3253 4435 3350 4492 Ubi
3381 4447 3561 4494 autem
3587 4431 3805 4499 Scriptura

2292 4524 2603 4595 evangelica
2651 4524 2960 4594 specialiter
3009 4524 3176 4582 ﬁlium
3227 4527 3473 4582 nominet
3500 4524 3699 4583 ludam,
3738 4528 3806 4571 n08

2293 4617 2514 4672 minime
2540 4615 2788 4684 legimus.
2820 4616 2975 4683 Quod
3000 4616 3147 4672 enim
3189 4617 3455 4673 Dominus
3506 4618 3570 4672 de
3609 4605 3808 4683 apostolis

2293 4707 2406 4762 ait:
2434 4706 2561 4761 Non
2589 4716 2804 4777 possunt
2847 4706 2948 4775 ﬁlii
2993 4709 3170 4778 sponsi
3192 4708 3466 4780 jejunare,
3490 4705 3702 4780 quandis
3721 4710 3805 4753 csa

2290 4798 2420 4868 ipsis
2444 4808 2519 4852 est
2546 4813 2771 4868 sponsus
2795 4795 2949 4865 (Luc.
2973 4813 3024 4863 ν,
3048 4798 3140 4869 54)
3168 4816 3183 4851 :
3214 4799 3359 4854 nulla
3388 4797 3670 4855 necessitas
3685 4786 3805 4859 wﬁib

2293 4896 2354 4941 ut
2388 4901 2494 4942 non
2531 4887 2697 4942 etiam
2722 4886 2858 4943 inda
2883 4897 3110 4960 excepto
3139 4890 3207 4945 de
3246 4889 3463 4945 caeteris
3501 4874 3808 4943 tantummodo

2293 4979 2496 5034 dictum
2524 4988 2674 5037 recte
2701 4980 2929 5051 intelligi
2962 4982 3151 5050 possit.
3180 4981 3266 5037 Ad
3311 4997 3450 5052 quos
3491 4980 3660 5049 utique
3682 4969 3805 5026 solos.

2294 5070 2385 5127 illo
2404 5070 2764 5144 jatuperdito,
2790 5071 2918 5127 illud
2946 5073 3180 5142 pertinet
3199 5073 3343 5143 quod
3367 5073 3615 5131 Dominus
3640 5060 3808 5128 subjun-

2295 5162 2395 5233 git,
2424 5162 2609 5217 dicens
2636 5178 2657 5213 :
2695 5159 2903 5215 Venient
2931 5172 3106 5216 autem
3135 5163 3245 5217 dies
3269 5179 3389 5217 cum
3418 5149 3734 5229 aufereturab
3755 5144 3807 5198 ἀι

2294 5270 2536 5324 sponsus,
2570 5263 2623 5307 et
2645 5263 2757 5308 tum
2777 5255 3093 5325 jejunabunt
3119 5255 3172 5309 in
3198 5254 3305 5310 illis
3327 5255 3506 5309 diebus
3537 5247 3701 5318 (Ibid.,
3724 5235 3804 5332 ὅθί

2296 5343 2407 5401 36d
2435 5345 2481 5400 si
2507 5344 2630 5416 quis
2655 5344 2819 5400 etiam
2850 5346 3026 5415 ipsum
3053 5345 3245 5401 ludam
3272 5346 3326 5401 in
3354 5346 3439 5401 his
3465 5340 3628 5401 verbis
3646 5328 3803 5392 Domini

2293 5435 2435 5493 inter
2486 5437 2625 5493 ﬁlios
2669 5436 2784 5490 vult
2843 5438 3065 5507 intelligi
3117 5438 3430 5507 deputatum
3475 5447 3537 5501 ⁸,
3584 5419 3806 5485 milites”

2210 3128 2256 3190 C

2218 4480 2273 4543 D

1550 5536 1761 5597 ΝΟΤᾸΞ
1804 5537 2130 5597 DUVALLli
2170 5543 2512 5602 DOCTORIS
2548 5546 2930 5604 SORBONICI.

684 5644 708 5670 α
751 5631 915 5687 Docet
957 5629 1149 5686 Jndam
1200 5631 1366 5685 lilium
1418 5630 1583 5687 fuisse
1627 5640 1850 5702 propter
1895 5632 2185 5702 aliqualem

612 5702 774 5757 fidem
807 5702 860 5758 in
885 5702 1161 5759 Christum
1189 5702 1493 5771 Dominum,
1519 5710 1573 5759 et
1598 5703 1843 5761 eamdem
1880 5718 2187 5762 sacramen-

2298 5645 2474 5693 torum
2501 5640 2985 5708 participationem.
3029 5642 3106 5694 Ex
3134 5653 3242 5710 quo
3266 5641 3385 5697 dure
3414 5644 3701 5711 ηογθιρτιιξη

2298 5724 2446 5767 reses
2487 5702 2845 5767 refelluntur:
2900 5711 3048 5782 prior
3095 5702 3204 5783 qua
3253 5713 3440 5769 dicunt
3478 5702 3737 5766 Ecclesiae!
3755 5702 3803 5746 ει
