3970 6306
240 271 340 328 ΐδί

1226 259 1424 324 LIBER
1463 261 1826 318 ADV'ERSUS
1860 258 2176 317 JOANNEM
2216 260 2512 318 SCOTUM.

3396 258 3499 312 182

239 386 349 439 hoc
384 388 602 452 propter
643 378 875 450 aliquam
924 376 1083 433 ﬁdem
1126 375 1266 432 illius
1311 378 1362 430 in
1405 375 1722 440 Domiumn,
1762 381 1815 429 et
1843 379 1890 437 Λ
1918 373 2084 429 dicit:
2114 373 2242 428 Hcce
2266 375 2416 429 verba
2443 373 2749 443 ﬁdelissima
2774 384 2821 428 et
2846 391 2962 429 vera
2996 375 3096 429 Dei
3117 376 3277 429 sunt?
3303 375 3488 446 (Apoc.

237 481 704 529 sacramentorum
759 469 1107 533 societatem,
1135 459 1262 537 (qua
1312 467 1516 520 sanctis
1561 464 1816 533 apostolis

232 562 598 633 iungebatur,
640 575 745 613 non
783 574 812 610 a
843 557 1116 614 contrario
1165 556 1260 611 scd
1314 556 1480 620 bene,
1521 564 1576 608 et
1629 566 1816 608 conse-

235 663 474 723 quenter
527 656 600 704 ita
658 649 832 720 potuit
883 647 1159 718 appellari.
1219 644 1312 702 Sic
1362 653 1419 701 et
1475 660 1599 700 cum
1639 644 1818 700 Domi-

237 762 371 801 num
404 743 519 812 jam
554 742 828 807 tradenti,
869 751 923 796 et
959 757 1082 796 eum
1121 739 1304 795 osculo
1339 739 1667 809 designanti,
1705 737 1819 808 ipse

237 835 501 891 Dominus
528 834 642 887 ait:
670 834 868 897 Amice,
897 833 965 885 ad
996 832 1121 902 quid
1158 829 1626 901 veiiisti?(Mattlt~.
1659 845 1818 896 χχιι,

234 925 350 995 50)
379 927 514 981 bene
557 933 733 994 potest
761 923 1018 994 intelligi,
1051 938 1156 976 non
1187 921 1329 990 quod
1361 929 1487 974 tunc
1511 921 1816 991 gerebatur,

235 1019 336 1073 sed
371 1017 514 1087 quod
564 1017 764 1070 dudum
816 1014 992 1069 fuerat
1025 1016 1075 1070 ei
1115 1015 1497 1083 exprobratum
1539 1031 1558 1068 ε.
1597 1021 1655 1067 ιιι
1696 1028 1819 1068 cum

237 1108 436 1164 l’uisset
496 1107 820 1176 aliquando,
882 1107 1180 1161 secundum
1253 1105 1538 1174 quemdam
1603 1105 1821 1159 modum

235 1199 534 1268 discipulus
556 1207 612 1253 et
635 1200 861 1261 amicus,
890 1197 942 1251 in
969 1206 1075 1250 tam
1101 1197 1372 1253 crudelem
1396 1205 1450 1251 et
1472 1197 1695 1268 impium
1722 1197 1824 1252 ini—

234 1292 442 1346 micum
473 1297 694 1360 repente
716 1299 861 1344 esset
887 1298 1141 1343 mutatus.
1175 1287 1280 1343 Sed
1304 1297 1360 1344 et
1389 1289 1434 1342 si
1460 1289 1563 1343 hoc
1588 1304 1684 1358 per
1711 1289 1822 1344 iro-

235 1385 387 1438 niam
419 1384 620 1439 dictum
653 1382 1015 1454 intelligatur,
1057 1382 1197 1438 sicut
1231 1391 1285 1438 et
1312 1382 1644 1438 intellectum
1673 1391 1757 1438 est
1791 1397 1824 1437 a

233 1472 582 1541 quibusdam,
613 1486 718 1525 non
747 1478 1030 1542 propterea
1068 1469 1267 1540 aliquid
1291 1469 1491 1525 valebit
1519 1469 1674 1539 hujus
1700 1470 1822 1525 novi

231 1576 294 1621 et
339 1565 528 1621 insulsi
566 1565 914 1634 disputatoris
942 1564 1126 1636 regula
1160 1583 1172 1616 :
1203 1566 1328 1635 quia
1364 1563 1508 1618 aliud
1547 1573 1632 1620 est
1676 1580 1826 1620 more

232 1658 477 1713 humano
507 1654 706 1726 aliquid
731 1671 828 1726 per
856 1656 1088 1712 ironiam
1113 1655 1447 1727 signiﬁcare,
1474 1656 1615 1726 quod
1637 1670 1822 1710 verum

1920 483 2032 532 xxi,
2049 466 2127 538 ὅ.)
2144 465 2199 521 Si
2221 468 2359 522 idem
2377 468 2734 524 Autichristus
2756 470 2908 523 homo
2930 470 3305 539 peccati,ﬁlius
3321 473 3496 542 perdi-

1918 556 2075 611 tionis
2106 555 2190 627 (ΙΙ
2216 555 2394 610 Thess.
2413 573 2473 620 ιι,
2495 551 2718 628 5)’,·οιιηι
2745 559 2994 614 omnibus
3023 559 3342 629 sequacibus
3361 560 3492 624 suis,

1920 664 2025 703 non
2054 656 2139 703 cst
2177 648 2243 702 ad
2284 647 2543 716 judicium
2584 659 2799 705 :etcrnze
2827 651 3195 706 damnationis.
3223 651 3513 721 praedesti-'

1921 751 2109 807 natus,
2143 743 2410 811 quomodo
2439 752 2546 797 tam
2589 753 2773 814 aperte
2804 745 2870 800 de
2897 760 2961 800 eo
2991 745 3121 800 dicit
3158 743 3444 814 Apostolus
3479 758 3492 796 :

1923 833 2088 899 Quem
2135 833 2386 886 Dominus
2412 833 2564 888 Iesus
2603 834 2874 902 interﬁciet
2921 834 3105 903 spiritu
3148 834 3255 886 oris
3296 834 3408 896 sui,
3448 842 3497 886 et

1921 925 2146 978 destruet
2176 923 2525 979 illustratione
2571 927 2818 980 adventus
2858 926 2979 980 sui?
3003 925 3188 996 (Ibid.,
3231 924 3310 994 8.)
3342 925 3408 979 Et
3432 925 3499 980 de

1921 1016 2170 1071 omnibus
2195 1017 2286 1086 qui
2314 1015 2382 1070 ab
2407 1031 2471 1070 eo
2499 1015 2808 1082 seducendi,
2837 1025 2891 1071 et
2919 1031 3040 1071 cum
3068 1032 3134 1070 eo
3159 1017 3210 1070 in
3237 1024 3497 1070 aeternum

1922 1109 2143 1178 perituri
2175 1116 2332 1173 sunt,
2359 1119 2481 1179 post
2512 1123 2681 1178 pauca
2719 1109 2990 1181 subiungit
3019 1127 3032 1164 :
3061 1109 3138 1163 Eo
3165 1109 3302 1179 quod
3328 1109 3503 1162 chari-

1923 1210 2082 1256 tatem
2117 1202 2349 1256 veritatis
2387 1218 2490 1256 non
2531 1213 2857 1270 receperunt,
2890 1213 2944 1256 ut
2981 1202 3111 1257 salvi
3134 1203 3347 1270 ﬁerent,
3386 1202 3502 1256 ideo

1924 1295 2091 1348 mittet
2123 1293 2230 1348 illis
2259 1292 2399 1352 Deus
2428 1295 2779 1364 operationem
2804 1295 2998 1350 erroris
3025 1302 3081 1348 ut
3115 1294 3329 1348 credant
3361 1309 3504 1347 men-

1924 1389 2096 1455 dacio,
2123 1397 2172 1445 et
2191 1389 2499 1460 judicentur
2539 1405 2714 1445 omnes
2750 1391 2838 1459 qui
2869 1406 2969 1444 non
3016 1389 3344 1444 crediderunt
3373 1389 3506 1442 veri-

1923 1479 2040 1541 tati,
2081 1477 2172 1532 sed
2215 1488 2581 1532 consenserunt
2625 1479 2886 1549 iniquitati
2909 1478 3092 1550 (Ibid.,
3118 1477 3336 1548 ‘10,“).
3364 1476 3506 1546 Quo-

1927 1565 2084 1622 modo
2111 1567 2337 1632 dicitur,
2365 1569 2504 1638 apud
2544 1568 2876 1624 Ezechielem
2910 1569 3226 1639 prophetam
3247 1609 3262 1633 ,
3297 1569 3362 1621 ad
3393 1567 3505 1638 gla-

1927 1659 2074 1715 dium
2105 1668 2391 1714 cxacutum
2418 1669 2473 1714 et
2509 1660 2751 1716 limatum
2791 1663 2856 1716 ad
2896 1661 3095 1717 caedem
3131 1670 3185 1716 et
3227 1661 3504 1716 interitum

231 1760 358 1814 est,
387 1751 528 1804 sicut
554 1764 678 1804 cum
707 1748 847 1803 malo
885 1749 1088 1804 homini
1136 1747 1494 1818 indignantes,
1522 1747 1606 1802 vel
1647 1747 1824 1801 incre-
1854 1746 1899 1807 B
1927 1749 2211 1819 impiorum
2232 1768 2244 1803 :
2265 1747 2328 1804 Ut
2351 1750 2545 1806 daretis
2568 1769 2723 1822 super
2743 1752 2879 1806 colla
2906 1751 3294 1810 vulneratorum
3323 1738 3509 1822 impio-

231 1849 432 1910 pantes
477 1839 742 1894 dicimus:
773 1838 954 1894 Bonus
999 1839 1160 1893 homo
1198 1853 1288 1902 es;
1323 1836 1408 1892 vel
1437 1836 1577 1891 male
1603 1836 1780 1907 agenti
1810 1854 1824 1890 :

233 1933 387 1988 Bene
415 1930 560 2001 agis;
593 1937 649 1984 et
687 1929 937 1994 inimico,
964 1928 1180 1994 Amice;
1226 1935 1283 1983 et
1327 1927 1494 1981 multa
1535 1926 1824 1982 similiter:

233 2021 383 2076 aliud
407 2019 560 2089 juxta
589 2019 909 2074 diabolicam
935 2018 1090 2073 istius
1115 2017 1356 2088 regulam
1383 2025 1569 2086 aperta
1592 2015 1829 2070 falsitate

232 2129 441 2187 negare
464 2113 606 2184 quod
628 2127 817 2168 verum
841 2121 945 2179 est,
975 2121 1034 2167 ut
1056 2128 1179 2168 cum
1205 2111 1399 2180 aliquis
1423 2111 1617 2166 merito
1642 2111 1830 2180 impie-

233 2205 371 2259 tatis
397 2221 507 2259 sure
531 2204 712 2257 divino
733 2202 936 2273 judicio
965 2202 1232 2257 veraciter
1262 2201 1460 2256 dicitur
1485 2199 1831 2269 praedestina-

236 2307 330 2351 tus
355 2297 420 2349 ad
449 2293 791 2364 supplicium,
819 2292 920 2347 iste
947 2307 1085 2346 nova
1117 2291 1326 2346 insania
1353 2288 1617 2344 fallaciter
1642 2291 1831 2344 doceat

234 2389 476 2451 dictum,
505 2384 922 2456 praedestinatus
948 2399 1052 2438 non
1090 2382 1504 2452 przedestinatus
1531 2398 1545 2434 :
1577 2395 1684 2450 quo
1709 2394 1832 2448 per-

237 2479 556 2535 versissimo
582 2487 639 2532 et
667 2475 956 2532 falsissimo
986 2490 1143 2530 sensu
1173 2489 1444 2544 nunquam
1484 2473 1539 2528 in
1575 2473 1735 2528 rebus
1760 2460 1854 2527 ad'

237 2571 404 2626 ﬁdem
435 2568 852 2639 pertinentibus,
882 2567 1025 2636 quod
1060 2565 1231 2631 absit,
1259 2564 1539 2636 Scriptura
1570 2563 1830 2634 loquitur,

237 2659 518 2728 nunquam
543 2657 739 2727 aliquis
766 2657 954 2712 doctor
979 2656 1400 2721 ecclesiasticus,
1435 2670 1709 2724 nunquam
1733 2654 1832 2709 ali-

235 2749 367 2818 quis
391 2749 472 2802 vir
495 2762 659 2804 verax
683 2747 895 2803 locutus
915 2755 1018 2801 est.

315 2843 376 2898 Si
405 2851 585 2898 autem
622 2857 730 2896 non
760 2841 827 2896 ad
859 2841 1224 2911 peccandum,
1250 2840 1392 2910 quod
1423 2838 1596 2903 absit,
1631 2838 1727 2893 sed
1765 2838 1832 2893 ad

241 2935 501 2994 luendum
530 2951 629 3006 pro
655 2935 890 3005 peccatis
914 2933 1233 3005 supplicium
1264 2947 1422 2987 nemo
1445 2930 1592 2998 justo
1618 2929 1713 2984 Dei
1746 2929 1834 3002 ju-

237 3029 387 3084 dicio
415 3036 499 3083 est
528 3026 972 3097 praedestinatus,
1015 3023 1146 3093 quid
1192 3030 1276 3078 est
1311 3020 1453 3092 quod
1493 3019 1731 3090 Apostoli
1776 3020 1832 3074 in

1927 1857 2074 1906 rum,
2102 1858 2330 1911 quorum,
2359 1843 2492 1896 venit
2521 1844 2662 1906 dies,
2690 1845 2745 1896 in
2769 1853 2995 1913 tempore
3018 1844 3309 1914 iniquitatis
3334 1843 3509 1913 prtuli-

1927 1932 2078 1984 uita?
2103 1930 2318 2002 (Ezech.
2349 1948 2441 1986 xxx
2460 1973 2473 1998 ,
2499 1933 2613 2005 29.)
2641 1934 2748 1989 Cur
2777 1934 2938 1988 etiam
2976 1935 3116 1989 idem
3153 1934 3412 2004 propheta
3444 1935 3512 1988 de

1927 2021 2124 2079 Iudaeis
2145 2032 2199 2078 et
2221 2038 2442 2094 regnum
2467 2033 2521 2078 et
2547 2025 2906 2080 sacerdotium
2929 2025 3231 2087 amissuris,
3254 2034 3309 2080 et
3330 2025 3382 2079 in
3411 2039 3510 2080 sua

1929 2113 2246 2169 inﬁdelitate
2275 2114 2532 2184 perituris
2559 2116 2659 2171 sub
2694 2130 2922 2188 persona
2971 2115 3118 2186 impii
3150 2115 3292 2186 regis
3323 2115 3456 2171 dicit
3493 2133 3506 2169 :

1931 2205 2012 2261 Tu
2035 2216 2228 2271 autem,
2255 2207 2496 2276 profane,
2526 2208 2682 2278 impie
2709 2208 2818 2262 dua:
2842 2206 3032 2272 Israel,
3063 2207 3213 2276 cujus
3239 2208 3370 2262 venit
3400 2206 3512 2261 dies

1929 2296 1984 2349 in
2023 2306 2249 2367 tempore
2284 2297 2574 2368 iniquitatis
2611 2297 2890 2368 pra’ﬁnita,
2918 2297 3028 2351 lucc
3063 2297 3188 2351 dicit
3211 2296 3466 2351 Dominus
3492 2311 3512 2349 :

1929 2383 2095 2455 Aufer
2117 2386 2359 2452 cidarim,
2383 2385 2505 2441 tolle
2529 2388 2813 2442 coronam?
2844 2386 3033 2459 (Ibid.,
3071 2386 3164 2453 25,
3193 2387 3312 2457 26.)
3353 2385 3514 2442 Coro-

1931 2491 2057 2530 nam
2086 2475 2282 2546 quippe
2311 2491 2432 2533 esse
2478 2477 2660 2548 regni,
2693 2477 2920 2533 cidarim
2949 2492 3075 2533 vero
3115 2477 3422 2543 sacerdotii,
3453 2485 3516 2533 ut

1931 2581 2093 2638 supra
2115 2566 2229 2635 jam
2260 2569 2516 2634 diximus,
2543 2567 2885 2624 manifestum
2911 2576 3015 2623 est.

2004 2659 2156 2727 Quod
2204 2660 2249 2714 si
2295 2660 2416 2729 quis
2460 2669 2696 2730 opponat
2741 2661 2796 2713 in
2840 2659 2925 2713 bis
2953 2658 3160 2714 duobus
3186 2657 3515 2730 propheticis

1932 2750 2195 2821 exemplis
2241 2765 2347 2806 non
2389 2765 2508 2806 esse
2554 2749 2784 2820 positam
2825 2748 3386 2821 prtedestiuationem,
3419 2748 3516 2803 sed

1933 2841 2343 2912 prmlinitionem
2369 2881 2384 2907 ,
2427 2848 2719 2913 cognoscat
2746 2840 3013 2895 veraciter
3045 2839 3180 2894 nihil
3209 2853 3328 2895 esse
3371 2839 3517 2894 aliud

1932 2931 2462 3002 pnedestiu'ationem
2505 2947 2667 3002 quam
2707 2931 2787 2987 rei
2852 2930 3044 2986 futurae
3077 2924 3515 3001 praeﬁnitionem.

1935 3023 2088 3090 Quod
2137 3031 2325 3094 aperte
2364 3021 2667 3096 Apostolus
2691 3023 2927 3078 ostendit
2955 3022 3184 3078 dicens:
3216 3021 3518 3087 Secundum

238 3124 492 3178 oratione
517 3137 612 3176 sua
638 3122 706 3175 ad
750 3119 1036 3174 Dominum
1059 3120 1125 3172 de
1151 3117 1286 3175 Juda
1312 3117 1563 3172 dixerunt
1588 3135 1601 3170 :
1627 3115 1704 3170 De
1729 3133 1830 3187 quo
1858 3108 1903 3171 C
1933 3115 2329 3185 prwﬁnitionem
2357 3114 2670 3170 sa’culorum
2689 3155 2703 3181 ,
2732 3132 2887 3185 quam
2912 3115 3032 3185 fecit
3063 3116 3117 3168 in
3145 3111 3352 3170 Christo
3389 3115 3519 3169 Jesu

239 3213 618 3279 pra’uaricatus
661 3210 950 3266 est-ludas
976 3251 992 3275 ,
1036 3219 1090 3263 ut
1134 3209 1296 3262 abiret
1340 3208 1395 3261 in
1440 3206 1612 3260 locum
1640 3206 1834 3260 suum!

244 3305 390 3376 (Act.
417 3319 457 3367 ι,
487 3301 602 3372 25.)
631 3300 768 3367 Quid
811 3309 895 3356 est
937 3300 1080 3370 quod
1120 3299 1372 3354 Salomon
1419 3299 1495 3354 ait
1538 3316 1551 3352 :
1585 3296 1836 3352 Universa

243 3404 459 3466 propter
501 3393 832 3462 semetipsum
878 3381 1120 3461 operatus
1166 3400 1241 3446 est
1287 3390 1572 3450 Dominus,
1618 3389 1835 3460 impium

241 3502 452 3555 quoque
467 3486 535 3537 ad
557 3485 694 3538 diem
714 3482 948 3537 malum?
973 3479 1156 3556 (Prov.
1181 3498 1292 3548 xvr,
1318 3481 1398 3554 4.)
1427 3479 1565 3548 Quid
1591 3491 1674 3536 est
1695 3481 1838 3549 quod

246 3577 302 3629 in
337 3576 470 3629 libro
504 3573 604 3629 Job
642 3573 873 3644 legitur:
907 3573 1044 3638 Quia
1071 3574 1124 3626 in
1151 3572 1288 3626 diem
1331 3571 1636 3641 perditionis
1664 3586 1839 3625 serva-

247 3680 341 3723 tur
357 3667 548 3731 malus,
570 3675 620 3720 et
644 3666 712 3718 ad
748 3665 886 3719 diem
923 3664 1120 3733 furoris
1146 3665 1412 3718 ducetur?
1436 3662 1559 3736 (Job
1586 3678 1698 3726 xxr,
1721 3660 1837 3732 50.)

248 3761 366 3816 Cur
398 3759 466 3814 de
495 3758 762 3829 :Egyptiis
803 3759 855 3811 in
887 3757 1026 3811 mari
1077 3757 1261 3828 Rubro
1288 3765 1344 3810 et
1390 3755 1717 3811 mternaliter
1741 3754 1834 3808 de-

251 3851 429 3906 tendis
458 3858 618 3919 atque
647 3848 901 3919 perituris
929 3847 1208 3916 Scriptura
1238 3846 1368 3901 dicit
1393 3864 1406 3899 :
1434 3845 1666 3899 Ducebat
1701 3846 1838 3898 enim

250 3961 340 3999 eos
369 3943 438 3995 ad
462 3943 598 3994 hunc
613 3940 769 4009 ﬁnem
795 3941 955 4009 digna
982 3939 1258 3993 necessitas
1277 3938 1298 3989 ἶ)
1316 3936 1464 4007 (Sap.
1489 3951 1606 3998 χιχ,
1634 3935 1711 4004 4.)
1739 3934 1839 3991 Ubi

252 4044 442 4105 aperte
470 4034 772 4088 ostenditur
821 4032 946 4100 quia
974 4039 1028 4085 et
1071 4030 1301 4085 ducebat
1335 4043 1429 4084 cos
1457 4027 1624 4082 divini
1653 4027 1842 4098 judicii

255 4126 557 4182 necessitas
585 4124 656 4178 ad
694 4123 1007 4188 interitum;
1035 4126 1092 4176 et
1119 4129 1297 4175 tamen
1324 4120 1483 4192 digna
1509 4133 1607 4190 pro
1635 4119 1846 4175 meritis

257 4218 576 4290 impietatis,
599 4226 652 4272 et
675 4225 984 4285 contemptu
1025 4230 1234 4270 eorum.
1259 4214 1398 4282 Quid
1417 4223 1502 4268 est
1529 4214 1690 4268 etiam
1715 4213 1843 4268 illud

257 4311 403 4380 quod
432 4308 556 4363 alibi
606 4309 863 4378 scriptum
890 4317 975 4362 est
1004 4326 1016 4361 :
1051 4306 1118 4360 Et
1153 4307 1243 4378 qui
1280 4306 1664 4376 transgreditur
1689 4325 1720 4359 a
1748 4307 1844 4376 ju—

258 4403 404 4455 slitia
425 4399 502 4452 aa‘
513 4407 798 4466 peccatum,
815 4387 959 4450 Deus
972 4397 1170 4468 paravit
1192 4395 1341 4449 illum
1363 4395 1432 4448 ad
1455 4396 1842 4464 rltomplueum?

1937 3207 2161 3262 Domino
2193 3217 2370 3261 nostro
2394 3206 2556 3278 (Eph.
2584 3224 2666 3274 ιιι,
2691 3207 2799 3280 ll).
2828 3207 2930 3263 Ubi
2956 3206 3100 3262 enim
3134 3206 3219 3261 hic
3245 3206 3298 3260 in
3325 3205 3520 3261 Latino

1939 3297 2166 3367 legimus
2203 3296 2650 3366 prmﬁuitionem,
2689 3297 2744 3351 in
2783 3295 2972 3352 Grzeco
3007 3295 3171 3350 habet
3205 3295 3438 3373 Προθίσιν
3466 3307 3519 3360 α,

1939 3386 2080 3456 quod
2107 3386 2323 3456 proprie
2368 3387 2420 3442 in
2444 3385 2699 3442 Latinum
2738 3387 3062 3456 propositum
3107 3385 3515 3455 interpretatur.

1939 3478 2041 3547 Qui
2072 3493 2251 3534 sermo
2271 3479 2434 3534 etiam
2461 3479 2514 3534 in
2532 3478 2766 3548 Epistola
2790 3480 2857 3533 ad
2882 3479 3157 3533 Romanos
3181 3477 3278 3554 illq
3296 3478 3414 3532 loco
3438 3484 3524 3531 est

1939 3567 2166 3638 positus,
2191 3567 2283 3622 ubi
2306 3567 2446 3622 idem
2468 3567 2760 3638 Apostolus
2783 3567 2913 3622 dicit
2935 3585 2948 3621 :
2973 3566 3177 3620 Scimus
3199 3576 3371 3620 autem
3392 3583 3523 3636 quo-

1939 3658 2082 3711 niam
2107 3657 2440 3726 diligentibus
2463 3656 2630 3712 Deum
2657 3658 2833 3712 omnia
2861 3667 3207 3724 cooperantur
3239 3658 3295 3710 in
3330 3657 3521 3710 bonum

1941 3750 2020 3803 his
2047 3749 2136 3819 qui
2186 3749 2472 3802 secundum
2507 3751 2826 3819 propositum
2850 3749 3017 3802 vocati
3053 3757 3172 3802 sunt
3199 3747 3377 3818 (Rom.
3400 3763 3519 3812 VIII,

1940 3840 2054 3912 28).
2081 3838 2420 3909 Propositum
2446 3849 2626 3895 autem
2650 3840 2746 3895 Dei
2771 3856 2876 3894 non
2897 3855 3018 3895 esse
3041 3839 3184 3895 aliud
3204 3855 3363 3909 quam
3386 3855 3522 3910 pra-

1943 3933 2360 3991 destinationem
2390 3932 2484 3987 Dei
2515 3933 2628 4002 ipse
2656 3932 2943 4002 Apostolus
2967 3933 3115 3986 velut
3151 3934 3400 4002 exponit,
3429 3932 3522 4000 qui

1944 4041 2066 4080 cum
2084 4025 2326 4088 dixisset,
2348 4025 2428 4079 his
2448 4024 2538 4094 qui
2557 4024 2839 4079 secundum
2859 4023 3181 4093 prepositum
3195 4024 3358 4078 vocati
3377 4033 3522 4088 sunt,

1945 4120 2130 4176 statim
2171 4117 2466 4187 subjunxit,
2496 4117 2639 4172 Nam
2667 4133 2795 4187 quos
2822 4117 3076 4191 prazscivit
3105 4127 3152 4170 et
3182 4116 3526 4186 prwdestina-

1946 4209 2015 4265 vit
2046 4207 2338 4276 conformes
2375 4207 2492 4277 ﬁeri
2527 4208 2745 4277 imagini
2787 4205 2915 4261 Filii
2945 4208 3026 4261 sui
3056 4207 3218 4278 (Eph.
3270 4222 3351 4271 ιιι,
3385 4205 3476 4274 29)
3508 4225 3521 4259 :

1948 4312 2008 4357 ut
2034 4316 2098 4355 ex
2126 4302 2210 4356 bis
2248 4299 2500 4355 omnibus
2521 4298 2821 4354 rectissime
2843 4298 3203 4368 intelligamus
3240 4313 3406 4352 unum
3443 4309 3526 4352 at-

1949 4405 2054 4461 que
2076 4391 2216 4445 idem
2239 4405 2361 4446 esse
2407 4398 2463 4446 et
2488 4389 2818 4460 propositum
2853 4387 2972 4453 Dei,
3010 4397 3065 4443 et
3099 4388 3528 4457 prcedestinatio-

261 4493 454 4562 (Ereti.
483 4507 632 4556 XXVI,
655 4491 772 4561 27.)
799 4489 898 4557 Qui
933 4466 1094 4544 etiam
1126 4489 1191 4542 de
1211 4487 1544 4541 Autichristo
1583 4487 1756 4540 adhuc
1792 4485 1844 4539 in
1875 4466 1924 4525 Ῑ)
1950 4497 2071 4536 nem
2114 4481 2230 4546 Dei,
2263 4489 2318 4535 et
2348 4479 2760 4550 praelinitionem
2808 4478 2923 4532 Dei.
2969 4477 3098 4545 Qua:
3144 4477 3447 4548 praeﬁnitis,
3473 4481 3526 4533 id

265 4589 372 4638 line
400 4581 582 4637 saeculi
618 4580 904 4635 revelando
931 4588 985 4633 et
1012 4578 1435 4648 cxstinguendo,
1465 4576 1599 4631 dixit
1623 4576 1844 4645 angelus

265 4677 334 4726 ad
370 4674 586 4726 beatum
615 4669 876 4725 Joannem
919 4670 972 4724 in
1018 4667 1336 4739 Apocalypsi
1373 4686 1384 4722 :
1424 4666 1601 4722 Bestia
1624 4707 1640 4732 ,
1689 4684 1846 4737 quam

269 4764 473 4828 vidisti,
503 4763 602 4833 fuit
627 4773 672 4816 et
704 4779 807 4816 non
835 4771 940 4818 est.
969 4771 1016 4814 et
1053 4777 1334 4814 ascensura
1360 4770 1435 4814 est
1469 4759 1533 4814 de
1565 4760 1769 4830 abysso,
1799 4770 1846 4814 et

268 4860 323 4911 in
373 4857 641 4910 interitum
685 4855 824 4909 vadit
871 4853 1054 4925 (Apoc.
1095 4869 1239 4918 xvn,
1269 4852 1342 4924 8).
1385 4852 1440 4907 Si
1489 4854 1590 4908 hoc
1630 4862 1849 4908 nonest

271 4948 710 5019 przdestinatum
748 4945 889 5017 apud
918 4945 1086 5002 Deum
1108 4945 1418 5015 ,quomodo
1453 4943 1594 4998 idem
1625 4946 1850 5016 angelus

1948 4583 2032 4630 est
2060 4572 2480 4644 prmdestinatio,
2536 4568 2975 4625 manifestissime
3018 4577 3075 4623 et
3113 4568 3166 4622 in
3210 4568 3299 4623 bis
3344 4568 3527 4624 verbis

1948 4664 2186 4735 Apostoli
2211 4663 2430 4734 ponitur
2467 4661 2520 4716 in
2548 4659 2712 4725 bono,
2739 4667 2794 4714 et
2819 4659 2872 4712 in
2894 4656 2997 4711 illis
3018 4656 3196 4712 verbis
3231 4657 3522 4727 prophetar,

1951 4776 2072 4832 quae
2121 4773 2283 4829 supra
2336 4753 2777 4817 memoravimus,
2827 4750 3044 4821 ponitur
3092 4750 3146 4804 in
3184 4749 3347 4814 malo,
3396 4751 3524 4804 dum

1954 4853 2042 4908 hic
2068 4848 2312 4918 designat
2333 4845 2724 4916 prmordinatos
2749 4842 2817 4896 ad
2834 4841 3001 4894 vitam
3029 4856 3044 4905 ;
3076 4839 3149 4894 ibi
3175 4855 3302 4894 vero
3323 4854 3526 4908 praeor-

1953 4942 2164 4998 dinatos
2192 4938 2260 4992 ad
2289 4935 2587 4994 interitum.
2642 4931 2798 4988 Tales
2842 4933 3078 5002 namqbe
3119 4939 3245 4986 sunt
3264 4947 3385 4986 vasa
3406 4931 3523 4998 iraa,

1225 5055 1434 5111 ΝΟΤᾹΞ
1477 5057 1796 5113 DUVALLII
1835 5054 2175 5118 DOCTORIS
2213 5046 2592 5109 SORBONICI.

273 5156 407 5212 solis
461 5152 857 5225 pra‘destinatis
907 5157 1199 5225 constare;
1245 5149 1511 5219 posterior
1557 5165 1716 5225 vero_
1744 5167 1848 5219 qua

275 5222 477 5280 dicunt
502 5225 776 5294 improbos
802 5238 908 5277 non
951 5222 1194 5294 recipere
1230 5235 1426 5294 corpus
1453 5222 1847 5294 etsanguinem

273 5297 480 5353 Christi
517 5291 729 5352 Domini
770 5312 782 5346 :
836 5291 1166 5347 contrarium
1216 5291 1357 5345 enim
1405 5306 1471 5345 eo
1522 5291 1623 5345 loci
1667 5301 1853 5353 aperte

273 5367 572 5436 colligitur,
603 5379 668 5420 eo
701 5363 844 5434 quod
871 5362 1202 5420 sacramenti
1243 5361 1387 5417 illius
1410 5362 1467 5416 in
1493 5375 1649 5417 ccena
1685 5361 1854 5418 Judas

277 5437 380 5493 fuit
405 5436 692 5507 particeps.

349 5519 375 5547 ι
405 5501 510 5561 Ἀίι
538 5501 951 5576 ριιὰξῐίιιίιὶοηθιιι
979 5503 1030 5557 in
1059 5502 1228 5576 sacris
1247 5501 1464 5558 Litteris
1486 5502 1626 5558 idem
1647 5517 1765 5576 esse
1789 5517 1853 5558 ac

276 5572 828 5651 predestinationem,
850 5574 974 5651 quia
999 5589 1120 5628 cum
1141 5572 1328 5651 Graece
1355 5582 1575 5628 vocetur
1594 5575 1846 5651 πρόθεσις,

276 5645 398 5720 quae
425 5648 749 5718 propositum.
785 5645 1082 5718 signiﬁcat,
1126 5660 1232 5701 non
1281 5645 1352 5700 ita
1383 5653 1560 5714 potest
1603 5645 1671 5701 ad
1713 5663 1850 5717 pra:-

1956 5148 2234 5205 scientiam
2265 5143 2454 5199 referri
2481 5150 2540 5197 ut
2568 5141 2635 5196 ad
2678 5141 2954 5194 decretum
2991 5136 3186 5208 divinae
3212 5139 3526 5208 voluntatis,

1997 5221 2099 5274 uod
2146 5209 2862 5287 prieilestinatio__includits
2913 5206 3131 5287 Βρίξιῌῇ
3176 5209 3318 5264 infra
3361 5206 3527 5287 quod

1997 5236 2099 5274 IIOtl
2146 5236 2548 5287 praenesunatw
2599 5236 2842 5264 ιιιυιυυιι.
2913 5236 3131 5266 nucum
3178 5236 3318 5264 uura
3381 5236 3527 5280 quuu

1957 5236 2193 5344 goannes
2222 5285 2450 5355 Erigena
2475 5281 2710 5355 objicere
2735 5280 2944 5355 solebat
2969 5298 2982 5333 :
3008 5280 3067 5336 Si
3091 5283 3248 5355 D_eus_
3271 5280 3440 5355 malos
3458 5281 3528 5336 ad

1959 5374 2151 5431 pcenas
2198 5350 2664 5431 prmdestinaverit
2691 5391 2706 5416 ,
2747 5351 2971 5431 debere
3003 5350 3528 5431 prmdestinatiopem

1961 5419 2153 5501 cogere
2195 5419 2250 5484 et
2306 5425 2562 5501 inducere
2616 5421 2862 5478 homines
2905 5421 2973 5476 ad
3004 5419 3314 5501 peccatum.
3368 5419 3530 5501 ’ρυρά

1962 5491 2164 5558 θιῶηιθ
2198 5495 2483 5553 consulant
2526 5504 2815 5551 novatores
2850 5491 3040 5557 nostri,
3091 5493 3181 5560 qui
3227 5499 3334 5545 tam
3367 5491 3536 5560 impie

1957 5583 2014 5629 et
2054 5569 2348 5627 crudeliter
2383 5569 2493 5625 Deo
2549 5575 2894 5638 peccatorum
2951 5563 3320 5621 causalitatem
3374 5563 3532 5619 allin<

1957 5653 2107 5716 gunt.
