3970 6306
581 303 681 374 183

1688 299 1890 359 FLout
1925 298 2203 359 DlACONl
2239 299 2724 359 LUGDUNENSIS
2846 286 2851 289 ’
3705 300 3779 360 tu

583 429 725 485 sicut
761 427 878 497 ipse
911 374 1199 495 Apostolus
1236 421 1312 477 ait
1338 458 1343 461 -
1367 420 1538 492 (Rom.
1574 435 1653 484 ιχ,
1696 416 1826 489 22),
1877 427 2056 490 aptata
2102 418 2159 472 in
2186 421 2236 479 Α
2262 416 2403 472 sicut
2437 417 2495 470 in
2528 416 2717 472 Graeco
2746 415 2995 481 habetur,
3019 415 3087 470 ab
3124 428 3188 469 eo
3210 416 3481 485 positum;
3525 416 3631 490 ipse
3665 422 3777 477 enim

580 518 887 573 interitum:
912 514 1049 582 sive,
1078 523 1140 570 ut
1175 513 1267 569 alii
1294 509 1699 575 transtulerunt,
1730 509 1961 581 perfecta
1994 510 2050 563 in
2076 509 2160 562 in-

583 610 795 664 teritum
825 622 845 662 :
883 614 939 663 et
972 621 1069 663 suo
1089 603 1336 661 videlicet
1355 601 1571 668 merito,
1595 607 1650 656 et
1673 599 1821 671 justo
1845 598 2026 656 divino
2066 596 2155 669 ju-

582 698 746 754 dicio.

652 787 732 843 De
756 787 952 859 quibus
976 800 1097 843 cum
1117 784 1221 841 iste
1245 783 1423 839 dicat:
1442 781 1594 849 Quod
1616 782 1673 837 in
1697 795 1874 835 massa
1899 778 2153 833 damnata

582 891 650 932 ea:
676 874 944 947 originalis
958 873 1155 945 peccati
1172 872 1351 926 merito
1371 871 1475 925 sint
1504 868 1742 925 derelicti
1763 877 1812 923 et
1835 866 1972 922 male
1992 866 2157 922 viuere

585 964 846 1034 permissi,
887 972 936 1017 et
981 963 1050 1016 ad
1074 972 1359 1016 extremum
1409 969 1602 1015 (eterna
1635 959 1753 1029 igne
1795 955 2070 1027 plectendi,
2102 963 2158 1011 et

578 1053 693 1124 jam
737 1051 924 1107 nolens
948 1059 1005 1107 et
1040 1050 1422 1105 contradicens
1450 1046 1583 1103 nihil
1625 1046 1771 1101 aliud
1809 1045 1941 1101 dicit
1989 1057 2154 1114 quam

582 1142 765 1197 divino
798 1155 892 1196 eos
930 1136 1140 1207 judicio
1164 1148 1370 1194 aeterno
1401 1137 1512 1209 igni
1551 1135 1978 1208 praedestinatos.
2015 1133 2153 1189 Nam

580 1231 626 1285 si
654 1245 831 1285 massa
856 1228 945 1284 illa
968 1236 1080 1283 tota
1109 1230 1361 1285 damnata
1381 1234 1486 1291 est,
1512 1227 1698 1296 utique
1718 1222 1864 1293 justo
1890 1222 1982 1277 Dei
2006 1219 2152 1291 judi-

578 1319 663 1374 cio
690 1327 773 1373 est
793 1318 1181 1380 condemnata,
1225 1324 1282 1372 et
1325 1316 1680 1373 condemnata
1728 1314 1846 1370 sine
1888 1310 2049 1369 dubio
2084 1311 2153 1366 ad

575 1416 836 1462 aeternam
863 1406 1218 1476 perditionem
1260 1414 1424 1476 atque
1473 1403 1812 1475 supplicium.
1836 1401 1989 1469 Quod
2021 1400 2152 1471 quid

573 1506 658 1552 est
685 1497 832 1553 aliud
857 1512 1021 1569 quam
1048 1498 1191 1553 hanc
1216 1497 1462 1552 eamdem
1511 1510 1748 1551 massam
1792 1493 1974 1549 divino
2000 1490 2150 1561 judi—

572 1589 660 1644 cit)
705 1588 1017 1644 damnatam
1060 1603 1180 1644 esse
1205 1588 1272 1643 ad
1305 1587 1581 1642 interitum
1612 1585 1998 1656 sempiternum
2018 1584 2044 1638 ?
2068 1582 2148 1639 Ita

576 1678 704 1733 dum
717 1678 933 1734 veritati
956 1679 1209 1735 resistere
1231 1686 1474 1740 conatur,
1492 1676 1664 1747 ipsam
1682 1675 1961 1730 veritatem
1982 1674 2149 1730 etiam

2264 521 2465 572 sermo,
2493 506 2544 561 id
2566 515 2651 563 est
2668 508 2968 584 προώρισεν,
2989 505 3154 560 etiam
3183 506 3269 559 hic
3299 504 3778 575 legilwlnGrteco,

2260 596 2351 657 ubi
2387 595 2475 651 ille
2518 596 2743 666 posuit:
2780 595 2913 663 Qum
2948 611 3133 651 manus
3169 604 3283 660 tua,
3309 603 3359 651 et
3386 594 3659 650 consilium
3674 613 3780 667 pm-

2259 670 2535 739 destinauit
2575 683 2709 753 fieri.
2742 684 2845 752 Qui
2889 684 3053 738 etiam
3095 683 3150 739 in
3179 682 3417 753 Epistola
3453 685 3521 737 ad
3556 682 3782 743 Romanos

2257 773 2446 831 Graece
2492 773 2781 840 invenitur,
2830 772 2923 828 ubi
2966 772 3257 844 Apostolus
3293 771 3410 827 ait:
3458 772 3603 838 Quos
3644 785 3781 829 autem

2252 860 2663 932 pra'destinavit,
2701 861 2795 915 hos
2815 870 2863 915 et
2886 863 3084 916 vocavit
3110 859 3289 930 (Rom.
3318 874 3437 923 vin,
3468 859 3580 931 30).
3616 859 3783 931 Exque

2257 950 2600 1006 manifestum
2630 958 2714 1005 est
2755 951 3001 1005 eumdem
3023 950 3268 1006 Graecum
3291 964 3591 1005 sermonem
3611 953 3783 1021 preprie

2256 1042 2310 1098 in
2339 1041 2589 1097 Latinum
2619 1042 2959 1110 interpretari
2998 1040 3385 1110 prwdestinauit
3411 1054 3433 1094 :
3460 1052 3614 1110 posse
3642 1049 3783 1096 autem

2255 1132 2600 1202 interpretari
2635 1131 2701 1185 ad
2731 1146 2951 1186 sensum
2980 1132 3144 1186 etiam
3172 1130 3418 1197 decrevit,
3449 1131 3564 1186 sive
3593 1133 3783 1203 preﬁn-

2250 1221 2344 1286 uit,
2376 1230 2433 1276 ut
2468 1221 2767 1277 certissime
2794 1219 3176 1292 intelligamus,
3225 1219 3660 1290 praedestinatum
3683 1221 3784 1275 nihil

2253 1325 2375 1370 esse
2417 1310 2559 1366 aliud
2585 1326 2747 1382 quam
2773 1309 3054 1367 decretum
3084 1318 3139 1366 et
3166 1309 3468 1366 deﬁnitum.
3499 1310 3645 1366 Sicut
3664 1321 3711 1366 et
3733 1327 3783 1367 ex

2253 1403 2435 1458 verbis
2473 1402 2624 1458 Isaiae
2658 1402 2955 1473 prophetae,
2982 1401 3177 1472 quibus
3231 1400 3349 1456 ait:
3393 1399 3645 1455 Dominus
3678 1402 3784 1455 enim

2251 1493 2394 1549 Deus
2439 1495 2759 1549 exercituum
2797 1493 3021 1548 decreuit
3059 1491 3198 1564 (Isa.
3230 1507 3343 1555 χεν,
3377 1490 3474 1561 27)
3505 1502 3599 1557 ;et
3627 1507 3687 1548 ex
3704 1491 3783 1547 illis

2250 1586 2432 1643 verbis
2456 1586 2577 1642 libri
2616 1584 2892 1642 Danielis:
2931 1583 2997 1640 In
3027 1584 3280 1639 sententia
3319 1582 3535 1655 vigilum
3564 1582 3784 1638 decretum

2250 1689 2325 1735 est
2349 1679 2509 1752 (Dan.
2533 1694 2610 1746 tv,
2640 1677 2746 1750 ll),
2767 1678 2879 1750 jam
2896 1693 3058 1749 supra
3078 1675 3485 1735 evidentissime
3503 1683 3587 1732 est
3604 1674 3782 1732 demon-

572 1767 765 1824 noleus
791 1782 856 1824 ac
882 1768 1149 1836 nesciens,
1178 1767 1377 1824 invicta
1399 1766 1635 1834 ratione,
1652 1764 1901 1823 conﬁteri
1917 1762 2149 1837 compel-
2172 1759 2221 1822 Β
2246 1779 2495 1828 stratum.

572 1855 722 1912 litur.

1175 1989 1402 2048 CAPUT
1443 1988 1588 2048 XIV.

645 2121 854 2189 Quarto
879 2119 1089 2177 decimo
1108 2120 1342 2192 capitulo
1374 2122 1449 2178 ita
1478 2120 1651 2178 dicit:

646 2214 699 2268 1.
732 2212 820 2268 Eat
851 2213 1020 2269 uerbis
1045 2212 1324 2285 Augustini
1352 2213 1571 2286 probari
1590 2212 1985 2285 praedestinatos
2010 2229 2143 2268 non-

570 2305 675 2359 nisi
698 2304 762 2358 de
778 2303 938 2375 justis
956 2304 1082 2370 dici,
1103 2304 1319 2360 dicentis
1344 2318 1364 2357 :
1392 2304 1696 2360 Nescientes
1728 2304 1865 2360 enim
1889 2307 2008 2376 quis
2027 2321 2145 2375 per-

570 2397 731 2450 tineat
756 2395 825 2448 ad
849 2390 1337 2464 prtrdestinatorum
1365 2412 1659 2463 numerum,
1697 2396 1813 2468 quis
1848 2412 1951 2450 non
1976 2395 2141 2466 perti-

570 2493 710 2541 neat.
731 2481 801 2540 Et
823 2485 1047 2541 iterum:
1069 2485 1177 2553 Qui
1188 2472 1585 2556 prtedestinatos
1615 2504 1648 2542 a
1670 2504 1774 2542 non
1805 2487 2145 2558 prmtlestina-

567 2580 638 2636 tis
663 2580 954 2637 discernere
976 2598 1079 2637 non
1120 2581 1371 2638 valemus.
1398 2582 1541 2637 Item
1557 2599 1577 2637 :
1605 2581 1709 2649 Qui
1732 2582 1928 2637 cadunt
1950 2592 1998 2637 et
2018 2599 2137 2653 per-

564 2680 713 2737 eunt,
735 2672 793 2726 in
813 2671 1305 2742 prwa‘estinatorum
1337 2689 1553 2728 numero
1581 2686 1687 2727 non
1714 2672 1947 2742 fuerunt.

634 2760 692 2816 2.
730 2759 949 2817 Poenam
975 2762 1398 2834 praedestinatum
1434 2763 1793 2833 peccatoribus
1814 2776 1834 2817 :
1859 2764 1998 2835 ipsos
2022 2781 2139 2821 vero

563 2852 838 2922 prtescitos
857 2862 1080 2919 tantum,
1115 2868 1219 2906 non
1244 2853 1660 2921 prcedestinatos.

633 2940 689 2996 3.
729 2940 1022 2997 Hoc-etiam
1064 2941 1263 3012 legibus
1297 2942 1542 2997 Immanis
1570 2943 1781 3010 conjici,
1827 2959 1945 3014 qua:
1967 2945 2138 2999 homi-

564 3047 682 3084 nem
721 3046 827 3084 non
853 3031 1106 3099 deﬁniunt
1130 3030 1199 3084 ad
1232 3030 1553 3100 peccandum
1582 3049 1601 3087 :
1626 3048 1804 3101 poenas
1828 3044 2001 3087 autem
2019 3049 2137 3104 pee-

2316 1861 2455 1930 Quid
2484 1876 2613 1934 ergo
2641 1861 2728 1917 isti
2777 1862 3029 1931 prodest,
3055 1859 3202 1931 quod
3228 1866 3378 1914 tanta
3423 1857 3704 1913 intentione
3741 1864 3783 1912 et

2246 1940 2591 2010 contentione
2619 1953 2898 2016 mentitur,
2940 1952 3155 2008 beatum
3181 1951 3545 2022 Augustinum
3568 1948 3782 2004 deﬁnisse

2244 2064 2457 2104 onmem
2473 2047 2996 2119 prmdestinationem
3011 2045 3196 2118 gratiae
3207 2045 3647 2117 prteparationem
3659 2057 3777 2109 esse;

2244 2154 2368 2195 cum
2395 2138 2482 2195 ille
2505 2152 2843 2208 nequaquam
2871 2138 3068 2193 dixerit
3094 2152 3319 2203 omnem,
3350 2135 3447 2193 sed
3469 2134 3780 2206 praedestina-

2245 2230 2444 2284 tionem
2477 2229 2869 2296 tantummodo,
2893 2244 3015 2299 qua:
3043 2228 3097 2282 in
3123 2228 3269 2283 bono
3296 2235 3404 2294 est,
3430 2227 3508 2282 ita
3529 2225 3779 2288 deﬁnierit,

2241 2332 2297 2378 et
2331 2321 2487 2392 quasi
2539 2320 2654 2391 ipse
2696 2320 2893 2376 dixerit
2933 2319 3343 2390 praedestinatos
3385 2319 3597 2373 nonnisi
3639 2316 3781 2385 justas

2200 2413 2519 2492 .dicendos.
2552 2409 2685 2465 Cum
2714 2409 2803 2466 ille
2836 2409 2941 2465 hoc
2966 2423 3233 2479 nusquam
3263 2409 3469 2465 dixisse
3495 2409 3777 2470 inveniatur,

2243 2502 2337 2558 sed
2360 2502 2526 2557 verba
2563 2515 2683 2570 qua:
2707 2498 2795 2555 ille
2818 2499 2887 2554 de
2914 2499 3024 2554 sola
3048 2497 3319 2571 iustorum
3349 2497 3783 2569 prmdestinatione

2240 2594 2451 2666 posuit,
2496 2608 2601 2663 qua
2645 2591 2734 2647 alii
2762 2601 2888 2647 sunt
2919 2592 3105 2662 utique
3130 2590 3532 2661 pnndestinati,
3574 2590 3655 2643 alii
3696 2603 3777 2643 non

2240 2681 2648 2754 praedestinati:
2690 2681 2781 2737 alii
2814 2681 3087 2752 pertinent
3113 2679 3180 2735 ad
3221 2695 3511 2735 numerum
3546 2678 3777 2750 μετάθειὶ-

2237 2783 2487 2830 natorum
2505 2813 2519 2839 ,
2545 2772 2635 2828 alii
2663 2787 2769 2827 non
2796 2788 2812 2838 ;
2850 2769 2951 2828 iste
2977 2770 3155 2826 minus
3175 2770 3533 2841 pervicaciter
3551 2779 3602 2824 et
3639 2769 3778 2837 impu-

2239 2865 2430 2921 denter
2472 2863 2692 2934 posuit:
2720 2861 2874 2932 quasi
2906 2861 2996 2916 ille
3031 2868 3250 2916 sanctus
3287 2859 3483 2915 doctor
3511 2873 3706 2927 semper
3726 2858 3777 2909 de

2237 2965 2466 3025 utraque
2510 2952 3006 3025 praedestinatione,
3045 2951 3099 3005 id
3138 2958 3223 3006 est
3259 2951 3526 3005 bonorum
3561 2957 3612 3004 et
3644 2944 3776 3001 malu-

2238 3068 2385 3118 rum,
2416 3050 2578 3107 simul
2606 3048 2748 3120 loqui
2795 3049 3104 3104 debuisset:
3142 3053 3235 3101 aut
3258 3059 3596 3115 consequens
3624 3043 3700 3102 sit,
3732 3046 3774 3092 ut

563 3112 764 3176 caturis
800 3120 1119 3190 deﬁniendo,
1152 3120 1460 3174 niltil‘aliud
1509 3130 1765 3191 appetere,
1811 3139 1969 3193 quam
2016 3141 2139 3195 pro-

2240 3112 2456 3196 cum'de
2478 3138 2594 3196 sola
2618 3112 2880 3195 bonorum
2909 3135 3383 3209 praedestinatioue
3409 3112 3665 3205 disputat,
3690 3138 3772 3184 sta-

560 3228 656 3265 nos
703 3212 773 3266 ad
808 3210 1129 3283 peccandum
1185 3210 1558 3280 suppliciorum
1611 3211 1885 3266 atrocitate
1930 3214 2135 3269 territos

558 3304 839 3369 cohibere;
870 3319 932 3356 ae
966 3318 1059 3373 per
1099 3302 1196 3356 hoc
1234 3319 1337 3358 non
1373 3303 1547 3357 minus
1566 3304 1958 3373 misericordia,
1978 3322 2137 3377 quam

572 3395 815 3448 uindich
835 3393 1304 3463 transgressoribus
1330 3395 1440 3449 suis
1462 3395 1675 3466 eﬂicere.

631 3483 728 3539 His
759 3485 939 3540 verbis
971 3500 1070 3540 nos
1103 3487 1503 3555 respondemus,
1532 3487 1642 3543 imo
1667 3501 1735 3543 ex
1760 3489 1942 3546 verbis
1985 3490 2133 3548 beati

557 3574 847 3646 Augustini
884 3574 969 3645 (de
1013 3573 1193 3630 Pra'd.
1220 3587 1408 3642 sanct.,
1431 3593 1478 3631 c.
1514 3578 1599 3643 10,
1633 3576 1722 3648 l6)
1749 3580 1963 3649 probari
1991 3596 2133 3651 prte-

452 3694 473 3718 ο
556 3665 860 3720 destinatos
882 3665 1046 3720 etiam
1087 3667 1152 3722 de
1180 3666 1393 3737 injustis
1429 3667 1555 3723 dici.
1595 3668 1697 3736 Qui
1726 3685 1848 3725 cum
1884 3670 2134 3727 deﬁniret

526 3759 685 3829 quid
731 3759 804 3814 sit-
840 3759 1261 3830 przedcst-inatio,
1310 3759 1384 3815 ita
1423 3760 1544 3816 ait:
1577 3760 1991 3817 Praedestinatio
2036 3761 2131 3818 Dei

555 3867 677 3922 qua:
705 3851 759 3906 in
791 3851 933 3907 bono
958 3860 1064 3917 est,
1084 3852 1377 3923 gratiaeest
1404 3853 1745 3923 praeparatio.
1771 3853 1872 3910 Ubi
1893 3855 2008 3909 sine
2035 3856 2132 3911 du-

552 3942 645 3995 bio
674 3940 978 3996 nullatenus
1030 3942 1347 4012 adiungeret
1376 3941 1430 3995 in
1456 3943 1620 4008 bono,
1651 3943 1755 3998 nisi
1793 3945 1956 3999 sciret
1988 3960 2129 4015 prae-

557 4028 972 4088 destinationem
1014 4043 1137 4085 esse
1178 4030 1343 4085 etiam
1389 4029 1444 4085 in
1491 4031 1653 4097 malo,
1681 4032 1822 4088 sicut
1853 4025 2128 4104 aperte'ex

557 4119 700 4175 libro
728 4121 959 4175 Actuum
997 4120 1361 4192 apostolorum
1392 4122 1506 4193 ipse
1540 4124 1897 4191 demonstrat,
1923 4140 2129 4195 ponens

554 4209 687 4263 illud
718 4211 1093 4267 testimonium
1125 4211 1216 4267 ubi
1247 4212 1445 4268 dicitur
1469 4229 1489 4267 :
1509 4211 1869 4270 Conrenerunt
1908 4216 2046 4270 enim
2072 4216 2128 4271 in

549 4301 767 4356 veritate
786 4303 841 4356 in
861 4301 1074 4357 ciuitate
1086 4304 1187 4357 ista
1203 4304 1451 4359 adversus
1472 4314 1710 4359 sanctum
1731 4323 1950 4376 puerum
1979 4316 2127 4362 tuum

2239 3230 2335 3285 tim
2396 3228 2915 3300 prtedestinationem
2978 3226 3243 3282 malorum
3290 3239 3493 3295 negare
3549 3224 3770 3279 videatur.

2237 3320 2372 3387 Quia
2403 3320 2454 3373 in
2483 3319 2572 3374 illo
2591 3319 2929 3389 apertissime
2956 3318 3008 3372 in
3036 3317 3220 3373 multis
3260 3317 3395 3373 locis
3427 3320 3772 3373 commemorat

2236 3412 2323 3482 (de
2352 3408 2583 3478 Pcrfect.
2619 3409 2776 3480 just.,
2811 3424 2933 3480 cap.
2962 3408 3051 3479 l3)
3100 3418 3157 3464 et
3196 3409 3457 3465 ostendit.
3494 3409 3568 3463 De
3609 3405 3770 3475 quibus

2235 3498 2344 3561 hic,
2388 3498 2618 3569 exempli
2668 3498 2859 3569 gratia,
2896 3514 3061 3552 unum
3115 3497 3481 3553 testimonium
3537 3495 3768 3567 ponimus,

2233 3591 2321 3646 ubi
2367 3590 2444 3644 ait
2471 3606 2484 3644 :
2518 3589 2776 3659 Populum
2819 3589 3104 3658 quemdam
3131 3586 3377 3643 Psalmus
3409 3586 3497 3642 ille
3523 3586 3702 3654 culpat,
3727 3581 3769 3635 in

2232 3696 2338 3753 quo
2366 3697 2457 3735 nec
2477 3697 2612 3735 unus
2639 3690 2773 3746 crat,
2795 3679 2886 3751 qui
2912 3679 3107 3748 faceret
3145 3679 3335 3733 bonum
3374 3678 3546 3749 (Psal.
3569 3692 3686 3739 xm,
3705 3672 3765 3741 5),

2232 3773 2358 3824 dum
2388 3769 2573 3824 volunt
2603 3782 2822 3822 manere
2854 3767 2946 3822 ﬁlii
2987 3767 3263 3823 hominum
3286 3808 3302 3833 ,
3343 3777 3401 3823 et
3429 3784 3535 3823 non
3558 3780 3667 3821 esse
3697 3761 3767 3815 lilii

2232 3858 2350 3923 Dei,
2398 3858 2551 3928 cujus
2592 3855 2765 3927 gratia
2795 3852 2956 3910 homo
2989 3853 3047 3910 ﬁt
3077 3857 3269 3921 bonus,
3312 3867 3369 3910 ut
3404 3857 3567 3926 faciat
3590 3855 3767 3908 bonum.

2231 3951 2308 4006 De
2352 3950 2444 4005 illo
2485 3946 2629 4005 enim
2678 3947 2808 4001 bono
2855 3947 3055 4002 dictum
3096 3949 3185 4003 hic
3226 3949 3487 4004 debemus
3529 3948 3766 4015 accipere.

2229 4040 2371 4111 quod
2408 4041 2480 4096 ibi
2519 4040 2633 4095 ait:
2664 4040 2803 4096 Deus
2840 4042 2904 4095 de
2931 4040 3058 4095 ctelo
3088 4042 3311 4112 respexit
3347 4058 3505 4110 super
3539 4039 3665 4109 ﬁlios
3694 4037 3765 4088 lto-

2229 4134 2429 4188 minum
2451 4173 2465 4199 ,
2514 4144 2570 4187 ut
2615 4134 2785 4189 uideat
2821 4136 2867 4190 si
2902 4142 2976 4190 est
3007 4134 3300 4205 intelligens
3336 4135 3597 4204 requirens
3624 4129 3763 4182 Deum

2231 4224 2418 4295 (Μήτι,
2478 4224 2557 4297 2).
2606 4224 2720 4282 Hoc
2760 4242 2891 4299 ergo
2937 4226 3141 4297 bonttm
3187 4226 3331 4296 quod
3382 4234 3471 4281 est
3528 4220 3766 4292 requirere

2231 4316 2423 4380 Deum,
2447 4332 2551 4370 non
2581 4326 2693 4370 erat
2719 4316 2810 4387 qui
2827 4316 3043 4387 faceret,
3070 4332 3173 4370 non
3199 4324 3311 4370 erat
3340 4331 3503 4386 usque
3528 4313 3593 4367 ad
3612 4323 3763 4368 unum,

547 4392 759 4458 Iesum,
785 4409 937 4464 quem
969 4393 1191 4460 tinxisti,
1215 4393 1449 4449 Herodes
1476 4405 1525 4449 et
1560 4391 1790 4459 Pilatus,
1820 4405 1868 4450 et
1901 4396 2124 4467 populus

2240 4407 2322 4460 sed
2363 4405 2415 4459 in
2440 4420 2506 4460 eo
2533 4421 2731 4475 genere
2773 4407 3049 4463 hominum
3078 4406 3219 4478 quod
3257 4406 3678 4478 prmdestiuatum
3699 4404 3763 4451 est

547 4480 721 4537 Israel
740 4481 915 4550 facere
958 4493 1156 4554 quanta
1183 4500 1369 4539 manus
1392 4494 1507 4551 tua,
1531 4495 1578 4540 et
1608 4485 1884 4541 consilium
1902 4464 2123 4558 Vprmde-
2148 4464 2202 4524 D
2226 4496 2294 4549 ad
2317 4464 2590 4549 interitum
2612 4514 2626 4549 :
2658 4511 2820 4566 super
2843 4496 2941 4551 bos
2961 4464 3113 4551 enini
3128 4464 3366 4566 respexit
3388 4496 3485 4551 Dei
3512 4490 3759 4564 prnscien-

545 4571 759 4626 stinavit
781 4572 898 4642 ﬁeri
925 4572 1063 4644 (Aet.
1092 4589 1167 4637 tv,
1193 4573 1280 4636 27,
1307 4573 1422 4644 28).
1455 4575 1551 4630 Ubi
1577 4584 1631 4629 et
1654 4576 1919 4631 subdidit:
1948 4578 2121 4635 Tanta
2192 4622 2195 4625 ι
2227 4584 2299 4639 tia
2344 4585 2679 4656 protulitque
2719 4587 3062 4642 sententiam.
3112 4586 3219 4643 Sed
3261 4588 3390 4657 quid
3434 4586 3641 4658 prodest
3675 4582 3755 4636 hoc

544 4661 749 4731 quippe
776 4661 849 4716 ab
879 4660 1115 4717 inimicis
1149 4662 1355 4720 Judaais
1395 4680 1587 4721 manus
1616 4666 1709 4722 Dei
1741 4675 1799 4721 et
1835 4668 2117 4724 consilium

2240 4676 2530 4747 exemplum
2554 4677 2620 4732 de
2663 4677 2756 4732 Dei
2776 4676 3244 4748 praedestinatioue
3272 4678 3537 4734 malorum
3556 4717 3571 4741 ,
3599 4683 3758 4730 contra

545 4750 950 4838 praedestinavit
977 4751 1113 4817 ﬁeri,
1138 4762 1336 4822 quanta
1377 4757 1681 4811 necessaria
1705 4755 1917 4814 fuerant
1943 4760 2121 4814 Evan-
2223 4766 2386 4822 istum
2414 4781 2730 4836 proponere,
2775 4784 2897 4822 cum
2936 4768 3095 4823 solita
3129 4768 3338 4822 insania
3365 4778 3582 4838 paratus
3603 4764 3666 4820 sit
3691 4760 3757 4816 di-

542 4837 685 4908 gelio
726 4847 948 4910 propter
972 4856 1086 4896 nos.
1119 4842 1399 4901 Manifesta
1444 4847 1609 4918 igitur
1644 4856 1699 4905 ct
1743 4865 1808 4905 ex
1849 4851 2031 4905 verbis
2056 4850 2119 4906 li-
2222 4871 2349 4913 cere
2377 4858 2712 4914 auditoribus
2740 4858 2891 4915 suis:
2920 4868 2981 4913 ut
3009 4875 3134 4915 cum
3162 4837 3383 4916 audiunt
3415 4861 3470 4916 in
3494 4857 3659 4915 verbis
3680 4854 3761 4909 hu-

540 4928 627 4982 lll'i
647 4926 838 5032 divini,
948 4945 1013 4988 ex
1034 4935 1212 4991 verbis
1244 4938 1425 5032 sancti
1448 4938 2115 5032 Augustiniapprobatur,
2212 4947 2304 5019 jus
2328 4952 2498 5005 sancti
2530 4952 2767 5007 doctoris
2785 4952 3010 5018 dictum,
3032 4968 3199 5023 genus
3220 4951 3497 5013 hominum
3523 4943 3757 5022 praedast?

539 5019 1066 5121 Ρΐεάςξξίηθῑίίζηεῐη
1096 5039 1217 5096 (illa?
1359 5028 1704 5121 18339500"
1740 5030 1905 5087 misse
1930 5033 1984 5087 in
2014 5033 2114 5089 δο-
2219 5049 2405 5095 natum
2442 5042 2514 5096 ad
2561 5042 2879 5108 interitum;
2934 5058 2966 5097 a
3014 5019 3289 5098 contrario
3331 5019 3621 5112 intelligant
3669 5048 3755 5089 non

506 5176 511 5184 .
539 5122 671 5209 “‘fm
698 5106 822 5174 ίΗίεν
845 5111 941 5180 (ιυὶ
960 5120 1107 5170 iam“
1142 5126 1198 5171 ει
1220 5117 1348 5209 ωίέι
1372 5119 1644 5188 Ρθεείοηὶε
1673 5128 1911 5193 tempore
1935 5124 1988 5178 in
2014 5123 2117 5180 Do-
2216 5129 2652 5199 praadestinatum
2672 5172 2687 5197 ,
2714 5131 2795 5187 sic
2826 5106 3136 5209 illudantur,
3166 5133 3270 5202 qui,
3291 5106 3565 5189 veritatem
3593 5143 3684 5184 non
3710 5123 3753 5175 in

538 5206 747 5292 "mrum
775 5212 1151 5269 θητθυθτυω»
1179 5208 1271 5263 θθά
1312 5208 1364 5262 in
1402 5224 1656 5279 maBMm
1685 5218 1742 5265 ει
1775 5212 2112 5270 mortiferum
2212 5220 2496 5292 Scriptura
2531 5223 2797 5290 veritatis,
2844 5223 2937 5281 sed
2975 5225 3031 5280 in
3067 5206 3335 5284 mendacii
3375 5219 3752 5283 fabricatoribus

536 5287 737 5378 malum
762 5308 777 5345 :
800 5295 1046 5363 quamvis
1068 5296 1210 5351 Deus
1236 5297 1364 5352 illud
1386 5297 1541 5355 nobis
1567 5301 1794 5356 verterit
1814 5302 1866 5356 in
1885 5303 2108 5360 bonum.
2215 5287 2481 5378 quaerunt.

538 5377 596 5431 Si
619 5379 742 5476 quis
759 5392 936 5439 autem
960 5394 1112 5456 putat
1128 5388 1342 5442 beatum
1367 5390 1723 5461 Augustinum
1750 5393 2110 5454 velutviliose
2236 5377 2246 5378 ί
2282 5398 2339 5454 2.
2378 5399 2542 5455 Addit
2589 5400 2765 5458 adhuc
2807 5413 2862 5459 et
2905 5405 3075 5461 dicit:
3114 5403 3332 5461 Plenam
3365 5403 3749 5476 prmdestinatutn

534 5486 603 5525 ex
635 5469 754 5541 jam
779 5476 925 5534 dicto
950 5477 1089 5534 libro
1113 5478 1256 5534 istud
1299 5481 1662 5539 testimonium
1690 5487 1953 5555 posuisse,
1979 5488 2105 5558 quia

531 5564 673 5633 apud
692 5580 790 5621 nos
813 5567 1008 5638 legitur
1038 5585 1052 5621 :
1086 5567 1218 5633 Quae
1242 5586 1431 5627 manus
1451 5582 1542 5629 tua
1566 5584 1613 5629 et
1634 5576 1907 5631 consilium
1927 5578 2106 5634 decre-

530 5666 705 5709 rerum
725 5657 841 5726 ﬁeri
866 5674 885 5723 ;
912 5658 1047 5713 sciat
1068 5658 1253 5730 potius
1272 5675 1397 5718 vere
1415 5672 1470 5720 et
1495 5679 1769 5736 expresse,
1795 5676 1849 5724 et
1866 5671 2102 5741 proprie,

2213 5492 2594 5562 peccatoribus,
2636 5495 2775 5564 ipsos
2813 5512 2931 5550 vero
2960 5497 3229 5566 prtuscitos
3263 5507 3486 5561 tantum,
3522 5509 3619 5548 non
3638 5499 3748 5558 ρηε·

2213 5582 2515 5637 destinatos.
2548 5584 2623 5638 De
2648 5600 2753 5653 qua
2785 5600 2843 5639 re
2868 5587 2993 5641 etin
3027 5587 3150 5653 isto,
3181 5588 3311 5641 etin
3348 5579 3653 5655 praecedenti
3673 5590 3746 5631 ω·

2211 5672 2383 5742 pitulo
2425 5677 2558 5731 satis
2602 5676 2873 5745 diximus,
2913 5679 3097 5736 multis
3141 5679 3463 5736 testimoniis
3498 5671 3750 5757 manilesle
