3970 6306
285 135 318 162 ο

149 331 258 390 t85
307 401 320 408 γ,

154 542 354 607 serint,
376 541 525 612 justo
549 543 642 597 Dei
661 543 865 613 judicio
894 543 1068 613 pomis
1088 545 1512 613 prmdestinatos.
1547 543 1740 598 Mirum

154 643 246 690 est
273 642 454 689 autem
483 649 591 703 quo
633 650 795 690 sensu
828 633 912 688 vel
936 649 1039 703 qua
1071 635 1280 690 ratione
1319 635 1491 704 possit
1516 633 1742 704 intelligi

155 735 220 780 ut
249 725 394 781 Deus
417 725 793 796 peccatoribus
813 727 1274 796 praedestinaverit
1303 742 1512 798 poenas,
1545 737 1598 781 et
1620 741 1744 797 pec-

154 825 384 874 catam
427 834 532 874 non
577 817 1044 888 praedestinaverit
1092 817 1298 887 poenis;
1356 833 1532 887 neque
1598 817 1742 872 enim

154 909 378 978 quando
399 909 480 963 eis
507 907 1118 979 pmprazdestinavit
1141 917 1195 962 et
1222 909 1566 976 praeparavit,
1595 907 1746 976 igno-

155 999 346 1064 rabat,
386 1000 478 1068 qui
508 999 590 1054 eis
636 998 902 1068 puniendi
949 1008 1004 1056 et
1036 998 1309 1052 crueiaudi
1343 1007 1540 1052 essent.
1588 997 1742 1064 Quod

155 1089 325 1144 etiam
356 1089 458 1144 iste
483 1087 772 1143 conﬁtetur
795 1088 980 1143 dicens
1012 1087 1457 1155 essepraescitos.
1512 1085 1570 1140 Si
1612 1101 1743 1153 ergo

155 1180 466 1234 certissime
493 1179 832 1248 praasciebat,
863 1179 952 1248 qui
982 1178 1089 1233 illis
1115 1178 1290 1248 poenis
1309 1179 1462 1248 juste
1484 1177 1740 1248 puniendi

155 1280 213 1324 et
237 1271 584 1326 excruciandi
611 1279 813 1336 essent,
835 1269 977 1340 .quid
1021 1269 1163 1323 aliud
1193 1267 1318 1324 fecit
1351 1283 1476 1322 eum
1503 1267 1745 1321 certissi—

156 1361 314 1416 simis
337 1362 639 1432 quibusque
663 1362 996 1418 certissimas
1037 1375 1227 1432 pmaas
1251 1361 1606 1431 praeparavit,
1638 1359 1742 1414 nisi

154 1453 305 1520 quod
346 1467 441 1508 eos
487 1452 786 1507 certissime
827 1453 1002 1523 poenis
1033 1453 1744 1523 praedestinavit?Omnino

156 1543 306 1597 enim
329 1543 403 1598 illi
431 1543 528 1600 soli
555 1559 648 1600 eas
666 1545 960 1614 patientur,
983 1561 1117 1614 quos
1143 1546 1230 1599 ille
1251 1562 1502 1616 passuros
1529 1547 1745 1615 praesci-

159 1634 258 1687 vit.
287 1633 426 1700 Quid
455 1649 586 1705 ergo
624 1643 709 1690 est
753 1635 1070 1690 immutabili
1097 1637 1432 1706 praescientia
1464 1637 1744 1704 pnescisse

1119 337 1317 392 LIBER
1356 335 1724 394 ADVERSUS
1759 333 2075 393 JOANNEM
2115 336 2412 394 SCOTUM.

153 453 512 507 ostendentes
536 460 864 522 peccatores,
890 452 981 522 qui
1011 453 1064 506 in
1087 453 1322 522 peccatis
1348 453 1460 507 suis
1487 468 1738 522 perman-
1766 453 1817 511 Α

3316 339 3421 397 {86

2440 448 2666 506 CAPUT
2701 450 2816 506 XV.

1915 543 2114 610 Quinto
2145 544 2352 600 decimo
2382 544 2616 613 capitulo
2645 544 2777 599 tales
2802 541 3144 600 deﬁnitiones
3170 546 3345 616 ponlt.

1915 635 1968 690 1.
2008 633 2257 700 Peccata,
2288 645 2336 689 et
2363 651 2542 689 eorum
2577 635 2829 706 supplicia
2863 635 2993 690 nihil
3014 653 3142 692 esse.

1913 725 1968 780 2.
2010 725 2289 780 Prwscisse
2333 735 2382 780 et
2425 727 2820 796 prwdestiaasse
2861 727 3032 782 Deum
3081 737 3294 798 peccata
3337 728 3422 786 act

1841 833 2057 888 pinnas;
2094 833 2189 886 pro
2236 833 2338 870 non
2378 818 2668 884 prwscisse,
2713 833 2818 871 non
2853 818 3270 887 prwdestinasse,
3311 833 3419 873 non

1841 927 2165 982 pra'parasse
2191 927 2210 964 :
2265 910 2499 980 exemplo
2545 910 2739 973 Judte,
2786 911 2874 980 qui
2929 909 3121 964 electus
3155 928 3272 988 .pro
3313 927 3418 966 non

1842 1003 2027 1066 electo,
2059 1003 2259 1056 anticus
2280 1019 2374 1071 pro
2405 1004 2507 1055 non
2534 1002 2723 1065 antico,
2747 1002 2890 1070 ﬁlius
2925 1017 3017 1071 pro
3048 1019 3152 1056 non
3175 1001 3310 1070 ﬁlio.

1911 1097 1965 1150 5.
2007 1093 2195 1149 Panas
2222 1095 2390 1148 malas
2420 1111 2529 1147 esse
2549 1094 2664 1146 ideo
2688 1109 2791 1146 non
2818 1112 2849 1146 a
2879 1093 3010 1156 Deo,
3037 1110 3069 1146 a
3094 1109 3196 1163 quo
3225 1109 3330 1146 non
3350 1102 3420 1145 stt

1841 1186 2057 1250 malum,
2091 1186 2252 1240 Deum
2278 1203 2379 1240 non
2404 1185 2590 1255 punire
2617 1201 2734 1255 qua:
2766 1185 2915 1252 facit,
2943 1202 3036 1239 nec
3066 1185 3130 1238 ab
3162 1184 3236 1238 eis
3264 1193 3417 1238 natu-

1842 1276 1975 1331 ralia
1998 1293 2213 1330 ntunera
2235 1276 2433 1330 tollere.

1909 1367 1966 1420 4.
2007 1366 2250 1421 Dolorem
2277 1382 2386 1420 esse
2406 1364 2644 1419 sanitatis
2667 1363 2973 1424 absentiam,
3004 1363 3241 1417 tenebras
3262 1361 3417 1425 lucis,

1839 1458 2103 1513 silentium
2131 1458 2395 1522 clamoris,
2427 1456 2696 1510 tristitiam
2719 1454 2925 1524 gaudii,
2948 1453 3177 1507 laborem
3201 1453 3413 1523 quietis.

1839 1549 1916 1603 sic
1936 1549 2191 1618 prwsciri,
2220 1547 2298 1602 vel
2325 1547 2692 1616 praedestinari
2719 1557 2931 1615 peccata
2953 1543 3033 1597 vel
3061 1560 3259 1614 poenas.

1911 1639 1966 1694 5.
1998 1639 2233 1693 Dolendo
2254 1655 2354 1692 non
2379 1639 2548 1708 ipsum
2570 1635 2824 1701 doloraut,
2846 1635 2936 1689 sed
2957 1637 3122 1704 ipsum
3144 1635 3423 1688 sanitatem

156 1722 282 1776 illos
307 1723 373 1777 ad
401 1739 588 1792 ptenas
607 1763 623 1788 ,
652 1739 814 1794 quam
849 1724 1256 1779 immutabiliter
1284 1740 1378 1780 eos
1408 1727 1582 1796 pomis
1605 1740 1742 1796 prat-
1772 1797 1804 1802 _
1843 1733 1987 1786 nosci
2005 1772 2020 1795 ,
2061 1747 2216 1802 quam
2247 1746 2350 1784 non
2380 1745 2529 1784 nosse
2555 1729 2601 1784 si
2637 1729 2702 1782 de
2731 1726 2824 1782 illa
2852 1727 3111 1780 notionem
3135 1725 3422 1796 quamdam

157 1816 500 1871 destinasse?
545 1817 730 1886 Neque
771 1818 915 1873 enim
966 1818 1259 1872 timendum
1317 1827 1436 1873 erat
1494 1827 1552 1872 ut
1598 1817 1741 1886 quod
1769 1797 1818 1858 Β
1846 1839 1948 1877 non
1978 1797 2207 1875 haberet.

158 1908 464 1962 certissime
490 1910 810 1980 pmesctcbat
847 1909 995 1978 juste
1024 1909 1294 1976 futurum,
1327 1924 1433 1965 non
1461 1908 1743 1980 praedesti-

158 2006 319 2053 naret
340 2013 400 2052 se
415 1998 561 2069 juste
585 1999 876 2055 facturum.

229 2088 288 2143 ’5.
327 2088 444 2144 Alia
471 2101 555 2145 est
572 2101 749 2146 autem
769 2091 944 2162 legum
968 2091 1324 2146 humanarum
1342 2091 1600 2157 conditio,
1623 2105 1742 2161 qute

160 2180 243 2237 sic
285 2189 529 2236 statuunt
572 2183 919 2251 peccantibus
957 2192 1103 2237 certa
1152 2183 1432 2253 supplicia,
1472 2193 1530 2238 ut
1561 2193 1740 2238 tamen

159 2271 254 2341 qui
285 2272 358 2325 ita
381 2274 651 2341 peccaturi
679 2273 810 2337 sint,
843 2283 902 2327 ut
929 2273 1032 2329 illis
1062 2274 1144 2329 vel
1177 2275 1280 2329 illis
1311 2275 1582 2346 suppliciis
1596 2275 1742 2344 juste

159 2363 563 2428 excrucientur,
606 2363 820 2434 penitus
851 2366 1117 2434 ignorent.
1152 2366 1218 2420 Et
1257 2367 1375 2422 ideo
1403 2382 1590 2437 poenas
1619 2382 1744 2438 pec-

159 2452 439 2508 caloribus
464 2469 770 2524 praeparare
824 2463 880 2510 et
919 2457 1301 2526 prazdestinare
1327 2467 1580 2528 possunt,
1605 2473 1741 2528 quas

160 2554 335 2609 [ustas
357 2559 480 2601 esse
516 2555 821 2601 noverunt:
855 2548 999 2616 ipsos
1029 2557 1204 2602 tamen
1236 2559 1566 2618 peccatores,
1607 2566 1742 2619 quos

161 2649 389 2704 prorsus
415 2635 695 2702 ignorant,
743 2637 920 2706 pomis
960 2636 1340 2707 pnmlestiuare
1366 2654 1470 2692 non
1497 2647 1739 2707 possunt.

160 2725 320 2792 Quod
345 2724 390 2778 si
421 2725 625 2780 scirent
661 2726 962 2780 certissime
1002 2742 1260 2796 personas
1279 2768 1293 2791 ,
1339 2743 1458 2796 qua:
1487 2729 1593 2783 illis
1617 2745 1744 2798 sup-

161 2816 343 2884 pliciis
365 2817 537 2888 dignae
556 2826 759 2882 essent,
782 2827 1000 2887 possent
1019 2820 1241 2874 omnino
1259 2804 1575 2890 justissime,
1603 2821 1745 2875 sicut

161 2908 546 2978 peccatoribus
588 2923 779 2979 poenas
797 2918 1068 2976 statuere;
1093 2911 1164 2964 ita
1185 2918 1240 2965 et
1268 2912 1411 2980 ipsos
1435 2921 1745 2981 peccatores

162 3009 317 3055 certa
345 3008 402 3055 et
437 2998 584 3068 justa
613 3000 924 3057 deﬁnitione
959 3002 1132 3072 poenis
1157 3003 1563 3071 praedestinarc,
1605 3005 1746 3058 sicut

162 3089 226 3144 in
268 3089 380 3158 ipsa
422 3087 538 3158 jam
573 3089 762 3158 judicii
801 3091 1219 3157 examinatione,
1263 3108 1397 3167 quos
1445 3094 1745 3149 certissime

1914 1913 1966 1969 6.
2010 1911 2444 1966 Recordationent
2469 1908 2711 1963 sanitatis
2756 1907 2812 1961 in
2843 1906 3080 1960 sensibus
3121 1917 3420 1966 remanere;

1842 2004 2008 2074 ipsam
2038 2018 2157 2058 vero
2187 2002 2242 2056 in
2266 1999 2358 2054 illa
2387 1999 2701 2063 substantia,
2729 2013 2886 2069 quam
2924 1996 3068 2051 Deus
3093 1994 3307 2057 creavit,
3340 2008 3422 2046 re-

1841 2095 2027 2150 sidere.

1909 2184 1966 2238 ln
2000 2183 2117 2239 istis
2161 2199 2256 2239 sex
2282 2181 2738 2254 propositionibus
2767 2180 2895 2234 illud
2921 2178 3062 2249 quod
3092 2178 3267 2248 primo
3304 2175 3427 2232 loco

1840 2277 2040 2347 posuit,
2070 2277 2121 2332 id
2142 2286 2225 2331 est
2249 2288 2460 2346 peccata
2481 2286 2528 2330 et
2554 2273 2808 2345 supplicia
2831 2273 2960 2326 nihil
2980 2289 3104 2335 esse,
3129 2272 3241 2342 jam
3267 2283 3427 2338 supe-

1841 2367 1975 2432 rius,
2010 2376 2168 2437 prout
2193 2368 2490 2437 potuimus,
2523 2374 2606 2420 est
2625 2373 2910 2420 tractatum
2943 2379 2958 2417 :
2985 2364 3109 2433 quia
3138 2371 3193 2417 et
3213 2362 3259 2416 si
3291 2359 3426 2415 nihil

1809 2458 1944 2514 -dici
1987 2467 2217 2540 possunt
2263 2466 2505 2527 peccata,
2539 2472 2605 2512 eo
2634 2456 2776 2526 quod
2805 2454 3005 2508 nullam
3036 2455 3272 2508 habeant
3297 2451 3426 2507 sub-

1841 2551 2096 2607 stantiam
2134 2551 2187 2604 in
2234 2565 2293 2604 se
2339 2549 2605 2605 existendi
2634 2588 2647 2613 ,
2697 2545 2780 2601 vel
2823 2546 3189 2610 subsistendi,
3245 2553 3424 2598 tamen

1834 2641 2098 2711 justitiam
2127 2641 2399 2705 deserere,
2417 2641 2559 2710 quod
2579 2649 2665 2694 est
2689 2654 2935 2709 peccare,
2959 2653 3064 2692 non
3088 2647 3265 2706 potest
3284 2635 3426 2699 lieri,

1843 2733 1945 2786 nisi
1969 2733 2022 2786 in
2047 2731 2225 2800 aliqua
2251 2740 2306 2786 et
2333 2746 2429 2801 per
2457 2731 2693 2799 aliquam
2733 2729 3124 2791 substantiam,
3155 2726 3242 2781 vel
3271 2726 3429 2796 spiri-

1843 2826 2065 2890 tualem,
2088 2825 2173 2879 vel
2194 2824 2528 2895 corporalem
2551 2841 2566 2902 _;
2592 2821 2924 2892 spiritualem
2947 2837 3070 2876 cum
3094 2822 3146 2874 in
3175 2821 3290 2890 ipso
3312 2818 3428 2872 ani-

1844 2935 1933 2973 mo
1953 2917 2222 2972 deseritur
2250 2917 2472 2982 veritas,
2498 2915 2707 2987 justitia
2733 2956 2747 2980 ,
2778 2914 3012 2977 bonitas,
3038 2921 3093 2967 et
3118 2912 3430 2968 subintrant

1844 3010 1930 3064 liis
1956 3009 2250 3074 contraria,
2293 3008 2346 3063 id
2381 3018 2464 3063 est
2505 3007 2865 3068 mendacium,
2891 3005 3168 3074 iniquitas,
3197 3001 3426 3066 malitia,

1850 3116 1968 3170 quae
1993 3100 2120 3156 licet
2143 3099 2340 3154 nullam
2373 3100 2611 3155 habeant
2645 3095 2970 3152 subsistendi
3003 3103 3276 3158 naturam,
3303 3099 3431 3146 sunt

288 3149 302 3158 -
422 3149 441 3158 -
573 3149 591 3158 -
1207 3149 1217 3157 .
1281 3149 1296 3162 .
1328 3161 1334 3167 ,
1853 3149 1967 3170 τη
1994 3149 2118 3156 ---η
2373 3149 2608 3155 --ην-η-
2645 3149 2841 3152 -.κ-πη-
3265 3149 3275 3158 ,

163 3179 641 3248 comprobaverint
667 3180 911 3252 capitalis
940 3181 1184 3236 criminis
1211 3198 1353 3247 reos,
1395 3193 1623 3239 mortem
1666 3186 1747 3240 eis
1774 3149 1819 3211 C
1852 3202 2027 3247 tamen
2069 3206 2260 3263 magna
2291 3190 2452 3255 vitia,
2480 3190 2564 3245 vel
2590 3190 2874 3260 languores
2901 3196 3136 3248 naturae,
3168 3186 3324 3239 idest
3351 3185 3429 3252 ip~

163 3277 428 3324 statutam
457 3279 621 3337 atque.
640 3270 910 3326 decretam
940 3287 1003 3327 ex
1033 3271 1238 3343 legibus
1266 3275 1513 3339 recitant,
1545 3284 1600 3330 et
1635 3293 1749 3330 Ina-

165 3361 368 3418 nifesta
416 3365 681 3420 sententia
728 3366 873 3436 ipsos
903 3367 1063 3422 morti
1108 3367 1436 3436 adjudieant.
1477 3371 1628 3437 Quod
1669 3374 1750 3428 eis

166 3455 360 3524 utique
393 3465 616 3525 prmstat
633 3456 824 3526 judicii
858 3467 1006 3514 certa
1033 3461 1287 3532 cognitio,
1321 3471 1380 3516 ut
1403 3463 1539 3517 sicut
1560 3479 1750 3534 pecca-

168 3547 384 3602 toribus
421 3561 640 3616 pmnas,
673 3550 747 3606 ita
788 3558 846 3605 et
886 3551 1031 3622 ipsos
1068 3563 1384 3624 peccatores
1409 3557 1586 3624 pomis
1615 3574 1752 3628 pra:-

169 3638 449 3692 destinare
475 3640 725 3694 audeant.
771 3639 828 3696 Si
871 3657 1000 3713 ergo
1055 3651 1344 3715 utrumque
1373 3646 1474 3700 hoc
1515 3655 1660 3702 recte
1700 3655 1755 3701 et

164 3728 314 3798 juste
345 3728 399 3782 in
435 3729 668 3792 humano
702 3731 906 3802 judicio
948 3735 1111 3789 certis
1148 3735 1542 3805 cognitionibus
1583 3737 1752 3792 infor—

167 3829 324 3875 mato
371 3830 534 3891 atque
559 3821 788 3879 formato
815 3833 990 3895 potest
1025 3825 1166 3892 fieri,
1205 3837 1266 3882 ut
1289 3836 1345 3883 et
1367 3842 1541 3898 poma:
1564 3843 1755 3898 pecca-

169 3913 387 3968 toribus
410 3923 466 3968 et
491 3924 805 3984 peccatores
842 3917 1019 3987 poenis
1043 3917 1192 3987 justo
1221 3927 1278 3974 et
1299 3921 1755 3990 irreprehensibili

162 4007 376 4077 judicio
405 4007 802 4075 decernantur;
836 4023 938 4065 nec
965 4019 1147 4066 tamen
1173 4011 1366 4081 aliquis
1403 4013 1588 4068 talium
1630 4029 1754 4069 reo-

168 4113 320 4162 rum,
353 4097 436 4151 vel
459 4113 556 4168 pcr
579 4099 724 4170 ipsas
745 4099 894 4171 leges
922 4101 1008 4156 vel
1033 4101 1180 4173 ipsos
1198 4101 1409 4171 iudices
1433 4105 1500 4160 ad
1528 4121 1758 4176 peccan-

167 4187 302 4241 dum
329 4188 558 4258 cogitur,
592 4189 687 4245 sed
717 4197 945 4258 tantum,
973 4193 1099 4263 quia
1124 4195 1566 4265 peccavit,—juste
1594 4199 1756 4268 puni-

167 4288 299 4332 tur:
331 4287 538 4347 quanto
577 4279 1070 4351 incomparabiliter
1103 4293 1158 4338 et
1205 4283 1550 4341 inellabiliter
1589 4287 1640 4341 in
1677 4288 1758 4342 di-

164 4367 299 4423 vino
318 4365 523 4435 judicio
550 4368 665 4425 lieri
687 4372 908 4426 omnino
930 4373 1258 4430 credendum
1289 4385 1394 4440 est,
1421 4385 1481 4430 ut
1500 4380 1755 4447 quoniam

164 4465 226 4557 et
258 4456 405 4527 ipsas
433 4471 620 4527 poenas
667 4473 789 4529 qua:
811 4465 1194 4561 peccatoribus
1214 4463 1359 4536 juste
1388 4466 1671 4534 debentur,
1701 4479 1755 4524 et
1781 4501 1832 4561 Β

166 4548 320 4617 ipsos
382 4558 698 4618 peccatores
734 4553 931 4622 quibus
967 4555 1248 4622 debentur,
1285 4566 1486 4614 aeterna
1525 4560 1753 4616 scientia

166 4639 369 4694 novit?
411 4639 548 4695 Cum
591 4641 720 4697 nulli
744 4643 816 4698 sit
857 4643 970 4713 ipse
993 4657 1180 4701 auctor
1210 4645 1291 4702 vel
1319 4663 1482 4703 causa
1513 4649 1752 4718 peccati,

163 4729 471 4800 iustissime
498 4738 676 4786 tamen
704 4741 760 4788 et
788 4747 975 4802 poenas
999 4736 1378 4803 peccatoribus
1401 4755 1535 4808 quas
1562 4738 1754 4808 justis-

166 4820 343 4873 simas
368 4819 537 4885 novit,
565 4829 620 4876 et
643 4831 958 4892 peceatores
982 4840 1255 4895 nunquam
1275 4827 1377 4882 sibi
1406 4829 1638 4900 ignotos,
1661 4830 1758 4888 sed

166 4917 376 4962 aeterna
389 4909 618 4966 veritate
644 4913 952 4969 notissimos
967 4917 1183 4972 :eternis
1198 4919 1542 4986 pmdestinat
1559 4924 1755 4992 pomis.

168 4998 364 5069 Neque
409 5000 555 5055 enim
605 5001 801 5072 aliquis
846 5013 1090 5060 nostrum
1127 5007 1259 5062 dicit
1309 5011 1452 5078 quod
1502 5011 1604 5068 iste
1647 5022 1759 5070 tam

167 5087 493 5158 frequenter
535 5092 762 5163 objicit:
794 5093 945 5161 Quod
984 5095 1127 5152 Deus
1163 5097 1634 5167 pratdestinatione
1661 5118 1759 5156 sua

169 5178 412 5247 aliquem
438 5190 600 5250 cogat
624 5182 692 5236 ad
717 5184 1086 5254 peccandum,
1119 5186 1214 5240 sed
1251 5189 1623 5244 tantummodo
1662 5206 1760 5260 pro

171 5267 284 5332 bis,
307 5283 429 5337 qua:
450 5271 717 5339 peccavit,
739 5273 806 5327 ad
832 5273 1085 5330 luendum
1107 5276 1427 5348 supplicium
1451 5296 1467 5345 ;
1495 5280 1636 5336 sicut
1659 5297 1760 5338 nec

171 5359 325 5429 leges
353 5360 506 5432 ipsae,
548 5362 885 5422 decernendo
927 5368 1266 5438 supplicium,
1317 5371 1646 5442 compellunt
1692 5375 1760 5429 ad

174 5463 498 5521 peccatum,
544 5456 641 5513 sed
673 5461 1044 5516 tantummodo
1075 5464 1219 5533 quod
1247 5474 1542 5535 spontanee
1575 5475 1631 5522 et
1668 5483 1762 5523 vo-

176 5544 414 5600 luntarie
441 5555 719 5617 peccatum
744 5559 849 5617 est,
872 5551 1018 5622 justa
1039 5554 1399 5617 damnationis
1427 5559 1630 5618 ultione
1654 5574 1762 5621 non

179 5635 495 5712 relinquunt
520 5637 862 5712 impunitum.

1850 3285 1964 3338 sius
1994 3283 2182 3348 animi,
2203 3282 2289 3336 cui
2316 3282 2678 3345 dominantur,
2694 3288 2748 3334 et
2781 3278 2934 3348 cujus
2959 3277 3246 3332 sanitatem
3271 3283 3432 3343 atque

1852 3374 2218 3444 integritatem
2266 3372 2508 3428 violant:
2542 3373 2615 3426 ita
2656 3381 2712 3425 ut
2744 3371 2856 3441 ipse
2899 3370 3112 3423 animus
3142 3367 3226 3422 liis
3253 3367 3432 3420 incur-

1852 3477 2007 3521 vatus
2049 3475 2103 3521 et
2148 3467 2434 3535 depressus
2477 3481 2545 3519 ex
2589 3463 2760 3518 libero
2803 3461 3032 3525 servilis,
3079 3468 3133 3516 et
3181 3475 3248 3514 ex
3299 3471 3432 3511 sano
3517 3472 3523 3476 ‘

1853 3557 2100 3612 inlirmus
2138 3556 2419 3620 elliciatur,
2473 3555 2683 3609 dicente
2728 3553 2954 3608 Domino
2995 3553 3048 3605 in
3100 3549 3428 3618 Evangelio:

1856 3647 1995 3714 Quia
2041 3649 2208 3702 omnis
2253 3647 2342 3718 qui
2395 3646 2524 3714 facit
2573 3655 2839 3715 peceatum
2894 3660 3070 3698 servus
3113 3652 3190 3697 est
3235 3641 3432 3711 peccati

1855 3737 2036 3806 (Joan.
2056 3753 2172 3802 vm,
2189 3735 2298 3805 54).
2327 3735 2391 3790 Ει
2412 3735 2695 3788 Psalmisla
2719 3733 2962 3788 dolenter
2980 3741 3034 3786 ct
3054 3731 3434 3786 miserabiliter

1855 3826 2177 3895 implorante
2207 3843 2220 3880 :
2253 3824 2366 3895 Ego
2393 3825 2505 3878 dixi
2529 3838 2548 3876 .'
2581 3824 2822 3888 Domine,
2850 3839 3098 3876 miserere
3145 3824 3275 3885 mei,
3300 3839 3434 3874 sana

1855 3917 2087 3971 animum
2129 3933 2321 3981 meant,
2367 3915 2613 3986 quoniatu
2653 3916 2860 3984 peccari
2899 3912 2992 3966 tibi
3019 3911 3191 3983 (Psal.
3221 3928 3321 3975 XL,
3354 3910 3432 3981 5).

1857 4008 1962 4063 Sed
1984 4008 2107 4076 quia
2136 4008 2248 4061 ιιωο
2271 4006 2409 4060 mala
2429 4006 2508 4061 sic
2531 4006 2792 4074 incipiunt
2813 4007 2864 4058 in
2886 4005 3085 4070 animo,
3119 4013 3179 4058 ut
3204 4005 3438 4060 maxime

1858 4107 2036 4153 tamen
2068 4113 2164 4169 per
2187 4114 2382 4168 corpus
2411 4108 2791 4162 exerceantur,
2829 4099 3023 4152 transit
3053 4099 3250 4152 malum
3282 4098 3438 4168 spiri-

1857 4187 2017 4244 tualis
2059 4199 2287 4254 naturae,
2336 4189 2389 4242 id
2428 4197 2511 4244 est
2539 4189 2740 4254 animi,
2794 4189 2846 4244 in
2897 4189 3095 4244 malum
3139 4190 3440 4259 corporalis

1856 4290 2084 4345 naturae,
2117 4282 2168 4336 id
2209 4289 2292 4336 est
2339 4281 2513 4350 ipsum
2559 4296 2792 4350 corpus;
2835 4291 2890 4335 et
2915 4280 2988 4334 ita
3015 4280 3160 4336 velut
3191 4283 3438 4351 quaedam

1857 4371 2026 4442 pestis
2071 4379 2241 4425 totum
2289 4370 2448 4426 simul
2493 4370 2856 4425 conuuaculat
2896 4379 2951 4424 et
2996 4373 3329 4440 corrumpit,
3379 4381 3440 4424 ut

1855 4469 2080 4530 peccato
2098 4460 2395 4515 dominanti
2427 4461 2604 4514 anima
2625 4461 2868 4515 serviens
2888 4461 3091 4531 redigat
3117 4461 3168 4514 in
3192 4463 3437 4514 eamdem

1859 4551 2170 4607 servitutem
2213 4567 2408 4622 corpus
2448 4568 2638 4617 suum;
2668 4561 2723 4607 et
2771 4553 2899 4605 liant
2937 4553 3170 4605 membra
3203 4554 3438 4622 corporis

1858 4643 2031 4714 ipsius
2057 4659 2207 4698 arma
2231 4644 2524 4714 iniquitatis
2563 4653 2796 4713 peccato,
2823 4644 3015 4713 quibus
3039 4646 3153 4712 ipsa
3181 4644 3440 4713 iniquitas

1858 4746 1916 4793 et
1952 4747 2234 4807 peccatum
2279 4737 2473 4791 fortius
2509 4745 2564 4791 et
2612 4736 2900 4790 violentius
2931 4736 2983 4789 in
3015 4746 3244 4806 utroque
3266 4738 3440 4792 domi-

1859 4839 2038 4885 netur.
2076 4829 2229 4884 Unde
2264 4828 2554 4900 Apostolus
2598 4828 2846 4884 ﬁdelibus
2884 4828 3050 4883 dicit:
3085 4827 3152 4883 Et
3194 4847 3258 4885 ne
3295 4832 3441 4885 exhi-

1863 4923 2026 4978 beatis
2068 4924 2298 4978 membra
2335 4935 2508 4980 vestra
2545 4941 2694 4979 arma
2733 4923 3023 4994 iniquitatis
3060 4936 3307 4994 peccato;
3348 4927 3440 4980 sed

1857 5014 2092 5069 exhibete
2122 5031 2206 5069 vos
2257 5015 2369 5070 Deo
2415 5026 2668 5086 tauquam
2709 5032 2776 5071 ea:
2818 5018 3040 5071 mortuis
3080 5019 3339 5084 viventes,
3389 5030 3442 5075 et

1861 5111 2092 5164 membra
2133 5121 2302 5166 vestra
2355 5128 2506 5165 arnta
2547 5111 2771 5180 justitite
2808 5110 2918 5166 Deo
2959 5111 3149 5183 (llam.
3181 5129 3269 5178 vt,
3315 5115 3436 5186 l5).

1861 5199 2000 5256 lluic
2048 5210 2200 5256 tanto
2240 5211 2298 5256 et
2343 5209 2453 5255 tam
2482 5202 2764 5257 mortifero
2799 5202 3040 5274 languori
3071 5214 3240 5260 totum
3269 5206 3443 5262 ltomi-

1864 5306 1988 5346 nem
2014 5291 2117 5348 sibi
2155 5291 2452 5348 vindicanti
2502 5301 2558 5347 et
2583 5293 2878 5361 saucianti,
2912 5296 3060 5353 solus
3098 5297 3187 5354 ille
3213 5315 3352 5354 unus
3385 5313 3445 5356 et

1861 5396 2024 5438 verus
2053 5383 2292 5439 medicus
2335 5393 2509 5452 potest
2548 5385 2805 5442 adbibere
2845 5389 3110 5444 medelam
3152 5400 3208 5446 et
3234 5393 3441 5447 sanita-

1864 5480 1972 5526 tem
2001 5474 2270 5538 conterre,
2295 5475 2389 5545 qui
2421 5475 2488 5529 de
2518 5475 2695 5546 seipso
2721 5487 2796 5533 att
2831 5497 2842 5532 :
2894 5478 3017 5534 Non
3043 5491 3116 5534 est
3140 5498 3270 5550 opus
3297 5484 3442 5538 sanis

1864 5565 2088 5627 medico,
2132 5566 2224 5619 sed
2265 5566 2398 5622 male
2441 5569 2746 5626 habentibus
2777 5571 2988 5641 (Matth.
3024 5591 3112 5639 lx,
3148 5575 3267 5644 12),
3297 5587 3353 5630 et
3378 5567 3445 5632 ile

1866 5669 1974 5722 quo
2002 5655 2260 5725 scriptum
2283 5667 2404 5713 est:
2435 5658 2554 5729 Ipse
2577 5664 2714 5717 enim
2758 5665 2958 5718 salvum
2999 5665 3154 5735 faciet
3193 5667 3443 5736 populum

1869 5762 2022 5801 suum
2047 5764 2077 5802 (ι
2104 5752 2326 5821 peccatis
2362 5769 2541 5809 eorum
2578 5753 2792 5827 (Matth.
2832 5773 2871 5825 ι,
2900 5756 3011 5830 21).
3045 5757 3118 5816 De
3147 5774 3255 5829 quo
3277 5759 3442 5815 etiam
