3970 6306
582 314 682 368 187

1684 302 1885 358 FLOR!
1927 297 2196 356 nucem
2233 297 2712 356 LUGDUNENSIS
3513 277 3524 282 ’
3721 306 3792 362 ns

582 421 872 494 Apostolus
919 419 996 474 ait
1049 437 1062 474 :
1107 415 1304 472 Fidelis
1356 429 1524 468 sermo
1583 422 1630 465 et
1681 411 1820 464 omni
1864 410 2162 492 acceptione
2190 414 2235 472 Α
2267 412 2485 464 veniant
2515 411 2566 464 in
2591 411 2738 464 illum
2778 410 2952 465 locum
2984 419 3388 471 tormentorum.
3417 413 3477 470 Si
3511 427 3653 484 ergo,
3679 415 3795 484 juxta

582 517 794 585 dignus,
824 513 948 585 quia
988 509 1225 565 Christus
1272 505 1600 584 Jesus‘venit
1642 503 1695 556 in
1734 503 1871 555 hunc
1910 501 2160 554 mundum

584 615 876 675 peccatores
902 602 1070 658 salvos
1096 600 1267 670 facere
1298 596 1346 667 (1
1374 595 1508 649 Tim.
1539 611 1577 659 ι,
1607 593 1717 665 15).

657 737 762 791 Iste
790 751 920 805 ergo
955 734 1048 803 qui
1076 741 1181 786 tam
1230 729 1445 784 assidue
1475 726 1626 793 dicit,
1652 735 1708 780 et
1742 725 1922 792 repetit
1951 731 2165 792 peccata

589 826 722 882 nihil
749 843 878 888 esse.
911 824 1039 894 quid
1085 821 1228 877 aliud
1265 826 1496 874 conatur
1541 831 1722 888 agere,
1753 815 1970 869 diabolo
2007 812 2166 866 insti-

588 927 772 989 gante,
795 916 899 970 nisi
921 924 1060 968 utea
1080 912 1232 980 quasi
1261 910 1454 979 leviget
1485 910 1536 962 in
1563 908 1814 962 cordibus
1833 906 2164 968 auditorum,

590 1018 649 1060 ut
680 1023 784 1060 non
820 1005 1054 1066 doleant,
1085 1017 1190 1055 non
1228 1007 1526 1070 agnoscant
1547 1007 1750 1066 quanto
1781 997 1922 1050 malo
1953 1007 2170 1049 tenean-

594 1106 703 1160 tur,
726 1111 826 1149 nec
849 1102 1040 1148 curent
1060 1093 1241 1148 dicere.
1257 1107 1381 1146 cum
1409 1090 1693 1144 PsalmiSta
1718 1108 1730 1142 :
1769 1089 2015 1143 Miserere
2043 1087 2166 1152 mei,

592 1185 752 1247 Deus,
804 1184 1089 1237 secundum
1159 1197 1404 1250 ntagnam
1450 1179 1859 1232 misericordium
1909 1187 2080 1239 tuam,
2117 1185 2168 1230 et

589 1274 875 1326 secundum
922 1271 1307 1326 multitudinem
1356 1269 1748 1322 miserationum
1802 1279 2014 1320 tuarum
2056 1264 2170 1319 dele

595 1362 924 1431 iniquitatem
945 1377 1132 1414 meam.
1161 1359 1400 1428 Amplius
1417 1358 1533 1412 lava
1556 1374 1636 1410 me
1669 1358 1734 1410 ab
1759 1358 2032 1426 iniquitate
2054 1372 2170 1409 mea

587 1463 638 1505 et
685 1469 718 1505 a
751 1464 966 1521 peccato
1009 1467 1124 1505 meo
1166 1449 1366 1503 munda
1409 1463 1508 1502 me.
1545 1445 1808 1512 Quoniam
1842 1447 2171 1516 iniquitatem

588 1557 756 1594 meam
772 1556 866 1609 690
891 1555 1165 1608 cognosco,
1183 1546 1231 1592 ει
1263 1546 1532 1607 peccatum
1564 1551 1735 1588 meum
1763 1543 1945 1588 contra
1987 1548 2068 1586 πω
2093 1541 2169 1586 εει

588 1645 790 1698 semper
807 1627 979 1698 (Psal.
1006 1644 1057 1692 ι.,
1081 1627 1221 1696 2-5).
1245 1623 1544 1692 Abjiciatur
1561 1637 1690 1692 ergo
1709 1623 1963 1692 deceptor
1983 1621 2088 1676 iste
2100 1621 2170 1675 ab

590 1717 813 1771 auribus
867 1725 922 1770 et
972 1715 1226 1770 cordibus
1270 1713 1528 1775 ﬁdelium,
1564 1723 1621 1767 et
1670 1721 1859 1767 contra
1895 1720 2003 1764 tam
2048 1725 2166 1765 ma-

2265 517 2450 554 voccm
2482 501 2760 566 Veritatis,
2794 501 3034 557 infernus
3059 501 3209 558 locus
3237 514 3320 559 est
3348 513 3735 570 tormentorum,
3757 520 3798 564 et

2267 595 2460 648 animm
2482 594 2802 648 miserorum
2823 606 2996 650 cxuue
3021 595 3336 664 corporibus
3358 595 3470 650 illic
3492 598 3794 666 sepeliuntur,

2263 695 2322 738 et
2355 692 2481 738 sunt
2518 685 2572 738 in
2603 685 2906 750 tormentis,
2953 693 3008 738 et
3038 700 3134 753 per
3167 699 3285 753 quae
3331 697 3699 754 peccaverunt,
3726 704 3795 758 per

2265 774 2381 829 lucc
2413 782 2469 827 et
2516 783 2852 843 torquentur,
2880 782 2938 827 nt
2957 773 3219 843 judicium
3247 775 3313 828 sit
3351 775 3458 828 illis
3496 776 3603 829 sine
3637 777 3796 830 miseri-

2265 867 2465 930 cordia,
2491 867 2614 936 quia
2645 883 2745 920 non
2776 865 3007 934 fecerunt
3040 867 3450 920 misericordiam
3475 868 3612 938 (Jac.
3636 884 3689 933 ιι,
3716 870 3794 938 13).

2339 996 2463 1051 llaec
2487 996 2670 1050 audiat
2691 996 2861 1050 ﬁdelis
2890 997 3116 1066 quisque
3142 1006 3196 1051 et
3223 998 3412 1051 timeat
3435 1038 3452 1062 ,
3473 1007 3528 1051 et
3552 998 3670 1052 dum
3699 1007 3799 1053 teni-

2267 1103 2366 1156 pns
2392 1097 2498 1152 est,
2531 1088 2700 1157 fugiat
2725 1089 2792 1142 ab
2814 1089 2891 1141 ira
2923 1097 3146 1142 ventura
3180 1089 3245 1143 de
3274 1104 3376 1158 qua
3402 1090 3592 1143 beatus
3612 1088 3800 1146 Joannes
3895 1095 3897 1112 ‘

2266 1179 2506 1247 Baptista
2533 1179 2606 1233 ait
2634 1195 2648 1232 :
2683 1179 2813 1244 Quis
2841 1179 2980 1232 vobis
3004 1179 3375 1232 demonstravit
3409 1179 3588 1248 fugere
3610 1197 3638 1232 a
3662 1179 3804 1246 futura

2267 1272 2347 1324 ira
2373 1272 2399 1323 .9
2423 1270 2604 1325 Facite
2626 1288 2747 1342 ergo
2778 1272 2979 1340 fructus
3009 1272 3192 1341 dignos
3241 1273 3556 1341 paenitentia!
3585 1271 3716 1339 (Luc.
3739 1289 3800 1336 ut,

2268 1360 2321 1424 7,
2351 1359 2426 1428 8).
2469 1360 2621 1414 Hunc
2653 1360 2827 1413 locum
2865 1368 3254 1414 tormentorum
3299 1361 3414 1428 ipse
3454 1361 3696 1414 Dominus
3727 1361 3801 1414 fre-

2267 1460 2494 1522 quenter
2515 1451 2748 1520 appellat
2775 1451 3010 1504 tenebras
3032 1452 3310 1503 exteriores
3331 1461 3380 1503 et
3411 1452 3666 1502 caminum
3686 1450 3800 1519 ignis,
3898 1464 3899 1478 π

2266 1554 2315 1598 et
2335 1544 2503 1612 ignem
2531 1552 2784 1597 teternum
2830 1541 3039 1596 diabolo
3065 1551 3113 1597 et
3146 1544 3384 1597 omnibus
3427 1543 3599 1610 impiis
3640 1558 3800 1609 pra'pa-
3898 1551 3899 1560 ‘

2268 1643 2461 1697 ratum,
2498 1633 2586 1686 ubi
2619 1634 2716 1686 erit
2753 1631 2906 1686 dolor
2941 1632 3057 1687 sine
3081 1631 3206 1692 ﬁne.
3232 1643 3285 1687 et
3321 1648 3390 1687 ex
3432 1632 3614 1686 dolore
3652 1631 3804 1697 sempi-

2270 1733 2454 1778 ternus
2476 1724 2628 1792 fletus
2639 1721 2933 1777 oculorum.
2951 1729 3003 1774 et
3028 1721 3472 1775 stridordentium
3494 1719 3802 1790 (Hatth.nv,

592 1825 750 1878 gnam
775 1809 1044 1863 miseriam
1062 1802 2040 1876 imploreturdolenteretsimpliciter
2055 1817 2171 1856 ma-
2196 1773 2244 1835 Β
2270 1813 2381 1883 41),
2418 1773 2492 1866 δέ
2522 1811 2610 1866 uti
2652 1825 2810 1881 poena
2846 1809 3140 1864 infelicium
3170 1773 3553 1864 damnatorum
3585 1817 3636 1863 et
3679 1809 3805 1862 [suae

595 1914 699 1968 gna
735 1898 828 1952 Dei
868 1897 1240 1952 misericordia
1269 1913 1282 1949 ε
1319 1903 1506 1954 contra
1557 1893 1952 1950 multitudinem
1995 1899 2171 1948 tanta-
2268 1901 2526 1972 propheta
2552 1899 2718 1955 dicit:
2757 1898 2956 1953 γενικὴ
2981 1915 3160 1953 eorum
3192 1916 3292 1952 non
3326 1900 3615 1963 morietur,
3638 1909 3680 1952 et
3704 1900 3804 1967 ignis

591 2005 715 2045 rum
753 1989 1090 2043 miseriarum
1118 1994 1391 2056 quazratur
1412 1984 1694 2039 multitudo
1738 1982 2168 2046 miserationum.
2265 2006 2445 2046 eorum
2477 2006 2577 2044 non
2596 1989 2950 2057 exstinguetur
2976 2003 2994 2041 :
3021 1998 3068 2043 et
3095 1999 3244 2043 erunt
3265 2005 3434 2058 usque
3465 1989 3534 2042 ad
3557 1991 3802 2044 satietatem

595 2091 656 2136 ut
683 2080 921 2136 deleatur
947 2079 1223 2147 iniquitas,
1271 2077 1479 2131 lavetur
1517 2077 1681 2129 homo
1709 2075 1778 2128 ab
1831 2074 1942 2142 ipsa
1970 2071 2168 2140 iniqui-

594 2180 725 2232 tate,
756 2170 1043 2224 mundetnr
1067 2184 1096 2221 a
1122 2175 1496 2235 peccato,'qno
1542 2175 1659 2219 erat
1699 2161 1948 2218 sordidus
1971 2171 2026 2219 et
2073 2161 2171 2218 im-

594 2263 824 2317 mundus
875 2261 1138 2326 ell‘ectus;
1169 2268 1460 2330 cognoscat
1517 2257 1857 2326 iniquitatem
1900 2270 2083 2319 suam,
2115 2263 2174 2309 et

594 2361 874 2422 peccatum
913 2367 1069 2406 suum
1114 2366 1217 2406 non
1269 2358 1419 2418 putet
1467 2362 1585 2402 esse
1617 2346 1769 2408 nihil,
1802 2359 1903 2400 nec
1921 2352 2092 2414 ponat
2111 2343 2172 2396 il-

597 2443 689 2497 lud
717 2453 838 2512 post
869 2444 1085 2498 dorsum
1110 2456 1282 2503 suum,
1337 2439 1431 2493 sed
1466 2446 1590 2492 ante
1617 2435 1800 2491 oculos
1825 2449 2038 2502 semper
2068 2432 2169 2486 ha-

595 2535 732 2590 bens
758 2534 1008 2604 imploret
1054 2532 1202 2586 illum
1231 2531 1321 2602 qui
1351 2530 1526 2585 dixit:
1558 2527 1736 2582 Deleri
1776 2536 1828 2582 ut
1853 2525 2036 2580 nubem
2071 2523 2172 2578 iui-

592 2624 816 2694 quitates
869 2634 1008 2689 tuas,
1053 2632 1101 2677 et
1151 2622 1302 2692 quasi
1347 2619 1589 2673 nebulam
1636 2627 1845 2687 peccata
1897 2627 1988 2669 tua
2034 2614 2170 2684 (Isa.

596 2730 744 2780 xuv,
766 2714 877 2785 22).
909 2715 1167 2770 Similiter
1185 2723 1239 2770 et
1266 2712 1550 2782 supplicia,
1575 2726 1698 2781 qua:
1721 2709 1955 2780 peccatis
1979 2708 2173 2763 deben-

597 2815 704 2871 tur,
734 2805 807 2860 ita
837 2814 1152 2872 extenuare,
1187 2807 1268 2859 sic
1288 2804 1524 2874 levigare
1567 2811 1622 2858 et
1651 2800 1929 2858 annullare
1956 2807 2173 2855 conten-

592 2895 692 2959 dit,
718 2904 865 2950 utea
890 2911 1104 2965 semper
1132 2894 1265 2948 nihil
1294 2909 1412 2949 esse
1441 2893 1756 2958 conﬁrmet;
1809 2906 1930 2960 qua:
1964 2890 2091 2944 licet
2117 2889 2172 2942 in

593 3001 655 3040 se
707 2985 1064 3040 substantiam
1125 2984 1323 3038 nullam
1376 2983 1615 3038 habeant
1661 2979 1948 3050 existendi,
1990 2987 2172 3032 tamen

595 3093 693 3147 per
723 3077 1032 3146 corporales
1085 3084 1340 3140 naturas,
1373 3075 1425 3128 id
1453 3083 1536 3129 est
1560 3074 1736 3144 ignem
1781 3081 2076 3136 aeternum,
2117 3080 2172 3124 et

595 3177 844 3238 stagnum
871 3168 1160 3238 sulphuris,
1203 3175 1258 3220 et
1299 3181 1510 3222 vermes
1559 3181 1833 3236 nunquam
1863 3163 2174 3219 deﬁcientes

596 3245 973 3313 damnatorum
1001 3266 1060 3312 et
1105 3258 1440 3327 corporibus,
1479 3265 1535 3311 et
1582 3258 1799 3322 animis,
1825 3256 2171 3312 inferuntur:

599 3346 729 3402 dum
769 3354 824 3400 et
877 3347 1087 3401 animas
1132 3354 1186 3402 et
1239 3360 1466 3416 corpora
1516 3347 1674 3401 simul
1722 3347 2055 3402 excruciant.
2107 3345 2176 3400 Et

601 3435 744 3500 ideo,
788 3436 912 3492 licet
968 3452 1076 3490 non
1134 3437 1243 3492 sint
1309 3437 1754 3504 subslantialiter,
1809 3447 1935 3492 sunt
1992 3447 2172 3492 tamen

599 3542 813 3596 semper
863 3527 1169 3596 poenaliter,
1201 3536 1256 3583 et
1316 3528 1604 3583 infeliciter
1644 3529 1698 3583 in
1750 3544 1940 3584 eorum
1977 3527 2176 3584 animis

597 3627 654 3672 et
673 3619 1009 3689 corporibus,
1031 3633 1166 3687 quos
1187 3619 1301 3674 sine
1323 3619 1426 3674 ﬁne
1449 3619 1780 3674 excruciant.

669 3752 928 3818 Quocirca
962 3768 1066 3806 non
1107 3767 1204 3808 nos
1256 3751 1486 3807 delectet
1529 3753 1716 3808 audire
1740 3754 1806 3808 ab
1831 3753 1934 3810 isto
1976 3753 2175 3809 misero

594 3841 880 3896 seductore
904 3852 1232 3912 peccatorum
1258 3842 1511 3912 supplicia
1544 3842 1674 3896 nihil
1698 3860 1806 3898 esse
1828 3861 1846 3910 ;
1878 3845 1970 3899 sed
1998 3846 2176 3914 potius

604 3935 886 3988 audiamus
911 3934 1054 4003 quod
1082 3935 1361 3989 veriSsime
1387 3932 1600 3988 Veritas
1628 3935 1760 3989 dicit
1789 3951 1802 3987 :
1835 3933 2076 3988 Mortuus
2100 3943 2176 3988 est

600 4034 773 4078 autem
807 4036 855 4078 et
898 4026 1059 4090 dives,
1103 4034 1149 4078 et
1193 4025 1426 4095 sepultus
1468 4033 1540 4080 est
1578 4027 1633 4081 in
1671 4026 1896 4095 inferno.
1949 4023 2176 4079 Elevans

606 4123 781 4166 autem
805 4115 983 4167 oculos
1009 4131 1130 4168 suos
1160 4131 1276 4167 cum
1301 4109 1430 4169 esset
1466 4117 1520 4169 in
1547 4117 1836 4179 tormentis,
1861 4115 1989 4168 vidit
2011 4115 2179 4168 Abra-

611 4201 736 4254 ham
772 4219 803 4256 a
832 4202 1002 4272 longe,
1029 4213 1077 4257 et
1100 4203 1361 4257 Lazarum
1401 4206 1456 4259 in
1497 4207 1614 4259 sinu
1639 4206 1752 4275 ejus
1780 4221 1799 4269 ;
1836 4215 1884 4258 et
1925 4205 2032 4274 ipse
2060 4205 2173 4259 cla-

603 4307 754 4346 mans
778 4292 910 4346 dixit
939 4309 958 4347 :
995 4291 1157 4348 Pater
1199 4295 1486 4359 Abraham,
1528 4296 1770 4349 miserere
1811 4295 1934 4359 mei,
1963 4308 2008 4348 et
2034 4295 2177 4350 mitte

607 4383 892 4450 Lazarum,
933 4396 987 4439 ut
1014 4387 1236 4457 intingat
1287 4397 1573 4441 extremum
1621 4387 1769 4456 digiti
1815 4388 1897 4440 sui
1930 4388 1984 4440 in
2013 4405 2174 4457 aqua,

601 4485 651 4530 et
687 4475 952 4545 refrigeret
977 4475 1208 4546 linguam
1229 4491 1425 4540 meam,
1453 4479 1575 4548 quia
1602 4478 1808 4530 crucior
1828 4477 1881 4530 in
1901 4477 1999 4531 hac
2025 4479 2177 4547 ﬂam-
2207 4460 2255 4520 Ῑ)

601 4584 689 4620 ma
729 4565 894 4638 (Luc.
926 4583 1049 4632 xvi,
1087 4568 1190 4632 22,
1237 4568 1341 4632 23,
1380 4569 1494 4639 24).
1551 4570 1617 4623 Ει
1658 4571 1814 4640 paqu
1845 4580 2002 4639 post,
2055 4585 2180 4626 cum

600 4675 702 4729 pro
729 4660 986 4714 fratribus
1021 4659 1131 4714 suis
1156 4660 1503 4728 supplicaret,
1537 4662 1612 4714 ait
1642 4678 1655 4714 :
1691 4659 1755 4714 Ut
1797 4671 2013 4714 testctur
2049 4660 2177 4724 illis,

604 4766 670 4803 ne
719 4751 817 4818 ipsi
841 4753 1046 4804 veniant
1100 4751 1154 4803 in
1199 4750 1335 4803 hunc
1377 4750 1544 4804 locum
1588 4761 1961 4804 tormentorum
1993 4751 2176 4822 (lbid.,

601 4841 718 4910 28).
772 4841 911 4896 Ecce
957 4841 1138 4895 infelix
1191 4851 1245 4895 et
1298 4841 1972 4898 infelicissimedanmatus
2011 4845 2180 4908 dives,

604 4933 790 4986 statim
836 4942 896 4986 ut
923 4942 1168 4987 mortuus
1209 4943 1292 4988 est
1317 4948 1569 5004 corpore,
1609 4935 1786 4988 anima
1833 4935 2071 5002 sepultus
2099 4942 2184 4987 est

606 5027 662 5080 in
695 5024 922 5089 inferno;
950 5027 1036 5080 ubi
1064 5029 1343 5081 tenebatur
1371 5029 1484 5098 ipsa
1517 5029 1694 5082 anima
1729 5029 1780 5082 in
1806 5028 2109 5091 tormentis,
2131 5037 2187 5082 et

606 5119 681 5174 ibi
714 5119 943 5187 amplius
975 5119 1345 5183 cruciabatur,
1386 5121 1528 5174 unde
1572 5119 1802 5188 amplius
1847 5127 2183 5188 peccaverat,

607 5210 660 5265 Id
682 5210 847 5264 estin
893 5209 1104 5279 lingua;
1136 5218 1191 5264 et
1214 5211 1559 5266 cruciabatur
1599 5210 1651 5263 in
1695 5209 1906 5263 flamma
1951 5209 2185 5278 undique

607 5302 870 5354 adurente
887 5309 943 5354 et
962 5311 1359 5355 concremante.
1388 5300 1455 5353 Et
1482 5300 1624 5354 sicut
1646 5300 1760 5369 ipse
1790 5300 1958 5353 micas
1987 5314 2184 5353 mensa:

607 5403 720 5444 suae
750 5407 853 5444 non
879 5391 1098 5445 dederat
1132 5392 1338 5446 Lazaro
1365 5392 1612 5446 mendico
1640 5399 1695 5446 et
1724 5389 1995 5444 ulceribus
2026 5389 2186 5458 pleno

599 5478 800 5548 jacenti
829 5483 896 5537 ad
917 5481 1138 5550 januam
1166 5479 1343 5544 suam.
1383 5483 1455 5536 ita
1481 5493 1536 5538 et
1569 5483 1680 5554 ipse
1702 5482 1898 5538 stillam
1923 5497 2077 5552 aqua:
2117 5481 2184 5537 de

607 5569 774 5638 digito
819 5573 960 5643 ejus,
1011 5589 1117 5644 qua
1165 5574 1552 5642 aliquantulum
1600 5575 2044 5646 refrigeraretur,
2075 5591 2181 5629 non

606 5663 805 5718 meruit
830 5664 1140 5737 impetrare.
1167 5665 1232 5720 Et
1265 5680 1364 5735 pro
1395 5663 1651 5720 fratribus
1699 5677 1851 5737 rogat
1888 5681 1954 5722 ne
1992 5677 2046 5722 et
2083 5667 2181 5738 ipsi

2269 2079 2482 2132 visionis
2531 2078 2672 2131 omni
2718 2077 2864 2132 carui
2909 2075 3044 2148 (ba.
3096 2093 3242 2144 ιινι,
3272 2077 3387 2149 24).
3424 2076 3532 2132 Sed
3566 2087 3618 2133 et
3659 2078 3802 2131 beatus

2269 2165 2370 2226 Job
2398 2167 2815 2236 lacrymabiliter
2843 2171 3006 2224 Deum
3041 2169 3292 2238 implorat
3315 2170 3506 2225 dicens
3537 2188 3550 2224 :
3595 2168 3803 2236 Nunquid
3900 2157 3901 2170 ¹

2271 2275 2375 2311 non
2399 2270 2634 2327 paucitas
2674 2260 2876 2314 dierum
2907 2275 3138 2313 meorum
3167 2261 3382 2328 ﬁnietur
3427 2260 3608 2314 brevi?
3635 2260 3802 2312 Dimitte
3900 2269 3901 2284 ‘

2269 2364 2390 2417 ergo
2412 2365 2511 2411 me,
2541 2359 2596 2402 ut
2627 2347 2869 2417 plangam
2904 2348 3176 2416 paululum
3205 2347 3440 2402 dolorem
3485 2363 3674 2411 meum;
3701 2359 3804 2401 ante

2270 2457 2424 2511 quam
2454 2441 2660 2505 vadunt,
2684 2451 2730 2495 et
2769 2459 2870 2495 non
2903 2451 3128 2495 revertar
3166 2442 3235 2494 ad
3292 2452 3491 2496 terram
3533 2441 3802 2496 tenebrosam

2271 2543 2320 2592 et
2346 2543 2577 2601 opertam
2603 2533 2782 2586 mortis
2828 2533 3082 2601 caligine;
3123 2542 3317 2588 terram
3367 2535 3592 2588 miseria:
3629 2546 3672 2588 et
3694 2545 3800 2586 tene-

2272 2623 2508 2685 brarum,
2545 2623 2631 2676 ubi
2655 2624 2837 2676 umbra
2880 2624 3094 2687 mortis,
3123 2632 3171 2676 et
3208 2623 3383 2678 nullus
3411 2625 3559 2689 ordo,
3590 2634 3634 2678 et
3657 2624 3802 2690 sempi-

2271 2722 2449 2766 ternus
2495 2713 2683 2766 horror
2732 2712 2985 2766 inhabitat
3031 2712 3153 2782 (Job
3189 2730 3247 2776 χ,
3288 2713 3500 2785 20-22).
3555 2715 3618 2769 Et
3645 2714 3802 2786 ‘beatus

2271 2800 2580 2858 Joannesin
2610 2800 2929 2870 Apocalypsi
2960 2818 2972 2853 :
3004 2799 3155 2854 Missi
3176 2812 3294 2854 sunt
3315 2843 3330 2867 ,
3356 2803 3548 2871 inquit,
3579 2803 3631 2855 in
3661 2812 3803 2870 stagno

2273 2891 2478 2944 ardenti
2507 2892 2623 2959 igne
2649 2900 2695 2944 et
2728 2889 2974 2959 sulphure
2999 2907 3017 2944 .'
3047 2891 3188 2959 quod
3224 2901 3299 2944 est
3353 2907 3496 2945 mors
3521 2890 3746 2951 secunda,
3767 2898 3800 2940 et

2273 2983 2647 3036 cruciubuntur
2673 2982 2758 3036 die
2775 2997 2836 3034 ac
2863 2991 3008 3034 nocte
3033 2981 3087 3034 in
3113 2982 3306 3036 sarcula
3327 2981 3639 3035 swculorum
3658 2980 3799 3049 (Apoc.

2277 3090 2369 3139 xx,
2436 3074 2545 3144 14).
2597 3074 2663 3128 Ει
2712 3073 2851 3128 sicut
2900 3072 3024 3128 alibi
3067 3074 3143 3128 ait
3186 3072 3438 3129 :Fumus
3485 3081 3804 3127 tormentorum

2277 3183 2456 3219 eorum
2499 3165 2738 3218 ascendet
2790 3167 2845 3220 in
2919 3165 3112 3219 streula
3155 3165 3471 3221 swculorum
3517 3165 3685 3234 (Apoc.
3719 3175 3799 3220 nv,

2279 3257 2388 3325 ll).
2418 3255 2542 3310 Haec
2581 3257 2806 3312 ﬁdeliter
2830 3258 3147 3322 credamus,
3176 3259 3446 3312 veraciter
3476 3259 3801 3315 timeamus,et

2277 3346 2418 3402 hunc
2450 3346 2788 3415 vaniloquum
2817 3355 2871 3401 et
2892 3349 3232 3402 seductorem
3261 3354 3478 3415 penitus
3521 3347 3587 3400 ab
3627 3344 3801 3398 auribus

2277 3436 2634 3506 repellamus:
2665 3437 2830 3502 Quia,
2881 3437 3022 3492 sicut
3062 3438 3140 3492 ait
3184 3438 3490 3507 Apostolus,
3519 3440 3800 3502 corrumpunt

2276 3526 2436 3593 bonos
2464 3544 2628 3582 mores
2655 3527 2911 3597 colloquia
2936 3526 3078 3581 mala
3101 3527 3151 3597 (Ι
3184 3526 3306 3582 Cor.
3341 3545 3432 3592 xv,
3459 3528 3570 3596 55).
3619 3524 3744 3580 Unde
3763 3529 3800 3572 et

2279 3618 2384 3671 alia
2407 3617 2683 3686 Scriptura
2702 3618 2952 3672 admonet
2965 3619 3149 3674 dicens
3173 3639 3184 3671 :
3209 3619 3333 3686 Sepi
3354 3637 3510 3674 aures
3533 3629 3642 3671 tuas
3657 3615 3798 3684 spinis.

2277 3719 2324 3764 et
2346 3708 2452 3763 noli
2473 3708 2656 3762 audire
2681 3709 2916 3780 linguam
2937 3709 3169 3780 iniquam
3191 3710 3380 3781 (Eccli.
3411 3725 3600 3773 xxvnl,
3623 3706 3718 3776 28).

2347 3839 2401 3893 2.
2445 3839 2635 3894 Statim
2662 3856 2893 3910 namque
2914 3851 3032 3912 post
3060 3842 3175 3897 haec
3211 3843 3296 3896 illa
3333 3859 3429 3897 sua
3460 3841 3631 3912 regula
3675 3836 3798 3906 impia

2277 3939 2330 3987 et
2359 3931 2578 3995 furiosa,
2607 3947 2710 4000 qua
2750 3934 3076 4002 persuadere
3099 3945 3325 3989 conatur
3349 3943 3427 3998 ut,
3463 3950 3582 3988 cum
3606 3931 3801 3985 audimus

2276 4023 2477 4090 aliquid
2492 4022 2710 4083 factum,
2739 4023 3101 4094 intelligamus
3123 4040 3226 4078 non
3250 4025 3475 4090 factum,
3507 4041 3622 4079 cum
3644 4015 3799 4088 aliquid

2280 4116 2501 4178 dictum,
2543 4115 3023 4185 intelligamusnon
3067 4117 3296 4182 dictum;
3330 4117 3569 4188 adiungit
3603 4123 3650 4168 et
3672 4110 3797 4165 dicit:

2282 4206 2561 4262 Prwscisse
2596 4219 2643 4260 et
2671 4207 3066 4276 prtrdestinasse
3093 4208 3257 4261 Deum
3290 4221 3500 4278 peccata
3543 4207 3610 4261 rel
3646 4215 3799 4272 panni.

2277 4316 2370 4368 pro
2394 4316 2495 4352 non
2515 4299 2802 4368 pra’scisse,
2827 4315 2929 4352 non
2948 4301 3363 4369 prtedestinasse,
3389 4317 3492 4352 non
3512 4305 3797 4367 prtrparasse.

2281 4391 2430 4458 Quod
2452 4391 2788 4460 apertissime
2812 4390 2930 4444 fidei
2964 4399 3019 4445 et
3051 4391 3264 4444 veritati
3290 4390 3612 4444 contrarium
3646 4391 3730 4437 est.
3757 4375 3799 4428 Si

2280 4485 2420 4538 enim
2441 4500 2542 4538 non
2561 4483 2824 4553 prmscivit
2841 4483 2980 4538 Deus
2994 4484 3300 4553 angelorum
3335 4483 3414 4536 vel
3441 4481 3694 4536 hominum
3711 4485 3798 4523 ont-

2283 4575 2368 4628 nia
2385 4573 2558 4627 futura
2575 4582 2816 4643 peccata,
2833 4581 3030 4628 nonest
3046 4573 3298 4641 praescius
3312 4573 3624 4625 futurorum.
3641 4556 3798 4629 thuid

2277 4665 2389 4734 jam
2418 4665 2558 4718 aliud
2587 4673 2804 4735 przcstat
2831 4665 2932 4719 nisi
2963 4674 3022 4718 ut
3055 4665 3192 4718 dicat
3233 4667 3327 4718 iste
3355 4664 3593 4732 insipiens
3615 4660 3660 4711 in
3685 4650 3800 4707 corde

2283 4774 2398 4817 suo.
2425 4773 2525 4809 non
2547 4767 2619 4810 est
2642 4755 2781 4810 Deus
2807 4755 2978 4826 (Psal.
3006 4773 3122 4820 xui,
3143 4756 3215 4826 l),
3248 4757 3291 4811 si
3315 4772 3418 4809 non
3450 4750 3794 4825 praescivitptr‘

2249 4867 2254 4870 ·
2287 4864 2384 4902 nas
2407 4849 2537 4916 quin
2564 4848 2910 4917 peceantibus
2945 4845 3088 4915 juste
3129 4849 3411 4910 debentur,
3457 4841 3701 4916 quomodo
3730 4847 3798 4885 ras

2286 4946 2341 4991 et
2371 4937 2421 4990 in
2453 4937 2756 5006 Evangeliis
2777 4946 2830 4991 et
2854 4937 2904 4991 in
2927 4939 3137 4992 czetcris
3157 4938 3450 5006 Scriptor-is
3480 4946 3582 4989 tam
3610 4928 3795 4985 assidue.

2276 5038 2396 5083 tam
2425 5030 2678 5100 graviter,
2705 5039 2810 5083 tam
2838 5029 3153 5084 terribiliter
3185 5031 3558 5084 comminatur.
3592 5023 3682 5079 Sed
3701 5015 3798 5072 dicit

2287 5118 2425 5173 iste:
2461 5118 2599 5183 Quia
2613 5128 2824 5187 peccata
2847 5119 2924 5172 uel
2943 5136 3108 5188 poma:
3130 5119 3258 5173 nihil
3279 5129 3419 5184 sunt,
3457 5137 3516 5173 eo
3554 5113 3678 5186 quod
3707 5106 3794 5160 sul“

2286 5209 2533 5262 stantiam
2555 5225 2647 5277 per
2671 5225 2723 5262 se
2749 5208 3004 5262 existendi
3038 5225 3143 5263 non
3179 5210 3423 5264 habeant.
3470 5206 3534 5259 Et
3571 5205 3673 5258 ideo
3693 5191 3795 5287 quod

2288 5299 2417 5353 nihil
2443 5309 2516 5353 est
2549 5297 2717 5352 Deum
2756 5315 2846 5352 nec
2867 5301 3001 5354 scire
3031 5316 3122 5353 nec
3145 5301 3388 5370 prtescire
3411 5297 3642 5368 potuisse.
3670 5289 3796 5354 Qua-‘1

2286 5392 2397 5446 Deo
2444 5391 2682 5458 ignotum
2721 5391 2793 5446 sit
2843 5391 3100 5461 quidquid
3148 5407 3257 5446 non
3310 5401 3416 5456 est,
3453 5398 3506 5445 et
3543 5383 3669 5456 quod
3713 5378 3794 5444 ipse

2286 5480 2648 5536 essentialiter
2694 5490 2750 5536 et
2799 5481 3118 5535 naturaliter
3162 5496 3283 5537 esse
3345 5497 3448 5534 non
3497 5477 3613 5531 fecit
3649 5491 3660 5525 :
3703 5477 3794 5520 cum

2287 5573 2376 5628 ille
2424 5573 2778 5642 omnipotenti
2825 5573 3048 5628 scientia
3087 5581 3143 5627 et
3186 5570 3517 5641 pncscientia
3563 5580 3649 5620 sua
3688 5558 3791 5611 sicut

2289 5669 2438 5724 novit
2464 5668 2645 5725 omnia
2675 5683 2792 5740 quae
2814 5664 2966 5734 fecit,
3002 5665 3080 5721 sic
3123 5664 3290 5721 etiam
3331 5661 3535 5720 noverit
3574 5670 3678 5727 qua:
3715 5659 3795 5702 non
