3970 6306
195 347 308 406 189

1151 343 1362 405 LIBER
1396 346 1770 406 ADVERSUS
1806 347 2124 407 JOANNEM
2160 350 2464 410 SCOTUM.

3355 365 3498 425 £90.

187 460 325 515 iecit
350 471 376 510 .-
403 475 416 512 :
445 465 519 523 et,
551 455 690 512 sicut
718 457 867 512 novi't
891 469 1011 527 qua:
1043 466 1188 514 esset
1239 456 1504 523 facturus,
1529 457 1602 512 ita
1630 472 1774 512 sem-
1798 463 1848 521 Α
1875 469 1932 514 ιιι
1958 470 2216 530 agnoscat
2242 477 2319 527 se,
2345 462 2481 520 velle
2504 471 2564 517 ut
2589 473 2736 521 amet
2760 480 2840 522 se.
2883 467 3142 525 Liberum
3168 472 3332 528 etiam
3358 491 3452 528 an

186 563 291 619 per
315 547 520 604 noverit
551 561 672 615 quae
695 561 802 600 non
844 555 990 602 esset
1035 545 1297 602 facturus.
1333 546 1413 600 Ita
1459 562 1692 616 namque
1714 557 1773 602 et

188 653 315 708 quae
349 635 510 691 vellet
530 650 675 700 esse,
700 644 753 690 et
779 650 900 704 quae
919 635 1085 692 nollet
1130 650 1271 702 esse,
1321 635 1628 692 nullatenus
1676 651 1772 706 po-

190 729 302 782 tuit
335 727 628 799 ignorare:
659 734 715 780 et
750 726 896 796 quod
930 725 1102 782 noluit
1136 725 1338 782 habere
1392 735 1640 781 naturam
1693 726 1777 781 vel

188 816 559 873 substantiam
599 815 868 870 existendi
894 857 912 882 ,
960 817 1110 872 novit
1154 817 1272 872 sine
1324 816 1486 872 dubio
1522 831 1776 888 magnum

189 909 396 965 malum
452 922 576 964 esse
617 916 828 962 natura:
860 907 1188 964 subsistendi
1249 907 1505 978 angelicae
1545 907 1633 963 vel
1673 909 1775 961 hu-

189 1015 392 1065 manae,
416 1013 539 1055 cum
570 1005 793 1068 peccato
821 997 877 1051 iu
901 997 1138 1053 deterius
1162 1005 1548 1064 commutatur,
1574 1005 1630 1051 et
1663 1012 1778 1068 pa:-

190 1093 302 1146 nali
326 1089 586 1160 supplicio
618 1089 737 1144 sine
789 1089 895 1143 line
921 1089 1213 1144 cruciatur.

265 1182 420 1248 Quod
450 1190 631 1234 autem
655 1179 786 1233 dicit
822 1177 989 1232 Deum
1009 1195 1117 1232 non
1153 1176 1554 1246 prwdestinasse
1596 1194 1778 1248 plenas

191 1273 272 1327 vel
319 1282 555 1342 peccata,
585 1271 654 1326 de
681 1271 920 1341 peccatis
961 1271 1148 1340 utique
1173 1285 1358 1325 verum
1379 1279 1484 1337 est,
1519 1271 1646 1341 quia
1670 1286 1780 1326 non

123 1354 140 1365 ’
188 1364 618 1434 pnedestinavit,
659 1363 762 1417 nisi
790 1377 910 1432 quae
960 1362 1138 1416 t'uerat
1176 1363 1290 1433 ipse
1335 1363 1598 1418 facturus.
1649 1362 1780 1430 Quae

187 1459 380 1528 utique
406 1458 586 1512 omnia
613 1468 670 1512 et
692 1458 831 1512 bona
861 1465 916 1511 et
935 1456 1080 1526 justa
1108 1467 1254 1512 sunt.
1287 1457 1364 1512 De
1393 1457 1568 1526 pinnis
1595 1465 1780 1512 autem

187 1550 476 1605 manifeste
500 1548 845 1604 falsissimum
868 1557 972 1613 est,
1012 1563 1149 1616 quas
1173 1563 1280 1603 non
1306 1548 1480 1604 solum
1502 1549 1780 1619 prredesti-

187 1641 362 1703 navit,
390 1637 482 1694 sed
503 1639 668 1692 etiam
689 1638 1027 1707 prteparavit.
1057 1637 1210 1692 Sicut
1255 1637 1373 1708 ipse
1420 1638 1680 1693 Dominus
1723 1639 1779 1693 in

185 1731 483 1800 Evangelio
505 1729 635 1784 dicit
659 1747 672 1782 :
728 1728 990 1783 Discedite
1013 1746 1046 1782 a
1067 1745 1168 1793 me,
1200 1730 1486 1794 maledicti,
1512 1733 1564 1783 in
1607 1732 1775 1799 ignem

1874 553 2094 609 bitrium
2143 554 2388 611 naturale
2426 559 2799 614 tantummodo
2832 559 3031 615 donum
3062 561 3336 619 Creatoris
3357 580 3456 619 as-

1875 643 2009 699 serit
2032 643 2150 709 iste,
2179 645 2318 700 sicut
2344 659 2505 716 supra
2533 648 2664 705 satis
2691 650 2804 704 suis
2829 649 3008 708 verbis
3029 653 3287 708 ostendit.
3313 654 3455 711 Dicit
3527 707 3530 710 .

1875 735 2058 804 itaque
2093 734 2262 790 Deum
2287 751 2393 792 non
2414 739 2605 807 punire
2628 755 2749 810 quas
2769 739 2928 806 fecit;
2957 742 3013 797 id
3051 752 3134 798 est
3161 760 3260 800 nec
3287 746 3448 813 spiri-

1879 835 1988 882 tum
2016 827 2314 898 angelicum
2354 829 2409 883 in
2435 831 2642 900 angelis
2669 833 2917 904 malignis
2948 851 2962 888 :
2994 849 3096 889 nec
3122 836 3367 904 spiritum
3391 848 3446 892 et
3530 880 3541 890 .

1875 929 2072 986 corpus
2093 915 2152 970 in
2176 916 2482 973 hominibus
2507 921 2847 976 damnandis.
2876 922 2945 976 Et
2979 925 3248 992 quomodo
3277 926 3448 994 ignem

1875 1013 2129 1058 uernum
2149 1003 2278 1059 dicit
2302 1015 2546 1075 paratum
2566 1025 2674 1064 esse
2703 1009 2913 1066 diabolo
2933 1021 2981 1066 et
3024 1013 3224 1081 angelis
3243 1014 3383 1083 ejus,
3404 1015 3452 1071 si

1877 1091 1970 1148 illo
2009 1093 2131 1163 igne
2161 1094 2380 1163 spiritus
2407 1098 2635 1167 angelici
2666 1099 2925 1169 puniendi
2965 1116 3072 1156 non
3118 1105 3277 1158 sunt?
3303 1105 3451 1170 Quo-

1877 1185 2036 1239 modo
2061 1185 2226 1240 etiam
2253 1186 2382 1242 alibi
2412 1189 2724 1245 hominibus
2755 1200 2810 1245 et
2838 1194 2905 1248 de
2942 1193 3249 1249 hominibus
3275 1197 3408 1251 dicit
3437 1216 3450 1251 :

1877 1272 1983 1352 Sed
2005 1273 2175 1344 potius
2202 1291 2322 1331 eum
2343 1277 2523 1333 timete
2551 1279 2640 1349 qui
2671 1288 2837 1349 potest
2864 1289 2913 1334 et
2937 1282 3167 1335 animam
3191 1291 3239 1336 et
3269 1300 3456 1352 corpus

1875 1365 2090 1445 perdere
2115 1367 2171 1420 in
2203 1367 2488 1436 gehennam
2518 1367 2734 1439 (Matth.
2776 1386 2831 1436 ι,
2858 1371 2979 1442 98),
3017 1372 3064 1426 si
3098 1373 3190 1428 illo
3214 1375 3459 1428 cruciatu

1877 1455 2136 1524 gehennze
2159 1471 2262 1511 nec
2288 1457 2492 1522 anima,
2530 1473 2631 1514 nec
2658 1474 2882 1530 corpus,
2907 1477 3029 1530 qua:
3054 1471 3283 1532 utraque
3316 1463 3460 1520 Deus

1876 1544 2007 1603 fecit
2037 1548 2360 1616 punientur?
2400 1547 2506 1605 Sed
2546 1565 2675 1606 vere
2707 1552 3000 1622 punientur
3042 1561 3101 1610 et
3139 1555 3362 1625 spiritus
3401 1564 3460 1610 et

1877 1651 2106 1706 corpora
2152 1638 2206 1693 in
2252 1639 2517 1709 gehenna,
2550 1641 2691 1696 sicut
2736 1658 2861 1698 vera
2904 1643 3042 1700 ﬁdes
3086 1645 3288 1711 credit,
3315 1647 3458 1702 sicut

1879 1728 1992 1798 ipsa
2026 1727 2238 1784 Veritas
2280 1739 2505 1787 testatur
2535 1750 2549 1786 :
2581 1747 2692 1788 non
2712 1735 2842 1802 quia
2873 1750 2936 1789 ca
2982 1735 3122 1792 Deus
3152 1737 3279 1794 fecit
3304 1779 3320 1802 ,
3352 1739 3451 1795 scd

185 1795 447 1878 aeternum
511 1822 600 1892 qui
645 1831 860 1890 paratus
924 1830 998 1874 est
1055 1821 1266 1874 diabolo
1317 1831 1364 1875 et
1418 1795 1774 1891 angelis'ejus
1807 1795 1852 1855 Β
1879 1795 2005 1890 quia
2040 1822 2154 1890 ipsa
2187 1821 2429 1878 fecerunt
2460 1840 2580 1892 qua:
2608 1795 2749 1880 Deus
2769 1841 2875 1880 non
2901 1824 3051 1890 iecit,
3083 1837 3140 1882 et
3159 1844 3282 1897 qua:
3307 1795 3454 1884 Deus

185 1915 409 1983 (Matth.
438 1931 512 1979 ιι,
533 1912 646 1983 41).
694 1912 952 1983 Adiungit
977 1912 1280 1982 exemplum
1311 1911 1471 1966 Iuda:
1497 1913 1632 1968 satis
1680 1913 1777 1968 ab-

187 2007 357 2062 surde
403 2013 458 2060 et
501 2004 814 2073 incongrue,
859 2003 1000 2058 sicut
1027 2019 1189 2074 supra
1217 2013 1496 2058 ostensum
1521 2013 1624 2058 est.

263 2097 333 2151 Et
351 2096 537 2152 statim
557 2093 831 2166 subiungit
859 2095 1074 2150 dicens:
1109 2093 1298 2148 Poenas
1325 2093 1468 2146 mala
1491 2109 1602 2148 esse
1626 2094 1774 2147 ideo-

185 2205 295 2257 que
319 2204 420 2241 non
449 2203 482 2240 a
514 2185 646 2250 Deo,
677 2203 711 2238 a
750 2201 853 2255 quo
890 2183 1089 2238 malum
1118 2201 1220 2238 non
1267 2185 1357 2238 sit.
1399 2182 1598 2238 Contra
1645 2183 1776 2238 illud

185 2277 337 2347 quod
385 2278 498 2346 ipse
549 2275 694 2330 Deus
743 2289 841 2344 per
889 2275 1206 2346 prophetam
1254 2283 1485 2328 testatur
1530 2273 1716 2328 dicens
1758 2290 1770 2326 :

187 2367 310 2440 Ego
325 2368 600 2433 Dominus,
626 2368 824 2437 faciens
844 2383 1025 2438 pacem
1065 2375 1115 2422 et
1159 2383 1341 2421 creans
1391 2366 1589 2420 malum
1637 2367 1772 2438 (lsa.

187 2477 320 2526 nv,
344 2462 420 2532 7).
465 2461 622 2517 Unde
645 2468 700 2515 et
727 2460 855 2515 alibi
885 2460 1143 2528 scriptum
1193 2468 1314 2514 est:
1351 2458 1409 2513 Si
1451 2460 1548 2513 erit
1579 2457 1774 2512 malum

185 2554 252 2607 in
276 2553 484 2606 civitate
507 2551 645 2621 quod
669 2549 923 2604 Dominus
965 2565 1068 2603 non
1107 2549 1226 2618 fecit
1256 2548 1436 2620 (Amos
1483 2565 1540 2602 ιιι
1558 2589 1572 2609 .
1599 2548 1674 2617 6).
1709 2548 1776 2601 Ει

189 2644 394 2698 lterum
417 2627 442 2697 :i
461 2641 612 2695 Bona
651 2650 699 2695 et
723 2639 865 2693 mala
894 2641 1000 2694 vita
1033 2651 1080 2694 et
1113 2655 1276 2706 mors,
1305 2649 1584 2709 paupertas
1616 2651 1662 2692 et
1690 2639 1781 2692 ho-

189 2744 446 2798 aestas,a
474 2731 586 2786 Deo
620 2742 741 2785 sunt
764 2727 959 2801 (Eccli.
994 2745 1085 2795 ιι,
1118 2729 1231 2800 14).
1280 2729 1349 2784 Ει
1394 2729 1515 2784 ideo
1548 2727 1779 2783 ﬁdeliter

186 2824 634 2888 discernendum,
680 2822 826 2876 aliud
882 2836 1010 2877 esse
1054 2821 1278 2887 malum,
1336 2821 1390 2875 id
1434 2828 1518 2875 est
1562 2820 1775 2885 vitium,

186 2913 532 2970 contrarium
557 2913 720 2976 bono,
763 2913 906 2981 quod
939 2911 1125 2982 uthue
1155 2925 1262 2966 non
1303 2919 1391 2966 est
1432 2927 1464 2964 a
1507 2911 1636 2973 Deo,
1682 2909 1778 2965 sed

187 3003 282 3058 uel
307 3019 337 3056 a
361 3001 578 3058 diabolo
603 3002 901 3067 inventum,
934 3001 1016 3056 vel
1055 3003 1123 3056 ab
1144 3002 1362 3057 homine
1387 3001 1771 3066 commissum;

188 3096 340 3150 aliud
365 3110 494 3150 vero
525 3109 650 3150 esse
672 3093 895 3159 malum,
924 3095 1068 3164 quod
1091 3093 1360 3165 significat
1380 3093 1616 3163 aliquam
1642 3092 1777 3146 allii-

187 3188 433 3243 ctionem
460 3186 545 3240 vel
582 3185 932 3256 temporalem
967 3186 1053 3241 vel
1088 3193 1388 3240 aeternam:
1440 3193 1498 3238 ut
1543 3195 1669 3240 sunt
1694 3183 1777 3238 fa-

189 3293 336 3340 sues,
361 3275 688 3346 pestilentia,
733 3276 1083 3338 bostilitates,
1111 3275 1466 3338 vastationes,
1514 3289 1682 3339 mors,
1725 3270 1783 3330 ei

190 3371 314 3439 ipsa
343 3383 462 3438 quae
503 3366 842 3438 appellantur
862 3376 1066 3420 aeterna
1094 3366 1388 3437 supplicia;
1431 3382 1552 3435 qua:
1593 3366 1782 3436 utique

188 3463 378 3517 omnia
408 3477 437 3514 a
465 3462 575 3516 Deo
596 3468 752 3515 sunt:
786 3460 913 3528 quia
939 3475 1042 3513 non
1081 3459 1186 3512 nisi
1222 3455 1368 3528 justa
1411 3458 1529 3529 ejus
1554 3458 1784 3527 disposi-

191 3554 368 3618 tione,
407 3560 460 3607 et
480 3552 631 3622 justo
656 3549 772 3619 ejus
791 3548 995 3618 judicio
1031 3560 1402 3620 praeparantur
1429 3549 1510 3604 vel
1539 3548 1783 3604 inferuu-

191 3654 307 3698 snr.
339 3642 444 3696 Iste
479 3651 675 3705 autem,
705 3641 795 3710 qui
825 3655 1014 3710 pinnas
1058 3639 1174 3696 illas
1207 3647 1441 3695 alternas
1469 3654 1499 3693 a
1537 3641 1645 3694 Deo
1676 3655 1783 3694 non

188 3753 318 3793 esse
338 3737 638 3796 continuat,
671 3733 1074 3804 compellandus
1091 3741 1174 3787 est
1196 3772 1212 3797 ,
1244 3743 1304 3785 ut
1323 3731 1468 3787 dicat
1489 3747 1519 3785 a
1545 3747 1655 3802 quo
1689 3746 1784 3786 eas

189 3842 320 3884 esse
367 3835 534 3896 putet.
575 3833 754 3879 utrum
795 3841 823 3877 a
851 3822 1097 3886 diabolo,
1151 3822 1239 3876 cui
1271 3830 1396 3876 sunt
1432 3829 1781 3891 prmparataa;

191 3919 351 3973 anab
369 3917 697 3978 hominibus,
739 3915 830 3986 qui
853 3915 924 3968 ibi
942 3915 1142 3984 pariter
1168 3912 1448 3968 cruciandi
1474 3921 1632 3978 sunt;
1657 3928 1724 3966 an
1752 3928 1785 3967 a

189 4009 370 4071 nullo,
396 4016 456 4060 ut
481 4008 598 4062 sine
625 4007 806 4075 aliquo
833 4014 1056 4060 auctore
1082 4012 1366 4059 coceterna:
1383 4004 1492 4058 Deo
1524 4004 1778 4058 existant.

269 4098 562 4168 Subjungit
573 4105 693 4167 post
707 4098 821 4151 haec
834 4095 1019 4150 dicens
1039 4095 1228 4149 :Deum
1243 4111 1346 4148 non
1360 4096 1549 4164 punire
1561 4110 1679 4164 qua:
1690 4093 1742 4163 fe
1752 4122 1768 4134 -

193 4194 268 4248 eit
295 4208 387 4245 nec
406 4192 470 4244 ab
496 4191 568 4244 eis
594 4187 857 4245 naturalia
872 4203 1087 4240 munera
1111 4184 1312 4239 tollere.
1327 4185 1479 4252 Quod
1493 4185 1790 4256 utdiligen-

195 4286 312 4338 sius
343 4281 732 4345 consideretur,
751 4279 1094 4334 manifestum
1106 4286 1190 4332 est
1204 4276 1293 4332 illa
1307 4291 1428 4346 qua:
1440 4276 1581 4330 Deus
1593 4275 1718 4330 fecit
1733 4275 1804 4344 in.

193 4383 458 4429 creatura
492 4370 994 4440 rationaliangclica
1016 4368 1099 4423 vel
1115 4369 1370 4431 humana,
1399 4381 1518 4422 esse
1540 4367 1593 4421 in
1624 4382 1789 4436 ange-

195 4465 268 4518 lis
282 4463 504 4532 spiritus
526 4461 643 4515 sine
667 4474 914 4529 corpore,
933 4473 1054 4514 esse
1071 4457 1124 4512 in
1135 4457 1455 4526 hominibus
1467 4457 1704 4511 animam
1733 4464 1788 4510 et

194 4568 436 4622 corpus:
453 4552 723 4606 Naturalia
751 4567 880 4606 vero
900 4565 1122 4605 munera
1142 4565 1263 4618 qua:
1288 4549 1408 4604 istis
1432 4549 1786 4603 rationalibus

194 4645 474 4699 creaturis
507 4643 828 4698 naturaliter
865 4642 1008 4697 Deus
1039 4641 1207 4705 dedit,
1232 4639 1320 4694 illa
1348 4639 1464 4693 vult
1486 4639 1586 4694 iste
1630 4637 1785 4694 intel-

195 4736 298 4806 ligi
326 4736 391 4790 de
409 4735 607 4804 quibus
629 4733 876 4804 superius
902 4731 1070 4787 multa
1096 4729 1306 4787 locutus
1332 4739 1437 4797 est,
1466 4730 1519 4785 id
1541 4739 1626 4786 est
1643 4731 1786 4800 quod

199 4826 403 4882 habeat
424 4825 479 4879 in
504 4840 562 4879 se
590 4823 908 4878 naturaliter
929 4839 1080 4878 mens
1117 4823 1354 4877 humana
1380 4823 1495 4878 sive
1521 4822 1786 4892 angelica,

200 4917 548 4980 memoriam,
581 4914 1012 4986 intelligentiam,
1043 4912 1370 4968 voluntatem
1388 4952 1404 4978 ,
1432 4927 1552 4968 esse
1570 4953 1583 4978 ,
1611 4927 1789 4979 nosse,

201 5010 366 5074 velle,
397 5018 457 5064 ut
483 5009 802 5064 naturaliter
832 5007 1142 5063 meminerit
1169 5007 1274 5071 sui,
1316 5005 1576 5084 inwlligat
1603 5022 1681 5070 se,
1708 5007 1792 5061 di-

200 5105 342 5177 ligat
367 5121 456 5172 se,
489 5103 1038 5160 naturaliterhabeat
1078 5118 1200 5159 esse
1242 5109 1301 5156 ut
1351 5102 1584 5168 existat,
1632 5118 1792 5159 nosse

1877 1911 2012 1976 odit,
2039 1919 2093 1965 et
2125 1926 2245 1980 qua:
2270 1912 2532 1981 impunita
2557 1929 2679 1970 esse
2705 1930 2813 1970 non
2842 1915 2993 1980 sinit,
3020 1916 3074 1970 id
3102 1927 3186 1972 est
3207 1928 3450 1988 peccata.

1878 2001 2008 2068 Quae
2042 2002 2160 2056 sine
2201 2002 2512 2058 auctoribus
2540 2004 2652 2059 suis
2678 2020 2854 2074 neque
2898 2020 3040 2071 esse,
3073 2021 3247 2076 neque
3274 2008 3454 2078 puniri

1875 2102 2104 2164 possunt
2135 2109 2148 2146 :
2182 2109 2355 2163 neque
2379 2095 2526 2150 enim
2556 2110 2654 2164 per
2675 2111 2734 2151 se
2761 2095 3086 2162 subsistunt,
3109 2109 3168 2153 ut
3191 2100 3242 2153 in
3264 2099 3456 2168 seipsis

1878 2186 2190 2257 puniantur,
2221 2188 2315 2242 sed
2352 2187 2533 2242 insunt
2572 2189 2842 2244 mentibus
2868 2190 3174 2259 depravatis
3201 2193 3458 2264 angelicis

1877 2278 1990 2332 sive
2017 2278 2266 2333 humanis
2292 2278 2361 2333 ab
2387 2277 2515 2347 ipsis
2539 2280 2848 2346 commissa,
2879 2281 3009 2352 ipsis
3027 2280 3376 2350 adhaerentia,
3399 2292 3458 2339 et

1876 2383 2000 2424 cum
2029 2368 2160 2438 ipsis
2185 2369 2424 2438 atquein
2463 2369 2594 2439 ipsis
2617 2371 2941 2428 damnanda.

1945 2457 2022 2512 ita
2035 2467 2089 2512 et
2102 2458 2230 2512 illud
2246 2474 2430 2513 verum
2446 2469 2529 2515 est
2549 2461 2691 2528 quod
2723 2461 2776 2516 in
2799 2461 2894 2516 Dei
2920 2461 3166 2519 laudibus
3179 2462 3460 2534 Scriptura

1877 2551 2039 2606 dicit:
2066 2549 2262 2620 Diliges
2282 2550 2419 2604 enim
2440 2551 2616 2604 omnia
2635 2568 2752 2620 qua:
2771 2562 2916 2613 sunt,
2937 2563 2985 2607 et
3010 2553 3139 2607 nihil
3179 2554 3334 2608 odisti
3361 2570 3455 2608 eo-

1879 2660 1994 2697 rum
2015 2659 2133 2714 qute
2143 2643 2311 2712 fecisti
2327 2642 2480 2714 (Sap.
2497 2643 2701 2713 11,25).
2715 2643 2932 2712 thuod
2952 2644 3210 2700 Dominus
3225 2645 3328 2700 ait:
3350 2644 3461 2710 Qui

1875 2741 2038 2802 potest
2052 2742 2099 2786 et
2114 2733 2344 2786 animam
2354 2771 2368 2795 ,
2383 2741 2428 2785 et
2443 2748 2628 2802 corpus
2641 2733 2854 2801 perdere
2871 2734 2927 2786 in
2939 2733 3224 2802 gehennam
3239 2732 3455 2803 (Matth.

1877 2838 1936 2887 κ,
1955 2822 2069 2892 28).
2093 2822 2275 2892 Diligit
2297 2822 2440 2878 enim
2462 2831 2769 2878 creaturam
2789 2838 2964 2887 suam,
3001 2823 3054 2878 in
3077 2833 3337 2892 quantum
3359 2840 3456 2878 na-

1878 2920 1999 2966 tura
2021 2919 2122 2977 est,
2146 2919 2203 2965 et
2221 2910 2289 2965 ab
2307 2926 2373 2966 eo
2394 2911 2606 2965 condita
2637 2920 2740 2966 est.
2764 2911 2832 2965 Et
2848 2912 2961 2966 odit
2981 2927 3100 2966 eam
3123 2912 3176 2966 in
3196 2922 3459 2981 quantum

1880 3003 2067 3058 vitiata
2115 3012 2216 3058 est.
2254 3002 2406 3058 Unde
2447 3003 2711 3073 scriptum
2762 3011 2847 3057 est
2885 3021 2898 3056 :
2932 3002 3106 3057 Odisti
3143 3019 3321 3057 omnes
3366 3003 3467 3069 qui

1883 3104 2168 3164 operantur
2206 3093 2550 3162 iniquitatem,
2591 3093 2774 3162 perdes
2814 3109 2991 3148 omnes
3035 3093 3126 3163 qui
3178 3093 3465 3162 loquuntur

1883 3186 2214 3242 mendacium
2237 3201 2256 3240 :
2285 3183 2463 3239 Virum
2483 3185 2799 3255 sanguinum
2817 3194 2868 3238 et
2886 3183 3125 3238 dolosum
3144 3183 3468 3237 abominabi—
3540 3189 3544 3194 '

1882 3289 1969 3333 tur
1997 3277 2254 3332 Dominus
2284 3273 2456 3346 (Psal.
2479 3290 2533 3339 v,
2554 3275 2610 3340 7,
2634 3275 2711 3346 8).
2744 3274 2897 3333 Unde
2935 3283 2990 3329 et
3033 3273 3101 3328 de
3143 3273 3464 3342 quibusdam

1881 3369 2015 3424 dicit
2041 3367 2301 3439 propheta
2337 3384 2350 3420 :
2384 3363 2453 3418 Et
2495 3364 2622 3434 facti
2645 3375 2767 3420 sunt
2805 3363 3198 3429 abominabiles,
3227 3364 3358 3417 sicut
3402 3380 3466 3418 ea

1881 3478 1999 3533 quis
2050 3460 2343 3514 dilexerunt
2370 3458 2536 3529 .(Ose.
2575 3474 2652 3524 Ix,
2683 3458 2807 3527 l0);
2841 3466 2898 3512 ct
2939 3457 3174 3512 iterum:
3213 3456 3468 3511 Similiter

1883 3562 2058 3606 autem
2087 3560 2133 3604 et
2161 3550 2281 3604 odio
2305 3558 2424 3604 sunt
2457 3548 2565 3602 Deo
2587 3549 2776 3618 impius
2805 3557 2852 3601 et
2879 3547 3114 3617 impietas
3153 3546 3267 3616 ejus
3308 3545 3462 3616 (Sap.

1884 3659 1994 3707 xw,
2022 3644 2098 3715 9).
2127 3643 2202 3697 Ita
2228 3659 2356 3713 ergo
2378 3642 2553 3710 diligit
2579 3641 2761 3696 omnia
2792 3655 2913 3709 qua:
2933 3648 3082 3703 sunt,
3113 3648 3169 3694 et
3197 3638 3328 3693 nihil
3354 3638 3472 3692 odit

1887 3749 2072 3790 eorum
2099 3748 2218 3802 qua:
2241 3731 2400 3798 fecit;
2426 3739 2484 3785 ut
2505 3740 2683 3785 tamen
2709 3731 2822 3784 hinc
2851 3730 2905 3782 in
2935 3738 3184 3786 creatura
3213 3728 3470 3782 rationali

1885 3823 2096 3886 vitiata,
2123 3823 2414 3891 depravata
2460 3829 2622 3890 atque
2653 3827 2940 3888 corrupta,
2981 3818 3241 3887 impunita
3283 3827 3339 3871 et
3386 3818 3467 3870 in-

1887 3911 2135 3966 ordinata
2165 3927 2284 3966 esse
2310 3925 2416 3965 non
2441 3911 2604 3965 sinat.
2627 3910 2779 3965 Juste
2809 3910 2953 3963 enim
2980 3909 3260 3963 ordinatur
3291 3917 3346 3962 et
3371 3923 3472 3976 pn—

1887 4003 2036 4058 nitur
2082 4003 2134 4056 in
2177 4001 2353 4071 pinnis
2397 4011 2592 4056 natura
2621 4015 2742 4071 qua:
2777 4015 2882 4054 non
2924 3999 3024 4054 sub
3051 4000 3158 4054 Deo
3186 4008 3242 4052 et
3266 4016 3333 4055 ex
3363 3997 3476 4052 Deo

1887 4095 2058 4150 voluit
2081 4108 2203 4148 esse
2231 4094 2408 4157 beata,
2437 4091 2531 4148 sed
2575 4092 2630 4146 in
2659 4106 2768 4155 se,
2804 4101 2860 4145 et
2890 4106 2986 4160 per
3017 4105 3095 4154 se,
3123 4088 3269 4143 velut
3299 4089 3473 4143 libera

1887 4200 2009 4239 esse
2039 4183 2377 4253 concupivit:
2404 4191 2462 4236 ut
2487 4195 2606 4251 qua:
2635 4179 2808 4236 noluit
2841 4178 3035 4246 subiici
3069 4179 3274 4243 volens,
3305 4177 3481 4245 subji-r

1889 4277 2068 4331 ciatur
2097 4275 2313 4340 nolens;
2343 4283 2398 4328 et
2417 4287 2538 4344 qua:
2563 4272 2671 4326 illic
2699 4273 2876 4342 potuit
2901 4287 3021 4328 esse
3049 4285 3261 4342 semper
3290 4271 3470 4334 beata,

1890 4370 1980 4424 hic
2025 4369 2143 4423 sine
2186 4367 2293 4422 line
2337 4367 2537 4421 misera
2592 4364 2872 4421 elliciatur.
2930 4364 3068 4432 Quia
3117 4379 3332 4416 manum
3377 4361 3475 4417 Dei

1817 4494 1868 4556 υ
1895 4459 2058 4529 (sicut
2099 4457 2214 4527 ipsa
2256 4455 2534 4526 Scriptura
2577 4454 2729 4518 dicit)
2773 4454 2998 4523 cingere
3044 4449 3366 4556 impossibile.
3401 4459 3474 4504 est

1895 4547 2047 4618 (Tob.
2081 4562 2210 4610 xm,
2240 4545 2317 4614 2),
2351 4544 2438 4600 cui
2467 4559 2687 4602 necesse
2714 4551 2816 4605 est,
2859 4549 2919 4596 ut
2942 4556 3063 4610 qua:
3090 4539 3261 4594 noluit
3285 4537 3474 4593 volun-
3563 4551 3565 4554 ‘

1895 4649 2026 4704 tate,
2065 4639 2386 4704 necessitate
2415 4636 2694 4716 subdatur.

1969 4729 2107 4796 Quid
2135 4737 2316 4784 autem
2341 4727 2472 4796 ipsis
2501 4725 2711 4780 naturis
2737 4719 3094 4779 rationalibus
3126 4716 3402 4789 proderit,
3430 4717 3480 4772 si

1897 4821 1952 4878 in
1982 4819 2071 4876 illa
2099 4827 2301 4873 aeterna
2335 4817 2678 4872 damnatione
2721 4811 3031 4868 constitutis
3071 4807 3338 4866 naturalia
3365 4807 3479 4873 illa,

1898 4921 1958 4968 ut
1999 4913 2101 4966 iste
2137 4910 2289 4972 dicit,
2320 4923 2542 4962 munera
2589 4922 2696 4960 non
2741 4911 2901 4958 erunt
2942 4900 3190 4956 sublata?
3229 4899 3363 4954 Cum
3409 4897 3482 4952 ad

1895 5003 2103 5060 nullum
2134 4999 2482 5057 beatitudinis
2510 4999 2764 5058 fructum,
2795 4993 2888 5048 sed
2924 4992 3006 5047 ad-
3031 4990 3202 5048 solum
3236 4998 3479 5045 tormen-

1901 5103 2077 5152 torum
2109 5089 2380 5148 cumulum
2431 5089 2484 5143 in
2523 5087 2602 5143 eis
2647 5083 3002 5155 relinquenda
3034 5096 3154 5140 esse
3195 5076 3484 5136 manifeste

1155 5234 1364 5292 NOTAE
1403 5233 1729 5292 DUVALLII
1764 5225 2108 5293 DOCTORIS
2147 5217 2532 5280 SORBONICI.

284 5387 310 5414 α
351 5373 484 5429 Cum
535 5372 664 5428 dicit
715 5371 880 5426 Deum
919 5385 1070 5438 atque
1093 5377 1243 5424 certo
1293 5382 1456 5422 nosse
1507 5365 1635 5435 quid
1682 5380 1790 5420 non

206 5455 360 5501 esset
387 5443 629 5498 facturus
654 5459 716 5496 ac
756 5442 882 5512 quid
909 5449 1053 5495 esset
1085 5441 1347 5515 facturus,
1392 5447 1446 5491 et
1487 5455 1606 5506 qua:
1632 5451 1795 5515 evcnf

211 5528 334 5571 tura
366 5530 471 5568 non
506 5522 660 5568 erant
690 5527 752 5566 ac
774 5509 902 5580 qua:
945 5519 1121 5573 erant,
1155 5509 1288 5564 satis
1318 5523 1585 5580 superque
1615 5509 1795 5580 arguit

210 5587 304 5641 ubi
335 5586 401 5639 de
431 5585 523 5638 Dei
556 5576 862 5652 cognitione
905 5598 1082 5634 sermo
1125 5589 1228 5652 est,
1260 5580 1472 5652 nullam
1512 5577 1585 5652 illi
1617 5576 1796 5644 conje-

212 5654 476 5711 cturalem
496 5648 1079 5713 essehattrihuemlaIn,
1109 5651 1231 5720 quia
1259 5650 1383 5703 licet
1413 5649 1483 5702 sit
1509 5648 1799 5702 vehemens

212 5735 378 5792 et,ut
407 5725 592 5780 dicunt
626 5722 1018 5795 iurisconsulti,
1059 5720 1468 5789 violentissima,
1514 5723 1797 5780 inccrtitu-

1898 5359 2080 5417 dinem
2119 5366 2298 5412 tamen
2336 5352 2484 5407 omni
2521 5367 2586 5406 ex
2629 5359 2782 5421 parte
2828 5365 2934 5405 non
2961 5356 3139 5420 potest
3164 5346 3482 5421 excludere,

1900 5416 2008 5501 quo
2038 5430 2097 5482 iit
2138 5435 2203 5501 Δυι
2245 5432 2490 5501 respectu
2557 5416 2857 5501 futurorum
2909 5416 3485 5501 conditionatorulmin

1903 5486 2013 5555 Deo
2040 5498 2220 5568 potius
2238 5486 2527 5568 scientiam
2568 5493 2799 5568 mediam
2843 5502 2897 5544 et
2939 5490 3357 5568 conditionatam
3387 5486 3486 5538 dc-

1905 5556 2130 5624 beatnus
2183 5565 2489 5620 admittere.
2537 5593 2607 5635 -έ
2661 5563 2936 5626 Fonseca,
2984 5559 3198 5635 Molina,
3257 5556 3486 5635 Suarez,

1910 5640 2308 5708 Mascareguas,
2347 5634 2799 5705 disputationibus
2850 5643 2902 5688 ct
2944 5630 3213 5702 opusculis
3261 5628 3328 5682 de
3373 5628 3489 5695 ipsa

1910 5710 2155 5771 scicntia.
