3970 6306
556 312 652 368 191

1649 310 1850 368 FLOR!
1887 308 2161 368 DlACONl
2197 307 2685 367 LUGDUNENSIS

3705 325 3781 382 l9!

557 434 945 508 intelligantur,
977 443 1038 490 ut
1073 434 1416 491 meminerint
1451 432 1569 498 sui,
1596 433 1666 487 ad
1702 441 1964 488 :eternum
1993 431 2141 486 dolo-
2169 430 2222 490 A
2245 430 2386 498 quod
2413 429 2558 485 Deus
2582 445 2679 501 per
2719 433 3035 504 prophetam
3062 435 3430 492 comminatur
3454 451 3470 493 :
3496 437 3610 495 Erit
3624 457 3786 513 semper

559 541 674 579 rem
713 527 865 580 malae
895 528 1238 581 conscientiae
1271 545 1283 578 :
1319 525 1615 591 intelligant
1641 538 1702 578 se
1739 539 1951 592 semper
1981 523 2143 578 mise-

558 631 685 680 ras,
715 631 929 686 semper
956 631 1074 671 esse
1117 618 1434 680 damnatas;
1480 615 1706 684 diligant
1749 629 1828 679 se,
1877 622 1937 667 ut
1974 613 2144 681 magis

558 705 782 762 doleant
826 705 944 758 sine
976 704 1081 758 line
1107 704 1285 773 perire
1307 704 1451 772 quod
1490 711 1694 756 amant.
1727 702 1978 756 Liberum
2014 715 2145 756 vero

557 794 845 848 arbitrium
867 805 894 833 ι
923 793 1188 861 quomodo
1219 802 1313 846 aut
1339 792 1498 862 quale
1544 792 1596 846 in
1635 791 1742 846 illis
1767 792 1888 856 erit,
1915 805 2144 860 quorum

557 886 814 940 voluntas
842 900 942 940 nec
963 884 1302 954 iniquitatem
1332 899 1484 939 suam
1514 884 1715 953 poterit
1736 880 1848 949 jam
1871 883 2140 946 deserere,

559 993 662 1032 nec
699 977 896 1032 bonum
931 975 1134 1044 aliquid
1158 975 1384 1030 ulterius
1412 975 1660 1044 operari?
1687 974 1827 1028 sicut
1861 972 2144 1042 Scriptura

559 1069 690 1124 dicit
720 1086 732 1121 :
767 1066 1118 1136 Quodcunque
1138 1076 1301 1136 potest
1323 1083 1509 1119 manus
1545 1075 1636 1118 tua
1664 1064 1858 1132 facere,
1890 1065 2146 1118 instanter

563 1177 779 1231 operare
797 1173 818 1212 .'
839 1161 965 1230 quia
991 1176 1083 1213 nec
1109 1176 1258 1230 opus,
1284 1175 1376 1213 nec
1411 1160 1566 1222 ratio,
1600 1174 1690 1211 nec
1722 1157 1976 1226 sapientia
1995 1195 2010 1221 ,
2050 1171 2144 1209 nec

558 1251 774 1304 scientia
795 1259 947 1303 erunt
970 1250 1110 1319 apud
1137 1251 1357 1318 inferos,
1378 1265 1479 1320 quo
1499 1260 1556 1302 tu
1577 1264 1822 1319 properas
1843 1246 2038 1317 (Eccle.
2065 1263 2142 1310 ιχ,

559 1341 668 1412 10).
702 1341 840 1409 Quid
879 1341 986 1396 illis
1019 1343 1260 1412 proderit
1288 1357 1502 1412 semper
1525 1357 1646 1396 esse
1675 1337 1977 1404 infeliciter,
2004 1339 2146 1394 scire

553 1433 958 1489 damnationem
983 1450 1133 1488 suam
1151 1475 1166 1499 ,
1196 1435 1332 1490 velle
1364 1450 1464 1488 nec
1501 1448 1658 1505 posse
1679 1435 1906 1489 evadere
1927 1446 2143 1503 poenam

552 1525 746 1578 suam?
775 1525 966 1580 Omnia
995 1539 1124 1596 ergo
1143 1540 1263 1595 qua:
1294 1526 1380 1580 hic
1405 1525 1529 1578 data
1562 1535 1689 1580 sunt
1723 1524 1789 1578 ad
1820 1539 1976 1578 usum
2007 1523 2144 1576 bene

553 1615 770 1684 agendi,
795 1615 864 1669 ad
888 1616 1116 1685 gratiam
1159 1615 1368 1668 Domini
1402 1614 1831 1682 promerendam,
1866 1611 1936 1666 ibi
1967 1627 2143 1679 quan-

554 1705 881 1776 tulacunque
909 1721 1098 1761 eorum
1137 1706 1359 1776 vestigia
1406 1705 1785 1768 remanserint,
1837 1703 1903 1758 ad
1943 1702 2144 1772 suppli-

551 1795 697 1848 cium
726 1795 1001 1860 valebunt,
1029 1811 1135 1850 non
1168 1795 1235 1849 ad
1264 1795 1535 1850 solatium.
1562 1793 1619 1850 Si
1649 1804 1829 1848 autem
1862 1791 2141 1847 rationalis

552 1896 817 1941 creatura:
863 1887 1146 1952 memoria,
1194 1887 1569 1958 intelligentia,
1617 1884 1884 1950 voluntas,
1916 1899 2024 1938 non
2073 1885 2143 1938 ad

549 1992 631 2042 se,
660 1978 755 2033 sed
782 1978 849 2032 ad
869 1977 1210 2034 Conditorem
1255 1977 1581 2044 referantur,
1617 1977 1744 2047 quid
1769 1977 1882 2049 jam
1925 1977 2029 2031 illis
2054 1991 2145 2046 pe-

554 2069 702 2122 nitus
730 2085 759 2122 a
785 2070 892 2124 Deo
916 2070 1166 2133 desertis,
1188 2078 1245 2126 et
1271 2071 1339 2125 ab
1366 2079 1570 2125 aeterno
1593 2069 1684 2124 illo
1709 2077 1764 2124 et
1793 2083 1918 2123 vero
1941 2068 2143 2122 lumine

551 2162 830 2229 separatis,
864 2161 992 2230 quid
1039 2162 1093 2216 in
1130 2162 1253 2227 illis,
1291 2163 1541 2232 inquam,
1571 2172 1694 2233 aget
1719 2163 1978 2217 memoria
2005 2203 2021 2228 ,
2051 2163 2140 2218 ubi

551 2265 712 2304 nemo
723 2252 905 2306 dicere
921 2253 1148 2321 poterit:
1167 2253 1368 2307 Memor
1387 2254 1464 2322 fui
1482 2253 1599 2319 Dei,
1619 2263 1668 2308 et
1679 2253 1962 2308 delectatus
1986 2255 2142 2308 sunt?

551 2341 670 2411 (Ps.
700 2360 887 2408 uxvr,
919 2343 999 2415 4.)
1034 2353 1090 2399 et
1114 2345 1205 2400 ubi
1237 2345 1544 2416 implebitur
1561 2347 1703 2416 quod
1732 2346 1992 2414 scriptum
2022 2354 2137 2399 est:

553 2432 817 2498 Quoniam
840 2451 943 2488 non
963 2443 1039 2490 est
1073 2435 1130 2488 iu
1155 2445 1319 2490 morte
1339 2436 1428 2506 qui
1460 2453 1658 2489 memor
1675 2436 1740 2489 sit
1767 2436 1844 2487 tui
1870 2433 2042 2505 (Psal.
2063 2451 2137 2500 vt,

553 2525 630 2591 6).
681 2524 835 2581 Nulla
878 2525 984 2581 erit
1025 2526 1395 2597 intelligentia:
1438 2526 1790 2590 illuminatio,
1839 2541 1946 2595 qua
1999 2527 2140 2582 Deus

550 2625 899 2686 agnoscatur,
944 2625 1238 2686 quaaratur,
1287 2616 1610 2672 inveniatur.
1654 2615 1806 2670 Nulla
1837 2615 2140 2672 dilectionis

550 2708 745 2776 pietas,
776 2721 882 2776 qua
925 2705 1068 2762 Deus
1094 2716 1332 2772 ametur,
1363 2706 1721 2771 desideretur,
1751 2706 1983 2761 fruatur.
2009 2706 2140 2775 lpsze

547 2797 691 2850 enim
714 2805 874 2851 erunt
895 2797 1132 2854 tenebrae
1160 2799 1459 2852 exteriores
1480 2807 1634 2851 extra
1664 2796 1792 2851 illud
1825 2797 2006 2852 lumen
2023 2799 2136 2868 jam

547 2886 772 2957 positis,
819 2883 974 2953 cujus
1025 2885 1169 2939 nulla
1213 2885 1605 2939 illuminatione
1647 2885 2033 2954 perfruentur:
2073 2887 2141 2941 Et

550 2977 640 3030 illa
691 2991 796 3030 nox
838 2975 1126 3039 horrenda,
1161 2976 1225 3028 de
1261 2991 1367 3044 qua
1406 2977 1580 3044 ipsum
1615 2990 1802 3031 verum
1834 2975 2012 3030 lumen
2039 2975 2143 3032 Do-

551 3068 731 3120 minus
759 3074 942 3119 noster
961 3064 1091 3120 dicit
1120 3082 1133 3117 :
1168 3065 1419 3129 Quandiu
1441 3066 1497 3118 in
1524 3065 1719 3117 mundo
1741 3080 1878 3130 sunt,
1905 3066 1998 3118 tua:
2021 3081 2136 3119 sum

2244 537 2338 590 pro
2363 523 2511 575 suavi
2541 522 2697 576 odore
2725 523 2898 591 fetor?
2925 524 3056 593 (lsa.
3091 542 3172 590 Ill,
3201 526 3317 597 24.)
3345 527 3491 594 Quid
3515 535 3786 602 gustus,ubi

2243 618 2441 664 aeterna
2472 611 2574 664 erit
2603 611 2772 667 fames
2799 621 2855 667 et
2883 613 3036 668 sitis?
3067 614 3221 670 Sicut
3261 617 3326 671 de
3353 618 3583 674 civitate
3608 620 3785 688 diaboli,

2243 697 2298 751 id
2326 707 2408 751 est
2435 698 2501 751 de
2529 707 2636 753 tota
2670 700 2757 754 illa
2795 701 3135 757 multitudine
3156 704 3538 762 damnatorum
3563 722 3726 779 aperte
3746 714 3784 767 in

2242 790 2567 862 Apocalypsi
2615 794 2876 862 scriptum
2907 803 3029 850 est:
3065 795 3204 861 Quia
3255 798 3310 851 in
3341 815 3452 851 una
3483 800 3586 853 die
3630 803 3790 857 venient

2242 882 2413 952 plaga:
2438 886 2572 953 ejus,
2595 897 2643 940 et
2665 903 2804 941 mors
2831 898 2877 941 et
2913 887 3108 954 luctus,
3130 900 3178 944 et
3204 891 3376 959 fames
3396 906 3418 944 :
3438 894 3716 963 quia-fortis
3734 911 3788 951 est

2244 973 2406 1040 Deus,
2433 977 2522 1046 qui
2543 976 2799 1045 judicavit
2828 977 2975 1031 illam
3010 979 3193 1050 (Apoc.
3225 997 3379 1045 xvm,
3406 981 3487 1053 8).
3519 981 3596 1038 De
3618 985 3695 1038 siti
3720 1001 3790 1038 au-

2245 1077 2351 1122 tem
2383 1076 2440 1122 et
2475 1067 2653 1137 lingua
2683 1084 2896 1139 semper
2925 1072 3150 1127 ardente
3174 1113 3189 1136 ,
3231 1073 3284 1127 in
3313 1074 3660 1131 damnatione
3683 1078 3790 1134 illius

2244 1159 2428 1213 divitis
2455 1168 2640 1228 aperte
2667 1160 3016 1230 Evangelium
3053 1164 3308 1218 declarat.
3341 1165 3487 1233 Quid
3529 1169 3682 1223 totius
3703 1185 3790 1224 cor-

2243 1250 2392 1318 poris
2420 1259 2624 1316 tactus,
2660 1252 2751 1305 ubi
2789 1252 2934 1306 nulla
2966 1253 3084 1324 ejus
3115 1255 3316 1323 poterit
3340 1270 3468 1311 esse
3501 1256 3790 1327 iucunditas,

2244 1341 2387 1395 nulla
2403 1342 2658 1404 suavitas,
2675 1343 2769 1398 sed
2784 1345 3144 1413 sempiternus
3164 1346 3434 1401 sentietur
3445 1347 3616 1413 dolor,
3629 1360 3790 1404 :eterna

2243 1433 2477 1494 exustio,
2505 1441 2707 1487 aeterna
2731 1435 3098 1488 excruciatio?
3125 1434 3263 1501 Quid
3292 1451 3426 1506 ergo
3450 1439 3663 1506 prodest
3682 1442 3791 1509 quod

2245 1520 2346 1575 iste
2366 1519 2514 1583 dicit,
2532 1519 2677 1574 velut
2693 1520 2759 1574 ad
2775 1521 3198 1576 consolationem
3220 1523 3535 1589 stultorum,
3554 1526 3706 1581 Deum
3717 1545 3792 1581 nos

2244 1609 2432 1678 punire
2452 1625 2570 1678 quae
2601 1608 2743 1676 fecit,
2767 1625 2860 1662 nec
2885 1609 2951 1662 ab
2970 1610 3044 1664 eis
3071 1610 3338 1664 naturalia
3365 1629 3592 1666 munera
3616 1615 3794 1668 tollere?

2219 1693 2222 1696 ’
2245 1700 2378 1755 Cum
2405 1713 2461 1755 et
2495 1701 2683 1770 puniat
2708 1701 3039 1757 :eternaliter
3071 1713 3319 1758 naturam
3346 1705 3595 1758 vitiatam
3621 1720 3706 1775 pro
3729 1705 3792 1761 bis

2171 1777 2214 1836 Β
2241 1805 2364 1858 qua:
2376 1789 2515 1843 male
2535 1789 2701 1858 gessit
2717 1807 2731 1843 :
2747 1799 2803 1844 et
2824 1790 2869 1844 si
2891 1790 3090 1860 aliquid
3112 1793 3446 1846 naturalium
3471 1808 3733 1848 munerum
3751 1793 3792 1847 in

2244 1879 2332 1933 illa
2346 1880 2821 1936 damnationeeam
2841 1881 3040 1937 habere
3055 1883 3351 1952 permittet,
3378 1884 3733 1938 totum.valeat
3743 1886 3791 1938 ad

2242 1971 2487 2041 supplicii
2508 1980 2874 2042 augmentum,
2911 1988 3018 2026 non
3050 1971 3117 2026 ad
3150 1973 3542 2029 consolationis
3561 1974 3791 2029 solatium.

2311 2064 2450 2131 Quid
2478 2072 2564 2118 est
2588 2072 2768 2118 autem
2792 2064 2936 2134 quod
2960 2065 3112 2120 addit
3140 2082 3154 2120 :
3186 2065 3437 2120 Dolorem
3462 2083 3571 2121 esse
3594 2067 3790 2120 sanitatis

2240 2153 2549 2218 absentiam,
2595 2153 2833 2209 tenebras
2857 2154 3016 2220 lucis,
3060 2154 3326 2208 silentium
3353 2155 3636 2220 clamoris,
3667 2156 3786 2208 tristi-

2239 2248 2367 2300 tiam
2399 2247 2600 2316 gaudii,
2641 2245 2872 2300 laborem
2902 2245 3090 2316 quietis
3111 2261 3130 2299 :
3156 2245 3232 2300 sic
3261 2247 3504 2314 prtesciri
3542 2247 3616 2300 vel
3636 2245 3789 2315 prede-

2239 2339 2430 2394 stinari
2459 2345 2671 2390 oeccata
2714 2337 2792 2390 vel
2816 2352 3014 2405 poenas.
3054 2334 3112 2390 Si
3141 2336 3286 2390 enim
3330 2336 3384 2390 in
3417 2337 3503 2391 bis
3527 2337 3693 2390 verbis
3714 2335 3789 2387 hoc

2239 2427 2566 2498 persuadere
2586 2426 2772 2489 voluit,
2791 2427 2953 2496 quod,
2971 2426 3112 2480 sicut
3137 2443 3236 2481 nos
3257 2441 3355 2496 per
3375 2427 3622 2481 sanitatis
3638 2425 3788 2478 absen-

2241 2516 2371 2570 tiam
2399 2515 2772 2586 cognoscimus
2794 2515 2846 2568 in
2873 2516 3027 2570 nobis
3048 2516 3310 2580 dolorem,
3332 2524 3390 2571 et
3415 2532 3514 2585 per
3529 2516 3785 2570 absentiam

2239 2606 2375 2660 lucis
2404 2605 2780 2675 cognoscimus
2811 2606 3085 2670 tenebras,
3119 2614 3174 2660 et
3202 2621 3298 2675 per
3324 2606 3627 2661 absentiam
3671 2603 3783 2658 vocis

2241 2695 2618 2765 cognoscimus
2639 2693 2938 2758 silentium,
2963 2703 3017 2749 et
3046 2710 3142 2763 per
3165 2697 3472 2750 absentiam
3500 2695 3669 2767 gaudii
3694 2709 3785 2748 sen-

2240 2786 2405 2843 timus
2429 2785 2726 2851 tristitiam,
2743 2800 2840 2856 per
2862 2785 3164 2840 absentiam
3181 2787 3382 2857 quietis
3405 2788 3660 2843 sentimus
3673 2786 3785 2838 labo-

2240 2892 2376 2940 rem,
2394 2875 2474 2930 sic
2499 2873 2642 2930 Deus
2671 2874 2970 2944 pmscierit
2992 2883 3236 2944 peccata,
3256 2875 3340 2929 vel
3367 2872 3784 2944 prtedestinaverit

2239 2981 2448 3038 ptenas,
2499 2974 2560 3020 ut
2595 2974 2650 3020 et
2694 2976 2917 3035 peccata
2965 2982 3072 3021 non
3116 2967 3218 3022 nisi
3254 2967 3562 3037 privatione
3599 2965 3782 3035 justitia

2241 3058 2383 3113 scire
2407 3065 2500 3112 aut
2529 3057 2781 3127 praescire
2808 3058 3071 3127 potuerit;
3089 3068 3144 3112 et
3164 3073 3373 3128 pcenas,
3394 3059 3497 3113 nisi
3520 3057 3781 3129 privatione

549 3155 752 3208 mundi.
799 3152 943 3207 Venit
973 3169 1076 3206 nos:
1101 3152 1310 3223 quando
1351 3169 1500 3206 nemo
1536 3163 1699 3223 potest
1726 3129 1931 3222 operari
1955 3153 2137 3223 (Joan.
2167 3129 2213 3190 Ο
2242 3147 2592 3203 beatitudinis
2617 3161 2724 3201 non
2752 3148 3054 3218 agnoverit,
3087 3147 3171 3202 vel
3202 3146 3692 3217 prtedestinaverit;
3719 3143 3782 3206 si,

551 3266 631 3312 sx,
683 3248 739 3311 4,
788 3247 866 3317 5).
896 3247 1146 3314 Quandiu
1184 3261 1314 3316 ergo
1360 3247 1415 3299 in
1463 3245 1662 3301 mundo
1692 3254 1775 3301 est
1805 3260 1900 3315 per
1944 3245 2144 3300 illumi-

552 3347 773 3394 nantem
806 3337 1059 3408 gratiam,
1091 3335 1179 3389 lux
1202 3347 1287 3390 est
1325 3335 1508 3389 mundi
1536 3351 1568 3388 a
1597 3335 1709 3389 suis
1731 3335 1967 3389 tenebris
1997 3333 2138 3389 libe-

550 3427 678 3480 rati.
717 3426 854 3481 Cum
895 3433 1075 3479 autem
1117 3427 1257 3480 hanc
1307 3441 1418 3479 suae
1463 3425 1866 3479 illuminatiotds
1912 3425 2140 3496 gratiam

551 3518 888 3571 subtraxerit
915 3525 1121 3572 aeterna
1150 3517 1394 3571 caecitate
1420 3515 1712 3578 damnatis,
1734 3515 1862 3586 quid
1892 3516 1972 3568 eis
1993 3514 2140 3568 aliud

549 3606 851 3662 remanebit
894 3606 1000 3661 nisi
1042 3621 1151 3661 nox
1183 3606 1467 3671 horrenda,
1501 3620 1605 3659 uox
1629 3614 1907 3675 perpetua,
1938 3605 1992 3659 in
2030 3605 2163 3676 qua'

551 3711 713 3751 nemo
750 3699 916 3766 possit
938 3696 1188 3769 operari?

621 3786 680 3842 Si
724 3797 903 3844 autem
939 3790 1102 3843 etiam
1145 3789 1212 3844 de
1248 3789 1499 3843 sensibus
1524 3789 1798 3859 corporis,
1828 3787 1920 3858 qui
1949 3797 2004 3842 et
2035 3787 2135 3858 ipsi

545 3886 674 3933 sunt
696 3879 879 3946 utique
907 3878 1171 3933 naturalia
1202 3893 1423 3933 munera
1445 3879 1768 3943 Conditoris,
1800 3880 1906 3935 tale
1933 3878 2137 3948 aliquid

545 3967 916 4022 consideretur
940 3968 990 4032 δ,
1025 3967 1156 4037 quid
1200 3967 1272 4022 ibi
1325 3968 1569 4035 proderit
1611 3967 1787 4030 visus,
1819 3970 1908 4023 ubi
1957 3969 2137 4024 nullus

546 4059 653 4112 erit
675 4057 1222 4128 lucisaspectus‘tAttt
1241 4059 1284 4114 si
1300 4061 1371 4112 at}
1391 4061 1578 4114 horam
1600 4059 1780 4124 fuerit,
1801 4076 1904 4113 tton
1921 4061 1988 4113 ad
2011 4076 2137 4116 con-

546 4149 892 4216 solationem,
932 4149 1029 4204 sed
1064 4150 1133 4204 ad
1157 4152 1613 4206 vehementiorem
1638 4150 1878 4206 dolorem
1903 4151 2132 4207 valebit:

550 4247 612 4294 ut
645 4239 852 4296 scilicet
879 4241 1096 4296 videant
1120 4241 1247 4296 boni
1272 4241 1494 4311 aliquid,
1516 4243 1657 4313 quod
1680 4241 1792 4311 jam
1821 4243 2023 4299 habere
2040 4253 2136 4300 aut

548 4332 849 4401 promereri
881 4347 988 4386 non
1015 4332 1246 4402 possint.
1277 4333 1430 4388 Sicut
1449 4343 1505 4389 et
1529 4335 1680 4390 dives
1705 4334 1794 4390 ille
1823 4335 2025 4392 eisdem
2050 4337 2134 4391 in-

549 4421 842 4476 fernalibus
863 4422 1040 4491 ptenis
1067 4423 1371 4487 damnatus,
1398 4422 1670 4480 Abraham
1696 4434 1751 4481 et
1770 4425 2037 4482 Lazarum
2063 4427 2131 4482 ad

547 4513 737 4568 horam
766 4514 950 4569 videre
977 4513 1154 4584 potuit
1175 4513 1326 4584 (Luc.
1358 4531 1466 4578 ιιι,
1493 4516 1615 4579 25),
1650 4517 1744 4572 sed
1776 4519 1841 4573 ad
1871 4536 2130 4591 augmen-

547 4613 662 4657 tum
704 4601 929 4668 doloris,
967 4618 1075 4658 non
1115 4603 1183 4656 ad
1215 4603 1464 4658 solatium
1499 4605 1816 4677 ereptionis.
1844 4606 1996 4663 Licet
2028 4610 2132 4665 hoc

545 4702 675 4748 ante
700 4694 943 4752 ultimum
970 4695 1100 4749 illud
1119 4694 1382 4766 judicium
1407 4696 1563 4764 juxta
1600 4699 1870 4754 occultam
1907 4699 2134 4770 disposi-

546 4783 748 4838 tionem
777 4785 1084 4841 Conditoris
1125 4786 1242 4842 ﬁeri
1287 4789 1613 4843 credendum
1653 4790 1745 4856 sit,
1791 4799 1978 4862 postea
2005 4806 2133 4847 vero

545 4872 682 4926 nihil
719 4872 820 4926 tale
866 4873 1103 4929 futurum
1147 4874 1376 4947 legatur.
1416 4876 1554 4944 Quid
1597 4877 1670 4932 ibi
1714 4887 1839 4950 aget
1881 4879 2130 4946 auditus,

545 4961 638 5015 ubi
675 4977 889 5031 semper
927 4964 1228 5022 horrendus
1260 4961 1460 5039 fragor,
1503 4978 1560 5024 et
1595 4970 1764 5026 tristis
1791 4979 1952 5041 atque
1978 4972 2136 5028 innu-

545 5056 824 5113 merabilis
851 5059 1101 5115 audietur
1120 5064 1392 5132 gemitus?
1416 5064 1557 5132 Quid
1587 5064 1840 5129 olfactus,
1868 5067 1958 5121 ubi
1981 5066 2135 5135 juxta

2240 3239 2483 3309 inquam,
2514 3238 2589 3293 ita
2617 3239 2810 3304 sensit,
2860 3239 2933 3293 ita
2977 3240 3307 3309 persuadere
3347 3239 3538 3304 voluit,
3565 3238 3681 3308 quid
3713 3235 3781 3287 tali

2241 3345 2403 3387 sensu
2431 3329 2766 3394 horribilius,
2791 3344 2898 3400 quo
2923 3331 3106 3385 divina
3132 3331 3306 3385 virtus
3331 3331 3586 3385 humanae
3605 3325 3782 3382 inﬁrmi.

2241 3421 2338 3477 tati
2368 3420 2716 3490 aquuatur?
2745 3420 2840 3475 Dei
2883 3421 3088 3475 etenim
3130 3420 3322 3483 virtus,
3377 3435 3589 3491 semper
3629 3416 3780 3473 eodem

2241 3513 2403 3568 modo
2423 3528 2483 3568 se
2512 3511 2740 3578 habens,
2771 3512 2950 3568 omnia
2988 3513 3139 3569 novit
3169 3513 3224 3567 in
3265 3529 3346 3579 se,
3389 3529 3492 3569 nec
3528 3512 3709 3581 indiget
3737 3516 3780 3561 ut

2239 3604 2443 3675 aliquid
2489 3605 2707 3660 noverit
2741 3613 2894 3660 extra
2937 3621 2998 3661 se
3035 3624 3048 3659 :
3087 3621 3190 3661 nec
3234 3605 3398 3660 aliter
3447 3605 3592 3661 novit
3631 3603 3778 3663 facta,

2237 3696 2394 3751 aliter
2421 3710 2530 3751 non
2566 3695 2730 3760 facta,
2762 3695 2889 3764 quia
2918 3711 3017 3751 nec
3044 3696 3132 3750 illa
3164 3697 3314 3752 novit
3339 3712 3441 3766 per
3472 3712 3649 3752 eorum
3670 3707 3776 3762 prte-

2237 3786 2470 3841 sentiam
2496 3825 2511 3851 ,
2549 3800 2648 3840 nec
2684 3785 2786 3840 ista
2822 3801 2918 3855 per
2963 3786 3189 3841 aliarum
3245 3803 3432 3843 rerum
3481 3785 3774 3844 absentiam;

2238 3878 2332 3934 sed
2365 3885 2566 3930 aeterna
2591 3883 2646 3930 et
2676 3875 3106 3932 incommutabili
3148 3879 3374 3933 scientia
3406 3895 3505 3934 sua
3543 3875 3777 3946 aequaliter

2237 3966 2386 4022 videt
2413 3965 2542 4036 quid
2569 3964 2802 4020 voluerit
2827 3980 2949 4021 esse
2966 4007 2981 4032 ,
3015 3977 3072 4022 et
3097 3968 3228 4037 quid
3253 3984 3374 4024 esse
3412 3969 3671 4024 noluerit:
3699 3976 3774 4017 nec

2236 4059 2536 4129 privatione
2570 4058 2795 4128 justitia:
2838 4060 3118 4130 cognoscit
3146 4070 3400 4130 peccata;
3433 4062 3548 4126 sed,
3574 4072 3683 4114 cum
3717 4054 3772 4107 sit

2236 4152 2354 4221 ipse
2386 4166 2595 4206 summa
2615 4151 2848 4219 justitia,
2880 4152 2932 4206 in
2958 4151 3072 4222 ipsa
3097 4151 3218 4224 [al.,
3241 4152 3380 4224 ipso]
3410 4144 3774 4222 incommutabi‘

2235 4240 2362 4296 liter
2381 4241 2530 4296 videt
2555 4241 2683 4310 quid
2723 4241 2792 4296 ab
2819 4255 2884 4296 ea
2915 4241 3156 4297 dissonet
3183 4240 3266 4296 vel
3299 4241 3586 4297 discordet.
3613 4231 3772 4292 Simili-

2237 4342 2321 4389 ter
2341 4349 2447 4388 non
2472 4349 2570 4403 per
2597 4334 2901 4389 absentiam
2932 4334 3282 4389 beatitudinis
3306 4349 3498 4403 pinnas
3520 4324 3768 4399 cognoscit.

2237 4425 2332 4481 sed
2362 4441 2486 4480 cum
2512 4425 2584 4481 sit
2612 4427 2725 4496 ipse
2758 4441 2978 4480 summa.
3012 4426 3320 4491 beatitudo,
3346 4427 3398 4479 in
3429 4423 3695 4491 semetipso
3716 4418 3772 4469 in-
3811 4460 3816 4467 .

2237 4516 2694 4574 commutabiliter
2718 4517 2862 4571 videt
2906 4516 2959 4570 in
2988 4505 3244 4585 quantam
3281 4531 3564 4586 plenarum
3597 4507 3772 4581 prolutr

2236 4610 2460 4665 ditatem
2502 4609 2786 4679 mergendi.
2823 4617 2958 4665 sunt
3011 4610 3101 4678 qui
3149 4609 3218 4664 ab
3267 4609 3383 4676 ejus
3430 4601 3771 4673 tranquillitate

2236 4701 2538 4756 discedunt.
2568 4700 2745 4768 Atque
2780 4700 2862 4754 ita.
2899 4716 3004 4754 non
3033 4700 3332 4770 privatione
3367 4699 3605 4770 justitiae,
3629 4691 3709 4747 sed
3729 4686 3769 4739 ill

2239 4793 2353 4863 ipsa
2371 4791 2581 4861 justitia
2607 4791 2754 4846 videt
2779 4791 3041 4862 quidquid
3067 4793 3135 4847 ab
3161 4807 3227 4848 ea
3253 4793 3502 4848 dissentit
3536 4807 3547 4841 :
3571 4799 3659 4842 nec
3684 4777 3769 4850 pri-

2238 4884 2456 4939 vatione
2483 4881 2832 4938 beatitudinis
2873 4883 3120 4954 agnoscit
3164 4898 3385 4952 painas;
3431 4882 3554 4947 sed,
3592 4878 3640 4932 in
3677 4873 3766 4940 ipsa

2241 4975 2595 5038 beatitudine,
2612 4973 2768 5052 gidet
2787 4973 2917 5044 quid
2947 4973 3146 5030 doloris
3169 4982 3226 5029 et
3247 4973 3446 5030 laboris
3464 4971 3681 5028 incurrat
3695 4957 3765 5032 qui

2244 5069 2314 5123 ab
2340 5068 2457 5140 ejus
2487 5066 2878 5138 tranquillitate
2904 5075 3207 5139 separatur.

1497 5171 1710 5230 NOTAE
1748 5173 2074 5234 DUVALLll
2110 5176 2454 5236 DOCTOBIS
2492 5177 2876 5236 SORBONICL

618 5288 647 5317 ι
682 5274 934 5334 Liberum
977 5280 1265 5340 arbitrium
1313 5283 1545 5341 afﬁrmat
1591 5286 1645 5341 in
1694 5286 1970 5342 damnatis
2003 5305 2115 5345 non

547 5362 695 5430 esse,
723 5348 908 5430 eodem
935 5365 1093 5407 sensu
1117 5369 1230 5430 quo
1254 5365 1410 5409 antea
1455 5357 1721 5430 docuitin
1747 5360 2126 5430 peccatoribus

546 5427 604 5473 et
622 5423 691 5498 _in
710 5426 857 5498 statu
887 5431 1094 5476 natura:
1117 5423 1279 5494 lapsa:
1298 5441 1406 5498 non
1436 5428 1681 5498 reperiri.

622 5487 650 5528 b
709 5487 946 5567 lttsinttat
986 5487 1203 5567 sensum
1253 5495 1472 5567 videndi
1496 5487 1622 5552 'nou
1671 5506 2021 5567 operaturum
2071 5499 2125 5555 in

546 5559 836 5624 damnatis,
870 5559 1007 5616 forte
1035 5565 1159 5632 quia
1187 5563 1383 5618 inferni
1414 5565 1561 5620 locus
1604 5568 1674 5622 ita
1707 5559 1796 5622 est
1821 5571 2126 5628 tenebrico-

546 5644 658 5710 stts,
686 5638 756 5710 ut
783 5633 1370 5710 speeies_ad_ipsoru_m
1413 5635 1596 5710 oculos
1621 5638 1818 5710 deferri
1862 5655 1966 5693 non
1999 5656 2125 5710 pos-

547 5700 673 5756 sint.
720 5700 888 5759 Docet
915 5703 1062 5760 enim
1091 5700 1165 5759 Di
1198 5705 1426 5762 Basilius
1455 5707 1623 5762 Deum
1650 5709 1721 5764 ab
1765 5710 1888 5778 igne
1931 5700 2126 5767 inferni

2224 5289 2401 5350 lucem
2438 5290 2722 5346 abstulisse
2771 5301 2828 5347 et
2873 5291 3038 5347 solam
3090 5293 3200 5348 vim
3238 5295 3428 5350 utendi
3472 5293 3523 5349 in
3566 5302 3624 5344 eo
3659 5279 3761 5338 κη’

2233 5361 2417 5432 quisse
2448 5378 2460 5412 :
2491 5361 2767 5429 probabile
2795 5371 2972 5418 tamen
3012 5373 3068 5417 et
3104 5364 3388 5418 damnatos
3431 5356 3762 5432 eonspeclij‘

2231 5431 2652 5502 essedsemones
2679 5442 2734 5488 et
2762 5433 2898 5487 alios
2923 5447 3203 5502 ptenarum
3225 5436 3425 5500 socios,
3457 5443 3626 5502 eorum
3645 5431 3756 5477 enim

2235 5499 2432 5554 intuitu
2479 5501 2724 5574 acerbius
2777 5498 3102 5572 gravi—usque
3151 5498 3522 5574 percellentur.
3568 5498 3756 5574 ldfm‘l"c

2231 5587 2353 5624 eum
2382 5586 2476 5625 eos
2499 5571 2710 5625 videndi
2740 5569 2898 5627 sensu
2929 5569 3172 5629 destituit
3214 5576 3450 5630 Ecclesia
3488 5569 3752 5640 Lugdune!)-

2230 5641 2492 5766 Sis;dillud
2533 5641 2599 5697 de
2627 5642 2830 5700 visione
2865 5655 3018 5716 grata
3057 5655 3109 5700 et
3150 5629 3452 5703 delectabili
3478 5629 3750 5700 (ξεινίοιευί-

2233 5726 2334 5766 non
2375 5727 2483 5766 um.

2233 5726 2483 5781 genuum.
