3970 6306
163 371 274 431 193

1133 344 1336 427 uasa
1374 365 1742 425 sovensus
1777 358 2096 424 tomum
2138 354 2462 427 scoruu.’

3335 373 3438 428 194

239 487 432 544 Adhuc
451 481 604 543 addit
629 494 685 542 et
712 484 874 541 dicit:
905 482 1141 538 Dolendo
1167 501 1270 539 non
1292 485 1460 553 ipsum
1494 481 1748 544 dolorem,
1776 481 1824 540 Α
1851 481 2237 546 perversitatem
2265 481 2491 552 propria:
2529 478 2842 547 voluntatis;
2885 498 2978 538 nec
3012 500 3254 553 peccasse
3283 496 3438 540 nam-

159 579 262 634 sed
282 581 449 649 ipsam
475 579 751 632 sanitatem
772 575 914 630 nosci
933 615 949 639 ,
977 591 1133 644 quam
1155 590 1258 628 non
1284 583 1476 634 noscet,
1501 573 1546 626 si
1565 572 1628 624 de
1656 570 1749 624 illa

157 673 435 726 notionem
455 669 737 740 quamdam
761 685 864 722 non
885 667 1118 721 haberet.
1135 665 1192 719 In
1209 665 1404 735 quibus
1419 665 1596 719 verbis
1609 661 1751 717 aﬁirs

165 777 325 817 mare
341 761 554 815 videtur
572 760 812 815 dolorem
838 757 986 812 illum
1000 764 1324 812 :eternarum
1339 769 1620 825 prunarum
1643 768 1750 807 non

158 864 333 920 posse
354 849 534 913 nosci,
565 848 618 903 id
658 855 743 902 est
784 846 1022 917 agnosci,
1061 845 1130 899 ab
1159 845 1340 900 animo
1365 844 1641 915 patientis,
1688 855 1753 896 eo

158 941 318 1010 quod
360 940 482 1010 ipse
513 939 670 994 dolor
713 937 912 992 nullam
961 937 1158 992 habeat
1201 938 1557 991 substantiam
1602 937 1657 990 in
1695 947 1754 990 se

165 1029 442 1086 existendi
472 1028 559 1084 vel
600 1027 947 1084 subsistendi.
978 1026 1046 1081 Et
1089 1026 1207 1081 ideo
1233 1042 1357 1081 cum
1391 1025 1756 1081 substantiali-

169 1131 256 1174 tcr
289 1120 420 1174 nihil
463 1121 554 1182 sit,
588 1130 696 1173 non
729 1119 848 1189 ipse
891 1126 1217 1188 agnoscatur
1242 1118 1312 1172 ab
1341 1117 1430 1172 illo
1469 1117 1561 1187 qui
1587 1117 1751 1182 dolet,

164 1215 266 1268 sed
283 1210 472 1284 potius
494 1227 562 1266 ex
586 1211 704 1281 ejus
735 1211 1139 1280 comparatione
1173 1208 1378 1264 sanitas
1419 1207 1750 1278 agnoscitur;

164 1319 295 1372 qua:
322 1303 374 1356 in
405 1316 634 1372 corpore
665 1300 984 1354 naturaliter
1029 1298 1232 1368 aliquid
1260 1305 1364 1360 est,
1407 1306 1463 1352 et
1487 1311 1608 1366 qua:
1654 1295 1754 1365 ipsi

164 1395 347 1448 dolori
406 1393 679 1449 contraria
725 1401 826 1446 est.
883 1390 1056 1458 Quam
1107 1390 1396 1445 sanitatem
1446 1388 1755 1442 nullatenus

161 1493 363 1539 nosset
403 1484 494 1553 qui
530 1491 676 1538 totus
713 1483 859 1537 dolet
883 1482 937 1536 in
962 1481 1157 1552 poenis,
1188 1480 1292 1536 nisi
1319 1478 1437 1548 ejus
1461 1478 1654 1535 notitia
1699 1478 1756 1532 in

163 1575 436 1629 memoria
465 1583 788 1629 remaneret.

243 1663 315 1718 Et
345 1673 404 1718 ut
437 1664 554 1718 haec
593 1674 700 1718 tam
751 1663 984 1718 absurda
1024 1670 1080 1718 et
1126 1661 1313 1726 stulta,
1356 1661 1506 1717 velut
1547 1661 1756 1716 ratione

157 1756 405 1825 quadam
438 1755 665 1820 reddita,
719 1754 1041 1810 conﬁrmare
1085 1755 1353 1820 videatur,
1396 1753 1666 1824 subjungit
1700 1761 1755 1808 et

1854 583 1990 635 ram,
2013 571 2105 624 sed
2132 573 2466 629 voluntatem.

1923 662 1975 714 6.
2021 662 2131 716 Nec
2153 664 2206 717 in
2229 665 2400 732 primo
2437 664 2646 718 homine
2671 679 2910 734 peccasse
2946 676 3153 722 natura?
3178 669 3437 739 generali-

1853 763 2032 818 tatem,
2061 756 2151 808 sed
2173 757 2582 827 uniuscuiusque
2602 757 2932 812 individuam
2952 758 3292 818 voluntatem.

1924 846 1980 901 7.
2023 844 2084 900 Si
2109 862 2170 900 ea
2195 858 2387 902 natura
2417 848 2762 919 delinqueret,
2787 866 2908 904 cum
2931 865 3038 905 una
3056 851 3143 916 sit,
3184 860 3294 906 tota
3316 869 3438 923 pro-

1855 936 1988 1006 fecto
2008 939 2218 1008 periret.

1924 1028 1976 1083 8.
1995 1028 2224 1085 Proinde
2249 1029 2304 1086 in
2319 1031 2462 1086 nullo
2477 1041 2720 1087 naturam
2741 1033 2937 1102 puniri,
2949 1034 3072 1105 quia
3083 1050 3148 1089 ea:
3162 1034 3270 1090 Deo
3285 1037 3374 1100 sit,
3391 1047 3439 1090 et

1856 1135 1957 1173 non
1980 1123 2275 1189 peccet,sed
2297 1135 2466 1176 motus
2493 1123 2817 1177 voluntarius
2833 1118 3141 1180 libidinosus
3166 1128 3437 1195 puniatur.

1925 1208 1977 1264 9.
2011 1210 2241 1282 Ideoque
2266 1214 2318 1264 in
2338 1214 2510 1283 impiis
2530 1214 2785 1284 supplicia
2808 1231 2910 1269 non
2931 1218 3124 1286 perpeti
3143 1217 3283 1287 quod
3298 1218 3439 1272 Deus

1856 1299 2000 1369 fecit,
2023 1303 2112 1355 sed
2133 1304 2274 1372 quod
2297 1305 2542 1374 superbia
2581 1307 2764 1359 vitiose
2790 1306 3006 1360 invenit.

1928 1391 2016 1446 10.
2056 1392 2350 1449 Libidinem
2375 1412 2627 1465 perversa:
2645 1395 2930 1452 voluntatis
2957 1399 3206 1465 cruciari,
3230 1400 3355 1454 dum
3382 1418 3443 1455 ea

1854 1496 1971 1550 qua?
1993 1482 2129 1536 male
2153 1493 2244 1536 aut
2275 1485 2488 1554 indigne
2510 1485 2728 1555 appetit,
2763 1486 2952 1541 habere
2979 1502 3083 1542 non
3104 1490 3331 1543 sinatur.

1928 1572 2015 1625 il.
2055 1572 2140 1627 Ea:
2160 1573 2302 1628 nullo
2320 1574 2452 1629 bono
2475 1576 2672 1629 malum
2700 1592 2830 1630 esse.

1927 1662 2016 1716 12.
2045 1662 2178 1716 Eum
2197 1665 2287 1734 qui
2330 1665 2413 1718 hic
2449 1665 2613 1719 libero
2646 1665 2926 1722 voluntatis
2950 1666 3344 1741 arbitrio,quod
3363 1681 3440 1726 est

1855 1751 2116 1805 naturalis
2140 1753 2493 1822 intelligentiae
2511 1771 2721 1819 munus,
2735 1755 2789 1808 id
2808 1765 2881 1810 est
2897 1759 3083 1812 mentis
3095 1759 3232 1813 acies
3247 1760 3300 1814 in
3314 1777 3440 1815 usus

164 1823 306 1900 dicit
332 1863 345 1897 :
371 1845 801 1900 Recordationem
834 1845 1075 1898 sanitatis
1114 1845 1170 1898 in
1204 1843 1438 1898 sensibus
1466 1823 1752 1908 remanere,
1784 1823 1832 1885 Β
1857 1843 2196 1913 turpitudinis
2217 1848 2400 1908 mutet,
2429 1844 2538 1898 illic
2565 1862 2628 1899 ne
2652 1846 2865 1899 omnino
2906 1848 3148 1901 veritatis
3172 1847 3442 1904 honestate

163 1937 340 2005 ipsam
363 1952 478 1990 vero
506 1935 562 1989 in
587 1935 680 1989 illa
720 1936 1014 1990 substantia
1045 1952 1204 2005 quam
1243 1935 1385 1989 Deus
1406 1936 1596 1989 creavit
1624 1935 1755 1988 resi-

158 2027 316 2081 dere.
349 2026 452 2082 Per
481 2028 626 2096 quod
675 2026 927 2082 fortassis
974 2027 1078 2082 hoc
1107 2027 1330 2097 intelligi
1375 2027 1490 2082 vult
1517 2027 1656 2096 quod
1698 2028 1754 2081 in

161 2116 426 2170 sensibus
462 2116 518 2170 in
560 2116 651 2171 illa
693 2116 1042 2171 damnatione
1073 2131 1289 2185 semper
1329 2117 1581 2180 dolentis,
1609 2115 1754 2170 velut

157 2221 238 2261 ex
269 2208 688 2262 commonitione
716 2209 884 2277 ipsius
930 2207 1154 2274 doloris,
1185 2206 1276 2262 ﬁat
1325 2208 1631 2262 recordatio
1668 2223 1756 2262 sa-

167 2299 384 2364 nitatis,
414 2298 468 2352 in
496 2298 744 2353 sensibus
772 2298 1040 2364 videlicet,
1087 2299 1284 2368 quibus
1315 2298 1402 2352 vel
1447 2314 1643 2368 corpus
1672 2295 1754 2353 vel

161 2388 357 2442 anima
387 2388 534 2456 ipsos
562 2388 776 2443 dolores
815 2388 1048 2454 sentiet;
1095 2387 1268 2458 ipsam
1297 2403 1426 2443 vero
1467 2389 1752 2444 sanitatem

163 2479 228 2533 in
259 2478 349 2534 illa
383 2480 730 2534 damnatione
757 2479 832 2533 ita
861 2494 1018 2549 posse
1061 2477 1307 2548 intelligi,
1349 2479 1473 2548 quia
1502 2480 1755 2533 substan-

163 2570 247 2624 tia
276 2570 534 2636 hominis,
564 2585 724 2640 quem
777 2570 918 2625 Deus
957 2569 1180 2635 creavit,
1205 2578 1255 2625 et
1297 2569 1350 2624 in
1393 2569 1587 2623 anima:
1615 2577 1670 2622 et
1700 2569 1755 2623 in

152 2658 419 2728 corporis
446 2659 806 2728 perpetuitate
832 2673 938 2714 non
971 2658 1333 2722 consumitur,
1377 2673 1482 2712 non
1523 2657 1752 2722 deletur,

157 2749 690 2820 sedvelutquadam
733 2765 844 2804 sua:
885 2750 1234 2820 plenitudinis
1270 2750 1504 2805 sanitate
1525 2758 1756 2805 aeterna-

153 2841 298 2895 liter
330 2843 508 2896 durat.
551 2842 681 2909 Quae
727 2843 906 2897 omnia
955 2843 1158 2899 idcirco
1188 2843 1368 2899 dicere
1409 2842 1642 2909 videtur,
1694 2851 1754 2898 ut

157 2946 267 3001 per
291 2931 439 2986 illum
479 2933 867 3002 sempiternum
913 2947 1200 3004 plenarum
1227 2934 1492 3001 dolorem,
1526 2949 1624 2989 nec
1665 2950 1758 2990 co-

157 3022 470 3093 gnitionem
529 3024 800 3090 sanitatis,
849 3039 949 3079 nec
993 3024 1114 3094 ejus
1163 3026 1612 3091 recordationem,
1655 3041 1757 3082 nec

163 3113 348 3183 ipsam
391 3114 679 3168 sanitatem
707 3116 761 3169 in
789 3116 868 3172 eis
895 3116 989 3186 qui
1033 3117 1317 3186 torquendi
1347 3127 1491 3181 sunt,
1541 3125 1757 3172 asserat

1855 1932 2082 2001 fruatur,
2101 1933 2390 2001 justissime
2409 1934 2614 2002 perdat,
2637 1944 2685 1989 et
2707 1936 2941 1990 tenebras
2960 1946 3170 1991 wterna:
3188 1939 3439 2008 ignoran-

1855 2025 1943 2077 tia:
1965 2041 2068 2078 non
2093 2025 2308 2078 evitare.

1925 2115 1982 2169 ln
2023 2116 2108 2170 his
2135 2116 2314 2171 verbis
2357 2115 2487 2171 illud
2526 2115 2671 2186 quod
2713 2116 2892 2186 primo
2925 2115 3046 2172 loco
3073 2117 3262 2187 posuit
3290 2119 3438 2174 nulla

1855 2214 2048 2260 natura
2088 2214 2334 2259 naturam
2372 2206 2582 2275 puniri,
2629 2205 2748 2261 ideo
2791 2206 2997 2262 dixisse
3039 2207 3256 2262 videtur
3307 2209 3434 2278 quia

1853 2294 2032 2349 omnis
2057 2294 2241 2363 utique
2265 2303 2460 2349 natura
2491 2311 2520 2348 a
2547 2297 2691 2349 bono
2718 2304 2941 2351 auctore
2971 2297 3082 2350 Deo
3107 2297 3349 2362 condita,
3379 2300 3434 2353 in

1855 2395 2116 2455 quantum
2147 2395 2345 2441 natura
2373 2394 2488 2452 est,
2520 2387 2660 2441 bona
2687 2395 2811 2442 est:
2847 2395 2906 2441 ut
2933 2387 3083 2442 verbi
3113 2389 3308 2458 gratia,
3342 2405 3442 2443 na-

1857 2487 1978 2532 tura
2009 2479 2203 2532 aninia:
2228 2479 2343 2533 sive
2372 2479 2617 2548 corporis
2647 2479 2785 2534 bona
2813 2487 2929 2544 est;
2961 2488 3020 2534 et
3047 2489 3241 2534 natura
3270 2479 3433 2550 ignis,

1857 2568 1911 2623 in
1935 2576 2196 2638 quantum
2227 2577 2418 2622 natura
2449 2577 2552 2634 est,
2571 2568 2819 2623 similiter
2842 2568 2982 2623 bona
3008 2578 3112 2623 est.
3143 2567 3277 2623 Cum
3303 2584 3434 2639 ergo

1857 2667 2086 2728 utraque
2117 2659 2437 2714 naturaliter
2459 2659 2598 2714 bona
2631 2659 2756 2722 sint,
2784 2668 2932 2715 recte
2962 2659 3062 2713 sibi
3091 2660 3192 2714 iste
3213 2659 3430 2715 videtur

1858 2751 2037 2802 dicere
2073 2756 2132 2802 et
2156 2747 2402 2812 deﬁnire,
2441 2751 2585 2817 quod
2617 2748 2760 2802 nulla
2812 2757 3004 2803 natura
3034 2749 3138 2802 alia
3167 2750 3424 2818 puniatur

1857 2848 2093 2902 natura;
2140 2838 2265 2906 quia
2309 2837 2562 2892 videlicet
2608 2837 2714 2892 duo
2764 2838 2905 2893 bona
2957 2840 3254 2893 secundum
3313 2838 3438 2906 ejus

1863 2944 2084 2984 sensum
2118 2944 2225 2982 non
2255 2937 2484 2998 possunt
2512 2928 2612 2982 sibi
2643 2944 2763 2984 esse
2791 2931 3098 2994 contraria,
3141 2944 3209 2995 ne
3232 2939 3439 2985 natura:

1860 3020 2015 3074 honre
2043 3018 2212 3072 altera
2248 3018 2388 3072 bona
2432 3026 2629 3072 natura
2658 3019 2828 3088 possit
2869 3033 2988 3074 esse
3027 3034 3206 3088 pteua.
3258 3016 3440 3088 Atque

1859 3108 2229 3178 hujuscemodi
2253 3108 2739 3179 argumentationis
2762 3107 3201 3163 manifestissima
3227 3108 3436 3164 fallacia

156 3204 370 3273 perire.
404 3203 540 3259 Cum
565 3218 595 3258 e
615 3207 892 3262 contrario
919 3207 1102 3262 omnia
1143 3208 1262 3270 ista,
1299 3208 1352 3262 id
1379 3218 1462 3261 est
1490 3216 1545 3262 et
1569 3207 1754 3278 mgni-
1779 3201 1825 3262 C
1857 3199 2003 3267 cupit
2024 3199 2337 3253 subvertere
2359 3199 2412 3252 in
2437 3199 2692 3254 cordibus
2714 3199 3046 3253 audientium
3068 3199 3434 3255 ﬁrmissimam

161 3293 248 3349 tio
273 3300 331 3346 et
353 3292 614 3348 memoria
643 3294 891 3350 sanitatis
917 3296 972 3350 in
1014 3296 1196 3350 animo
1237 3311 1452 3366 semper
1497 3297 1751 3364 dolentis,

157 3395 226 3440 et
251 3385 593 3439 conservatio
623 3385 711 3439 illa
755 3395 963 3441 natura:
1009 3402 1282 3456 nunquam
1325 3387 1584 3452 delendzc,
1641 3405 1752 3444 non

156 3476 456 3546 proﬁciant
483 3477 550 3530 ad
578 3477 812 3546 aliquam
842 3478 1070 3545 gratiam
1097 3487 1153 3531 et
1171 3477 1568 3546 jucunditatem
1608 3481 1753 3535 salu-

161 3568 264 3631 tis,
299 3568 395 3620 sed
422 3567 597 3636 potius
623 3567 686 3620 ad
715 3567 988 3621 cumulum
1018 3567 1218 3620 doloris
1249 3585 1263 3621 :
1315 3578 1373 3622 ut
1422 3583 1528 3621 non
1576 3570 1750 3624 solum

159 3670 334 3709 sensu
359 3663 415 3708 et
437 3655 680 3723 corporis
707 3663 762 3708 et
790 3655 983 3709 animae
1004 3654 1187 3709 doleat
1214 3655 1286 3709 ita
1313 3657 1633 3723 damnatus;
1659 3660 1754 3713 sed

159 3746 337 3799 etiam
359 3745 484 3800 dum
513 3745 847 3810 recordatur,
885 3752 941 3800 et
985 3745 1230 3815 agnoscit
1275 3746 1472 3800 bonum
1505 3748 1754 3803 sanitatis

157 3837 318 3907 quod
341 3836 579 3891 funditus
596 3837 799 3901 amisit,
831 3837 885 3890 in
920 3837 1033 3905 ipsa
1065 3836 1324 3890 memoria
1354 3847 1409 3890 et
1436 3838 1631 3891 notitia
1657 3854 1756 3907 pu-

163 3932 375 3985 niatur.
403 3929 555 3983 Dicat
574 3944 702 3999 ergo
732 3928 954 3982 insanus
986 3941 1106 3982 esse
1155 3927 1208 3980 in
1237 3926 1457 3981 aeternis
1493 3936 1547 3981 et
1575 3927 1755 3986 omni-

160 4020 350 4076 modis
376 4019 652 4075 doloribus
682 4018 995 4081 sanitatem,
1043 4017 1167 4071 dum
1196 4032 1316 4086 qua:
1353 4018 1424 4072 ibi
1457 4019 1752 4084 existimat,

163 4112 296 4168 dum
319 4124 442 4180 quae
469 4110 539 4164 ibi
560 4118 716 4179 putat
753 4122 1037 4163 remanere
1070 4107 1138 4161 ad
1175 4107 1435 4161 indicium
1483 4109 1753 4174 sanitatis,

160 4218 278 4261 anon
300 4202 444 4258 aliud
474 4217 637 4272 quam
678 4201 902 4255 materia
943 4200 1052 4255 sint
1080 4199 1281 4254 doloris
1311 4217 1324 4253 :
1363 4208 1441 4265 ut,
1467 4201 1591 4254 dum
1619 4217 1756 4256 nun-

151 4311 334 4368 quam
358 4294 543 4351 ﬁnitur
585 4293 679 4365 qui
720 4301 1026 4363 torquetur,
1073 4305 1176 4347 nec
1223 4299 1491 4348 tormenta
1537 4291 1652 4363 ipsa
1691 4291 1756 4347 ﬁ-

156 4390 294 4445 nian
302 4397 388 4442 tur
403 4402 418 4438 :

763 4515 992 4575 CAPUT
1030 4515 1170 4573 XVI.

237 4655 410 4712 Sexto
443 4653 655 4710 decimo
681 4649 917 4723 capitulo
945 4649 1228 4706 duodecim
1255 4647 1600 4706 deﬁnitiones
1624 4664 1751 4720 pro-

157 4747 342 4817 ponit,
374 4746 450 4800 ita
483 4745 671 4799 dicens
701 4761 716 4796 :

240 4839 294 4891 ί.
336 4835 504 4890 Nulla
533 4845 722 4888 natura
746 4840 993 4887 naturam
1019 4833 1215 4902 puniri.

237 4929 296 4982 2.
332 4926 403 4982 Et
426 4925 556 4980 nihil
575 4925 722 4979 aliud
761 4941 870 4980 esse
906 4939 1084 4995 ptenas
1120 4933 1476 4994 peccatorum,
1504 4924 1608 4980 nisi
1633 4942 1753 4994 pec-

156 5031 286 5076 cata
310 5035 516 5075 eorum.
1108 5057 1112 5064 _
1511 5073 1515 5075 _

235 5112 292 5166 3.
334 5109 403 5164 In
442 5111 560 5180 igne
587 5117 782 5164 (eterna
827 5106 960 5162 nihil
989 5105 1137 5162 aliud
1177 5122 1292 5162 esse
1325 5123 1553 5178 poenam,
1595 5125 1753 5180 quam

159 5206 334 5258 beatw
367 5200 631 5269 felicitatis
657 5199 969 5252 absentiam.

234 5297 293 5351 4.
337 5295 404 5350 In
431 5312 492 5349 ea
529 5293 732 5350 nullum
758 5311 868 5348 esse
896 5293 993 5364 qui
1021 5309 1126 5347 non
1166 5291 1354 5347 habeat
1399 5293 1612 5348 insitam
1657 5294 1756 5349 sibi

161 5387 485 5445 naturaliter
531 5385 758 5440 absentis
822 5384 1156 5439 beatitudinis
1201 5384 1485 5452 notionem,
1541 5387 1757 5457 ejusque

161 5479 527 5534 desiderium:
571 5477 842 5530 habituros
880 5475 1096 5529 miseros
1140 5473 1406 5544 felicitatis
1452 5478 1754 5532 etveritatis

162 5577 433 5630 notionem
460 5584 615 5644 atque
634 5573 943 5628 scientiam:
965 5589 1028 5627 ac
1055 5587 1147 5641 per
1183 5571 1280 5624 hoc
1306 5587 1411 5626 non
1447 5589 1558 5628 esse
1593 5575 1754 5630 mise-

163 5684 276 5729 ros,
308 5683 401 5720 nec
440 5665 638 5734 puniri.

236 5759 289 5812 5.
337 5757 402 5810 1η
441 5755 651 5810 diabolo
687 5763 734 5810 et
768 5754 940 5823 impiis
968 5751 1263 5807 hominibus
1304 5768 1406 5805 non
1447 5755 1622 5822 puniri
1651 5756 1750 5810 nisi

1855 3292 1980 3347 ﬁdei
2011 3293 2315 3356 veritatem,
2349 3309 2454 3363 qua
2484 3308 2673 3348 omnes
2702 3293 2887 3348 ﬁdeles
2917 3294 3286 3349 indubitanter
3314 3311 3435 3350 cre-

1854 3383 1988 3437 dunt
2011 3391 2066 3437 et
2089 3383 2436 3446 conﬁtentur,
2459 3383 2510 3437 in
2546 3399 2652 3438 una
2689 3392 2745 3438 et
2777 3399 2873 3453 per
2894 3399 3054 3437 unam
3079 3385 3266 3440 aeterni
3295 3385 3437 3456 ignis

1857 3483 2128 3539 naturam,
2159 3483 2213 3528 et
2240 3479 2487 3529 naturam
2512 3476 2799 3544 spirituum
2835 3476 3216 3544 malignorum,
3246 3485 3302 3531 et
3327 3493 3430 3530 na-

1857 3574 2031 3619 turam
2066 3564 2341 3618 hominum
2374 3564 2711 3633 perditorum
2730 3604 2745 3626 ,
2795 3563 2847 3617 id
2876 3573 2959 3617 est
2988 3564 3199 3618 animas
3229 3572 3290 3622 et
3315 3579 3436 3617 con-

1854 3671 1984 3726 pora
2016 3671 2202 3709 eorum
2230 3656 2348 3710 sine
2377 3655 2481 3710 ﬁne
2517 3655 2882 3716 damnandus,
2928 3656 3229 3724 puniendas
3271 3663 3436 3724 atque

1856 3744 2184 3812 torquendas
2215 3758 2309 3812 per
2333 3743 2452 3813 ejus
2479 3741 2686 3811 justum
2731 3751 2785 3796 et
2827 3753 3089 3796 :eternum
3127 3741 3390 3809 judicium
3419 3761 3433 3796 :

1858 3834 1960 3900 Qui
1987 3844 2150 3904 potest
2176 3845 2222 3887 et
2250 3834 2482 3887 animam
2508 3843 2556 3887 et
2583 3849 2771 3902 corpus
2801 3833 3014 3901 perdere
3042 3833 3096 3886 in
3121 3833 3435 3903 gehennam,

1855 3935 1901 3978 et
1928 3925 2038 3993 qui,
2066 3933 2338 3994 postquam
2365 3923 2632 3988 occiderit,
2654 3922 2806 3976 habet
2830 3931 3134 3992 potestatem
3156 3923 3358 3978 mittere
3380 3925 3438 3979 in

1855 4018 2139 4087 gehennam
2167 4015 2381 4085 (Matth.
2407 4031 2464 4079 x,
2489 4014 2601 4086 28).

1927 4104 2036 4159 Nec
2062 4105 2232 4159 solum
2262 4107 2327 4159 de
2353 4104 2457 4159 illis
2481 4103 2700 4159 :eteruis
2723 4103 3002 4174 suppliciis
3023 4104 3219 4173 quibus
3241 4113 3435 4160 natura

1858 4196 2101 4268 angelica
2129 4206 2184 4250 et
2212 4195 2448 4249 humana
2481 4195 2668 4264 utique
2693 4204 2886 4249 natura
2915 4195 3053 4266 ignis
3086 4197 3276 4250 aeterni
3319 4205 3436 4253 tor-

1856 4288 2113 4359 quebitur
2132 4296 2190 4341 ut
2213 4287 2370 4357 ignis,
2395 4286 2486 4356 qui
2509 4287 2752 4342 bonitate
2774 4285 3084 4341 Conditoris
3108 4287 3198 4342 hic
3229 4288 3436 4342 homini

1857 4379 2016 4434 datus
2051 4385 2136 4433 est
2171 4379 2240 4431 ad
2279 4377 2565 4442 solatium,
2612 4377 2683 4433 ibi
2724 4375 2872 4446 justa
2913 4379 3204 4433 severitate
3236 4377 3438 4447 judicis

1857 4478 2103 4524 vertatur
2143 4468 2193 4524 ei
2238 4468 2294 4522 in
2337 4468 2701 4538 supplicium;
2750 4482 2858 4523 non
2899 4467 2967 4522 de
3007 4467 3138 4531 illis,
3177 4457 3437 4537 inquam,

1780 4558 1835 4618 D
1860 4561 1988 4616 solis
2016 4567 2163 4614 certa
2192 4566 2278 4613 εει
2305 4559 2438 4614 ﬁdes
2469 4559 2542 4613 ita
2571 4573 2689 4614 esse
2717 4555 2992 4622 futurum;
3041 4557 3136 4612 sed
3173 4558 3338 4611 etiam
3366 4560 3437 4614 .in

1855 4650 2128 4708 communi
2160 4650 2442 4705 hominum
2473 4664 2633 4705 sensu
2664 4648 3027 4704 certissimum
3067 4662 3186 4702 esse
3225 4657 3442 4704 constat

1855 4757 2130 4811 nunquam
2161 4750 2409 4796 naturam
2450 4741 2552 4796 nisi
2584 4749 2777 4794 natura
2811 4740 3010 4809 puniri.
3063 4739 3215 4794 Sicut
3246 4747 3440 4795 natura

1855 4832 2116 4902 corporis,
2140 4840 2235 4886 aut
2257 4845 2325 4885 ex
2350 4830 2636 4900 semetipsa
2663 4829 2908 4898 punitur,
2934 4829 3081 4883 velut
3103 4843 3226 4883 cum
3256 4829 3439 4885 deﬁcit

1855 4940 1884 4978 a
1915 4923 2178 4988 sanitate,
2208 4932 2264 4979 et
2293 4923 2596 4979 succumbit
2624 4921 2928 5000 inﬁrmitati
2957 4930 3118 4990 atque
3150 4921 3439 4991 languori,

1859 5016 1986 5071 dum
2021 5023 2077 5069 et
2109 5015 2311 5070 bonum
2341 5013 2590 5069 sanitatis
2627 5014 2682 5067 in
2720 5026 2785 5066 eo
2823 5011 3106 5076 minuitur,
3143 5021 3198 5067 et
3241 5013 3442 5067 malum

1859 5107 2135 5178 languoris
2163 5121 2231 5163 ex
2255 5107 2435 5175 seipso
2463 5105 2686 5174 patitur,
2732 5109 2826 5156 aut
2863 5117 2930 5157 ex
2971 5101 3196 5158 alterius
3235 5113 3444 5156 natura:

1858 5198 2256 5260 subtractione,
2298 5211 2419 5266 quae
2462 5195 2538 5250 illi
2580 5195 2649 5250 ad
2689 5194 3137 5250 sustentationem
3166 5193 3251 5248 vel
3299 5194 3443 5248 aliud

1859 5290 2111 5346 solatium
2152 5288 2338 5344 valet:
2387 5286 2536 5342 velut
2574 5285 2621 5341 si
2664 5286 2715 5340 ei
2757 5285 3047 5356 poenaliter
3084 5286 3446 5342 subtrahatur

1859 5390 2054 5436 natura
2079 5380 2220 5444 cibi,
2265 5387 2360 5433 aut
2389 5386 2574 5448 potus,
2615 5385 2710 5431 aut
2749 5376 2914 5432 etiam
2954 5375 3114 5442 lucis,
3153 5374 3239 5430 vel
3271 5375 3444 5430 vesti-

1857 5476 2043 5538 menti,
2068 5482 2122 5527 et
2146 5470 2404 5542 quidquid
2426 5471 2690 5540 ejusmodi
2713 5479 2824 5537 est;
2856 5471 2982 5525 dum
3001 5485 3067 5525 ex
3091 5472 3195 5526 hoc
3216 5478 3272 5526 et
3301 5468 3445 5523 fame

1857 5581 1922 5621 ac
1947 5566 2035 5620 siti
2069 5565 2296 5620 tabescit
2349 5580 2412 5620 ac
2466 5564 2680 5630 deﬁcit,
2725 5571 2781 5618 et
2821 5561 3166 5617 tenebrarum
3209 5557 3444 5614 horrore

1856 5655 2130 5726 afﬂigitur,
2166 5663 2259 5709 aut
2286 5654 2503 5726 frigoris
2527 5669 2767 5710 aerumna
2798 5653 3106 5716 cruciatur;
3156 5659 3250 5705 aut
3294 5658 3444 5704 certe

1856 5763 1921 5803 ex
1946 5747 2169 5803 alterius
2191 5747 2265 5804 rei
2289 5757 2480 5804 natura
2508 5747 2682 5818 ipsum
2705 5761 2905 5819 corpus
2921 5743 3158 5803 hominis
3176 5741 3438 5813 punitur:
