3970 6306
570 314 674 371 105

566 430 712 486 sicut
737 443 964 500 corpora
995 429 1264 484 latronum
1294 427 1482 498 utique
1505 428 1802 498 puniuntur
1830 430 1880 482 vi
1910 427 2148 498 ﬁagello-
2179 430 2227 489 Λ

566 533 690 574 rum
736 527 792 575 et
837 520 1135 590 gladiorum
1184 536 1247 574 ac
1290 518 1661 588 multiplicium
1711 527 2105 575 tormentorum
2132 557 2147 582 ,

569 625 692 679 quae
732 611 916 678 utique
956 611 1192 679 ipsorum
1237 618 1441 664 natura:
1468 624 1532 662 ex
1563 609 1686 664 aliis
1715 610 1924 664 naturis
1960 625 2148 678 poena-

569 703 697 758 liter
722 701 1040 757 inferuntur.
1072 701 1206 757 Cum
1235 715 1364 771 ergo
1391 703 1504 756 haec
1536 703 1608 755 ita
1635 702 1764 767 sint,
1791 711 1846 757 et
1872 717 2150 772 nunquam

568 796 768 846 natura"
823 793 926 848 nisi
978 802 1071 846 aut
1119 807 1186 846 ex
1222 793 1400 862 seipsa
1443 793 1497 847 in
1542 793 1718 863 seipsa
1759 794 2033 862 puniatur,
2064 794 2150 848 vel

570 883 796 938 alterius
825 892 1030 939 naturae
1060 882 1292 936 utilitate
1327 884 1604 938 subtracta
1623 923 1638 948 ,
1667 883 1752 937 vel
1799 885 2053 938 violentia
2083 881 2150 938 il-

569 978 714 1042 lata,
759 955 887 1046 qua.
908 975 1118 1030 ratione
1145 974 1249 1030 iste
1279 975 1408 1030 dicit
1434 975 1636 1032 nullam
1669 985 1920 1031 naturam
1954 986 2150 1031 natura

567 1070 789 1140 puniri?
841 1078 901 1125 ut
941 1084 1010 1124 ex
1053 1071 1158 1125 hoc
1193 1081 1456 1139 quantum
1500 1071 1554 1125 in
1595 1085 1654 1126 se
1695 1079 1818 1138 est,
1869 1074 2154 1128 veritatem

569 1171 892 1217 :eternorum
939 1163 1184 1217 destruat
1229 1162 1658 1232 suppliciorum;
1712 1163 1803 1218 ubi
1852 1173 1908 1218 et
1957 1174 2151 1220 natura

566 1252 882 1322 spirituum,
928 1260 1210 1306 etuatnra
1264 1268 1552 1323 corporum
1591 1253 1744 1323 juxta
1787 1256 2153 1326 evangelicam

565 1352 622 1396 et
657 1343 1012 1413 apostolicam
1039 1344 1324 1399 veritatem
1353 1361 1366 1397 :
1411 1343 1622 1399 Natura
1649 1347 1784 1416 ignis
1811 1348 1997 1400 «terni
2027 1364 2152 1400 cru-

567 1434 794 1488 ciabitur
833 1435 922 1489 die
965 1451 1029 1489 ac
1073 1444 1224 1489 nocte
1266 1436 1324 1488 in
1369 1433 1566 1490 secula
1607 1437 1921 1492 sacculorum
1967 1437 2148 1510 (Apoc.

567 1542 684 1591 XIV,
715 1527 824 1596 l0).

638 1617 694 1672 Si
723 1626 902 1700 autem
929 1628 1217 1690 propterea
1248 1621 1352 1676 hoc
1379 1619 1511 1676 dicit
1534 1624 1660 1691 quia
1689 1629 1897 1675 naturze
1921 1635 2027 1675 non
2055 1635 2154 1700 uo-

565 1717 694 1763 cent
723 1709 976 1775 invicem,
1000 1711 1103 1766 nisi
1131 1712 1246 1766 suis
1275 1712 1646 1782 qualitatibus,
1675 1721 1754 1776 ut,
1775 1712 1925 1768 verbi
1952 1699 2152 1784 gratia,

568 1797 710 1866 ignis
737 1807 793 1852 et
823 1814 993 1868 aqua,
1022 1816 1252 1868 quorum
1282 1803 1517 1871 propriae
1543 1802 1835 1870 qualitates
1873 1783 2078 1856 suntut
2099 1811 2156 1857 et
2186 1783 2228 1840 Β

571 1902 712 1955 aqua
761 1888 832 1943 sit
879 1890 1203 1944 naturaliter
1240 1891 1498 1956 humida,
1548 1900 1605 1946 et
1650 1892 1790 1963 ignis
1838 1892 2156 1947 naturaliter

572 1977 790 2041 aridus;
833 1987 889 2032 et
920 1979 1040 2034 ideo
1067 1988 1246 2050 potest
1269 1991 1324 2036 et
1347 1997 1500 2051 aqua:
1525 1983 1750 2037 humore
1783 1981 1919 2053 ignis
1945 1984 2153 2037 exstin-

570 2068 693 2138 gui,
731 2078 786 2124 et
815 2070 953 2138 ignis
981 2073 1236 2128 ariditate
1263 2074 1428 2145 ignita
1454 2075 1649 2129 humor
1674 2089 1826 2144 aqua:
1855 2075 2118 2130 exsiccari
2141 2115 2156 2140 ,

570 2166 633 2212 ut
676 2173 783 2212 non
825 2160 928 2214 sibi
961 2161 1249 2215 videantur
1313 2163 1416 2217 ista
1460 2163 1737 2218 adversari
1798 2179 1867 2218 ex
1910 2177 1976 2218 eo
2015 2165 2158 2234 quod

571 2258 779 2305 naturze
807 2261 963 2318 sunt,
1011 2254 1106 2308 sed
1148 2269 1217 2308 es
1259 2268 1324 2309 eo
1365 2256 1507 2324 quod
1536 2256 1888 2324 qualitatibus
1914 2256 2026 2311 suis
2054 2256 2156 2312 sibi

569 2345 859 2398 contrariae
887 2354 1032 2399 sunt.
1086 2345 1144 2400 Si
1186 2355 1468 2418 propterea
1488 2388 1504 2412 ,
1533 2349 1776 2418 inquam
1797 2389 1813 2414 ,
1855 2351 1959 2404 hoc
1993 2350 2156 2415 dicit,

572 2435 711 2489 sciat
749 2435 800 2489 in
846 2435 951 2491 ﬁde
991 2446 1177 2492 nostra
1222 2439 1422 2493 nullam
1461 2455 1583 2496 esse
1621 2441 1931 2496 distantiam
1976 2450 2157 2497 utrum

575 2534 784 2581 natura:
813 2529 1025 2583 nat-uris
1049 2530 1229 2598 puniri
1257 2531 1526 2595 dicantur,
1555 2547 1622 2586 an
1655 2533 1785 2601 ipsa:
1813 2541 2021 2588 naturze
2047 2534 2160 2590 suis

574 2617 909 2674 naturalibus
945 2619 1296 2689 qualitatibus
1340 2621 1443 2675 sibi
1490 2622 1717 2677 invicem
1761 2623 2001 2694 poenales
2040 2624 2158 2678 esi-

574 2717 747 2773 stant;
789 2711 914 2779 quia
950 2720 1240 2782 utrumque
1270 2728 1410 2768 unus
1435 2712 1697 2768 Conditor
1723 2716 1963 2780 creavit,
1996 2714 2050 2770 id
2079 2723 2164 2770 est

575 2808 625 2852 et
661 2808 915 2855 naturam
956 2810 1014 2856 et
1053 2803 1368 2872 qualitatem
1398 2805 1618 2859 insitam
1643 2813 1875 2860 naturae.
1926 2805 1994 2860 Et
2031 2806 2154 2861 ideo

574 2896 865 2959 utrumque
893 2892 1056 2946 simul
1085 2895 1386 2950 rectissime
1415 2911 1522 2950 una
1551 2897 1747 2951 dicitur
1775 2906 1998 2963 natura,
2039 2905 2095 2954 et
2128 2913 2158 2954 a

578 2981 969 3049 sapientissimo
995 2983 1284 3040 Conditore
1307 2985 1414 3040 alia
1439 2986 1507 3041 ab
1530 2987 1634 3041 alia
1661 2989 1878 3057 propria
1903 2989 2164 3058 qualitate

577 3069 850 3124 distincta.
903 3071 1106 3126 Deinde
1132 3074 1258 3141 quia
1303 3083 1360 3128 et
1405 3075 1451 3128 si
1500 3075 1822 3130 immortalis
1850 3083 1936 3130 est
1966 3086 2157 3131 natura

579 3161 800 3231 angelici
835 3163 950 3217 sive
975 3136 1197 3218 humani
1229 3164 1473 3234 spiritus,
1507 3175 1708 3231 tamen,
1736 3175 2003 3236 potestate
2032 3183 2161 3222 con-
2188 3136 2233 3197 Ο

579 3249 768 3303 ditoris
797 3259 854 3305 ct
882 3251 1016 3320 justi
1045 3250 1236 3306 ultoris
1264 3253 1390 3317 Dei,
1437 3255 1515 3308 sic
1556 3255 1630 3308 illi
1665 3256 1771 3325 igni
1800 3272 2066 3328 corporeo
2107 3268 2163 3313 et

579 3347 782 3392 eterno
817 3341 1106 3410 ptenaliter
1128 3351 1184 3397 et
1208 3344 1537 3399 {eternaliter
1572 3346 1898 3416 alligabitur,
1932 3349 2074 3403 sicut
2107 3357 2164 3406 et

579 3428 667 3481 nic
695 3429 884 3483 eadem
914 3438 1179 3500 potestate
1204 3435 1398 3486 summi
1425 3433 1732 3489 Conditoris
1757 3436 2042 3508 colligatur
2065 3438 2162 3492 bu-

578 3532 772 3572 manus
809 3520 1032 3588 spiritus
1075 3531 1290 3577 terreno
1315 3525 1528 3594 corpori
1555 3567 1570 3591 ,
1619 3542 1720 3581 nec
1766 3528 1899 3582 solvi
1943 3537 2160 3599 potest,

579 3608 684 3662 nisi
717 3609 860 3664 illius
887 3610 1160 3668 voluntate
1185 3625 1240 3669 et
1261 3612 1468 3682 judicio
1498 3617 1589 3685 qui
1619 3619 1912 3690 colligavit.
1959 3620 2161 3676 Natura

577 3714 793 3768 quoque
823 3702 1038 3757 humani
1070 3709 1313 3775 corporis
1344 3708 1396 3762 in
1428 3709 1518 3763 illo
1554 3720 1758 3766 :eterno
1790 3714 1911 3782 igne
1940 3713 2165 3769 damna-

579 3799 755 3844 torum
782 3791 854 3846 ita
875 3794 979 3847 erit
1003 3797 1290 3864 pmnaliter
1310 3799 1652 3866 immortalis,
1676 3812 1735 3856 ut
1758 3805 1823 3858 ad
1844 3805 2163 3860 sustinenda

579 3892 782 3938 (eterna
808 3886 1068 3956 supplicia
1116 3904 1388 3958 nunquam
1436 3902 1611 3948 morte
1641 3895 1907 3960 solvatur;
1946 3899 2016 3950 ita
2045 3913 2167 3965 pas-

580 3976 758 4030 sibilis
787 3987 841 4031 et
877 3980 1346 4051 incorruptibilis,
1386 3996 1444 4039 ut
1479 3989 1623 4042 oumi
1664 4004 1860 4059 genere
1885 3989 2164 4055 dolorum,

583 4069 925 4123 cruciatuum
987 4080 1149 4141 atque
1209 4089 1489 4142 pmnarum
1547 4080 1663 4132 sine
1714 4078 1820 4133 ﬁne
1878 4079 2162 4149 allligatur.

585 4157 739 4212 Hanc
777 4161 919 4214 enim
961 4175 1176 4231 pteuam
1207 4168 1352 4220 omni
1397 4168 1697 4224 intentione
1728 4171 2023 4225 cavendam
2057 4180 2166 4225 ter-

589 4247 822 4304 ribiliter
861 4249 1143 4322 Scriptura
1177 4255 1490 4320 denuntiat,
1527 4261 1748 4315 dicens:
1788 4260 2028 4315 Humilia
2065 4263 2170 4334 spi-

585 4340 747 4392 ritum
782 4349 930 4393 tuum
957 4341 1126 4407 valde,
1156 4345 1281 4413 quia
1311 4347 1535 4400 vindicta
1563 4351 1740 4404 carnis
1770 4351 1916 4420 impii
1950 4352 2085 4421 ignis
2123 4364 2169 4406 et

583 4446 780 4484 vermes
809 4431 1110 4503 (Eccli.v|t,
1141 4435 1247 4504 l9).
1278 4436 1342 4490 Et
1362 4436 1554 4492 iterum
1580 4457 1592 4492 :
1616 4438 1872 4494 Dominus
1901 4442 2037 4495 enim
2059 4459 2172 4495 om-

585 4523 822 4592 nipotens
849 4524 1127 4580 vindicabit
1151 4527 1206 4580 in
1234 4529 1341 4593 eis;
1370 4529 1424 4582 in
1450 4529 1535 4583 die
1557 4530 1753 4600 judicii
1776 4532 1997 4586 t'isitabit
2019 4531 2171 4586 illos:

587 4612 744 4667 Dabit
786 4615 840 4668 in
887 4632 1069 4671 carnes
1112 4633 1292 4672 eorum
1331 4621 1502 4689 ignem
1533 4631 1581 4675 et
1608 4638 1823 4689 vermes,
1869 4634 1924 4676 ut
1951 4635 2175 4678 urantur

585 4715 632 4757 et
653 4709 877 4761 sentiant
907 4725 1067 4779 usque
1093 4711 1148 4763 in
1176 4713 1545 4782 sempiternum
1574 4713 1782 4784 (Iudith
1812 4731 1923 4779 xvi,
1951 4714 2040 4778 20,
2058 4716 2172 4785 2i).

661 4793 947 4863 Proposuit
973 4800 1194 4868 quidam
1231 4802 1529 4872 antiquitus
1560 4803 1790 4858 similem
1841 4805 1907 4860 de
1957 4813 2177 4859 natura-

590 4898 710 4936 rum
736 4885 876 4939 inter
898 4902 957 4941 se
984 4891 1367 4946 contrarietate
1394 4893 1766 4964 qumstionem.
1794 4893 1924 4962 Qua:
1943 4896 2177 4966 qualiter

588 4976 660 5029 ab
688 4975 776 5029 illo
808 4978 879 5031 sit
907 4982 1177 5049 proposita
1205 4993 1260 5037 et
1295 5000 1324 5038 a
1365 4986 1524 5039 beato
1549 4986 1850 5057 Augustino
1887 4988 2180 5043 evidentis-

591 5067 729 5121 sima
758 5069 966 5122 ratione
993 5072 1284 5138 destructa,
1316 5079 1679 5133 necessarium
1708 5079 2083 5134 existimamus
2112 5080 2178 5134 ad

591 5160 1068 5216 commonitionem
1119 5173 1176 5218 et
1221 5168 1688 5224 conﬁrmationem
1748 5171 2036 5240 legentium
2090 5171 2180 5226 hic

593 5245 833 5302 breviter
881 5249 1152 5318 inserere;
1189 5256 1423 5312 maxime
1452 5259 1575 5327 quia
1605 5259 1692 5314 ille
1717 5261 1808 5329 qui
1830 5275 1949 5314 eam
1980 5275 2177 5330 pmpo-

590 5337 725 5399 suit,
759 5349 853 5393 aut
882 5340 994 5410 ipse
1030 5343 1411 5416 Pelagius‘l‘nit
1447 5359 1540 5405 aut
1585 5352 1781 5422 aliquis
1839 5351 2176 5421 Pclagianus,

596 5431 741 5484 sicut
769 5439 823 5485 et
849 5432 949 5487 iste
970 5444 1072 5490 est.
1100 5434 1177 5492 ita
1203 5453 1332 5511 ergo
1349 5443 1592 5498 eamdem
1611 5443 1960 5512 quaestionem
1992 5443 2180 5499 beatus

595 5518 925 5589 Augustinus
955 5540 1344 5586 commemorat
1372 5533 1555 5588 dicens
1578 5552 1590 5588 :
1613 5535 1774 5607 [Quid
1795 5544 1898 5601 est,
1923 5537 2068 5606 quod
2093 5537 2177 5590 in-

599 5621 840 5683 terrogat
865 5633 877 5669 :
901 5617 1001 5684 Qui
1039 5621 1165 5676 fecit
1195 5624 1430 5679 hominis
1468 5627 1753 5696 spiritum?
1791 5638 1846 5684 et
1897 5629 2181 5699 respondet

599 5706 702 5761 sibi
733 5707 850 5762 sine
893 5711 1074 5781 dubio,
1109 5715 1267 5773 Deus.
1310 5717 1376 5772 Et
1422 5719 1548 5773 item
1594 5720 1924 5793 interrogat:
1952 5721 2180 5778 Carnem

1659 310 1865 370 FLOR!
1903 309 2178 368 DlACONI
2217 309 2710 369 LUGDUNENSIS

3727 314 3800 372 με

2254 426 2376 494 quis
2416 426 2660 480 creavit?
2688 425 2926 495 itemque
2947 426 3268 495 respondet:
3295 425 3442 482 Item
3469 427 3648 493 credo,
3681 429 3800 486 Dem.

2251 519 2552 588 Interrogat
2590 519 2748 572 tertio
2781 532 2796 571 :
2824 517 3004 573 Bonus
3033 527 3119 574 est
3156 520 3250 588 qui
3301 530 3604 588 utrumque
3644 525 3803 577 creavit

2254 608 2430 664 Deus?
2476 609 2806 678 respondet:
2850 607 2991 662 Nulli
3039 609 3260 663 dubium
3296 619 3412 664 est.
3456 611 3644 666 Adhuc
3681 613 3804 669 inter-

2253 711 2412 772 rogat
2436 719 2450 756 :
2484 702 2552 756 Et
2575 712 2864 770 utrumque
2885 701 3027 770 quod
3054 702 3230 756 bonus
3257 712 3460 756 auctor
3499 704 3712 770 creavit,
3736 707 3804 759 ho-

2252 807 2382 846 num
2422 791 2542 846 est?
2586 801 2645 846 et
2673 791 2741 845 ad
2788 793 2892 845 hoc
2945 791 3270 860 respondet:
3301 791 3689 846 Conﬁtendum
3730 804 3805 848 est.

2255 883 2458 939 Deinde
2481 883 2778 943 concludit,
2809 883 2853 936 si
2880 882 3044 954 igitur
3064 891 3121 937 et
3149 883 3376 953 spiritus
3417 885 3620 950 bonus,
3644 894 3695 941 et
3715 901 3809 943 caro

2253 974 2416 1036 bona,
2447 983 2507 1027 ut
2534 989 2566 1027 a
2604 973 2744 1029 bono
2779 983 3000 1029 auctore
3018 975 3264 1040 condita,
3293 975 3394 1046 qui
3426 974 3548 1030 ﬁeri
3575 984 3748 1045 potest,
3768 988 3809 1033 ut
3900 991 3901 1046 ξ

2255 1064 2361 1118 duo
2383 1063 2528 1129 bona
2549 1065 2759 1133 possint
2777 1063 2877 1119 sibi
2899 1078 3020 1119 esse
3039 1066 3313 1120 contraria
3334 1065 3385 1136 ?]
3410 1065 3547 1121 Post
3575 1067 3682 1122 haec
3701 1068 3808 1122 idem
3900 1063 3901 1128 1

2253 1153 2448 1209 beatus
2479 1154 2815 1224 Augustinus
2845 1154 3118 1225 subjungit
3143 1169 3176 1210 e
3211 1156 3497 1210 contrario
3547 1158 3808 1226 responsio-

2254 1260 2378 1300 nem
2407 1260 2582 1311 suam,
2605 1245 2680 1299 ita
2701 1245 2888 1301 dicens
2911 1259 2926 1298 :
2953 1244 3182 1317 [Omitto
3202 1246 3388 1302 dicere
3414 1247 3545 1317 quia
3568 1254 3672 1301 tota
3691 1247 3810 1314 hujus

2254 1336 2598 1391 ratiocinatio
2629 1337 2958 1401 turbaretur,
2989 1336 3034 1391 si
3069 1337 3193 1406 quis
3211 1339 3280 1392 ab
3298 1353 3368 1393 eo
3399 1346 3685 1408 quaereret:
3710 1337 3807 1392 £5-

2257 1434 2344 1480 tus
2369 1435 2426 1480 et
2463 1425 2633 1496 frigus
2657 1427 2779 1496 quis
2805 1425 2976 1482 fecit?
3001 1429 3357 1498 responderet
3401 1429 3554 1484 enim
3589 1429 3698 1484 sine
3736 1427 3808 1482 du-

2256 1520 2384 1574 bio:
2416 1523 2576 1577 Deus.
2608 1520 2723 1576 Non
2748 1537 2849 1592 ego
2872 1522 3042 1578 multa
3087 1525 3385 1595 interrogo,
3424 1525 3544 1594 ipse
3571 1523 3811 1578 concludat

2254 1624 2460 1679 utrum,
2494 1623 2586 1668 aut
2628 1615 2728 1669 ista
2764 1615 2977 1685 possint
3005 1615 3109 1670 dici
3139 1632 3245 1671 non
3287 1617 3460 1681 bona,
3498 1623 3593 1670 aut
3620 1631 3807 1684 nonap-

2256 1713 2482 1773 pareant
2541 1705 2682 1760 inter
2722 1720 2782 1760 se
2823 1720 2945 1761 esse
2995 1707 3310 1762 contraria?
3339 1706 3446 1762 llic
3497 1705 3635 1761 forte
3677 1707 3809 1760 dicit:

2257 1797 2557 1863 Qualitates
2579 1808 2706 1852 sunt
2732 1798 2848 1852 ista:
2881 1799 3329 1864 substantiarum,
3356 1814 3472 1855 non
3516 1797 3807 1854 substantiae.

2259 1888 2335 1943 Ita
2375 1897 2480 1954 est,
2524 1904 2712 1944 verum
2739 1899 2854 1955 est;
2903 1890 2997 1945 sed
3039 1890 3330 1962 qualitates
3381 1890 3676 1955 naturales,
3702 1889 3809 1942 etad

2260 1980 2353 2034 Dei
2387 1989 2698 2036 creaturam
2745 1981 2862 2035 sine
2909 1980 3073 2036 dubio
3116 1982 3484 2052 pertinentes.
3532 1979 3809 2035 Substantie
3900 2011 3901 2052 ξ

2258 2075 2457 2144 quippe
2503 2088 2609 2128 non
2640 2086 2738 2145 per
2766 2074 2994 2145 seipsas,
3017 2074 3109 2130 sed
3138 2090 3237 2145 per
3273 2089 3407 2131 snas
3444 2073 3738 2146 qualitates,
3760 2072 3810 2124 sic
3900 2063 3901 2074 ‘

2260 2173 2353 2217 cut
2378 2179 2516 2234 aqua
2539 2174 2596 2220 et
2635 2164 2792 2235 ignis.
2822 2163 3076 2220 dicuntur
3101 2166 3202 2221 sibi
3227 2180 3352 2221 esse
3379 2165 3685 2226 contrariae,
3711 2158 3811 2232 etc]

2260 2254 2390 2322 Quae
2423 2256 2489 2309 ad
2534 2255 2962 2311 convincendum
2985 2265 3040 2310 et
3061 2255 3451 2311 destruendam
3504 2252 3720 2325 improbi
3739 2253 3809 2306 bo-
3900 2271 3901 2288 ι

2260 2346 2423 2401 minis
2447 2346 2713 2401 insaniam
2746 2355 2966 2402 sanctus
3004 2347 3192 2404 doctor
3230 2348 3577 2417 exsequitur.

2333 2436 2467 2491 Cum
2496 2438 2677 2508 itaque
2710 2447 2888 2492 terror
2905 2445 2962 2493 et
2983 2438 3185 2493 veritas
3209 2447 3546 2494 aeternorum
3575 2434 3809 2508 supplicio

2263 2541 2386 2583 rum
2423 2537 2528 2581 tam
2568 2536 2753 2596 aperte
2779 2536 2835 2581 et
2875 2528 3250 2599 multipliciter
3291 2538 3502 2584 nostra:
3535 2526 3652 2581 ﬁdei
3695 2539 3808 2579 com-

2263 2617 2588 2674 meudeutur
2626 2619 2693 2672 ad
2735 2618 3106 2673 incutiendum
3131 2617 3554 2674 saluberrimum
3586 2617 3807 2672 timorem.

2262 2715 2319 2764 et
2362 2707 2708 2762 excitandum
2754 2707 2821 2762 ad
2869 2707 3182 2762 continuam
3225 2708 3678 2766 emendationem,
3712 2717 3810 2772 quo-

2263 2798 2423 2852 modo
2467 2797 2567 2852 iste
2612 2795 2936 2868 subjungere
2961 2807 3019 2852 et
3062 2797 3241 2851 dicere
3285 2812 3457 2852 ausus
3511 2803 3593 2850 est
3634 2803 3678 2846 et
3712 2787 3808 2844 nihil

2263 2887 2411 2940 aliud
2433 2903 2543 2942 esse
2570 2902 2746 2957 poenas
2773 2896 3101 2956 peccatorum
3125 2887 3225 2941 nisi
3243 2898 3460 2956 peccata
3487 2881 3808 2940 certissimum

2262 2977 2568 3031 certissime
2598 2975 2732 3031 ﬁdes
2769 2985 2946 3030 teneat
2974 2976 3108 3031 alias
3135 2991 3254 3031 esse
3279 2991 3475 3046 poenas
3513 2975 3807 3044 peccatorum

2264 3084 2401 3138 quas
2426 3068 2618 3123 animae
2647 3069 2697 3122 in
2721 3068 2974 3138 prmsenti
3003 3083 3069 3123 ex
3109 3069 3226 3139 ipso
3251 3076 3602 3138 peccatorum
3636 3073 3808 3116 suorum

2265 3161 2461 3216 merito
2488 3161 2768 3230 patiuntur
2800 3159 3029 3216 desertae
3054 3175 3083 3214 a
3113 3162 3241 3225 Deo,
3275 3161 3509 3214 deserta:
3544 3173 3572 3210 a
3611 3150 3806 3218 luccjus-
3900 3195 3901 3198 η

2267 3252 2419 3315 titize,
2463 3267 2493 3306 a
2542 3251 2994 3321 contemplatione
3021 3252 3285 3318 veritatis,
3336 3252 3409 3307 ab
3472 3246 3808 3303 illuminatioue

2264 3343 2580 3407 cbaritatis;
2611 3350 2665 3397 et
2697 3341 2986 3411 aliquando
3017 3341 3226 3396 traditae
3263 3341 3430 3395 etiam
3477 3340 3530 3394 in
3572 3334 3803 3405 reprobum

2265 3448 2506 3488 sensum.
2539 3432 2649 3488 Has
2691 3433 2834 3487 enim
2858 3446 3050 3501 pinnas
3073 3431 3454 3500 peccatoribus
3481 3436 3535 3482 et
3562 3421 3802 3480 carnalium

2266 3525 2600 3594 voluptatum
2630 3524 2964 3578 amatoribus
2988 3523 3167 3578 divina
3195 3521 3480 3591 Scriptura
3513 3521 3564 3574 in
3607 3508 3804 3586 praesenti

2270 3615 2456 3671 inferri
2486 3615 2928 3670 manifestissime
2955 3622 3201 3677 testatur,
3251 3614 3378 3668 dum
3432 3612 3499 3665 de
3543 3603 3805 3678 quibusdam

2269 3703 2410 3759 Deus
2436 3705 2602 3759 dicit:
2633 3704 2756 3757 Non
2794 3705 3113 3773 permanebit
3141 3703 3354 3771 spiritus
3392 3717 3539 3755 meus
3562 3700 3611 3751 in
3634 3688 3808 3748 homini-

2267 3793 2362 3848 bus
2410 3795 2525 3848 istis
2568 3796 2622 3848 in
2673 3805 2946 3858 (rtemann,
2995 3793 3118 3864 quia
3161 3809 3285 3847 caro
3321 3805 3445 3846 sunt
3477 3788 3621 3861 (Gen.
3650 3780 3803 3848 V1.5):

2268 3887 2394 3941 dum
2433 3886 2578 3956 impii
2611 3886 2664 3939 in
2713 3885 2820 3941 ﬁne
2867 3885 3108 3940 dolentes
3137 3899 3200 3939 ac
3228 3894 3510 3956 gementes
3549 3867 3806 3935 dicentzEt

2259 3976 2484 4046 justitia:
2507 3976 2680 4029 lumen
2704 3990 2806 4029 non
2831 3974 2963 4028 luxit
2986 3975 3155 4040 nobis,
3181 3984 3230 4029 et
3259 3973 3339 4028 sol
3370 3990 3476 4028 non
3501 3980 3572 4025 est
3599 3976 3722 4022 ortus
3743 3974 3806 4011 n0-

2269 4070 2346 4122 bis
2370 4062 2522 4139 (Sap.
2555 4084 2607 4132 v,
2635 4070 2692 4139 6)
2717 4083 2732 4133 ;
2769 4068 2896 4121 dum
2925 4065 2993 4123 de
3017 4067 3223 4122 eisdem
3260 4067 3443 4136 impiis
3471 4061 3726 4130 Scriptura
3747 4050 3806 4104 di-

2269 4161 2343 4215 cit
2374 4175 2389 4213 :
2439 4159 2732 4213 Excwcavit
2769 4161 2906 4213 enim
2950 4158 3070 4212 illos
3103 4157 3307 4211 malitia
3336 4158 3570 4226 ipsorum
3613 4146 3740 4240 (διξρ-
3762 4154 3803 4240 ll»

2271 4252 2364 4320 2i)
2385 4268 2399 4316 ;
2423 4262 2479 4305 et
2500 4250 2824 4321 generaliter
2841 4251 2908 4304 de
2927 4249 3011 4304 bis
3033 4249 3123 4319 qui
3151 4248 3349 4303 fratres
3369 4249 3599 4303 oderunt
3625 4259 3636 4295 :
3666 4235 3806 4330 Οπξηξι

2271 4341 2362 4412 qui
2410 4340 2518 4393 odit
2548 4341 2766 4408 fratrem
2813 4356 2989 4406 suum,
3021 4339 3076 4392 in
3122 4339 3345 4393 tenebris
3373 4347 3470 4403 est,
3493 4335 3611 4391 etin
3634 4325 3805 4383 tenebris

2278 4434 2510 4487 ambulat
2539 4443 2586 4487 et
2620 4433 2776 4487 nescit
2801 4449 2902 4504 quo
2927 4441 3009 4486 eat
3033 4449 3051 4498 ;
3080 4434 3328 4504 quoniam
3372 4435 3591 4485 tenebra:
3622 4422 3805 4477 obcum-

2280 4534 2459 4579 verunt
2488 4524 2663 4578 oculos
2691 4524 2806 4594 ejus
2853 4522 2904 4595 (1
2927 4521 3090 4577 Ιοαη.
3114 4539 3174 4588 ιι,
3210 4523 3319 4593 ll).
3345 4521 3411 4576 Ει
3438 4521 3505 4576 dc
3543 4507 3802 4602 ql'ib'wdai“

2282 4615 2554 4685 Scriptum
2579 4622 2696 4670 est:
2723 4615 2872 4670 Sicut
2904 4630 3005 4668 non
3033 4614 3379 4684 probaverunt
3401 4613 3566 4667 Deum
3591 4606 3748 4660 habere
3766 4607 3802 4644 ut

2281 4711 2540 4773 notitiam,
2566 4709 2784 4764 tradidit
2829 4709 2948 4763 illos
2984 4707 3127 4762 Deus
3159 4709 3212 4762 in
3239 4708 3512 4778 reprobum
3551 4709 3746 4758 sensum.
3763 4693 3803 4738 αι

2280 4799 2476 4868 faciant
2505 4815 2622 4868 qua:
2651 4816 2755 4852 non
2780 4798 3087 4852 conveniunt
3115 4795 3293 4868 (Rom.
3319 4813 3360 4860 ι,
3389 4796 3502 4865 28).
3527 4792 3653 4846 Sunt
3673 4789 3804 4876 ιιωξιίιε

2280 4891 2623 4960 peccantium
2654 4891 2958 4944 animarum
2985 4889 3101 4960 ipsa
3143 4896 3389 4958 peccata,
3421 4885 3541 4956 quia
3574 4879 3644 4934 eis
3669 4879 3714 4926 et
3746 4879 3801 4931 ιρ-

2283 4998 2466 5038 sarum
2497 4983 2802 5036 animarum
2828 4983 3033 5036 sanitas
3061 4979 3425 5047 corrumpitur
3449 4986 3502 5032 et
3531 4969 3743 5025 violatur.
3765 4962 3802 5005 εί

2282 5075 2610 5132 conscientia
2641 5076 2858 5139 misera,
2881 5073 3217 5145 perturbata,
3243 5081 3296 5127 et
3323 5067 3664 5126 anxietatibus
3687 5055 3798 5156 plcﬂil

2282 5167 2529 5222 eﬁicitur.
2580 5167 2656 5220 lta
2708 5182 2860 5237 ergo,
2901 5175 2957 5221 et
3003 5165 3342 5234 peccantium
3375 5176 3543 5234 poma:
3578 5156 3692 5210 ﬁunt
3718 5151 3798 5212 ills“

2283 5269 2504 5328 peccata
2541 5257 2690 5326 justo
2715 5267 2770 5312 et
2801 5257 3028 5312 terribili
3058 5257 3152 5311 Dei
3183 5255 3415 5324 judicio;
3462 5263 3514 5308 et
3554 5243 3800 5334 tamen-Pr?

2285 5350 2490 5404 eisdem
2535 5348 2773 5418 peccatis
2798 5349 2919 5402 aliae
2945 5350 3129 5402 statim
3158 5347 3213 5401 in
3257 5344 3504 5416 praesenti
3533 5329 3798 5418 gravissiutm

2288 5460 2462 5516 poma:
2508 5446 2836 5516 irrogantur,
2890 5443 3030 5499 sicut
3057 5443 3306 5512 superius
3332 5449 3595 5496 ostensum
3623 5432 3706 5481 esto
3746 5413 3798 5466 θθ

2289 5542 2485 5610 quibus
2527 5541 2777 5594 omnibus
2804 5539 3162 5610 prmsentibus
3194 5536 3370 5607 ptenis
3412 5533 3595 5604 quibus
3619 5523 3793 5593 prem"

2291 5633 2422 5686 tium
2475 5632 2668 5686 anima:
2716 5631 2972 5684 continuo
3019 5629 3290 5683 feriuntur
3339 5636 3512 5706 atque.
3543 5611 3794 5706 Pum'miui'

2291 5723 2480 5778 beatus
2507 5723 2716 5793 Moyses
2738 5724 2789 5776 in
2811 5722 3229 5778 Deuteronomio
3256 5720 3581 5792 apertissime
3603 5705 3792 5763 testatur.

3899 6017 3901 6141 ψ
