3970 6306
150 378 262 444 ΪΘἾ

1131 375 1334 438 LIBER
1367 369 1742 428 ADVERSU—S
1783 369 2101 427 JOANNEM
2140 369 2444 430 SCOTUM.

3331 372 3431 431 l98

151 506 350 559 dicens
391 499 457 556 de
498 496 853 568 omnipotenti
881 492 994 550 Deo
1023 513 1036 550 ³
1068 491 1292 548 pudens
1337 489 1753 546 "lm'i‘o’dl‘m‘
1781 493 1831 552 Ἀ
1862 508 1929 562 ab
1952 523 2016 562 eo
2050 507 2310 576 quaeritur
2336 523 2434 562 cur
2457 516 2508 562 et
2538 508 2709 578 angeli
2736 509 2954 580 maligni
2977 520 3030 565 et
3058 511 3302 568 homines
3331 515 3432 569 itii-

152 598 212 648 in
269 593 434 647 millia
495 590 926 660 diligentibus-se
964 587 1147 656 (Deut.
1180 585 1384 656 γ,10);
1431 597 1480 639 et
1525 584 1743 638 reddens

153 683 454 750 odientibus
479 697 534 736 se
555 679 754 743 statim,
781 681 856 732 ita
887 688 941 731 ut
973 677 1236 748 disperdat
1265 692 1372 737 eos,
1404 686 1451 729 et
1474 674 1614 729 ultra
1641 690 1745 730 non

153 780 397 848 differat,
428 776 665 846 protinus
689 775 764 828 eis
793 774 1065 828 restituens
1091 773 1229 842 quod
1272 780 1537 825 merentur
1559 770 1740 841 (Deut.

151 885 259 930 vit.
293 868 400 938 10).
430 865 569 920 Sunt
598 865 777 933 itaque
802 872 858 918 et
890 865 943 918 in
979 863 1230 933 prtcsenti
1264 862 1598 932 gravissima:
1626 862 1743 915 ani-

153 978 374 1018 marum
405 974 578 1032 pecua:
618 961 733 1029 ipsa
775 968 1002 1030 peccata
1055 973 1191 1022 sua;
1243 965 1370 1012 sunt
1410 955 1744 1026 gravissimae

144 1057 463 1111 animarum
504 1067 679 1122 put-na:
706 1053 818 1122 ipsa
857 1051 1089 1107 desertio
1119 1049 1211 1104 Dei
1238 1056 1291 1103 et
1319 1047 1607 1107 damnatio.
1637 1059 1741 1115 qua

145 1157 506 1219 peccatorum
549 1144 761 1200 meritis
799 1143 1058 1199 continuo
1090 1141 1473 1202 restituuntur,
1503 1139 1596 1193 sed
1628 1152 1743 1191 res-

157 1237 410 1293 tantilla:
435 1236 488 1288 in
529 1235 768 1288 futurum
792 1241 1114 1287 aeternorum
1138 1230 1522 1300 suppliciorum
1545 1241 1738 1297 paenae,

151 1327 230 1379 de
259 1327 456 1394 quibus
503 1326 761 1394 scriptum
801 1332 885 1377 est
929 1325 1140 1377 dicente
1185 1320 1451 1374 Domino:
1501 1318 1741 1371 Mortuus

144 1425 236 1468 est
262 1425 434 1468 autem
459 1424 508 1468 et
532 1403 690 1474 diues,
720 1423 766 1466 et
795 1411 1023 1480 sepultus
1047 1421 1119 1464 est
1144 1411 1198 1462 in
1223 1409 1428 1477 inferno
1452 1405 1602 1477 (Luc.
1630 1421 1738 1468 xvi,

151 1506 273 1575 ³15).
304 1507 374 1560 Et
398 1507 593 1560 iterum
628 1524 641 1558 :
685 1502 768 1558 Ne
801 1504 934 1572 forte
965 1503 1239 1555 tradat~te
1283 1501 1613 1554 adversarius
1639 1499 1738 1568 ju-

144 1597 287 1659 dici,
306 1605 354 1648 et
389 1596 555 1664 judea:
580 1595 753 1647 tradat
789 1603 838 1646 te
856 1593 1095 1645 ministro
1128 1601 1174 1644 et
1199 1591 1252 1644 in
1279 1604 1534 1642 carcerem
1565 1589 1740 1641 mitta-

149 1687 253 1738 ris.
288 1686 451 1738 Amen
475 1686 592 1739 dico
617 1685 750 1737 tibi:
773 1701 875 1738 non
897 1684 1035 1736 exies
1062 1681 1202 1744 inde,
1233 1687 1393 1733 donec
1423 1679 1611 1732 reddas
1647 1695 1740 1731 no-

150 1779 429 1830 vissimum
448 1776 792 1846 quadrantem
809 1773 1030 1843 (Hatth.
1059 1772 1218 1835 v.25,
1235 1771 1348 1839 26).
1376 1771 1440 1824 Et
1467 1769 1570 1823 alio
1596 1768 1732 1833 loco,

139 1877 284 1919 *cum
306 1866 374 1920 de
399 1880 556 1918 servo
577 1879 804 1933 nequam
830 1863 1160 1931 loqueretur,
1191 1860 1280 1929 qui
1307 1859 1474 1913 uoluit
1493 1859 1731 1913 debitum
1765 1849 1808 1906 Β

147 1971 425 2009 conservo
463 1969 571 2010 suo
599 1955 872 2007 dimittere
917 1954 1057 2007 sicut
1085 1961 1139 2005 et
1178 1951 1279 2005 sibi
1320 1950 1598 2005 dimissum
1625 1956 1729 2010 est,

139 2048 235 2099 dait
270 2064 284 2099 :
324 2045 468 2098 Tunc
505 2045 671 2099 iratus
718 2043 960 2098 dominus
990 2047 1104 2112 ejus
1139 2041 1353 2094 tradidit
1382 2057 1498 2094 eum
1522 2041 1736 2094 tortori-

148 2139 276 2202 bus,
303 2138 476 2206 quoad
494 2155 660 2208 usque
687 2137 920 2191 redderet
942 2137 1238 2189 universum
1259 2133 1490 2188 debitum
1511 2131 1731 2202 (Matth.

149 2244 318 2290 xviii,
345 2227 456 2296 54).
1648 2238 1650 2240 ·

143 2340 168 2349 --
231 2320 338 2374 llas
364 2299 942 2389 poenaspeceatornm,
976 2317 1089 2372 sive
1117 2316 1170 2370 in
1213 2315 1348 2383 ipsis
1389 2312 1630 2383 peccatis
1649 2326 1735 2366 cm

148 2426 279 2464 rum
305 2413 416 2465 sive
443 2413 494 2464 in
525 2411 828 2464 desertione
850 2410 968 2474 Dei,
993 2425 1096 2478 pro
1117 2408 1310 2462 merito
1337 2409 1573 2476 ipsorum
1612 2421 1736 2475 pec.

144 2510 426 2564 calorum,
465 2516 584 2569 qua:
612 2501 796 2554 statim
839 2501 892 2554 in
943 2499 1189 2569 praesenti
1238 2497 1580 2560 inferuntur;
1621 2497 1734 2551 sive

142 2593 322 2646 etiam
346 2593 396 2644 in
419 2592 775 2646 exterioribus
796 2591 967 2660 ptenis
985 2587 1358 2658 multiplicium
1377 2585 1732 2657 flagellorum,

143 2698 279 2751 quae
298 2681 722 2752 peccantibusad
741 2695 982 2749 praesens
997 2680 1250 2733 divinitus
1267 2675 1604 2741 inferuntur;
1621 2677 1736 2731 sive

143 2771 212 2824 in
264 2770 606 2825 damnatione
648 2779 970 2823 aeternorum
1021 2768 1427 2837 suppliciorum,
1467 2781 1586 2835 qua:
1613 2775 1736 2835 post

145 2860 273 2914 haec
299 2860 479 2914 omnia
510 2860 562 2912 in
593 2860 700 2914 line
727 2867 1032 2922 servantur,
1053 2873 1176 2912 cum
1202 2866 1309 2910 tam
1339 2864 1524 2924 aperte
1553 2855 1734 2923 Scripo

146 2959 280 3003 tura
328 2956 576 3012 testetur,
629 2957 736 3001 tam
783 2947 1150 3002 indubitanter
1191 2944 1446 3000 Ecclesiie
1486 2943 1617 2999 ﬁdes
1661 2953 1736 2996 te-

147 3047 314 3104 neat;
371 3039 591 3093 audiant
617 3038 924 3108 quicunque
969 3034 1270 3104 huiusmodi
1301 3035 1528 3090 fallaciis
1570 3044 1733 3105 atque

147 3129 447 3199 praestigiis
494 3144 593 3198 per
633 3130 775 3183 hunc
799 3127 1145 3182 vanissimum
1187 3126 1456 3180 hominem
1500 3125 1730 3180 illudun-

1849 600 1941 669 qui
1973 599 2221 654 mittendi
2250 608 2375 654 sunt
2407 601 2457 654 in
2486 601 2661 672 ignem
2689 613 2972 667 aeternum,
3001 605 3044 657 si
3072 620 3137 658 ex
3172 606 3286 674 ipso
3309 607 3433 676 igne

1845 691 1990 746 nulla
2031 691 2324 759 supplicia,
2369 690 2510 744 nulla
2568 701 2834 746 tormenta
2883 695 3094 762 passuri
3149 696 3307 748 sunt?
3346 697 3430 750 An

1841 790 2130 851 propterea
2177 781 2550 835 tantummodo
2574 793 2633 835 ut
2659 783 2750 851 qui
2798 799 2940 837 nunc
2967 783 3049 837 vel
3082 785 3133 837 in
3166 801 3314 848 aere,
3342 786 3430 840 vel

1835 871 1902 924 'in
1939 880 2080 924 terra
2111 879 2520 935 eonvcrsantur,
2555 873 2814 942 incipiant
2859 875 2910 927 in
2952 874 3073 944 igne
3104 875 3306 929 habere
3334 892 3432 929 no-

1844 975 1975 1015 vum
1999 961 2393 1026 habitaculum;
2416 961 2531 1026 ubi,
2555 964 2693 1017 sicut
2716 963 2781 1016 de
2810 965 3014 1018 sanctis
3047 956 3219 1022 tribus
3242 967 3428 1034 pueris

1845 1053 1900 1106 in
1928 1053 2138 1120 fornace
2173 1051 2462 1122 Babylonia
2491 1054 2757 1108 damnatis
2800 1055 3060 1125 scriptum
3094 1064 3194 1117 est,
3225 1057 3426 1111 nullam

1840 1150 2167 1212 potestatem
2220 1144 2415 1197 habeat
2461 1143 2600 1213 ignis
2657 1144 2709 1197 in
2768 1145 3084 1213 corporibus
3132 1161 3343 1212 eorum,
3375 1155 3431 1202 et

1841 1235 2067 1305 capillus
2110 1235 2302 1303 rapit-is
2331 1250 2517 1288 eorum
2550 1251 2658 1289 non
2707 1237 2981 1296 aduratur,
3012 1247 3074 1292 et
3114 1239 3250 1292 odor
3289 1239 3428 1308 ignis

1847 1341 1952 1378 non
1987 1334 2228 1378 transeat
2270 1342 2366 1396 per
2413 1341 2543 1390 eos;
2572 1334 2625 1380 et
2668 1328 2798 1396 quid
2843 1329 2950 1397 jam
2984 1336 3171 1394 restat,
3203 1331 3306 1383 nisi
3348 1341 3427 1394 ut,

1839 1417 2060 1471 sicutde
2086 1417 2191 1470 illis
2216 1417 2495 1487 Scriptura
2522 1418 2680 1472 dicit:
2705 1420 2831 1497 quia
2860 1421 3074 1488 angelus
3099 1421 3307 1474 Domini
3333 1424 3396 1475 de

1837 1509 2034 1561 scendit
2064 1525 2181 1561 cum
2210 1509 2400 1560 Azaria
2437 1518 2485 1561 et
2514 1510 2670 1561 sociis
2708 1511 2823 1579 ejus
2851 1511 2904 1562 in
2937 1510 3221 1574 fornacem,
3251 1521 3300 1564 et
3338 1528 3427 1565 ea?-

1832 1601 1996 1651 cussit
2017 1599 2284 1666 flammant
2314 1598 2449 1666 ignis
2471 1597 2535 1651 de
2555 1597 2788 1666 fornace,
2825 1609 2870 1652 et
2901 1598 3021 1668 fecit
3061 1600 3285 1653 medium
3318 1601 3428 1668 for-

1835 1689 1981 1742 nacis
2011 1690 2161 1758 quasi
2201 1699 2405 1741 ventum
2435 1691 2570 1742 roris
2617 1691 2849 1757 ﬂantem,-
2875 1700 2921 1742 et
2966 1707 3070 1743 non
3117 1691 3280 1760 tetigit
3336 1707 3423 1744 eos

1833 1781 2048 1834 ontnino
2070 1781 2203 1849 ignis
2230 1797 2392 1849 neque
2424 1781 2765 1843 contristabit,
2794 1797 2885 1834 nec
2925 1782 3208 1852 quidquam
3238 1782 3422 1836 moles-

1835 1870 1924 1922 tiw
1951 1870 2125 1922 intulit
2167 1869 2327 1939 (Dan.
2356 1885 2438 1933 nt,
2466 1871 2552 1935 49,
2594 1871 2706 1941 50),
2741 1873 2814 1925 ila
2843 1881 2898 1925 et
2933 1874 2997 1925 de
3030 1873 3145 1926 istis
3189 1873 3419 1927 mirabili

1835 1960 2044 2013 insania
2074 1957 2342 2013 atlirmarc
2372 1961 2680 2014 contendat.
2728 1961 2878 2026 Quod
2921 1962 2964 2014 si
2997 1962 3067 2014 ita
3104 1971 3248 2015 esset
3275 1963 3418 2030 quod

1835 2067 2071 2122 unquam
2109 2053 2213 2107 tale
2244 2053 2561 2108 miraculum
2588 2069 2708 2108 esse
2746 2054 2943 2122 potuit,
2973 2054 3114 2107 inter
3149 2055 3416 2122 magnalia

1834 2151 1890 2197 et
1914 2143 2155 2212 prodigia
2178 2158 2297 2211 qua:
2318 2143 2574 2198 divinitus
2597 2142 2732 2197 facta
2758 2153 2904 2207 sunt,
2921 2151 2977 2196 ut
3003 2153 3108 2196 tam
3137 2144 3417 2198 inmunera

1835 2231 2120 2286 multitudo
2158 2243 2523 2301 apostatarum
2551 2233 2862 2302 angelorum
2889 2241 2944 2286 et
2984 2233 3262 2287 hominum
3296 2250 3417 2303 per-

1835 2321 2070 2376 ditorum
2103 2331 2248 2376 esset
2273 2322 2326 2375 in
2357 2323 2533 2376 medio
2562 2324 2946 2377 immensarum
2981 2332 3036 2376 et
3072 2325 3417 2378 a:stuantium

1835 2412 2196 2476 ﬂammarum,
2227 2422 2283 2467 et
2307 2429 2415 2466 non
2448 2421 2692 2480 tangeret
2736 2428 2830 2468 eos
2872 2415 3092 2468 omnino
3121 2415 3279 2483 ignis,
3323 2415 3418 2469 sed

1833 2507 1941 2560 vim
1993 2507 2208 2560 virtutis
2233 2522 2343 2560 suae
2370 2506 2802 2570 oblivisceretur,
2833 2515 2893 2559 ut
2931 2506 3176 2560 diabolus
3199 2516 3255 2560 ct
3300 2508 3418 2576 ejus

1835 2596 2008 2664 angeli
2031 2595 2436 2650 custodirentur
2462 2595 2647 2650 illaesi?
2669 2596 2800 2662 Quis
2825 2596 3027 2649 audivit
3049 2611 3284 2666 unquam
3309 2597 3417 2649 tale

1835 2695 1929 2742 aut
1953 2688 2076 2756 quis
2099 2686 2324 2741 'sull‘erre
2347 2688 2515 2756 possit
2540 2695 2702 2740 tanta:
2723 2687 3013 2756 impietatis
3037 2688 3336 2741 insaniam?
3355 2688 3419 2743 Si

1832 2777 1977 2831 enim
2010 2777 2153 2831 nulla
2196 2777 2301 2830 erit
2333 2791 2490 2846 paena
2533 2777 2586 2829 in
2621 2787 2829 2830 interno
2863 2777 2984 2846 igne
3011 2777 3411 2838 damnatorum,

1833 2876 2124 2937 sequenter
2152 2867 2295 2921 nulla
2323 2867 2428 2920 erit
2451 2867 2613 2920 etiam
2656 2867 2820 2936 gloria
2853 2866 2904 2919 in
2934 2873 3131 2920 aeterna
3162 2881 3415 2921 remune-

1836 2956 2045 3011 ratione
2066 2955 2354 3025 justorum.
2391 2954 2492 3022 Qui
2519 2957 2663 3009 enim
2693 2956 2974 3010 verissime
2999 2956 3246 3025 promisit
3273 2958 3412 3011 hanc

1835 3047 2056 3118 gloriam
2087 3046 2352 3102 dicendo:
2393 3045 2596 3108 Venite,
2645 3046 2898 3099 benedicti
2933 3045 3107 3098 Patris
3136 3046 3238 3099 mei
3254 3087 3267 3108 .
3295 3063 3414 3116 per-

1833 3137 1988 3204 cipite
2016 3151 2229 3205 regnum
2257 3135 2396 3206 quod
2421 3135 2565 3188 vobis
2592 3144 2836 3203 paratum
2869 3144 2943 3187 est
2981 3151 3014 3187 a
3050 3135 3414 3189 constitutione

147 3195 267 3291 ἱυτ,
294 3195 421 3274 inim
447 3195 588 3289 quod
628 3219 914 3288 Apostolus
938 3218 1248 3273 terribiliter
1273 3217 1521 3271 omnibus
1569 3215 1730 3270 lidcli-
1758 3195 1802 3257 C
1833 3195 2013 3282 ηάιηαί
2041 3195 2410 3297 (ῂαιειιξχχν,
2437 3226 2560 3296 54),
2593 3195 2715 3295 ipse
2743 3226 3024 3280 verissime
3052 3228 3412 3281 εοηιηιεηθιηε

151 3314 258 3367 bus
308 3313 586 3366 denuntiat
635 3313 862 3366 dicens:
893 3311 1060 3365 Nemo
1100 3327 1188 3365 vos
1217 3310 1439 3380 decipiat
1488 3308 1732 3363 inanibus

150 3405 364 3468 verbis;
394 3413 604 3472 propter
625 3404 736 3456 hac
776 3403 914 3456 enim
955 3402 1087 3455 venit
1114 3402 1196 3454 ira
1221 3400 1318 3454 Dei
1353 3401 1408 3453 in
1433 3399 1570 3467 ﬁlios
1594 3400 1731 3469 αδηε-

147 3494 352 3549 dentite
377 3492 535 3562 (Eph.
563 3509 614 3559 v,
644 3493 719 3564 6).
753 3492 957 3559 Quibus
979 3491 1157 3546 verbis
1183 3490 1423 3561 Apostoli
1454 3491 1514 3544 Β.
1549 3490 1733 3544 lliero-

150 3601 353 3656 nymus
377 3586 690 3654 exponendo
715 3585 987 3655 subjungit
1013 3585 1198 3640 dicens
1231 3600 1244 3636 :
1273 3581 1466 3655 [Verba
1491 3597 1610 3651 quae
1640 3583 1733 3636 des

147 3680 365 3748 cipiunt
416 3687 578 3746 atque
627 3677 973 3747 supplantant
1034 3675 1213 3729 inania
1259 3683 1475 3729 suntet
1521 3687 1728 3728 vacua:

149 3783 278 3839 quas
297 3783 428 3822 vero
456 3768 724 3827 aediﬁcant
754 3766 1051 3828 audientes,
1082 3764 1258 3834 plena,
1280 3764 1573 3827 cumulata,
1604 3778 1730 3816 eon~

150 3859 317 3912 ferta.
347 3856 484 3922 Quia
526 3857 690 3926 igitur
713 3863 837 3910 sunt
861 3854 1102 3924 plerique
1128 3853 1218 3922 qui
1255 3852 1440 3906 dicunt
1485 3867 1591 3904 non
1642 3851 1728 3904 fu—

147 3955 277 4000 tura
299 3961 400 4016 pro
431 3946 670 4014 peccatis
691 3959 812 3999 esse
843 3943 1125 4012 supplicia,
1155 3957 1254 3995 nec
1281 3941 1616 3995 extrinsecus
1635 3941 1730 3993 ad-

149 4036 390 4091 bibenda
422 4043 708 4098 tormenta,
733 4033 825 4088 sed
855 4035 1026 4102 ipsum
1048 4041 1328 4102 peccatum
1366 4040 1420 4085 et
1453 4031 1729 4085 conscien-

147 4129 285 4183 tiam
312 4127 494 4182 delicti
519 4141 639 4180 esse
667 4141 764 4196 pro
788 4140 948 4194 poena
969 4124 1094 4178 dum
1117 4122 1318 4177 vermis
1343 4123 1395 4176 in
1421 4122 1584 4176 corde
1621 4137 1727 4175 non

147 4221 419 4282 moritur;
442 4217 569 4272 etin
593 4217 770 4271 animo
813 4217 953 4286 ignis
991 4217 1303 4272 accenditur
1327 4216 1379 4270 in
1412 4215 1728 4270 similitudi-

143 4323 275 4364 nem
306 4307 497 4372 febris,
541 4323 660 4377 qutc
685 4323 790 4362 non
841 4315 1059 4376 torquet
1100 4309 1438 4363 extrinsecus
1461 4315 1729 4377 iegrotan-

145 4410 285 4463 tem,
309 4399 407 4453 sed
432 4413 655 4468 corpora
688 4400 802 4467 ipsa
832 4400 1130 4468 corripiens
1163 4400 1315 4469 punit
1355 4400 1471 4454 sine
1516 4399 1729 4454 crucia-

142 4498 237 4544 tus
259 4489 562 4544 forinsecus
592 4489 942 4555 adhibitione,
965 4504 1083 4558 qua:
1113 4489 1369 4558 possidet.
1402 4488 1511 4542 llas
1542 4488 1722 4557 itaque

140 4579 527 4649 persuasiones
549 4587 603 4634 ct
631 4579 903 4649 decipulas
931 4579 1319 4654 fraudulentas,
1347 4579 1510 4634 verba
1537 4579 1718 4632 inania

139 4669 438 4739 appellavit
481 4677 538 4722 et
576 4684 766 4735 vacua,
793 4684 912 4738 quae
938 4669 1188 4723 videntur
1225 4667 1410 4723 liorem
1433 4669 1718 4737 quemdam

139 4760 348 4814 habere
369 4773 699 4825 sermonum,
727 4768 784 4814 et
803 4759 1032 4814 blandiri
1061 4760 1429 4829 peccantibus.
1463 4758 1569 4813 Sed
1593 4760 1720 4813 dum

133 4852 404 4906 ﬁduciam
433 4851 694 4915 tribuunt,
721 4851 892 4921 magis
923 4865 1018 4905 eos
1043 4850 1224 4905 ferunt
1256 4851 1322 4906 ad
1357 4859 1556 4905 interna
1594 4865 1721 4920 sup—

131 4944 328 5013 plicia.
353 4941 489 5007 Quia
519 4943 587 4996 de
606 4942 749 4996 nulla
777 4957 838 4996 re
867 4941 946 4996 sic
969 4942 1221 4996 irascitur
1259 4942 1421 5007 Deus,
1452 4943 1721 5010 quomodo

128 5035 172 5086 si
208 5041 468 5102 peccator
495 5030 746 5101 superbia
771 5040 826 5085 et
849 5039 1064 5086 erectus
1085 5039 1140 5085 et
1164 5030 1366 5099 rigidus
1394 5046 1500 5084 non
1533 5029 1722 5084 ﬂecta-

137 5132 230 5176 tur
275 5121 329 5173 in
359 5119 562 5183 ﬂetum,
601 5135 702 5174 nec
748 5120 1174 5176 misericordiam
1217 5118 1449 5188 postulet
1493 5133 1590 5188 pro
1629 5120 1724 5174 de-

139 5210 321 5282 licto.]
351 5211 479 5266 Haec
513 5222 730 5266 sanctus
751 5213 961 5276 doctor,
987 5219 1043 5265 et
1073 5211 1414 5280 antiquorum
1445 5195 1723 5267 lucretico-

137 5319 266 5357 rum
317 5317 560 5358 errorem
602 5318 763 5373 super
808 5305 910 5358 hac
955 5319 1015 5357 re
1069 5303 1418 5372 redarguens,
1464 5312 1518 5357 et
1565 5303 1722 5358 istius

137 5393 485 5448 fraudulenta
523 5394 802 5449 mendacia
850 5403 1012 5464 atque
1065 5401 1369 5450 commenta
1424 5393 1716 5464 apostolica

138 5487 376 5541 veritate
404 5488 742 5541 subvertens.
1049 5529 1054 5535 .

211 5578 388 5632 Audet
414 5587 592 5632 tamen
620 5578 726 5632 iste
749 5577 924 5632 adhuc
965 5577 1166 5645 majora
1198 5583 1254 5630 et
1296 5574 1715 5641 detestabiliora,

138 5661 198 5726 et
236 5669 510 5742 subjungit
529 5672 712 5726 dicens
737 5690 748 5723 :
776 5669 840 5724 In
869 5673 983 5740 igne
1025 5679 1214 5724 aeterno
1242 5667 1372 5722 nihil
1415 5668 1562 5720 aliud
1608 5685 1717 5722 esse

52 5803 56 5808 .
138 5778 348 5831 pernam
389 5778 549 5832 quam
594 5765 757 5818 beata:
785 5761 1046 5829 felicitatis
1087 5760 1394 5814 absentiam.
1430 5759 1526 5815 Ubi
1571 5767 1717 5816 recte

1830 3325 1916 3372 est
1941 3316 2084 3370 illam
2111 3331 2326 3386 poenam
2351 3316 2577 3372 dicendo
2603 3335 2615 3370 :
2647 3315 2906 3370 Discedite
2933 3334 2964 3370 a
2993 3331 3094 3381 me,
3123 3317 3410 3382 maledicti,

1831 3408 1888 3462 in
1913 3407 2083 3477 ignem
2119 3417 2370 3461 retentum
2396 3408 2483 3478 qui
2513 3417 2731 3477 paratus
2768 3418 2840 3460 est
2877 3407 3086 3460 diabolo
3122 3418 3170 3461 et
3213 3409 3412 3477 angelis

1831 3498 1944 3567 ejus
1973 3498 2159 3568 (lbid.,
2186 3499 2298 3566 41),
2330 3501 2445 3568 ipse
2471 3501 2631 3553 etiam
2665 3501 2731 3553 de
2759 3509 2987 3568 utroque
3025 3499 3282 3552 immobili
3314 3515 3407 3553 ve—
3440 3551 3443 3554 _

1836 3590 1994 3644 ritate
2031 3589 2340 3658 subjuuxit:
2378 3589 2523 3642 Tunc
2556 3591 2704 3642 ibunt
2741 3591 2793 3642 hi
2827 3591 2880 3642 in
2915 3589 3225 3656 supplicium
3255 3600 3407 3642 atter-

1831 3698 1978 3746 num,
2020 3681 2156 3750 justi
2185 3689 2354 3734 autem
2401 3682 2454 3732 in
2497 3681 2653 3732 vitam
2697 3689 2944 3732 attentam
2973 3678 3159 3747 (lbid.,
3186 3678 3295 3747 46).
3347 3679 3405 3732 Si

1830 3788 1963 3843 ergo
1993 3772 2287 3841 quaerimus
2316 3771 2443 3840 quid
2473 3772 2546 3824 sit
2568 3769 2695 3822 illud
2727 3767 2945 3837 regnum
2975 3767 3116 3835 quod
3143 3781 3173 3819 ει
3205 3768 3408 3820 consli—

1831 3864 2038 3916 tutione
2087 3861 2271 3914 mundi
2318 3859 2478 3927 jnstis
2529 3868 2614 3912 est
2664 3865 3063 3928 prteparatum,
3124 3856 3405 3912 audiamus

1833 3949 2061 4005 ﬁdeliter
2098 3963 2220 4004 esse
2263 3948 2430 4001 vitam
2476 3957 2759 4001 :cternam.
2824 3945 2881 3999 Si
2931 3944 3224 4014 quaerimus
3273 3946 3403 4014 quid

1829 4042 2052 4098 credere
2090 4040 2383 4096 debeamus
2421 4038 2570 4092 illum
2613 4038 2663 4091 in
2696 4051 2854 4108 quem
2888 4046 2945 4091 et
2971 4036 3400 4107 homines‘impii

1830 4141 1886 4189 et
1912 4131 2085 4202 angeli
2117 4130 2363 4184 mittendi
2399 4137 2526 4184 sunt
2563 4129 2732 4198 ignem
2762 4127 3064 4181 retentum?
3108 4125 3406 4198 Audiamus

1831 4225 2179 4280 nihilominus
2217 4224 2445 4279 fideliter
2474 4237 2595 4279 esse
2632 4221 2951 4293 supplicium
2991 4222 3400 4290 sempiternum.

1830 4313 1940 4369 Nec
1965 4311 2138 4381 major
2165 4328 2284 4368 esse
2313 4320 2491 4382 potem
2515 4311 2681 4381 gloria
2709 4327 2872 4380 quam
2898 4310 3010 4364 vita
3037 4318 3270 4374 aeterna;
3307 4324 3406 4363 nec

1795 4409 1799 4419 '
1831 4405 2003 4475 major
2045 4419 2203 4475 poma
2241 4419 2402 4473 quam
2438 4403 2758 4472 supplicium
2801 4402 3229 4470 sempiternum:
3273 4399 3401 4453 illud

1832 4498 1883 4552 in
1916 4512 2082 4567 regno
2107 4497 2404 4566 positorum
2423 4536 2436 4557 ,
2488 4493 2626 4550 istud
2660 4496 2710 4548 in
2739 4502 2944 4548 aeterno
2973 4495 3094 4564 igne
3119 4493 3399 4546 damnato-

1828 4600 1966 4640 rum.
2020 4584 2099 4640 De
2125 4600 2232 4654 quo
2271 4584 2530 4653 supplicio
2578 4583 2716 4653 ignis
2760 4581 2948 4636 aeterni
2982 4590 3168 4650 aperte
3208 4579 3399 4633 beatus

1825 4671 2060 4730 Joannes
2101 4673 2153 4727 in
2190 4673 2508 4744 Apocalypsi
2550 4681 2802 4736 testatur,
2842 4671 3066 4725 dicens:
3100 4669 3248 4722 Missi
3275 4678 3396 4723 sunt

1825 4766 1881 4818 in
1911 4775 2152 4834 stagnum
2181 4765 2316 4834 ignis
2343 4776 2390 4819 et
2415 4764 2704 4833 sulphuris,
2741 4773 2787 4816 et
2823 4763 3196 4815 cruciabuntur
3221 4763 3306 4815 die
3336 4779 3398 4816 ac

1824 4865 1972 4912 nocte
2012 4859 2068 4910 in
2108 4857 2300 4911 stscula
2322 4856 2632 4911 strculorum
2661 4855 2843 4924 (Apoc.
2871 4868 2964 4918 xx,
2989 4852 3042 4918 9,
3072 4853 3182 4923 10).
3209 4852 3273 4906 Et
3293 4852 3401 4908 alio

1824 4948 1982 5002 loco:
2018 4946 2085 5000 Et
2117 4947 2293 5015 fumus
2321 4956 2697 5000 tormentorum
2725 4959 2902 4997 eorum
2931 4943 3170 4997 ascendet
3207 4943 3262 4996 in
3295 4959 3396 4997 sa:-

1770 5085 1775 5090 .
1823 5038 1943 5092 cula
1988 5036 2299 5091 steculorum
2331 5036 2513 5106 (Apoc.
2546 5049 2668 5096 ιιι,
2707 5033 2787 5102 5).
2838 5031 2954 5085 Non
2997 5046 3126 5102 ergo
3174 5033 3226 5086 in
3274 5033 3397 5101 igne

1822 5136 2026 5183 aeterno
2044 5126 2222 5196 angeli
2247 5125 2330 5180 vel
2352 5123 2596 5179 homines
2618 5121 2858 5178 damnati
2885 5126 3137 5190 poterunt
3156 5135 3394 5189 unquam

1823 5233 1945 5276 esse
1989 5218 2155 5288 quieti
2199 5225 2256 5271 et
2298 5216 2563 5291 immunes
2600 5228 2632 5266 a
2669 5211 2886 5280 pomis;
2930 5211 3054 5279 qui,
3094 5220 3154 5264 ut
3182 5208 3400 5264 Veritas

1822 5310 1982 5366 dicit:
2005 5307 2394 5363 Cruciabuntur
2412 5305 2497 5359 die
2517 5321 2579 5358 ac
2599 5314 2746 5358 nocte
2768 5305 2822 5357 in
2843 5303 3036 5358 sarcula
3057 5301 3396 5365 «sculorum;

1823 5407 1879 5454 et
1918 5413 2148 5468 quorum
2189 5396 2363 5464 fumus
2407 5404 2780 5448 tormentorum
2821 5397 3061 5450 ascendet
3103 5394 3160 5446 in
3201 5392 3396 5447 alecula

1823 5486 2134 5542 saeculorum
2151 5502 2172 5550 ;
2207 5481 2383 5552 qualis
2411 5481 2575 5536 etiam
2607 5496 2750 5535 nunc
2774 5495 2934 5550 pugna
2971 5491 3027 5534 et
3056 5479 3176 5534 illos
3203 5493 3395 5534 conse-

1823 5577 2026 5646 quitur.
2074 5575 2151 5628 De
2177 5573 2372 5641 quibus
2401 5571 2465 5626 ad
2500 5571 2904 5627 similitudinem
2939 5571 3080 5625 illius
3115 5568 3395 5639 purpurati

1822 5666 1877 5724 et
1916 5665 2154 5721 damnati
2196 5664 2377 5719 divitis
2421 5664 2699 5732 Scriptura
2739 5663 2907 5717 dicit:
2943 5661 3146 5716 Ducunt
3177 5661 3232 5713 in
3263 5659 3396 5711 bono

1824 5758 1932 5813 dies
1969 5772 2114 5822 suos,
2157 5764 2204 5810 et
2244 5754 2299 5809 in
2341 5765 2531 5825 puncto
2561 5754 2629 5807 ad
2665 5751 2872 5820 inferna
2922 5751 3236 5806 descendunt
3267 5745 3392 5814 (Job
