3970 6306
623 338 727 396 I99

1719 341 1925 400 FLORI
1963 343 2188 401 DIACOP

2291 314 2754 407 manuue-use
3745 372 3817 427 ea)

624 472 736 517 xxi.
768 455 880 527 l3).
929 456 1001 513 Ut
1025 465 1080 514 et
1110 457 1248 527 ipsi,
1275 459 1415 514 sicut
1438 457 1503 514 de
1529 457 1618 512 illo
1645 456 1864 528 legitur,
1893 458 2076 512 statim
2109 458 2194 514 io-
2220 463 2269 520 Α
2297 460 2481 516 tudine
2507 461 2747 520 funditus
2769 465 2999 522 exclusi.
3030 466 3171 525 Vere
3197 483 3328 539 ergo
3351 472 3559 538 miseri,
3580 486 3634 533 et
3653 493 3757 535 vere
3784 485 3817 538 in
3904 455 3905 460 η

622 548 828 617 cipiant
855 562 973 602 esse
1003 549 1056 603 in
1089 550 1395 613 tormentis,
1426 557 1482 603 et
1506 549 1740 604 cruciari
1773 550 1825 604 in
1853 548 2070 604 ﬂamma
2090 589 2106 617 ,
2145 559 2204 606 et
2298 561 2560 607 aeternum
2587 556 2822 610 damnati
2849 567 3007 613 erunt
3034 561 3125 629 qui
3157 577 3366 632 semper
3396 566 3638 622 veritatis
3662 580 3709 625 et
3729 573 3818 626 bea-
3904 569 3905 574 “

2301 646 2544 702 titudinis
2586 649 2799 704 exsules
2829 660 3005 714 erunt.
3039 653 3182 708 nulla
3226 657 3473 712 veritatis
3519 659 3633 715 luce
3672 662 3818 717 illumi-
3904 681 3905 712 :

619 639 868 706 deputari
895 639 948 692 iu
974 639 1089 694 loco
1110 639 1442 694 aeternalium
1472 647 1864 694 tormentorum
1890 659 1903 694 :
1937 642 2074 696 solet
2099 643 2201 696 iste

619 729 836 797 dicere,
875 730 1022 785 sicut
1048 729 1384 794 audivimus,
1423 745 1545 785 cum
1572 729 1768 800 aliquis
1807 731 1856 784 ei
1894 731 1962 786 de
2002 732 2199 786 talibus

611 819 771 888 juxta
825 819 949 876 ﬁdei
1001 821 1282 875 veritatem
1336 822 1604 876 obsistere
1654 823 1882 892 coeperit
1933 825 2197 879 sermoci-

618 909 834 964 nando:
889 909 1029 976 Quid
1069 909 1194 964 vis?
1240 910 1380 965 ratio
1423 921 1478 966 te
1516 912 1706 966 vincit.
1772 911 1902 979 Quae
1943 929 2072 981 ergo
2117 922 2200 969 est

619 1001 735 1056 haec
769 1001 906 1056 ratio
930 1001 1075 1055 omni
1109 1002 1318 1058 ratione
1346 1017 1536 1066 vacua,
1566 1004 1714 1059 omni
1741 1004 1970 1060 veritate
1999 1005 2196 1070 aliena,

613 1098 672 1144 ct
735 1090 926 1160 spiritu
983 1090 1292 1160 impiissimi
1349 1093 1554 1148 erroris
1605 1093 1973 1165 lympltatica,
2037 1105 2200 1166 atque

613 1179 942 1248 phanatica?
983 1178 1084 1246 Qui
1128 1181 1243 1236 vult
1288 1191 1348 1236 ut
1390 1183 1637 1239 homines
1673 1185 1959 1240 veritatem
1997 1185 2198 1243 Christi

611 1271 888 1333 deserant,
913 1277 970 1324 et
991 1285 1120 1325 suas
1143 1272 1515 1342 phantasticas
1544 1281 1600 1330 et
1626 1273 1953 1332 daemonicas
1977 1275 2197 1333 umbras

613 1368 932 1427 sequantur.

683 1449 791 1504 Sed
817 1465 941 1505 cum
969 1450 1198 1507 dixisset
1218 1455 1274 1508 in
1299 1462 1504 1510 aeterno
1532 1456 1655 1526 igne
1679 1457 1965 1512 damnatos
1990 1457 2195 1512 nullam

609 1541 771 1595 aliam
795 1541 996 1595 sentire
1015 1556 1234 1612 pmuam
1259 1544 1556 1601 nisi.beat:e
1574 1544 1850 1600 felicitatis
1872 1545 2192 1612 absentiam,

609 1631 887 1702 subjungit
914 1640 1092 1686 tamen
1118 1632 1263 1688 velut
1284 1635 1573 1703 quamdam
1594 1650 1783 1690 eorum
1803 1636 2192 1692 beatitudinem

607 1729 667 1776 et
691 1721 862 1777 dicit:
896 1722 964 1776 In
1010 1740 1071 1777 ea
1118 1722 1194 1795 (id
1223 1732 1310 1778 est
1339 1725 1390 1779 in
1422 1725 1594 1780 beatae
1618 1725 1893 1782 felicitatis
1921 1726 2190 1799 absentia)

2299 738 2451 802 nati,
2502 739 2646 794 nulla
2698 742 3044 799 beatitudinis
3086 744 3428 814 jucunditate
3473 751 3738 807 consolati.
3777 756 3819 808 Et

2301 837 2502 893 tamen,
2531 842 2754 901 excepta
2777 834 2878 889 hac
2902 835 3056 905 plena
3094 846 3150 894 et
3195 853 3406 895 summa
3437 842 3669 908 miseria,
3696 846 3821 902 aderit

2297 922 2380 977 eis
2405 924 2524 978 sine
2553 924 2659 979 ﬁne
2693 925 2857 981 etiam
2886 929 3126 984 exterior
3151 943 3332 1001 ptena,
3361 941 3421 986 ut
3469 941 3528 988 et
3575 935 3707 991 intus
3743 948 3818 991 tor-

2295 1024 2566 1082 queantur
2608 1015 2922 1074 infelicitate
2965 1021 3334 1086 conscientia,
3360 1031 3418 1077 et
3445 1021 3578 1078 foris
3620 1023 3725 1093 igne
3759 1042 3820 1096 ge-

2299 1106 2508 1182 hennae.
2539 1109 2690 1177 Quod
2719 1119 3006 1183 utrumque
3026 1103 3311 1169 Psalinista
3346 1115 3586 1168 breviter
3621 1087 3818 1174 ostendit.
3904 1087 3905 1110 ³

2298 1200 2482 1256 dicens
2511 1201 2577 1256 ad
2613 1202 2785 1272 ipsum
2818 1202 3063 1260 iudicem
3112 1205 3355 1258 vivorum
3399 1214 3456 1260 et
3493 1214 3816 1261 mortuorum:

2297 1288 2603 1345 Inveniatur
2631 1307 2819 1346 manus
2855 1303 2946 1346 tua
2985 1294 3226 1348 omnibus
3254 1294 3481 1347 inimicis
3503 1296 3603 1349 tuis
3621 1309 3639 1346 :
3659 1296 3818 1349 deum

2294 1388 2384 1432 tua
2414 1381 2632 1434 inveniet
2657 1397 2853 1445 omnes,
2878 1383 2968 1452 qui
2991 1394 3036 1436 te
3066 1383 3309 1436 oderunt.
3358 1381 3536 1438 Panes
3567 1400 3648 1438 eos
3691 1395 3734 1437 ut
3761 1384 3820 1437 cli-

2295 1468 2488 1521 banum
2508 1468 2642 1537 ignis
2669 1470 2722 1522 in
2740 1478 2967 1538 tempore
2987 1470 3155 1525 vultus
3181 1472 3298 1524 tui:
3321 1471 3581 1526 Dominus
3601 1473 3652 1527 in
3671 1472 3737 1525 ira
3751 1490 3818 1526 sua

2293 1557 2621 1611 conturbabit
2641 1573 2748 1622 eos,
2762 1568 2810 1612 et
2831 1559 3094 1614 devorabit
3115 1577 3202 1614 eos
3221 1563 3356 1631 ignis
3380 1560 3556 1633 (Psal.
3581 1579 3660 1622 xx,
3680 1563 3724 1624 9,
3744 1563 3817 1630 l0).

2294 1645 2447 1712 Quod
2472 1647 2530 1700 Β.
2561 1647 2889 1717 Augustinus
2910 1647 3226 1704 brevissime
3245 1659 3299 1703 et
3315 1650 3623 1718 plenissime
3644 1650 3715 1704 his
3731 1666 3816 1705 rer-

2296 1736 2377 1790 bis
2410 1736 2632 1805 exponit
2673 1737 2858 1792 dicens
2888 1754 2902 1790 :
2951 1737 3310 1809 [Constitues,
3344 1739 3540 1809 inquit,
3569 1756 3660 1794 eos
3680 1741 3819 1794 aniat-

608 1812 814 1866 nullum
853 1830 964 1868 esse
1002 1815 1090 1884 qui
1130 1832 1234 1869 non
1272 1816 1459 1870 habeat
1503 1817 1718 1871 insitam
1746 1818 1847 1870 sibi
1875 1818 2191 1873 naturaliter
2219 1812 2267 1873 Β
2297 1834 2378 1881 tes
2409 1826 2730 1882 intrinsecus
2755 1827 3081 1882 conscientia
3107 1827 3396 1897 impietatis
3415 1845 3530 1883 sua:
3559 1829 3608 1882 in
3639 1837 3821 1898 tempore
3904 1879 3905 1888 η

609 1906 835 1961 absentis
875 1907 1214 1962 beatitudinis
1259 1911 1560 1975 notionem,
1602 1909 1816 1980 ejusque
1853 1911 2189 1966 desiderium.

611 1995 713 2051 Ubi
752 2006 806 2052 et
844 1998 994 2052 addit
1031 1998 1299 2053 habituros
1342 2001 1558 2054 miseros
1587 1999 1853 2070 felicitatis
1883 2011 1930 2055 et
1961 2002 2192 2057 ueritatis

609 2087 871 2140 notionem
896 2095 1049 2158 atque
1080 2089 1374 2153 scientiam,
1401 2107 1461 2143 ac
1482 2106 1576 2158 per
1595 2089 1690 2144 hoc
1713 2107 1818 2144 non
1841 2107 1950 2145 esse
1975 2093 2192 2147 miseros

607 2195 701 2234 nec
728 2183 923 2250 puniri.
955 2183 1160 2250 Quibus
1186 2186 1365 2240 verbis
1393 2186 1680 2242 manifeste
1707 2189 1893 2257 utique
1920 2187 2191 2246 aﬁirmare

606 2282 834 2328 conatur
857 2273 1043 2347 [quod]
1075 2291 1267 2332 omnes
1296 2278 1386 2347 qui
1416 2279 1584 2333 futuri
1615 2289 1742 2335 sunt
1769 2281 1821 2335 in
1851 2281 1937 2336 illa
1967 2282 2192 2338 damna.

608 2364 779 2430 tione,
825 2381 985 2435 quam
1030 2367 1133 2422 iste
1177 2383 1284 2422 non
1333 2369 1494 2424 aliam
1543 2380 1697 2440 putat
1741 2372 1844 2427 nisi
1889 2374 2190 2429 absentiam

607 2454 958 2509 beatitudinis
1003 2471 1109 2524 qua
1157 2458 1330 2513 sancti
1379 2459 1754 2530 perfruuntur,
1791 2462 2026 2516 habituri
2064 2473 2192 2519 sunt

606 2545 931 2601 naturaliter
973 2546 1193 2602 insitam
1241 2549 1410 2619 ipsius
1454 2551 1829 2616 beatitudinis,
1871 2551 2025 2622 cujus
2066 2571 2190 2626 par-

601 2637 797 2706 ticipes
837 2653 942 2692 non
981 2649 1165 2706 erunt,
1211 2642 1602 2713 cognitionem,
1641 2653 1803 2716 atque
1834 2647 2185 2703 desiderium.

600 2728 758 2794 Quod
785 2729 963 2786 adhuc
995 2741 1245 2801 repetens
1287 2742 1342 2788 et
1385 2735 1698 2800 incnlcans,
1748 2738 1882 2793 dicit
1918 2739 2187 2795 habituros

598 2818 833 2874 ueritatis
860 2833 908 2875 et
930 2822 1276 2900 beatitudinis
1311 2829 1553 2882 notitiam
1587 2841 1742 2901 atque
1767 2833 2039 2886 scientiam
2061 2846 2082 2886 :
2124 2851 2189 2889 ac

598 2926 693 2977 per
719 2910 818 2963 hoc
847 2913 1089 2977 miseros,
1129 2931 1233 2970 non
1261 2933 1369 2971 esse
1398 2919 1634 2981 miseros,
1679 2938 1841 2992 neque
1872 2923 2066 2991 puniri.
2120 2923 2189 2980 Ut

599 3015 700 3068 per
727 3001 864 3064 hoc,
914 3005 1094 3072 quod,
1133 3005 1289 3072 juxta
1331 3008 1490 3064 istius
1532 3026 1752 3066 sensum
1783 3014 2020 3069 habituri
2062 3024 2188 3072 sunt

598 3093 989 3162 cognitionem,
1017 3096 1301 3151 scientiam
1329 3108 1384 3153 et
1409 3100 1735 3157 desiderium
1759 3103 2107 3161 beatitudinis
2129 3115 2186 3162 et

2297 1915 2749 1970 manifestationis
2775 1925 2899 1971 tute.
2929 1915 3131 1971 Deinde
3162 1919 3472 1973 conturbati
3501 1919 3718 1973 vindicta
3748 1919 3820 1972 Do—

2295 2006 2448 2070 mini,
2482 2013 2606 2076 post
2630 2006 3029 2061 accusationem
3060 2007 3432 2073 conscientiae,
3469 2007 3724 2063 dabuntur
3745 2008 3820 2078 igni

2292 2102 2496 2148 aeterno
2525 2094 2863 2168 devorandi.]

2363 2185 2492 2252 Quae
2521 2200 2643 2238 cum
2674 2184 2750 2238 ita
2790 2165 2928 2248 sint,
2956 2187 3304 2256 qumrendum
3336 2184 3498 2242 nobis
3523 2195 3605 2243 est
3641 2185 3818 2242 sollicite
3904 2165 3905 2186 ἢ

2291 2274 2440 2344 quid,
2473 2275 2770 2345 secundum
2801 2275 3042 2346 regulam
3072 2292 3214 2333 verm
3261 2278 3407 2344 ﬁdei,
3433 2281 3507 2335 de
3544 2281 3619 2334 eis
3659 2281 3734 2349 qui
3759 2279 3818 2332 illa

2291 2373 2495 2420 aeterna
2521 2365 2864 2421 damnatione
2893 2366 3090 2422 fuerint
3115 2369 3288 2438 puniti
3327 2371 3534 2425 sentire
3567 2371 3817 2427 debeamus

2290 2463 2350 2511 ut
2371 2471 2436 2510 ex
2457 2469 2642 2511 eorum
2672 2465 2814 2511 statu
2838 2457 2927 2526 qui
2967 2457 3079 2512 illic
3101 2459 3436 2514 teterualitcr
3461 2469 3618 2514 emat
3637 2458 3817 2514 damnati

2289 2546 2651 2620 intelligamus
2674 2557 2933 2617 quantum
2954 2549 3212 2605 Dominus
3235 2551 3440 2606 donare
3467 2551 3731 2620 dignatur;
3751 2563 3819 2602 cur

2289 2635 2362 2690 ibi
2413 2636 2557 2691 nulla
2587 2637 2699 2706 jam
2747 2639 2920 2706 possit
2963 2652 3083 2692 esse
3135 2639 3466 2704 emendatio,
3495 2649 3548 2694 et
3600 2655 3688 2693 cur
3729 2636 3817 2691 inde

2287 2729 2434 2785 nulla
2459 2731 2627 2800 possit
2655 2730 2770 2786 ﬁeri
2807 2730 3074 2786 liberatio.
3104 2731 3286 2786 Primo
3331 2732 3501 2802 igitur
3531 2732 3650 2785 illud
3683 2728 3815 2784 consi-

2288 2823 2586 2878 derandum
2617 2831 2717 2888 est,
2750 2823 2892 2893 quod
2923 2823 3054 2878 ﬁdes
3079 2824 3344 2880 catholica
3373 2823 3676 2880 ﬁrmissime
3694 2829 3814 2882 tenet,

2287 2911 2492 2964 nullum
2516 2911 2786 2966 hominem
2821 2927 2919 2981 per
2948 2921 3178 2966 mortem
3209 2913 3277 2968 de
3317 2927 3551 2982 corpore
3585 2920 3814 2966 exeuntem

2287 3001 2503 3072 aliquod
2532 3002 2635 3056 sibi
2678 3003 2876 3056 bonum
2908 3017 3066 3073 posse
3102 3018 3417 3074 comparare
3455 3004 3709 3067 meritum,
3739 3014 3815 3070 quo

2291 3105 2388 3150 aut
2416 3095 2749 3164 iniquitatem
2781 3110 2967 3161 suam,
3014 3096 3068 3150 in
3109 3111 3214 3166 qua
3259 3103 3508 3151 mortuus
3557 3103 3653 3157 est,
3691 3090 3816 3162 possit

599 3183 876 3246 veritatis,
922 3184 1076 3253 cujus
1119 3187 1366 3245 absentia
1409 3203 1572 3248 erunt
1613 3195 1884 3262 damnati,
1927 3200 2186 3268 quodam-
2213 3169 2257 3232 Ο
2289 3185 2568 3249 deserere!
2609 3192 2709 3238 31"-
2737 3184 2852 3254 ῘΡεθ
2884 3185 2938 3238 in
2965 3185 3156 3240 ωειίυε
3199 3186 3546 3241 Commutatio
3580 3185 3721 3253 Qun,
3743 3181 3813 3237 θίεί

601 3277 762 3330 modo
789 3277 970 3331 miseri
1001 3294 1108 3332 non
1140 3280 1251 3334 sint
1279 3283 1463 3349 miseri
1482 3324 1497 3348 ,
1536 3294 1592 3340 et
1622 3287 1796 3356 puniti
1823 3303 1928 3343 non
1956 3290 2064 3345 sint
2088 3307 2188 3360 pu-

2291 3287 2413 3332 sunt
2433 3278 2597 3348 aliqui
2618 3278 2733 3347 qui,
2765 3286 2825 3332 ut
2854 3278 3024 3348 ipsius
3049 3277 3170 3334 ﬁdei
3198 3279 3371 3349 pietas
3396 3279 3579 3344 novit,
3607 3287 3659 3332 et
3680 3273 3812 3372 indul-

600 3365 723 3418 niti.
769 3365 903 3432 Quia
931 3382 998 3422 ex
1024 3384 1090 3423 eo
1113 3371 1257 3439 quod
1287 3384 1451 3428 erunt
1477 3375 1530 3430 in
1561 3377 1806 3432 absentia
1838 3379 2186 3437 beatitudinis
2285 3368 2520 3437 sentiam
2571 3377 2915 3437 peccatorum
2946 3367 3215 3438 accipiam
3234 3375 3356 3437 post
3385 3376 3634 3428 mortem,
3662 3365 3813 3420 omitt-

599 3463 657 3510 et
688 3454 985 3522 felicitatis,
1025 3462 1236 3530 possint
1265 3464 1371 3518 dici
1403 3475 1459 3520 et
1487 3467 1672 3523 miseri
1702 3477 1758 3523 et
1785 3469 2021 3525 damnati
2049 3487 2065 3537 ;
2115 3487 2183 3528 ex

597 3563 669 3604 eo
709 3559 887 3606 autem
933 3554 1078 3621 quod
1124 3552 1266 3609 illius
1308 3557 1660 3613 beatitudinis
1698 3569 1755 3614 et
1781 3562 2025 3616 veritatis
2061 3579 2184 3633 qua:

601 3638 708 3693 illis
728 3640 922 3696 absens
950 3641 1077 3706 erit,
1105 3642 1381 3699 habebunt
1410 3648 1682 3713 notitiam,
1705 3649 1987 3705 scientiam
2018 3660 2072 3706 ct
2096 3653 2185 3708 de-

599 3727 891 3792 siderium,
920 3732 1129 3801 possint
1153 3734 1258 3789 dici
1285 3751 1394 3791 non
1418 3753 1544 3794 esse
1575 3741 1759 3795 miseri
1791 3758 1892 3798 nec
1917 3742 2181 3799 damnati.

600 3819 707 3876 Sed
741 3821 873 3876 ﬁdes
900 3823 1156 3880 Ecclesia:
1181 3828 1449 3883 veraciter
1473 3831 1651 3894 novit,
1697 3832 1901 3887 nullam
1941 3849 2063 3890 esse
2096 3852 2183 3890 ra-

601 3910 817 3967 tionalis
834 3923 1099 3968 creatura:
1120 3915 1377 3986 majorem
1395 3919 1816 3986 damnationem,
1835 3939 1997 3992 quam
2019 3940 2049 3978 a
2071 3925 2182 3980 Deo

599 4003 875 4071 separari;
907 4012 964 4058 et
991 4003 1135 4058 nulla
1159 4007 1276 4076 ejus
1303 4007 1697 4066 illuminatione
1727 4012 2002 4080 illustrari,
2027 4017 2181 4072 nulla

601 4091 719 4161 ejus
746 4094 918 4164 gratia
946 4096 1186 4162 visitari,
1226 4099 1368 4154 nulla
1405 4100 1726 4158 liberatione
1755 4104 1988 4172 salvari,
2035 4108 2180 4164 nulla

601 4184 723 4254 ejus
746 4187 955 4242 visione
977 4199 1034 4244 ct
1059 4193 1514 4262 contemplatione
1538 4195 1862 4254 beatificari.

671 4274 861 4345 Angeli
903 4292 1033 4347 ergo
1079 4287 1135 4333 et
1178 4280 1424 4337 homines
1473 4292 1622 4340 tanta
1672 4287 1991 4346 infelicitate
2029 4293 2182 4348 dam-

602 4363 738 4427 nati,
781 4373 837 4419 et
879 4366 1094 4434 penitus
1136 4383 1165 4421 a
1207 4369 1556 4429 beatitudinis
1594 4383 1651 4431 et
1679 4378 1928 4434 veritatis
1969 4397 2180 4450 posses-

597 4455 752 4510 sione
791 4457 1020 4523 exclusi,
1065 4461 1281 4516 etiamsi
1326 4463 1525 4520 nullam
1559 4468 1901 4526 extrinsecus
1939 4488 2178 4543 poenam,

600 4545 805 4601 nullum
845 4556 1173 4606 tormentum
1233 4555 1535 4622 sentirent,
1581 4560 1710 4628 quid
1768 4563 1847 4618 eis
1905 4566 2184 4634 prodesset

598 4630 798 4689 habere
837 4639 1241 4707 cognitionem,
1287 4649 1344 4697 et
1391 4645 1674 4714 notitiam,
1725 4658 1779 4705 et
1818 4630 2181 4724 desiderium,

599 4723 741 4777 sicut
793 4725 899 4780 iste
951 4729 1032 4783 eis
1085 4732 1388 4800 promittit,
1437 4744 1491 4791 et
1541 4738 1892 4798 beatitudinis
1938 4754 1993 4798 et
2039 4723 2184 4801 νει-ῖς

601 4819 776 4873 tatis?
838 4821 973 4877 Cum
1028 4824 1130 4879 hoc
1181 4825 1262 4881 eis
1312 4829 1487 4900 magis
1532 4833 1601 4887 ad
1641 4842 1969 4891 tormentum
2013 4840 2184 4908 proﬁ-‘

597 4919 750 4962 ceret
790 4910 994 4967 habere
1036 4916 1568 4989 quantulamcunque
1626 4925 1872 4980 notitiam
1914 4929 2178 4996 veritatis,

599 4999 693 5053 sed
721 5016 994 5071 nunquam
1020 5003 1137 5074 ejus
1173 5009 1570 5077 praescientiam
1611 5018 1944 5084 promereri;
1980 5020 2180 5076 habere

597 5090 973 5164 qualecunque
1019 5098 1347 5156 desiderium
1403 5113 1620 5159 teternne
1666 5107 2045 5174 beatitudinis,
2087 5127 2185 5168 nec

599 5196 835 5251 unquam
865 5195 1044 5242 tamen
1072 5189 1190 5258 ejus
1216 5195 1558 5262 possessione
1579 5197 1769 5252 laetari.
1809 5200 1875 5253 Et
1905 5201 2022 5256 ideo
2043 5205 2186 5260 absit

598 5286 659 5328 ut
683 5276 976 5334 credantur
1003 5297 1106 5335 non
1126 5299 1245 5340 esse
1272 5287 1562 5343 miserrimi
1591 5306 1622 5343 a
1653 5290 1764 5346 Deo
1787 5294 2001 5362 penitus
2031 5311 2184 5365 sepa-

598 5365 738 5431 rati,
765 5377 860 5424 aut
888 5369 1139 5429 dicantur
1163 5389 1269 5430 non
1313 5392 1435 5434 esse
1476 5381 1648 5450 puniti
1683 5383 1751 5437 ab
1776 5391 1975 5438 aeterna
2007 5385 2183 5442 beati-

2285 3459 2462 3524 nibus,
2483 3468 2539 3513 et
2561 3459 2944 3526 oblationibus,
2976 3469 3031 3514 et
3067 3459 3422 3529 eleemosynis
3472 3458 3708 3516 Ecclesiae
3743 3454 3811 3508 atl-

2276 3547 2400 3617 juti,
2435 3557 2490 3603 ct
2513 3549 2833 3619 quibusdam
2859 3551 3187 3621 purgatoriis
3212 3551 3386 3620 pmnis
3405 3550 3609 3620 expiati
3647 3558 3812 3603 eterna!

2283 3641 2602 3697 beatitudini
2633 3643 2828 3696 sociari
2861 3652 3173 3698 mereantur
3192 3655 3218 3684 ει
3243 3659 3261 3696 τ
3293 3658 3404 3698 non
3448 3653 3624 3698 tamen
3652 3642 3734 3694 hoc
3756 3638 3810 3689 eis

2283 3732 2739 3803 przestataliqnod
2772 3732 2968 3791 bonum
2993 3734 3245 3789 meritum
3284 3741 3407 3803 post
3448 3744 3671 3790 mortem
3696 3727 3810 3783 addi-

2285 3833 2421 3889 tum,
2449 3826 2541 3880 sed
2561 3826 2738 3895 potius
2764 3834 2890 3880 ante
2920 3836 3148 3881 mortem
3183 3827 3530 3897 acquisitum.
3567 3826 3686 3894 Quia
3705 3823 3811 3876 vide-

2283 3917 2410 3972 licet
2433 3918 2539 3973 tale
2567 3917 2666 3972 l‘uit
2695 3919 2947 3973 meritum
2988 3919 3114 3975 vitae
3158 3919 3396 3989 ipsorum
3443 3919 3501 3974 in
3533 3929 3750 3988 corpore,
3771 3918 3812 3964 ul

2281 4007 2442 4062 etiam
2496 4017 2617 4077 post
2662 4015 2890 4062 mortem
2938 4009 3134 4064 talibus
3173 4008 3427 4065 remediis
3473 4005 3700 4076 adjuvari
3727 4015 3810 4056 me-

2283 4107 2525 4154 reantur.
2553 4099 2704 4166 Quod
2729 4099 3014 4169 Apostolus
3039 4098 3323 4156 manifeste
3341 4101 3599 4163 ostendit,
3625 4096 3704 4150 ubi
3721 4093 3810 4147 ait:

2284 4187 2476 4243 Omnes
2527 4190 2666 4243 enim
2715 4205 2809 4243 nos
2847 4189 3178 4258 manifestari
3224 4199 3423 4260 oportet
3470 4199 3592 4244 ante
3631 4177 3811 4239 tribunal

2282 4278 2496 4341 Christi,
2521 4289 2577 4333 ut
2605 4278 2798 4349 referat
2839 4281 3189 4351 unusquisque
3224 4280 3436 4351 propria
3459 4278 3680 4347 corporis
3699 4276 3811 4343 ρτοιε

2281 4374 2457 4444 gessit,
2482 4374 2588 4428 sive
2618 4373 2828 4436 bonum,
2860 4373 2964 4427 sive
3003 4372 3202 4426 malum
3239 4371 3323 4442 (11
3352 4370 3478 4426 Cor.
3513 4387 3565 4435 v,
3601 4368 3698 4437 10),
3722 4376 3811 4433 ιπθ·

2287 4463 2404 4532 prio
2430 4475 2662 4531 namque
2686 4461 2928 4532 corporis
2949 4470 3094 4527 sunt,
3117 4461 3232 4516 sive
3257 4461 3399 4516 bona
3421 4461 3539 4514 sive
3556 4457 3701 4518 mala.
3725 4461 3812 4520 ‘1“33

2291 4557 2470 4610 anima
2492 4555 2657 4626 gessit
2680 4556 2807 4609 dum
2841 4564 2987 4610 esset
3013 4554 3066 4608 in
3115 4569 3343 4624 corpore
3387 4572 3400 4606 :
3437 4553 3563 4623 quia
3585 4552 3709 4606 sicut
3741 4555 3812 4597 nec

2289 4659 2415 4705 ante
2433 4665 2627 4719 corpus
2651 4649 2867 4718 aliquod
2894 4647 3092 4703 bonum
3119 4656 3212 4702 aut
3232 4647 3434 4702 malum
3464 4659 3643 4718 gerere
3663 4638 3810 4713 potuit.

2289 4757 2409 4812 quae
2437 4741 2670 4795 nondum
2694 4749 2832 4806 erat,
2866 4741 2938 4794 ita
2971 4755 3071 4795 nec
3100 4748 3222 4810 post
3247 4739 3632 4808 depositionem
3667 4741 3812 4797 ωψσ-

2290 4833 2365 4888 ris
2415 4832 2628 4902 aliquod
2676 4833 2876 4886 bonum
2932 4839 3027 4885 aut
3073 4830 3274 4885 malum
3316 4843 3479 4900 agere
3527 4829 3812 4898 putesnam

2289 4931 2501 4995 tempus
2531 4925 2721 4995 agendi
2747 4933 2803 4979 et
2830 4924 3086 4994 operandi
3122 4939 3245 4978 cum
3287 4922 3533 4990 corporis
3577 4924 3729 4975 morte
3770 4907 3812 4962 ﬁ-

2286 5019 2440 5074 nivit.
2471 5018 2602 5072 Nam
2626 5026 2681 5072 et
2702 5017 2774 5072 illi
2799 5017 2889 5087 qui
2919 5015 3032 5070 solo
3057 5013 3332 5084 originalis
3357 5012 3562 5083 peccati
3587 5016 3719 5064 reatu
3743 5001 3812 5054 0b-

2285 5109 2642 5179 stringuntur,
2672 5116 2727 5162 et
2751 5107 2830 5162 sic
2857 5109 3062 5174 absque
3089 5103 3328 5158 remedio
3371 5099 3588 5158 salutari
3629 5097 3687 5151 de
3723 5102 3811 5144 cor-

2284 5215 2416 5272 pore
2435 5199 2652 5263 exeunt,
2683 5198 2978 5253 secundum
3003 5195 3219 5266 propria
3258 5193 3501 5264 corporis
3528 5187 3657 5245 mala
3700 5183 3810 5236 dam-

2287 5303 2485 5347 nantur
2521 5291 2579 5355 1ι;
2621 5289 2748 5359 quia
2803 5290 2855 5343 in
2899 5300 3126 5357 corpore
3151 5287 3338 5355 utique
3380 5292 3436 5339 et
3479 5280 3810 5344 cumleorpol'e

2287 5382 2419 5440 illud
2442 5381 2705 5453 originale
2755 5379 2997 5434 debitum
3022 5385 3412 5435 contraxerunt
3453 5372 3592 5429 unde
3617 5369 3666 5423 in
3688 5369 3808 5419 πιθε-

1551 5509 1759 5567 NOTAE
1800 5512 2125 5571 DUVALLII
2167 5514 2508 5576 DOCTORIS
2545 5511 2929 5570 SORBONICI.

669 5590 1012 5650 uAttendant
1054 5610 1341 5679 nqvatores
1380 5602 1546 5656 nostri
1593 5605 1888 5679 saeculi_ilti
1938 5620 2192 5679 purgato-

596 5661 736 5742 rium
766 5667 1277 5742 necnonusuffragia
1307 5687 1405 5742 pro
1431 5675 1657 5729 mortuis
1684 5676 1736 5730 in
1766 5661 2002 5734 Ecclesia
2023 5661 2188 5735 Sunt-

597 5733 734 5789 mari
752 5742 808 5790 et
833 5737 1076 5806 obsigilla
1086 5739 1151 5792 ri.

2370 5609 2398 5649 ι’
2437 5607 2722 5661 Peccatum
2749 5604 3012 5676 originale
3036 5604 3088 5676 in
3115 5599 3560 5676 corporevidetur
3580 5591 3805 5676 [θρίξῪῇ

2297 5653 2708 5752 quod-
2751 5653 2890 5752 ἱηῑξς
2913 5653 3264 5752 scholasticos
3292 5653 3806 5752 feceruultpjlﬂaﬂ'f

2294 5733 2346 5804 e't
2372 5749 2620 5815 Magister
2653 5749 2703 5800 in
2733 5762 2793 5808 Il,
2824 5747 2949 5802 dist.
2974 5745 3043 5800 50
3079 5753 3133 5801 et
3156 5747 3244 5810 δι,
3283 5745 3372 5798 ubi
3402 5741 3527 5798 dicit
3545 5747 3635 5806 per
3662 5733 3805 5799 νεῦον
