3970 6306
183 355 287 411 201

1173 354 1375 410 LIBER
1411 353 1780 412 ADVERSUS
1809 355 2124 413 JOANNEM
2162 355 2456 414 SCOTUM.

3329 354 3434 409 90?.

184 479 317 522 num
349 461 592 522 damnari
629 472 988 520 mererentur.
1028 464 1221 520 Omnes
1243 467 1416 535 itaque
1439 465 1769 535 manifestari
1796 469 1845 528 Α
1873 482 1978 521 non
2008 467 2247 522 confessa
2267 508 2282 534 ,
2314 467 2445 521 nulli
2482 479 2587 520 non
2638 463 2720 519 vel
2750 464 2917 535 ipsius
2949 467 3170 522 terroris
3200 470 3436 524 necessi‘

182 573 385 636 oportet
427 563 591 634 (sicut
620 561 908 634 Apostolus
937 564 1084 634 dicit)
1112 573 1230 618 ante
1270 563 1501 631 tribuni
1551 561 1767 626 Christi,

181 665 244 710 ut
288 655 479 725 referat
519 663 566 710 et
614 666 836 726 reportet
878 654 1230 726 unusquisque
1281 655 1495 724 propria
1541 655 1770 724 corporis

183 746 276 814 (II
297 747 420 803 Cor.
443 762 498 812 v,
531 747 640 820 10),
671 747 724 802 id
745 756 849 813 est,
864 764 983 818 qua:
1003 749 1056 802 in
1079 761 1305 817 corpore
1323 747 1488 829 gessit
1509 747 1624 802 sive
1643 761 1771 802 con-

181 837 384 903 traxit;
416 836 544 907 quia
572 838 759 907 utique
803 851 909 892 nec
931 846 1055 893 ante
1089 851 1284 907 corpus
1330 833 1530 905 aliquid
1579 849 1769 906 gerere

178 929 381 997 potuit,
417 943 518 983 nec
546 936 668 997 post
691 941 886 998 corpus
906 941 1093 997 gerere
1117 935 1314 996 potest,
1345 939 1467 980 cum
1502 924 1615 994 jam
1646 922 1768 978 uni-

179 1019 381 1088 cuique
401 1034 510 1075 non
532 1026 616 1074 est
646 1027 854 1090 tempus
880 1017 1095 1090 agendi,
1128 1017 1221 1072 sed
1263 1031 1361 1088 pro
1388 1014 1598 1070 actibus
1644 1022 1768 1068 tan-

181 1111 465 1165 tummodo
494 1109 809 1180 recipiendi.
833 1109 899 1163 Et
919 1109 1043 1164 ideo
1068 1116 1276 1162 eertum
1305 1120 1426 1160 esse
1455 1104 1616 1158 debet
1644 1102 1768 1158 fidei

177 1212 388 1256 nostra;
407 1179 676 1256 neminem
697 1214 881 1254 eorum
907 1199 997 1269 qui
1022 1199 1074 1252 in
1093 1198 1176 1252 die
1194 1195 1384 1266 judicii
1402 1203 1599 1250 aeterna
1617 1194 1768 1249 dam-

179 1291 406 1346 natione
433 1288 688 1359 puniendi
713 1297 873 1354 sunt,
902 1288 1005 1342 tale
1031 1285 1245 1357 aliquod
1275 1284 1528 1338 meritum
1566 1297 1636 1336 ex
1664 1282 1768 1337 hac

176 1383 300 1437 vita
325 1395 508 1436 secum
537 1378 740 1446 tulisse,
764 1392 862 1449 per
883 1377 1027 1448 quod
1053 1376 1200 1446 juste
1229 1374 1297 1428 ab
1335 1372 1428 1428 illo
1464 1380 1666 1427 aeterno
1694 1370 1769 1424 in-

177 1469 352 1524 terim
401 1467 745 1523 liberaretur.
805 1464 862 1520 Si
901 1465 1046 1520 enim
1093 1463 1377 1534 quisquam
1428 1474 1616 1515 eorum
1661 1457 1768 1512 tale

175 1559 442 1613 meritum
464 1557 520 1612 in
542 1555 793 1626 praesenti
821 1556 930 1609 vita
957 1554 1058 1609 sibi
1087 1558 1468 1623 praeparasset,
1494 1543 1783 1619 nunquam'

173 1648 430 1719 profecto
465 1648 532 1703 ab
561 1647 651 1702 illo
674 1645 820 1716 justo
839 1645 1020 1714 judice
1054 1652 1269 1699 internae
1294 1637 1625 1724 damnationi
1653 1647 1765 1693 tra-

175 1741 425 1795 deretur.
487 1735 594 1793 Sed
633 1738 940 1808 quicunque
994 1737 1084 1791 illa
1115 1734 1460 1790 damnatione
1510 1731 1768 1802 puniendi

1875 569 1981 615 tate
2005 560 2250 615 adorata.
2282 560 2433 615 Tunc
2455 559 2598 615 enim
2639 559 2957 629 generaliter
2991 559 3231 630 subjecta
3260 561 3437 617 omnis

1873 660 2119 706 creatura
2145 650 2406 716 Creatori,
2436 651 2548 706 sive
2574 651 2793 720 pietate,
2837 657 2897 704 ut
2925 650 2979 704 in
3008 651 3210 707 sanctis
3235 651 3438 724 angelis

1870 750 1925 796 et
1953 742 2154 796 sanctis
2179 743 2512 809 hominibus,
2546 743 2659 798 sive
2687 743 3029 809 necessitate,
3076 753 3135 798 ut
3157 745 3210 799 in
3238 745 3442 816 angelis

1869 831 2116 902 malignis
2163 842 2219 888 et
2246 834 2552 889 hominibus
2600 834 2799 904 impiis,
2845 835 3153 904 implebitur
3201 837 3442 906 perfecte

1869 923 2012 991 quod
2036 922 2321 992 Apostolus
2358 937 2456 992 per
2492 923 2811 992 prophetam
2839 923 3094 992 scriptum
3142 940 3261 980 esse
3289 941 3440 981 com-

1870 1019 2158 1078 memorat,
2206 1011 2389 1067 dicens
2438 1029 2451 1066 :
2494 1009 2619 1066 Vivo
2665 1029 2776 1083 ego,
2822 1012 2949 1066 dicit
2992 1013 3249 1068 Dominus
3277 1014 3438 1079 Deus,

1867 1103 1992 1172 quia
2020 1104 2144 1158 mihi
2173 1105 2455 1161 curvabunt
2481 1107 2657 1161 omnia
2685 1125 2837 1177 genu,
2863 1117 2912 1161 et
2933 1109 3098 1163 omnis
3116 1108 3296 1179 lingua
3319 1126 3443 1164 cono

1869 1193 2098 1260 ﬁtebitur
2125 1193 2347 1250 Domino
2369 1195 2542 1268 (Rom.
2575 1213 2682 1261 xrv,
2713 1196 2820 1268 ll).

1942 1283 2094 1339 Unde
2134 1285 2294 1339 etiam
2326 1285 2454 1341 illud
2479 1287 2762 1341 manifeste
2791 1287 2845 1340 in
2881 1288 3069 1343 eodem
3091 1288 3294 1359 judicio
3344 1289 3441 1344 ﬁet

1867 1373 2012 1442 quod
2043 1373 2322 1444 Scriptura
2349 1375 2415 1430 de
2453 1377 2631 1446 impiis
2662 1376 2900 1432 futurum
2930 1380 3178 1448 praedixit
3209 1399 3221 1435 :
3250 1382 3442 1437 Dicent

1868 1463 2005 1517 inter
2030 1481 2084 1518 se
2107 1466 2457 1534 pmnitentiam
2487 1477 2715 1538 agentes,
2746 1478 2792 1522 et
2837 1485 2948 1539 pra:
2994 1473 3237 1542 angustia
3283 1474 3440 1542 spiri-

1868 1562 1955 1607 tus
1996 1552 2226 1608 dolentes
2266 1571 2284 1608 :
2316 1555 2390 1608 Hi
2427 1567 2545 1610 sunt
2589 1574 2715 1627 quos
2762 1557 3045 1628 aliquando
3082 1560 3358 1615 habuimus
3388 1561 3444 1615 in

1869 1645 2098 1699 derisum
2119 1655 2166 1699 et
2194 1646 2250 1700 in
2281 1647 2673 1702 similitudinem
2711 1650 3025 1720 impropcrii.
3053 1651 3165 1706 Nos
3190 1653 3442 1708 insensati

1868 1735 2025 1788 vitam
2047 1734 2256 1789 illorum
2281 1737 2665 1792 wstimabamus
2686 1739 2966 1806 insaniam,
2989 1750 3039 1794 et
3058 1742 3215 1810 ﬁnem
3232 1743 3444 1797 illorum

174 1839 332 1896 sunt,
362 1831 478 1887 sine
511 1829 676 1885 dubio
700 1829 804 1884 tale
833 1828 1084 1884 meritum
1114 1828 1241 1883 hinc
1274 1841 1459 1882 secum
1505 1825 1763 1887 tulerunt,
1795 1843 1842 1902 Β
1870 1824 1979 1878 sine
1999 1826 2226 1890 honore;
2254 1829 2512 1898 quomodo
2533 1846 2652 1899 ergo
2675 1834 2958 1900 computati
2979 1843 3122 1899 sunt,
3151 1835 3283 1889 inter
3301 1835 3444 1903 ﬁlios

172 1932 239 1974 ut
265 1919 632 1991 justojudicio
669 1934 940 1988 nunquam
979 1919 1102 1973 inde
1125 1915 1352 1981 absolvi,
1379 1930 1651 1985 nunquam
1695 1915 1762 1969 li-

169 2009 364 2064 berari
392 2016 720 2064 mereantur.

253 2097 364 2154 Sed
392 2107 448 2153 ut
473 2098 561 2152 illa
599 2099 893 2164 damnatio,
923 2099 1062 2154 sicut
1080 2096 1247 2166 justa,
1272 2097 1350 2152 sic
1373 2097 1536 2152 etiam
1563 2104 1764 2152 aeterna

170 2205 306 2245 esse
329 2198 621 2254 mereatur,
638 2204 701 2244 ea
723 2205 885 2245 causa
910 2190 1013 2245 erit
1037 2190 1162 2261 quia
1185 2188 1330 2243 nulla
1347 2187 1462 2257 jam
1481 2197 1764 2258 suppetere

166 2281 382 2350 poterit
409 2281 712 2336 emendatio
729 2281 1146 2351 praeteritorum,
1170 2279 1312 2334 nulla
1341 2281 1637 2349 promereri
1663 2295 1763 2350 po-

164 2371 311 2426 terit
333 2371 635 2426 melioratio
659 2371 981 2426 futurorum.
996 2371 1113 2425 Erit
1131 2386 1364 2440 namque
1384 2371 1457 2426 ibi
1479 2371 1765 2440 przeteritis

164 2459 340 2514 malis
355 2455 688 2530 poenitentia,
710 2459 814 2514 erit
839 2460 999 2514 etiam
1025 2458 1360 2514 liberationis
1399 2467 1454 2514 et
1473 2459 1764 2529 ereptionis

167 2548 506 2603 desiderium
524 2565 537 2612 ;
554 2548 697 2618 quod
720 2557 896 2603 tamen
917 2549 1119 2603 nullum
1136 2535 1353 2604 habebit
1371 2547 1643 2604 effectum.
1663 2548 1763 2604 Ubi

167 2653 314 2706 ergo
337 2646 461 2692 tunc
490 2638 592 2690 erit
614 2638 983 2693 misericordia
1012 2639 1126 2704 Dei,
1158 2639 1249 2708 qui
1271 2653 1371 2693 nec
1396 2647 1541 2692 tanta
1567 2648 1623 2694 et
1652 2646 1762 2692 tam

167 2725 341 2798 longa
365 2728 686 2796 paenitentia
718 2725 855 2782 ﬂecti
894 2726 1092 2796 poterit
1128 2727 1195 2782 ad
1224 2724 1630 2796 indulgendum,
1662 2742 1762 2784 nec

165 2818 308 2874 ullis
359 2818 737 2872 damnatorum
791 2819 1088 2882 desideriis,
1134 2819 1217 2874 vel
1268 2819 1429 2873 etiam
1460 2819 1761 2889 rogantium

167 2910 470 2982 gemitibus
512 2907 816 2966 movebitur
843 2913 909 2966 ad
963 2911 1336 2966 liberandum?
1390 2912 1458 2966 Et
1495 2913 1761 2982 quomodo

166 2999 390 3064 Justus,
415 3001 504 3070 qui
527 3001 629 3055 ista
659 3002 998 3056 contemnet?
1021 3002 1122 3068 Qui
1147 3010 1354 3058 tantum
1376 3002 1613 3058 dolorem
1635 3019 1761 3059 con-

169 3093 441 3154 scienti-.e,
497 3101 701 3147 tantam
757 3093 1104 3150 afllictionem
1157 3103 1420 3150 creaturae
1473 3111 1583 3150 sum
1654 3111 1759 3150 non

168 3179 470 3251 respiciet?
500 3184 648 3250 Quae,
695 3185 936 3254 inquam,
966 3201 1130 3240 causa
1157 3185 1262 3241 erit
1301 3196 1362 3240 ut
1388 3187 1522 3241 nihil
1553 3187 1623 3242 ibi
1667 3203 1757 3242 sa-

167 3271 362 3332 lubre.
392 3273 522 3326 nihil
554 3275 881 3344 acceptabile
929 3276 1044 3330 fieri
1068 3277 1274 3346 possit?
1297 3275 1354 3331 Si
1385 3278 1529 3332 enim
1554 3287 1756 3348 posset,

169 3376 462 3430 nunquam
488 3377 518 3415 a
547 3371 693 3418 tanta
731 3365 1118 3432 misericordia,
1146 3383 1421 3437 nunquam
1447 3383 1478 3422 a
1508 3367 1761 3438 'tan'taju-

168 3449 329 3504 stitia
362 3451 751 3518 repudiaretur.
777 3452 884 3508 Cur
908 3454 1086 3524 itaque
1112 3471 1216 3510 non
1237 3465 1446 3526 potest,
1481 3458 1584 3513 nisi
1610 3461 1759 3528 quia,

171 3539 475 3593 recedente
491 3537 559 3592 ab
587 3541 666 3594 eis
695 3543 909 3612 penitus
938 3543 1066 3609 Deo,
1098 3545 1240 3600 nulla
1268 3547 1321 3600 in
1345 3547 1425 3602 eis
1455 3563 1576 3603 esse
1605 3533 1761 3618 pote-1

171 3629 256 3684 rit
280 3630 454 3700 gratia
482 3629 748 3701 specialis,
790 3649 888 3702 per
915 3650 1074 3703 quam
1106 3635 1185 3690 eis
1221 3638 1450 3691 donetur
1494 3639 1666 3706 pietas
1697 3640 1759 3693 fi-

172 3720 293 3784 dei,
337 3721 450 3789 spei
479 3730 535 3774 et
579 3722 883 3789 charitatis,
927 3734 986 3778 ut
1018 3725 1105 3779 tali
1145 3726 1346 3794 pietate
1372 3727 1670 3796 poeniteant
1698 3729 1764 3783 de

172 3808 502 3880 praeteritis,
549 3809 637 3863 tali
664 3811 861 3880 pietate
900 3812 1208 3867 desiderent
1233 3813 1297 3868 de
1323 3812 1541 3879 futuris,
1589 3815 1642 3870 id
1680 3823 1765 3870 est

176 3897 277 3968 pie
330 3897 618 3961 credendo,
669 3899 756 3969 pie
791 3901 1057 3970 sperando
1086 3910 1140 3955 et
1189 3901 1502 3972 diligendo?
1539 3903 1603 3957 Et
1640 3904 1766 3974 quia

169 3987 319 4059 jam,
351 3995 409 4040 ut
435 3987 635 4041 dictum
680 3996 784 4055 est,
810 3988 1048 4044 funditus
1081 4005 1112 4044 a
1143 3990 1253 4045 Deo
1281 3991 1534 4060 separati,
1562 4000 1618 4047 et
1652 3993 1765 4048 sola

176 4079 601 4147 omnipotentiae
633 4078 747 4147 ejus
776 4080 977 4135 virtute
1006 4081 1072 4134 ad
1118 4089 1316 4135 :eterna
1354 4082 1610 4152 supplicia
1655 4097 1768 4138 ser-

173 4170 316 4233 vati,
353 4185 626 4239 nunquam
653 4179 904 4240 poterunt
927 4187 1045 4227 esse
1072 4173 1362 4243 participes
1385 4173 1615 4244 Spiritus
1645 4191 1767 4230 san-

174 4258 279 4323 cti,
312 4257 532 4312 etiamsi
561 4269 584 4298 δ
624 4257 785 4312 fuerit
813 4259 886 4312 ibi
918 4260 1093 4330 aliqua
1140 4247 1310 4326 lides;
1323 4263 1435 4317 sive
1455 4277 1519 4317 ex
1547 4278 1765 4318 memo-

175 4346 268 4401 ria
294 4347 719 4415 praeteritorum,
744 4362 862 4417 quae
883 4348 971 4402 hic
991 4349 1294 4414 audierunt,
1314 4350 1395 4405 vel
1412 4352 1761 4418 didiscerunt,

175 4439 304 4492 sive
330 4452 395 4492 ex
440 4445 650 4491 terrore
676 4445 729 4492 et
757 4438 1192 4496 manifestatione
1230 4443 1602 4511 praesentium,
1647 4459 1767 4512 qua:

1868 1912 1989 1978 Dei,
2027 1924 2074 1968 et
2105 1916 2239 1969 inter
2263 1926 2469 1971 sanctos
2491 1935 2604 1971 sors
2624 1909 2932 1972 illorum‘est
2950 1921 2976 1974 ?
2995 1921 3136 1992 Ergo
3155 1925 3443 1977 erravimus

1867 2021 1901 2058 a
1930 2005 2015 2057 via
2052 2006 2303 2072 veritatis,
2347 2015 2392 2059 et
2418 2006 2642 2075 justitire
2663 2007 2837 2062 lumen
2871 2024 2974 2062 non
3021 2008 3154 2063 luxit
3182 2009 3349 2075 nobis,
3394 2021 3444 2066 et

1868 2093 1945 2148 sol
1993 2110 2097 2148 non
2151 2105 2228 2148 est
2284 2106 2427 2150 ortus
2474 2097 2619 2151 nobis
2661 2097 2815 2168 (Sap.
2861 2114 2914 2164 v,
2967 2098 3111 2170 5-6),
3150 2109 3206 2155 et
3248 2110 3444 2157 caetera

1866 2201 1988 2256 qua:
2011 2185 2293 2257 multiplici
2319 2187 2502 2243 dolore
2525 2188 2681 2258 plena
2720 2187 2811 2244 illo
2845 2189 2934 2245 die
2982 2191 3177 2246 dicturi
3203 2202 3348 2246 sunt.
3383 2192 3444 2247 Si

1865 2291 1994 2346 ergo
2019 2293 2081 2331 ex
2113 2285 2261 2331 tanta
2286 2277 2478 2332 divinae
2502 2277 2740 2344 virtutis,
2763 2287 2821 2333 ct
2841 2279 3040 2334 Christi
3071 2280 3282 2336 Domini
3323 2298 3442 2336 ma-

1867 2363 2233 2431 nifestatione,
2265 2373 2320 2420 et
2345 2374 2550 2421 terrore
2596 2375 2703 2420 tam
2731 2368 2911 2437 magni
2947 2377 3003 2424 et
3035 2377 3140 2424 tam
3168 2369 3443 2426 manifesti

1866 2455 2052 2509 aeterni
2075 2454 2276 2523 judicis
2323 2455 2485 2510 fuerit
2512 2456 2689 2526 aliqua
2718 2457 2850 2514 fides
2878 2459 2960 2513 vel
2988 2475 3174 2517 eorum
3203 2464 3291 2532 qui
3343 2464 3442 2518 ali-

1865 2543 2079 2614 quando
2109 2545 2473 2610 crediderunt,
2527 2545 2611 2600 vel
2641 2546 2804 2601 etiam
2851 2547 3144 2605 infidelium
3180 2553 3271 2620 qui
3327 2561 3435 2607 tam

1865 2634 2119 2704 praesenti
2157 2634 2438 2705 majestate
2468 2645 2520 2691 et
2540 2644 2746 2693 terrore
2771 2640 2992 2694 credere
3024 2641 3436 2711 compellentur,

1865 2722 1940 2776 ita
1969 2731 2026 2777 ut
2054 2723 2110 2776 in
2150 2721 2240 2777 illa
2263 2740 2358 2779 sua
2383 2724 2784 2791 lamentatione,
2812 2727 2952 2781 sicut
2967 2728 3080 2798 jam
3109 2744 3438 2784 commemo-

1865 2811 2124 2876 ravimus,
2150 2811 2357 2867 dicant:
2385 2813 2689 2869 Erravimus
2715 2833 2745 2869 a
2771 2817 2853 2869 via
2878 2819 3123 2883 veritatis,
3154 2828 3200 2873 et
3216 2820 3439 2889 justitite

1864 2895 2037 2956 lunten
2086 2919 2190 2957 non
2251 2903 2383 2957 luxit
2427 2905 2594 2969 nobis,
2636 2915 2691 2958 et
2746 2905 2824 2960 sol
2866 2923 2969 2960 non
3003 2917 3077 2963 est
3102 2917 3247 2962 ortus
3289 2909 3436 2962 nobis

1866 2991 2052 3064 (Ibid.,
2083 2992 2172 3063 6);
2197 2991 2308 3061 jam
2339 3001 2516 3047 tamen
2551 2993 2671 3048 talis
2718 2994 2852 3050 ﬁdes
2881 2995 2932 3049 in
2961 2994 3068 3050 illis
3103 2997 3215 3066 qui,
3244 3007 3304 3051 ut
3332 3013 3438 3052 εξε-

1864 3081 1985 3152 pius
2013 3081 2214 3136 dictum
2242 3091 2340 3146 est,
2371 3085 2585 3154 penitus
2618 3100 2648 3138 a
2674 3086 2781 3139 Deo
2807 3086 3027 3152 deserti,
3059 3102 3159 3142 nec
3185 3088 3291 3143 ulla
3323 3087 3441 3156 ejus

1788 3210 1832 3272 Ε
1865 3173 2039 3244 gratia
2088 3173 2339 3229 illustrati
2367 3184 2541 3239 erunt,
2579 3177 2822 3246 profecto
2855 3192 2960 3231 non
2997 3179 3101 3232 erit
3143 3195 3209 3235 ex
3239 3181 3440 3250 pietate

1864 3265 2085 3330 amoris,
2133 3265 2225 3319 sed
2251 3281 2318 3320 ex
2353 3267 2672 3322 necessitate
2716 3269 2940 3323 terroris
2994 3287 3006 3322 :
3056 3269 3268 3338 qualem
3299 3280 3352 3326 et
3384 3271 3441 3325 in

1863 3352 2194 3408 dicmonibus
2228 3368 2348 3410 esse
2385 3355 2543 3410 fidem
2568 3357 2755 3412 beatus
2782 3355 3015 3413 Iacobus
3054 3361 3327 3431 apostolus
3356 3371 3439 3416 te-

1864 3451 2056 3509 statur,
2084 3444 2267 3499 dicens
2301 3463 2313 3497 :
2337 3444 2404 3498 Et
2427 3446 2685 3500 daemones
2706 3448 2942 3514 credunt,
2968 3457 3014 3502 et
3036 3452 3439 3505 contremiscunt

1865 3529 2005 3600 (Jac.
2034 3545 2094 3596 il,
2147 3531 2254 3602 19).
2287 3531 2431 3588 Talis
2459 3548 2587 3605 ergo
2636 3534 2768 3589 fides
2797 3551 2904 3590 non
2926 3537 3005 3591 eis
3032 3538 3232 3593 valebit
3256 3542 3325 3594 ad
3351 3556 3439 3594 sa-

1864 3620 2029 3674 lutem
2076 3621 2169 3676 sed
2217 3622 2286 3676 ad
2337 3617 2724 3688 confusionem,
2762 3633 2821 3678 ut
2872 3627 3324 3695 quemadmodum
3378 3629 3436 3684 in

1863 3709 2072 3780 psalmo
2109 3711 2366 3780 scriptum
2406 3722 2490 3766 est
2522 3729 2536 3765 :
2566 3713 2891 3768 Erubescant
2918 3724 2966 3768 et
2988 3718 3362 3771 conturbentur
3385 3721 3445 3775 in

1864 3803 2115 3859 sa'culum
2163 3803 2363 3869 swculi,
2394 3813 2442 3858 et
2490 3805 2901 3873 confundantur,
2951 3817 2997 3860 et
3031 3819 3241 3877 pereant
3268 3807 3440 3879 (Psal.

1866 3909 2069 3959 Lxxxu,
2100 3894 2212 3965 l8).
2262 3893 2396 3963 Spes
2417 3909 2546 3950 vero
2569 3895 2710 3949 nulla
2729 3896 2840 3965 jam
2869 3898 2920 3951 in
2949 3898 3027 3952 eis
3056 3913 3177 3954 esse
3217 3901 3442 3968 poterit,

1865 3993 2065 4039 aeterna
2095 3984 2362 4039 sententia
2397 3985 2792 4052 condemnatis,
2829 3987 2975 4042 etde
3003 3988 3318 4046 liberatione
3345 4007 3444 4046 sua

1825 4090 1828 4092 ‘
1865 4075 2079 4145 penitus
2117 4075 2413 4145 deSperatis
2443 4093 2455 4129 :
2495 4076 2743 4132 similiter
2771 4087 2825 4132 et
2851 4079 3105 4144 charitas,
3135 4095 3240 4150 qua
3276 4090 3328 4136 et
3355 4083 3442 4153 pie

1867 4167 2036 4221 Deum
2059 4166 2301 4238 diligant,
2327 4177 2380 4224 et
2404 4169 2710 4238 proximum
2733 4172 3024 4226 secundum
3053 4173 3243 4240 Deum,
3271 4175 3355 4230 vel
3384 4176 3440 4230 in

1867 4258 1998 4324 Deo,
2030 4265 2120 4312 aut
2143 4266 2361 4329 propter
2387 4259 2578 4328 Deum,
2603 4259 2746 4314 nulla
2777 4261 2857 4316 eis
2882 4262 3056 4317 inesse
3076 4265 3294 4334 poterit,
3318 4280 3442 4320 cum

1823 4374 1829 4399 .-
1869 4347 2171 4402 deseruerit
2205 4363 2298 4402 eos
2340 4347 2458 4418 ipse
2485 4347 2628 4405 Deus
2665 4351 2935 4416 charitas,
2974 4367 3074 4406 nec
3101 4353 3336 4408 adfuerit
3365 4355 3445 4409 eis

1869 4438 1961 4493 illa
2015 4439 2186 4510 gratia
2215 4439 2470 4508 Spiritus,
2499 4442 2566 4497 de
2612 4458 2718 4512 qua
2768 4443 3055 4512 Apostolus
3084 4447 3214 4499 dicit
3246 4464 3259 4500 :
3301 4447 3442 4512 Quia

177 4537 318 4583 tunc
372 4529 705 4599 apparebunt
737 4546 750 4582 :
787 4531 1127 4586 manifestata
1157 4533 1360 4588 scilicet
1381 4535 1630 4590 omnibus
1668 4535 1764 4590 Dei
1789 4567 1844 4626 D
1869 4528 2098 4581 ιἸιανίιαδ
2129 4528 2225 4583 Dei
2251 4530 2446 4598 dilfusa
2468 4541 2543 4584 est
2585 4533 2642 4585 in
2682 4533 2922 4587 cordibus
2965 4535 3155 4587 nostris
3195 4552 3288 4605 per
3316 4535 3444 4605 Spi-

174 4628 240 4674 et
269 4619 473 4673 Christi
500 4617 616 4686 ejus
637 4619 836 4674 virtute
856 4628 909 4675 et
927 4629 1215 4692 potestate,
1243 4631 1350 4676 tam
1377 4624 1431 4677 in
1460 4624 1760 4694 majestate,

175 4725 309 4781 quae
342 4709 396 4764 in
426 4710 542 4779 ejus
566 4709 767 4777 judicio
796 4713 1093 4781 apparebit,
1118 4729 1280 4783 quam
1325 4714 1379 4768 in
1429 4723 1630 4769 {eterna
1673 4729 1762 4770 re-

176 4800 565 4855 muneratione
580 4799 868 4868 justorum,
890 4810 945 4856 et
963 4809 1163 4856 aeterna
1187 4804 1530 4859 damnatione
1556 4805 1765 4874 iniquo-

178 4905 334 4946 rum.
368 4889 497 4958 Quae
525 4891 710 4962 utique
762 4891 891 4947 nulli
927 4901 1180 4963 poterunt
1229 4909 1348 4950 esse
1396 4896 1599 4966 ignota,
1634 4897 1764 4952 nulli

1872 4621 2030 4673 ritum
2070 4628 2330 4684 sanctum,
2373 4622 2462 4690 qui
2507 4621 2662 4674 datus
2687 4632 2759 4674 est
2790 4623 2934 4676 nobis
2961 4622 3138 4693 (Rom.
3192 4638 3246 4686 v,
3283 4623 3360 4694 5),
3391 4630 3449 4678 et

1872 4711 2032 4766 Simul
2053 4711 2119 4765 ab
2148 4711 2227 4767 eis
2253 4714 2555 4777 recesserit,
2588 4721 2644 4768 et
2675 4714 2845 4783 gratia
2874 4715 3084 4768 Domini
3118 4717 3286 4784 nostri
3317 4715 3478 4771 Jesu.

1872 4802 2094 4867 Christi,
2128 4812 2184 4857 et
2227 4804 2464 4858 charitas
2510 4803 2624 4867 Dei,
2657 4812 2712 4857 et
2750 4804 3165 4858 communicatio
3212 4804 3447 4874 Spiritus

1873 4893 2064 4949 sancti.
2117 4891 2252 4946 Nam
2283 4900 2336 4947 et
2377 4893 2422 4946 si
2451 4893 2598 4947 dives
2626 4892 2712 4946 ille
2747 4889 2858 4959 jam
2888 4891 3028 4961 apud
3051 4892 3252 4949 iul'eros
3317 4911 3447 4950 con-

1130 5044 1337 5099 ΝΟΤΑΞ
1387 5045 1707 5102 DUVALLII
1741 5045 2081 5133 DQCTORIS
2118 5043 2496 5102 SORBONICI.

178 5190 308 5236 tum
332 5177 493 5247 primi
520 5177 760 5247 parentis
779 5177 940 5232 fuisse
965 5178 1136 5246 primo
1158 5175 1410 5231 infectum
1449 5192 1642 5247 corpus
1661 5195 1759 5247 per

180 5263 405 5311 semen,
427 5255 481 5299 et
507 5262 536 5299 a
559 5247 764 5302 semine
787 5263 996 5301 rursum
1022 5247 1163 5300 infici
1191 5261 1385 5316 corpus
1413 5249 1756 5315 seminatum,

181 5331 248 5376 et
281 5328 409 5371 tunc
434 5317 669 5370 animam
698 5333 762 5371 ex
803 5332 1029 5386 corpore
1057 5316 1227 5387 infici,
1260 5317 1398 5371 sicut
1434 5317 1610 5386 liquor
1644 5335 1762 5387 pre-

181 5392 367 5444 tiosus
388 5387 810 5456 cuminquinato
834 5387 946 5440 vasi
990 5386 1304 5440 infunditur.
1346 5387 1474 5453 Quae
1517 5386 1762 5456 quamvis

177 5459 305 5529 jam
347 5454 633 5511 temeraria
672 5454 1004 5529 judicentur,
1035 5472 1140 5510 nun
1180 5466 1417 5529 pugnant
1463 5454 1636 5512 tamen
1664 5474 1760 5512 ex-

234 5541 382 5583 resse
435 5535 622 5580 contra
669 5527 863 5578 fidem:
930 5526 1156 5594 ideoque
1199 5526 1465 5581 malumus
1521 5543 1763 5583 asserere

243 5597 496 5652 celesiam
545 5595 948 5665 Lugdunensem
995 5597 1255 5649 duntaxat
1297 5597 1525 5652 voluisse
1573 5599 1761 5652 horum

189 5667 526 5724 sententiam
573 5665 855 5729 damnare,
904 5666 994 5733 qui
1036 5666 1270 5720 animam
1327 5674 1452 5722 ante
1513 5669 1764 5724 unionem

525 5767 797 5829 Paraoe.
837 5766 1062 5829 CXIX.

1864 5196 1987 5252 cum
2013 5195 2238 5250 corpore
2282 5179 2546 5236 maculam
2592 5180 2910 5252 originalem
2952 5183 3278 5239 contrahere
3317 5202 3450 5243 con-

1865 5251 2175 5305 tendebant.

1938 5333 1965 5360 ιι
1999 5321 2163 5374 Docet
2183 5321 2342 5375 fidem
2368 5320 2651 5388 aliqualem
2674 5319 2728 5374 in
2752 5320 3020 5377 damnatis
3050 5338 3446 5390 remansuram,

1867 5391 2010 5459 quod
2049 5407 2153 5444 nou
2187 5391 2250 5443 de
2282 5390 2385 5442 fide
2413 5390 2730 5460 theologica,
2772 5391 2863 5446 sed
2906 5393 2972 5447 de
3004 5393 3238 5447 humana
3270 5407 3324 5449 et
3360 5414 3451 5451 ac-

1870 5461 2067 5529 quisita
2118 5460 2276 5514 debet
2322 5459 2568 5531 intelligi,
2599 5459 2675 5515 iet
2723 5461 2800 5516 sic
2852 5463 2940 5531 qui
2997 5477 3065 5515 ex
3117 5464 3450 5527 Christianis

1871 5533 2191 5604 damnatur,
2228 5529 2523 5604 multorum
2561 5529 2943 5602 mysteriorum
2983 5533 3140 5585 fidem
3186 5537 3446 5604 retinent,

1866 5599 2016 5668 juxta
2068 5600 2193 5655 illud
2222 5598 2444 5655 Jacobi:
2490 5598 2765 5657 Damiones
2816 5606 3031 5656 credunt
3075 5615 3122 5655 et
3166 5598 3448 5660 contremi;

1873 5677 2043 5721 scunt.

3020 5773 3058 5832 7
