3970 6306
604 367 709 423 903

1698 368 1900 426 FLOR]
1938 367 2208 426 DIACONI
2246 367 2726 425 LUGDUNENSIS
3702 379 3776 436 ξω

604 483 887 536 demiratus
912 477 1107 533 fratres
1130 492 1278 544 suos,
1303 495 1437 548 quos
1471 479 1525 534 in
1553 495 1717 535 carne
1741 481 2052 550 reliquerat,
2078 497 2170 534 ve-
2198 487 2242 546 Α
2271 489 2476 536 aeterno
2515 490 2570 536 et
2589 482 2738 552 justo
2755 482 2958 552 judicio
2989 483 3112 556 [af.,
3138 483 3342 557 judice]
3371 485 3688 556 liberandos;
3713 497 3780 549 sed

602 570 683 626 lut
707 569 1001 625 secundum
1030 569 1196 624 Deum
1237 569 1489 624 dilexisse
1536 569 1766 634 videtur,
1813 586 1910 640 pro
1954 570 2168 638 quibus,

602 679 670 719 ne
695 663 746 717 in
766 661 912 716 illum
939 661 1116 715 locum
1155 668 1541 716 tormentorum
1566 662 1833 726 venirent,
1857 663 2048 716 anxius
2063 671 2174 716 sat—

603 755 794 824 agebat
831 761 885 807 et
914 751 1301 821 deprecabatur
1340 749 1494 818 (Luc.
1530 767 1643 816 xvi,
1672 751 1800 823 27);
1839 767 1945 807 non
1992 760 2170 806 tamen

603 861 730 900 vere
756 843 1045 899 secundum
1083 842 1248 896 Deum
1280 841 1463 909 fiebat,
1506 843 1648 913 quod
1677 858 1785 898 non
1814 843 2070 899 instinctu
2095 843 2172 899 di-

605 941 741 994 vime
770 937 1062 1000 charitatis,
1106 936 1201 992 sed
1229 935 1314 991 vel
1340 943 1545 991 terrore
1570 936 1852 1007 praesentis
1880 936 2176 991 damnatio-

605 1029 711 1094 nis,
753 1023 835 1082 vel
873 1040 1056 1081 amore
1092 1026 1343 1080 humanae
1369 1023 1667 1080 affectionis
1688 1025 1756 1081 ab
1785 1038 1850 1080 eo
1879 1032 2169 1094 extorque-

603 1119 779 1172 batur.
824 1116 959 1183 Quia
984 1129 1114 1185 ergo
1156 1113 1303 1170 nulla
1325 1111 1440 1182 jam
1485 1114 1540 1168 in
1578 1115 1658 1170 eis
1683 1127 1804 1169 esse
1851 1113 2049 1183 poterit
2074 1125 2172 1182 per

599 1205 1043 1260 illuminationem
1071 1204 1168 1259 Dei
1194 1211 1250 1258 et
1277 1203 1476 1259 donum
1507 1203 1742 1275 Spiritus
1770 1203 1966 1268 sancti,
1999 1202 2172 1271 pietas

599 1301 746 1367 fidei,
775 1309 830 1357 et
857 1298 1137 1355 charitatis
1156 1297 1300 1353 nulla
1328 1298 1483 1353 bonae
1510 1299 1622 1370 spei
1652 1297 2013 1368 exspectatio;
2054 1297 2173 1350 ideo

596 1390 740 1444 nulla
785 1404 971 1444 eorum
999 1388 1314 1459 paenitentia
1345 1389 1410 1444 de
1434 1387 1745 1459 praeteritis,
1789 1387 1992 1442 nullum
2028 1385 2172 1442 desi-

600 1479 807 1534 derium
838 1480 905 1535 de
948 1479 1142 1534 futuris
1191 1493 1222 1532 a
1247 1477 1396 1546 justo
1423 1487 1478 1533 et
1506 1479 1840 1534 misericordi
1877 1477 2059 1546 judice
2082 1493 2171 1532 su-

596 1567 887 1637 scipietur;
937 1567 1062 1637 quia
1110 1565 1224 1621 haec
1271 1575 1398 1621 tunc
1424 1581 1530 1621 non
1570 1574 1731 1620 erunt
1770 1579 1836 1619 ex
1861 1564 2080 1636 pietate,
2113 1571 2169 1619 et

597 1675 783 1716 amore
806 1659 1000 1714 divinae
1029 1657 1236 1728 gratiae,
1268 1657 1361 1712 sed
1387 1664 1592 1711 tantum
1621 1671 1690 1711 ex
1725 1656 2048 1711 necessitate
2078 1654 2172 1708 tri-

2273 580 2442 625 totum
2471 557 2684 627 boc$is
2716 573 2961 642 proficiet
2995 575 3063 628 ad
3105 583 3452 643 tormentum,
3480 593 3582 632 non
3607 581 3667 634 ad
3687 597 3780 638 uou—

2272 661 2555 718 solatiouis
2583 662 2853 719 solatium.
2887 663 2979 719 Sic
3004 665 3168 720 etiam
3201 675 3454 736 poterunt
3479 668 3782 728 halteredesio

2272 752 2481 807 derium
2511 753 2784 822 cujusdam
2802 756 3148 812 beatitudinis
3163 773 3290 824 suae,
3318 756 3408 830 [f.,
3422 760 3506 813 hic
3525 761 3783 818 subaudien-

2271 841 2400 896 dum
2430 843 2558 916 non]
2588 853 2643 898 ut
2671 845 2740 900 ab
2789 845 2894 900 illis
2935 848 3220 904 tormentis
3259 849 3392 915 erui,
3420 857 3475 904 et
3500 849 3663 922 aliqua
3687 869 3783 924 pars

2271 930 2357 986 vel
2383 933 2563 1001 quiete
2609 933 2916 1006 refrigerari
2939 945 3263 994 mereantur.

2343 1022 2518 1094 Ipsam
2561 1034 2740 1081 autem
2788 1027 3069 1084 veritatem
3098 1030 3214 1096 Dei,
3255 1030 3426 1102 ipsam
3454 1031 3786 1091 beatitudinem

2272 1109 2370 1168 Dei
2419 1130 2580 1170 nosse
2625 1125 2681 1170 et
2714 1117 3022 1174 desiderare
3049 1120 3249 1175 donum
3276 1133 3360 1176 est
3383 1123 3613 1192 piorum,
3654 1123 3784 1181 etDei

2273 1202 2463 1272 spiritu
2488 1204 2928 1273 illuminatorum,
2954 1223 3056 1264 non
3085 1210 3368 1280 impiorum
3400 1221 3644 1283 perpetua
3669 1214 3784 1268 caeci-

2273 1301 2580 1365 tateatque
2615 1296 2930 1354 infelicitate
2959 1300 3366 1368 damnatorum;
3414 1303 3540 1373 quia
3580 1305 3668 1360 etsi
3701 1304 3786 1359 fue-

2272 1383 2384 1439 rint
2412 1385 2484 1440 ibi
2532 1387 2696 1458 aliqui
2744 1387 2994 1445 fortassis
3035 1391 3149 1461 qui,
3196 1408 3261 1448 ex
3304 1393 3390 1448 his
3441 1394 3531 1462 qui
3557 1393 3789 1464 aliquando

2272 1475 2617 1531 crediderant
2641 1485 2696 1532 et
2720 1489 3106 1550 cognoverant,
3135 1479 3485 1536 meminerint
3505 1481 3790 1553 aliquatenus

2274 1563 2443 1633 ipsius
2464 1565 2709 1622 veritatis
2739 1567 2825 1622 vel
2867 1569 3238 1635 beatitudinis,
3283 1570 3350 1626 ad
3380 1571 3485 1627 hoc
3523 1581 3712 1626 tantum
3736 1574 3791 1626 eis

2271 1653 2471 1710 valebit
2491 1656 2605 1726 ipsa
2633 1658 2915 1724 memoria,
2931 1668 2991 1713 ut
3009 1659 3181 1730 magis
3205 1661 3443 1727 doleant,
3470 1663 3634 1732 magis
3657 1662 3792 1732 pumi-

589 1747 882 1804 bulationis
926 1757 982 1803 et
1020 1747 1301 1819 angustiae.
1355 1745 1508 1802 Tunc
1549 1745 1731 1817 itaque
1756 1745 2030 1801 subtracto
2053 1759 2083 1799 a
2110 1759 2170 1801 se
2201 1815 2241 1823 _
2275 1750 2440 1811 teant,
2471 1746 2643 1816 magis
2663 1744 2808 1815 juste
2836 1747 3120 1804 damnatos
3143 1765 3201 1805 se
3219 1765 3339 1806 esse
3365 1762 3695 1823 cognoscant.
3717 1752 3792 1805 De-

587 1839 812 1908 penitus
855 1838 1050 1893 divinae
1077 1815 1449 1892 illustratiouis
1478 1815 1700 1900 lumine,
1745 1845 1799 1892 et
1829 1836 1897 1891 ab
1925 1836 2016 1891 illo
2041 1852 2171 1908 gau—
2201 1815 2245 1876 Β
2275 1815 2585 1892 siderantes
2623 1837 2837 1908 quidem
2886 1838 3086 1895 habere
3127 1849 3337 1911 tempus
3387 1815 3710 1906 emendandi,
3753 1850 3794 1895 ut

592 1927 709 1990 dio,
736 1926 877 1996 quod
923 1926 1063 1981 bono
1087 1934 1144 1980 et
1185 1925 1328 1980 fideli
1369 1939 1528 1980 servo
1575 1926 1929 1995 promittitur,
1961 1924 2172 1981 dicente

594 2013 824 2069 Domino
849 2031 861 2067 :
891 2012 1044 2068 Intra
1085 2013 1140 2067 in
1175 2012 1425 2083 gaudium
1453 2011 1662 2067 Domini
1697 2014 1772 2066 tui
1800 2011 2015 2084 (Matth.
2042 2029 2168 2080 xxv,

594 2107 709 2178 21),
745 2106 961 2179 penitus
1010 2103 1215 2160 exclusi
1245 2114 1300 2160 et
1336 2103 1557 2160 alienati
1615 2103 1969 2160 remanebunt
2016 2112 2171 2159 extra

594 2193 777 2251 lumen
792 2195 884 2251 Dei
900 2211 915 2259 ;
941 2194 1138 2250 ethoc:
1157 2192 1275 2247 Erit
1294 2194 1368 2247 eis
1381 2194 1521 2247 mitti
1543 2192 1597 2246 in
1617 2191 1853 2248 tenebras
1866 2193 2169 2260 exteriores,

592 2297 648 2345 et
678 2289 733 2344 i'n
761 2288 903 2344 illam
932 2295 1147 2342 noctem
1175 2284 1499 2340 horrendam
1534 2284 1602 2341 de
1626 2301 1732 2356 qua
1767 2283 2023 2340 Dominus
2053 2285 2165 2340 ait:

603 2378 756 2435 Venit
778 2393 882 2432 nam
919 2377 1131 2448 quando
1159 2394 1307 2432 nemo
1329 2387 1494 2448 potest
1515 2379 1721 2448 operari
1750 2377 1931 2449 (Joan.
1966 2394 2054 2444 ιι,
2085 2379 2162 2449 4).

589 2468 662 2526 Et
683 2467 790 2523 alio
816 2467 933 2522 loco
960 2466 1381 2521 misericorditer
1410 2467 1682 2533 admonet,
1714 2466 1901 2522 dicens
1929 2483 1944 2520 :
1974 2467 2170 2521 Ambu-

587 2557 701 2613 late
724 2558 848 2611 dum
869 2556 1036 2610 lucem
1057 2555 1279 2620 habetis,
1302 2572 1366 2610 ne
1391 2557 1613 2611 tenebrae
1629 2573 1714 2611 vos
1735 2557 2168 2626 comprehendant

2272 1933 2493 1996 possent
2511 1927 2742 1983 evadere
2763 1929 3102 1998 supplicium,
3131 1945 3232 1986 nec
3251 1941 3436 1986 tamen
3456 1932 3698 1987 habentes
3713 1932 3794 2000 pie-

2273 2023 2439 2071 tatem
2492 2016 2661 2088 ipsius
2712 2017 2988 2086 desiderii,
3039 2035 3143 2089 qua
3194 2031 3606 2091 promereantur
3646 2021 3791 2076 Deum.

2273 2103 2303 2146 ιι
2322 2103 2510 2161 Cesset
2533 2105 2712 2176 itaque
2749 2107 2850 2162 iste
2893 2123 2987 2164 eos
3012 2109 3100 2178 qui
3139 2125 3171 2164 a
3198 2108 3310 2164 Deo
3339 2124 3448 2164 non
3472 2110 3795 2164 illuminabun-

2272 2202 2380 2258 tur,
2416 2202 2472 2249 et
2499 2193 2713 2250 alienati
2737 2211 2767 2250 a
2791 2197 2903 2252 vita
2932 2198 3051 2264 Dei,
3083 2197 3228 2253 nulla
3254 2200 3504 2255 veritatis
3529 2207 3583 2254 et
3618 2199 3796 2253 beatitu-

2271 2282 2415 2338 dinis
2460 2282 2742 2338 dulcedine
2765 2284 3203 2350 consolabuntur,
3241 2286 3424 2341 dicere
3456 2302 3562 2341 non
3600 2286 3794 2341 essemi-

2269 2390 2421 2433 seros
2447 2392 2550 2433 nec
2591 2376 2895 2435 damnatos.
2935 2379 3070 2447 Quia
3111 2380 3227 2435 haec
3279 2390 3362 2435 est
3389 2396 3520 2436 vera
3547 2389 3600 2435 et
3639 2389 3794 2434 aeterna

2270 2465 2489 2520 miseria
2517 2465 2748 2521 alienari
2793 2482 2825 2522 a
2848 2468 3003 2523 beata
3031 2469 3160 2523 vita.
3191 2469 3257 2523 Et
3290 2469 3439 2522 nulla
3476 2467 3642 2540 majOr
3662 2477 3795 2539 potest

2265 2567 2389 2608 esse
2429 2553 2723 2619 damnatio,
2779 2569 2941 2624 quam
2986 2557 3201 2624 penitus
3251 2555 3467 2610 excludi
3514 2566 3568 2611 et
3602 2555 3793 2624 repelli:

2267 2641 2401 2709 Deo,
2431 2651 2487 2698 et
2519 2643 2721 2698 nullam
2767 2660 2942 2714 spem,
2977 2645 3181 2700 nullum
3203 2661 3487 2700 recursum
3511 2646 3618 2716 jam
3638 2645 3794 2701 habere

2265 2747 2426 2804 posse
2447 2733 2513 2788 ad
2527 2732 2717 2787 Deum.
2743 2733 2894 2789 Unde
2905 2734 3210 2790 consideret
3231 2734 3402 2790 fidelis
3428 2737 3650 2806 quisque
3670 2746 3794 2802 quam

2265 2839 2465 2882 vanum
2522 2831 2577 2878 et
2646 2823 2895 2880 insanum
2968 2825 3039 2879 sit
3109 2825 3251 2895 quod
3300 2826 3405 2881 iste
3473 2825 3716 2881 conatur?
3753 2831 3793 2876 ut

2265 2914 2356 2984 qui
2399 2915 2467 2970 de
2516 2914 2627 2970 Deo
2657 2914 2798 2969 beati
2847 2929 2969 2969 esse
3015 2930 3288 2985 nunquam
3343 2924 3619 2986 poterunt,
3664 2931 3718 2969 ex
3753 2927 3794 2966 se

2264 3009 2397 3080 ipsis
2423 3010 2606 3065 beatos
2645 3023 2768 3064 esse
2811 3023 2970 3077 posse
2999 3009 3284 3063 contendat
3323 3025 3337 3062 :
3367 3009 3422 3062 id
3479 3018 3563 3064 est
3595 3024 3688 3064 non
3722 3006 3793 3059 ali-

2264 3115 2370 3170 qua
2401 3100 2496 3156 Dei
2535 3099 2729 3170 gratia,
2759 3097 2855 3154 sed
2885 3099 3225 3170 quibusdam,
3267 3107 3326 3153 ut
3367 3100 3486 3169 ipse
3530 3107 3690 3170 putat,
3725 3098 3793 3150 bo-

2266 3194 2350 3249 nis
2394 3203 2622 3248 naturte.
2685 3191 2815 3260 Qum
2860 3191 3074 3248 etiamsi
3115 3193 3460 3263 omnipotens
3488 3194 3622 3248 Deus
3647 3193 3692 3247 in
3718 3190 3793 3245 illis

2264 3285 2554 3355 relinquat,
2581 3283 2687 3339 erit
2705 3283 2754 3338 ei
2782 3283 2849 3338 ad
2869 3282 3234 3338 testimonium
3264 3298 3374 3338 suae
3407 3282 3679 3346 bonitatis,
3718 3279 3795 3336 erit

2266 3374 2316 3430 ei
2364 3374 2469 3430 illis
2510 3373 2580 3428 ad
2607 3372 2974 3429 testimonium
2995 3373 3160 3443 justas
3194 3373 3556 3429 damnationis
3587 3392 3599 3426 :
3635 3381 3688 3427 ut
3721 3367 3792 3440 ipsi

2264 3465 2430 3520 etiam
2477 3464 2685 3535 possint
2746 3479 3072 3535 cognoscere
3121 3464 3405 3519 veritatem
3467 3463 3595 3533 justi
3645 3460 3793 3534 judicii

2262 3556 2320 3610 in
2356 3570 2418 3611 se
2461 3555 2749 3626 eXpletam,
2785 3547 2948 3626 atque
2993 3555 3069 3610 ita
3113 3569 3212 3611 suo
3259 3553 3424 3609 etiam
3479 3554 3669 3627 judicio
3697 3565 3794 3608 cou-

2263 3647 2605 3704 demnentur.

2334 3747 2357 3775 ο
2391 3735 2542 3790 Hanc
2567 3735 2898 3791 borribiliter
2926 3734 3249 3791 ineffabilem
3272 3743 3331 3791 et
3351 3733 3681 3790 ineﬂ'abiliter
3700 3731 3794 3786 bor-

2263 3827 2476 3884 ribilem
2502 3827 2809 3897 iniquorum
2832 3827 3186 3899 etimpiorum
3209 3825 3607 3883 damnationem
3631 3825 3794 3891 absque

2261 3917 2370 3972 ulla
2420 3916 2784 3973 consolatione
2827 3916 3022 3972 divina:
3052 3915 3442 3980 miserationis,
3481 3916 3673 3984 absque
3713 3908 3794 3964 ulla

2261 4008 2654 4064 illuminatione
2693 4007 2969 4075 veritatis,
2996 4007 3187 4064 beatus
3229 4006 3567 4078 Augustinus
3601 4001 3794 4059 breviter

2260 4101 2335 4156 ita
2365 4099 2628 4166 inculcat,
2661 4108 2716 4156 et
2741 4100 3067 4156 omnimodis
3092 4098 3386 4154 cavendam
3430 4102 3714 4166 praemonet
3736 4089 3796 4145 di-

2260 4205 2432 4246 cens:
2481 4187 2734 4261 [Cavendi
2788 4196 2915 4243 sunt
2958 4187 3240 4244 inferiores
3290 4185 3445 4241 inferi
3479 4228 3496 4252 ,
3526 4187 3578 4241 id
3604 4188 3795 4253 estpost

581 2645 775 2718 (Joan.
802 2660 898 2709 xu,
933 2643 1046 2714 55).
1072 2644 1133 2701 ΕΙ
1164 2643 1284 2699 ideo
1313 2645 1406 2715 qui
1447 2644 1501 2698 in
1531 2644 1726 2700 talibus
1747 2645 1982 2700 tenebris
2005 2655 2168 2714 atque

592 2739 648 2794 in
679 2738 771 2793 tali
817 2745 977 2793 nocte
1004 2743 1184 2803 erunt,
1235 2735 1369 2791 nihil
1391 2733 1504 2805 jam
1535 2745 1790 2807 poterunt
1835 2738 1922 2808 pie
1953 2745 2008 2793 et
2048 2737 2167 2792 fru-

591 2838 778 2884 ctuose
801 2826 1036 2898 operari,
1074 2824 1218 2894 quod
1245 2824 1328 2879 vel
1353 2839 1382 2878 a
1405 2825 1554 2896 justo
1583 2823 1766 2894 judice
1794 2826 1966 2895 possit
1997 2827 2166 2881 susci-

589 2919 668 2988 pi,
697 2917 782 2972 vel
824 2917 966 2971 unde
988 2914 1089 2984 ipsi
1115 2923 1428 2970 mereantur
1470 2916 1538 2970 ab
1581 2914 1673 2970 illa
1701 2923 1903 2970 aeterna
1940 2915 2164 2970 damna-

589 3012 736 3065 tione
761 3007 1001 3063 liberari.
1027 3005 1094 3061 Et
1143 3006 1270 3074 quia
1311 3005 1455 3061 nulla
1482 3007 1684 3076 poterit
1722 3021 1843 3063 esse
1871 3008 1957 3077 pia
1985 3009 2160 3078 pteui-

585 3100 782 3164 tentia,
819 3096 966 3152 nulla
1007 3096 1112 3151 erit
1142 3095 1322 3151 delicti
1369 3097 1733 3169 indulgentia;
1765 3107 2162 3166 consequenter

578 3208 692 3248 [nec
733 3191 872 3246 ullus
900 3189 1023 3244 finis
1068 3189 1332 3261 supplicii.
1365 3189 1434 3244 Et
1472 3204 1804 3260 quaecunque
1853 3189 1906 3244 in
1936 3191 2016 3244 eis
2040 3205 2162 3246 esse

575 3283 790 3352 ,poterit
834 3281 1137 3336 recordatio
1179 3282 1422 3338 veritatis
1449 3283 1562 3340 sive
1599 3282 1971 3349 beatitudinis,
2011 3291 2162 3340 tanta

536 3398 538 3400 τ
587 3372 695 3426 erit
718 3380 917 3442 quanta
950 3373 1186 3427 humano
1213 3387 1377 3428 sensu
1407 3374 1492 3430 vel
1519 3373 1755 3428 tenuiter
1783 3381 1960 3442 potest
2001 3374 2164 3428 attin-

571 3462 665 3532 ;gi,
695 3477 797 3516 non
826 3460 999 3531 qualis
1031 3475 1129 3531 per
1150 3461 1245 3516 Dei
1273 3460 1505 3532 gratiam
1531 3462 1667 3519 solet
1705 3463 1981 3534 inspirari.
2011 3463 2164 3520 Tunc

572 3561 732 3614 enim
767 3559 1088 3631 »implebitur
1121 3560 1263 3630 quod
1291 3558 1613 3615 terribiliter
1651 3557 1942 3626 unicuique
1975 3554 2162 3625 Scrip—

584 3659 707 3704 tura
732 3649 891 3715 dicit;
939 3656 992 3705 et
1023 3651 1394 3704 tantummodo
1435 3661 1553 3704 sata
1601 3647 1806 3704 vexatio
1845 3644 2163 3700 intellectum

582 3740 728 3795 daoit
777 3740 982 3794 auditui
1016 3740 1153 3810 (lsa.
1179 3755 1368 3806 ιιπιι,
1395 3739 1519 3812 i9);
1549 3747 1605 3795 et
1629 3738 1826 3794 iterum
1857 3751 1874 3792 :
1907 3735 2044 3804 Quia
2071 3752 2163 3791 nec

581 3848 734 3901 opus,
762 3848 854 3887 nec
877 3824 1032 3899 ratio,
1060 3847 1153 3888 nec
1174 3832 1450 3903 sapientia,
1476 3848 1569 3887 nec
1594 3830 1811 3887 scientia
1830 3837 1982 3885 erunt
2019 3827 2159 3898 apud

579 3922 805 3992 inferos,
828 3939 930 3994 quo
952 3933 1008 3977 tu
1036 3939 1284 3994 properas
1307 3923 1506 3994 (Eccle.
1532 3939 1608 3991 ιι,
1631 3922 1744 3994 10).
1766 3919 1982 3977 Nullum
2008 3935 2164 3974 nam-

583 4023 693 4080 que
713 4011 785 4065 ibi
807 4011 914 4065 erit
939 4025 1074 4081 opus
1103 4010 1306 4066 bonum
1327 4011 1545 4082 aliquod
1576 4012 1828 4068 meritum
1865 4009 2154 4081 acquiren-

597 4099 675 4164 di,
703 4099 847 4154 nulla
879 4101 1018 4156 ratio
1045 4100 1130 4156 vel
1138 4099 1290 4171 juste
1316 4103 1625 4168 excusandi,
1654 4102 1742 4158 vel
1763 4101 1922 4173 digne
1939 4100 2159 4158 satisfa~

588 4190 796 4259 ciendi,
824 4191 969 4247 nulla
990 4192 1253 4265 sapientia
1279 4207 1346 4249 ex
1372 4193 1731 4250 illustratione
1753 4193 2023 4259 veritatis,
2047 4192 2161 4248 nul-

584 4281 642 4340 la
669 4283 895 4339 scientia
939 4283 994 4339 in
1039 4283 1302 4340 exercitio
1331 4283 1555 4355 alicujus
1600 4284 1817 4340 virtutis
1846 4297 1865 4338 :
1891 4284 2160 4354 quomodo
2260 4278 2401 4335 banc
2423 4277 2592 4332 vitam
2633 4292 2806 4348 pnsum
2841 4277 3137 4348 graviores,
3164 4275 3255 4332 ubi
3294 4275 3438 4331 nulla
3499 4283 3668 4346 potest
3703 4281 3795 4324 esse

586 4386 720 4445 ergo
737 4373 890 4444 juxta
920 4372 1082 4428 istum
1121 4373 1398 4431 habebunt
1426 4374 1787 4446 cognitionem
1828 4384 1886 4430 et
1912 4375 2159 4430 notitiam
2260 4368 2702 4426 commemoratio
2734 4367 3002 4432 veritatis,
3033 4374 3109 4432 et,
3143 4366 3268 4436 quia
3318 4365 3462 4421 nulla
3496 4374 3579 4420 est
3617 4355 3796 4417 ratioci-

578 4463 851 4530 veritatis,
882 4462 1035 4533 cujus
1075 4472 1132 4521 et
1174 4463 1566 4522 illuminatione
1602 4473 1660 4522 et
1702 4465 2155 4538 contemplatione
2177 4491 2233 4553 Ι)
2259 4461 2428 4526 natio,
2460 4459 2582 4515 ideo
2611 4458 2754 4514 nulla
2782 4459 3008 4514 rationis
3033 4459 3208 4523 actio,
3257 4457 3382 4528 quia
3407 4473 3520 4512 non
3546 4455 3680 4553 illaut
3699 4461 3796 4546 pet-

571 4554 908 4610 atternaliter
932 4555 1129 4626 privati
1155 4555 1352 4610 erunt?
2177 4542 2225 4553 ’⁷
2258 4551 2453 4608 fundit.
2477 4549 2675 4604 Lumen
2703 4565 2901 4615 verum,
2930 4549 3068 4621 quod
3102 4547 3365 4603 illuminat
3408 4562 3611 4601 onmem
3659 4542 3794 4595 horni-

659 4656 687 4685 ι
718 4643 996 4711 Quomodo
1016 4643 1289 4700 habebunt
1315 4643 1552 4714 ejusdem
1580 4645 1823 4702 veritatis
1851 4655 1905 4701 et
1929 4647 2155 4702 beatitu-
2259 4660 2376 4699 nem
2399 4642 2678 4696 venientem
2701 4642 2757 4695 in
2785 4642 2926 4694 hunc
2957 4640 3209 4694 mundum
3246 4637 3427 4709 (Joan.
3460 4653 3500 4702 ι,
3532 4635 3619 4706 9).
3651 4631 3796 4698 Quare

587 4732 730 4789 dinis
752 4733 1102 4799 desiderium,
1126 4734 1180 4789 in
1203 4734 1398 4805 quibus
1421 4735 1600 4791 nullus
1618 4736 1722 4792 erit
1741 4751 1896 4792 amor
1916 4736 2154 4806 pietatis,
2257 4736 2598 4799 festinemus,
2626 4743 2682 4789 et
2711 4732 3046 4788 ambulemus
3093 4746 3215 4786 cum
3244 4730 3360 4785 dies
3399 4736 3597 4798 praesto
3617 4731 3707 4786 est.
3742 4729 3794 4770 11°

579 4840 692 4898 quo
727 4837 819 4882 aut
847 4828 1049 4883 veritas
1092 4841 1222 4883 vere
1258 4827 1530 4900 diligatur,
1575 4837 1669 4884 aut
1701 4843 1832 4884 vera
1877 4827 2154 4884 beatitudo
2257 4844 2356 4884 nos
2381 4827 2617 4884 tenebrae
2657 4826 3142 4909 comprehendam;
3188 4822 3508 4878 festinemus
3535 4835 3565 4873 a
3597 4808 3794 4909 secunde

576 4916 847 4971 veraciter
919 4917 1285 4973 desideretur?
1339 4917 1599 4974 Poterant
1666 4917 1894 4974 fortasse
1953 4920 2155 4975 habere
2257 4929 2432 4976 morte
2454 4911 2693 4981 liberari,
2727 4916 2816 4970 ubi
2842 4930 3000 4971 nemo
3023 4903 3108 4970 est
3141 4915 3230 4983 qui
3255 4927 3464 4968 memor
3506 4911 3576 4965 sit
3622 4903 3724 4966 Dei.
3752 4906 3794 4952 οι

579 5006 871 5077 quamdam
915 5008 1194 5063 scientiam
1248 5009 1492 5065 veritatis
1521 5011 1574 5064 in
1601 5023 1668 5063 eo
1709 5009 1851 5079 quod
1881 5024 1941 5065 se
1984 5024 2152 5080 agno--
2255 5012 2326 5068 ab
2356 5009 2601 5074 inferno,
2636 5009 2725 5063 ubi
2754 5022 2913 5062 nemo
2956 5005 3305 5062 confitebitur
3350 5000 3504 5074 Deo.]
3534 5001 3658 5055 Item
3694 5003 3792 5047 cum

569 5105 737 5162 .scent
781 5096 970 5166 dignos
1015 5098 1210 5155 talibus
1249 5116 1369 5158 esse
1389 5099 1684 5170 suppliciis,
1712 5101 1855 5171 quod
1896 5115 1955 5156 se
1988 5115 2155 5170 aguo—
2255 5111 2548 5173 exponeret
2573 5101 2738 5156 verba
2764 5099 2956 5170 psalmi
2987 5098 3074 5153 ubi
3099 5098 3302 5152 dictum
3331 5105 3416 5151 est
3456 5109 3471 5148 :
3519 5093 3582 5146 In
3621 5087 3792 5155 inferno

575 5199 733 5248 scent
779 5189 926 5260 justo
948 5189 1153 5262 judicio
1197 5194 1603 5258 condemnatos,
1645 5209 1748 5250 nec
1802 5209 2039 5264 unquam
2083 5195 2153 5253 ab
2254 5205 2431 5249 autem
2455 5192 2571 5263 quis
2589 5190 2921 5258 conﬁtebitur
2952 5189 3086 5247 tibi?
3113 5185 3287 5259 (Psal.
3328 5202 3420 5251 vi,
3448 5183 3524 5255 6.)
3551 5177 3793 5238 confessus

1524 5306 1736 5366 NOTAE
1775 5306 2100 5365 DUVALLII
2143 5304 2486 5367 DOCTOBIS
2525 5303 2909 5360 SORBONICI.

650 5408 677 5436 ι
711 5394 801 5451 Ait
841 5395 1123 5454 damnatos
1163 5413 1272 5452 non
1306 5397 1438 5454 ferri
1484 5399 1752 5456 desiderio
1782 5399 1835 5453 in
1861 5396 2150 5454 beatitudi-
2254 5398 2541 5452 damnatos
2567 5393 2671 5448 frui
2695 5393 3025 5449 beatitudine
3058 5389 3310 5448 naturali.
3336 5388 3450 5444 Imo
3477 5386 3627 5458 pejus
3652 5374 3790 5458 mullo

576 5479 722 5540 nem,
750 5467 851 5540 sed
875 5467 1345 5540 scipsum‘postea
1372 5470 1624 5540 exponit:
1658 5467 1773 5540 Non
1809 5467 2026 5540 habent,
2069 5469 2149 5523 in-
2254 5482 2417 5540 quam
2443 5464 3004 5540 Pelagiussentiebat,
3036 5463 3159 5540 quia
3185 5461 3328 5540 quod
3360 5455 3564 5540 tantum
3592 5455 3653 5540 de
3687 5457 3789 5540 pf:

571 5524 719 5605 quit,
739 5524 1097 5608 desiderium,
1133 5524 1297 5608 idest
1333 5524 1584 5608 pietatem
1614 5538 1884 5601 desiderii,
1924 5524 2049 5606 quia
2080 5553 2148 5593 ex
2253 5524 2392 5608 vulis
2437 5524 2818 5608 decedentibus
2857 5524 3070 5608 absque
3098 5524 3365 5608 baptismo
3395 5524 3788 5608 stat-uetuttjgse

577 5594 764 5678 gituo're
805 5607 888 5678 sui
929 5594 1276 5678 inordinatio,
1333 5594 1482 5663 'nuuo
1535 5609 1721 5663 habito
1770 5594 2017 5678 respectu
2079 5609 2149 5664 ad
2255 5607 2319 5678 ge
2345 5603 2719 5678 peccatgribus
2754 5602 2949 5678 adultis
2973 5594 3360 5678 conten-debat.
3389 5594 3787 5652 —-Bellarmin..

573 5673 771 5745 Deum.
810 5677 979 5745 ipsam
1009 5674 1334 5745 desiderant.
1725 5744 1732 5745 ί
1860 5671 1878 5678 ’
2255 5671 2362 5729 ηυξ
2382 5690 2405 5745 r_
2419 5673 2496 5745 de
2524 5671 2872 5745 Purgatorio,
2895 5687 3015 5745 cap.
3039 5672 3092 5727 9.

640 5717 1395 5808 Tiiiii'éﬁi'hd
1439 5746 1688 5802 haeresim
1719 5744 1921 5813 Pelagii
1961 5745 2150 5802 volens
2255 5717 2354 5784 ’ωὲ
2383 5717 2553 5796 Μίιῖιᾶ
2572 5717 3239 5810 ‘déé?£.ii"t.i£,"réuosita
3267 5753 3335 5794 ex
3381 5752 3486 5794 ms.
3513 5731 3643 5790 Cod.
3667 5717 3786 5785 Corb
