3970 6306
553 403 656 459 2οἸ

1657 388 1856 446 FLOR]
1896 374 2164 443 DlACONl
2196 382 2674 443 LUGDUNENSIS

3663 385 3749 442 208

549 518 683 575 ergo
706 492 736 561 é
762 506 1032 563 contrario
1077 504 1276 574 absque
1305 502 1408 556 ulla
1451 499 1780 555 dubitatione
1823 498 2112 554 tenendum
2143 496 2189 556 A
2215 498 2326 567 20).
2377 497 2522 567 Opus
2562 499 2705 552 enim
2738 494 2830 551 Dei
2876 496 3076 566 culpat,
3115 499 3257 568 quod
3287 507 3367 554 est
3392 499 3574 563 ιιοηιο,
3599 505 3651 553 ει
3686 502 3752 555 vi.

556 611 636 657 est
669 598 793 669 quia
817 606 871 651 et
902 596 953 651 in
986 594 1189 664 angelis
1219 591 1464 662 malignis
1506 598 1560 644 et
1598 589 1649 643 in
1678 587 1985 642 hominibus
2011 586 2113 639 im-

555 692 662 759 piis
697 703 805 743 non
834 685 947 741 sola
967 684 1232 747 voluntas,
1258 682 1350 737 sed
1377 688 1485 735 tota
1533 685 1723 732 natura
1752 674 2108 737 damnabitur,

558 779 683 847 quia
710 786 819 833 tota
841 775 1097 846 peccavit.
1130 774 1234 827 Iste
1255 779 1453 834 autem,
1479 777 1667 824 contra
1695 780 1907 822 omnem
1931 764 2111 827 ﬁdem,

557 874 615 923 et
636 867 917 923 veritatem
956 860 1067 925 Dei,
1100 862 1218 915 ideo
1254 861 1356 914 tale
1384 866 1756 929 argumentum
1795 853 2111 914 introduxit,

558 965 621 1010 ut
647 956 851 1011 scilicet
871 953 1187 1023 angelos,et
1225 950 1474 1006 homines
1517 948 1685 1003 malos
1710 947 1762 1000 in
1807 946 1923 999 sola
1968 943 2117 998 dicat

556 1045 830 1099 voluntate
867 1040 1222 1104 damnandos,
1248 1047 1309 1092 ut
1341 1038 1537 1091 habeat
1578 1036 1753 1090 locum
1773 1035 1898 1103 ejus
1927 1033 2113 1086 insana

559 1134 792 1197 fallacia,
818 1140 873 1185 et
898 1129 1062 1200 possit
1087 1129 1288 1191 dicere,
1313 1127 1454 1182 sicut
1475 1125 1723 1195 superius
1745 1123 1856 1191 jam
1879 1121 2034 1185 dixit,
2061 1120 2113 1173 in

559 1227 680 1300 igne
712 1235 912 1279 alterno
940 1221 1138 1276 nullam
1162 1221 1320 1274 aliam
1348 1218 1579 1273 futuram
1602 1230 1721 1271 esse
1749 1228 1986 1285 poenam,
2015 1211 2116 1264 nisi

560 1316 857 1372 absentiam
890 1311 1277 1367 beatitudinis:
1330 1321 1390 1363 ut
1435 1317 1487 1363 et
1538 1307 1739 1361 nullam
1786 1304 1856 1358 ibi
1906 1316 2116 1372 ptenam

555 1407 890 1463 extrinsecus
931 1402 1170 1473 patiatur
1200 1408 1387 1454 natura
1420 1397 1662 1469 angelica
1711 1393 1797 1447 vel
1845 1393 2115 1455 humana;

452 1516 455 1517 '
554 1496 704 1567 quia,
730 1494 887 1564 juxta
911 1488 1070 1558 hujus
1108 1503 1344 1551 sensum,
1376 1501 1478 1541 non
1503 1482 1766 1554 peccavit,
1792 1490 1848 1536 et
1873 1480 1985 1535 sola
2036 1480 2118 1532 in-

557 1588 824 1643 triusecus
846 1585 897 1639 in
925 1581 1253 1638 conscientia
1299 1579 1553 1648 puniatur
1594 1575 1861 1635 voluntas,
1885 1571 2032 1640 quia,
2064 1576 2122 1622 ut

556 1679 662 1732 iste
688 1675 837 1740 dicit,
866 1672 978 1728 sola
1001 1669 1276 1742 peccavit;
1304 1662 1643 1735 etipuniatur
1672 1678 1775 1717 non
1806 1663 1984 1730 aliquo
2015 1670 2121 1714 tor-

557 1773 739 1821 mento
770 1776 944 1834 pinna:
970 1758 1288 1821 exterioris,
1325 1755 1421 1810 sed
1462 1754 1577 1810 sola
1610 1752 1855 1807 absentia
1885 1750 2119 1805 beatitu-

2217 587 2347 639 tium
2379 582 2610 639 hominis
2645 585 2846 650 laudat,
2878 587 3020 655 quod
3041 594 3126 641 est
3162 587 3433 656 iniquitas.
3468 586 3649 642 Omnis
3664 587 3751 643 ita-

2213 690 2318 744 que
2354 684 2569 740 natura,
2614 675 2822 730 etiamsi
2864 676 3056 731 vitiosa
3085 684 3189 741 est,
3222 677 3275 730 in
3305 684 3565 746 quantum
3591 685 3753 733 natura

2212 772 2317 829 est,
2347 766 2486 821 bona
2511 776 2631 827 est;
2672 766 2724 819 in
2748 776 3006 835 quantum
3035 767 3227 821 vitiosa
3248 776 3354 831 est,
3381 765 3525 821 mala
3549 774 3646 821 est.

2284 856 2424 913 Ecce
2472 857 2791 911 venerabilis
2819 859 3005 913 doctor
3032 874 3135 913 non
3164 858 3294 913 dicit
3320 859 3493 913 solam
3522 859 3752 921 vitiatam,

2214 944 2297 998 vel
2330 944 2574 1000 vitiosam
2608 945 2935 1000 voluntatem
2967 947 3198 1002 hominis
3247 947 3445 1001 malam
3498 961 3645 1011 esse,
3678 948 3753 1001 sed

2215 1033 2460 1090 vitiosam
2492 1035 2723 1091 hominis
2751 1044 3018 1101 naturam,
3044 1036 3240 1091 malam
3265 1050 3385 1092 esse
3415 1045 3683 1091 naturam:
3714 1045 3757 1092 et

2217 1141 2329 1180 rem
2361 1141 2479 1195 qua:
2507 1126 2646 1180 mala
2676 1135 2760 1181 est
2784 1135 3030 1181 naturam
3075 1140 3195 1182 esse
3221 1126 3550 1190 conﬁrmat;
3586 1136 3638 1182 et
3663 1142 3759 1182 ma-

2219 1215 2327 1271 lum
2357 1216 2625 1271 hominem
2657 1216 2787 1271 dicit
2810 1216 3005 1271 malam
3031 1231 3151 1272 esse
3198 1224 3470 1271 naturam.
3528 1216 3605 1270 Ita
3638 1217 3758 1272 enim

2221 1307 2336 1360 ait:
2378 1304 2538 1377 [Quid
2585 1314 2671 1361 est
2717 1313 2896 1361 autem
2930 1306 3104 1361 malus
3135 1306 3318 1371 homo,
3363 1306 3470 1361 nisi
3521 1306 3652 1361 mala
3679 1321 3758 1359 na-

2221 1394 2415 1465 tura?]
2471 1392 2586 1449 Non
2623 1393 2757 1449 dixit
2808 1394 2949 1463 quod
2990 1394 3162 1450 malus
3216 1395 3375 1450 homo
3426 1393 3763 1448 tantummodo

2223 1485 2360 1539 mala
2384 1485 2630 1539 voluntas
2653 1484 2745 1547 sit,
2775 1484 2871 1538 sed
2918 1483 3058 1537 mala
3092 1491 3303 1540 natura.
3354 1483 3621 1537 Videlicet
3639 1482 3762 1551 quia,

2223 1587 2344 1627 cum
2394 1570 2570 1626 malus
2595 1579 2675 1625 est
2705 1572 2894 1636 homo,
2943 1586 3048 1627 non
3075 1571 3187 1628 sola
3214 1572 3519 1638 voluntate,
3561 1570 3648 1624 sed
3673 1578 3761 1623 tota

2225 1677 2321 1717 sua
2345 1669 2537 1716 natura
2582 1660 2753 1715 malus
2796 1669 2899 1715 est.
2930 1661 3092 1716 Docet
3128 1669 3308 1717 tamen
3336 1660 3573 1715 ﬁdeliter
3588 1659 3763 1715 discer-

2227 1751 2481 1814 nendum,
2510 1765 2633 1805 cum
2662 1750 2908 1814 dicimus,
2956 1750 3125 1805 malus
3148 1752 3325 1816 homo,
3350 1751 3500 1807 inter
3539 1766 3665 1821 opus
3687 1750 3763 1804 Dei

558 1860 721 1925 diuis,
750 1832 910 1927 quam
929 1869 1037 1910 non
1064 1851 1303 1915 habebit,
1335 1858 1393 1905 et
1426 1846 1788 1918 prohibitione
1811 1843 1961 1914 pravi
1983 1841 2123 1895 desi-
2154 1832 2201 1892 Β
2227 1850 2284 1896 et
2326 1841 2516 1896 vitium
2546 1840 2714 1910 ipsius
2758 1841 3021 1906 hominis;
3064 1841 3189 1909 quia
3220 1841 3492 1906 videlicet,
3526 1841 3763 1896 hominem

559 1948 695 2004 derii
742 1946 848 2011 sui,
880 1942 1025 2014 quod
1068 1941 1118 1996 ei
1152 1938 1369 2009 explere
1404 1952 1508 1991 non
1537 1935 1739 1989 licebit.
1787 1932 1916 1999 Quae
1940 1929 2121 1985 omnia

559 2053 719 2110 quam
742 2031 1136 2091 sintcontraria
1169 2029 1292 2084 ﬁdei
1321 2037 1376 2082 et
1397 2026 1636 2090 veritati,
1666 2033 1721 2079 et
1746 2032 2003 2093 quantum
2046 2019 2123 2073 fa—

557 2137 719 2186 veant
751 2124 1012 2191 voluntati
1044 2120 1242 2177 diaboli
1269 2118 1535 2175 adulando
1572 2114 1901 2176 hominibus,
1928 2125 1996 2165 ne
2030 2119 2125 2164 aut

564 2221 836 2278 veraciter
860 2233 918 2274 se
936 2230 1197 2288 peccasse
1219 2217 1622 2282 recognoscant,
1655 2208 1781 2262 dum
1822 2217 2006 2260 eorum
2031 2217 2127 2256 na-

559 2325 676 2368 tura
706 2327 811 2367 non
837 2322 1088 2381 peccasse
1119 2303 1441 2367 defenditur,
1493 2315 1594 2356 nec
1622 2297 1890 2354 veraciter
1919 2308 1978 2349 se
2005 2307 2128 2348 esse

558 2403 875 2474 puniendos,
914 2399 1041 2454 dum
1070 2411 1176 2452 non
1203 2409 1388 2450 eorum
1417 2399 1608 2447 natura
1629 2430 1644 2456 ,
1674 2388 1766 2444 sed
1793 2387 1907 2442 sola
1934 2384 2126 2440 volun-

559 2507 645 2552 tas
688 2494 886 2550 dicitur
929 2486 1357 2549 condemnanda,
1407 2479 1848 2541 manifestissime
1881 2475 2129 2530 omnibus

558 2596 726 2658 patet,
758 2584 851 2655 qui
901 2581 1088 2638 salutis
1117 2594 1227 2634 suae
1246 2591 1440 2632 curam
1479 2580 1692 2645 gerunt,
1744 2570 1834 2638 qui
1872 2567 2127 2624 haeretica
2185 2614 2196 2626 .

559 2680 859 2750 ﬁgmenta,
883 2684 937 2728 et
980 2671 1335 2727 deliramenta
1372 2668 1532 2735 ionge
1576 2678 1606 2717 a
1642 2676 1712 2716 se
1744 2658 2028 2728 rejiciunt,
2075 2666 2131 2713 et

560 2748 928 2836 evangelicam
971 2770 1134 2831 atque
1171 2756 1523 2830 apostolicam
1573 2751 1859 2809 veritatem
1904 2748 2133 2806 ﬁdeliter

562 2865 876 2933 sequuntur.

576 2970 579 2973 <
623 2930 741 3002 Sed
767 2953 827 3000 ut
846 2945 910 3000 de
931 2942 1018 2998 his
1042 2955 1162 3012 quae
1189 2947 1378 2996 contra
1411 2935 1526 3005 ejus
1551 2948 1803 2991 vesanam
1828 2939 1885 2987 et
1913 2930 2133 3000 impiam

562 3038 926 3095 deﬁnitionem
965 3034 1224 3096 diximus,
1272 3029 1474 3084 certius
1522 3036 1578 3083 et
1626 3026 1834 3080 ﬁrmius
1881 3023 1971 3092 qui
2018 3023 2137 3077 hate

564 3130 754 3199 legerit
780 3129 1078 3182 instruatur
1105 3119 1473 3190 subiungimus
1522 3118 1612 3172 hic
1649 3116 1815 3172 verba
1857 3114 2001 3168 beati
2028 3112 2136 3166 Au-

2223 1943 2344 1986 esse
2388 1945 2522 2000 opus
2562 1930 2661 1984 Dei
2708 1938 2831 1994 est,
2884 1930 3121 2000 iniquum
3152 1946 3280 1985 esse
3322 1929 3517 1985 vitium
3566 1929 3764 1984 hominis

2222 2028 2326 2101 est.
2353 2020 2526 2090 Atque
2552 2020 2626 2074 ita
2652 2027 2922 2083 naturam,
2955 2019 3165 2075 etiamsi
3196 2021 3388 2075 vitiosa
3416 2028 3522 2082 est,
3560 2019 3610 2073 in
3630 2032 3749 2087 quan

2226 2119 2357 2165 tum.
2387 2118 2575 2164 natura
2613 2118 2717 2175 est,
2766 2110 2958 2164 bonam
2995 2125 3144 2165 esse:
3200 2110 3254 2163 in
3299 2117 3563 2179 quantum
3605 2108 3764 2162 vitiosa

2225 2212 2328 2268 cst,
2364 2203 2560 2257 malam
2585 2217 2723 2257 esse.
2761 2202 2818 2256 In
2847 2203 3095 2258 omnibus
3115 2218 3243 2272 ergo
3271 2202 3354 2257 bis
3383 2216 3497 2255 non
3525 2200 3700 2262 solam,
3721 2207 3766 2251 ut

2227 2294 2328 2349 iste
2355 2292 2568 2357 asserit,
2613 2291 2981 2358 voluntatem,
3023 2292 3115 2346 sed
3159 2292 3330 2360 ipsam
3368 2299 3619 2344 naturam
3664 2287 3766 2342 dicit

2226 2399 2347 2439 esse
2370 2385 2589 2445 bonam,
2620 2381 2672 2437 in
2720 2389 2978 2452 quantum
3009 2389 3201 2436 natura
3243 2387 3366 2445 est;
3431 2380 3596 2450 ipsam
3620 2387 3766 2430 autem

2226 2481 2475 2528 naturam
2504 2471 2632 2527 dicit
2675 2486 2797 2525 esse
2826 2469 3051 2533 malam,
3102 2470 3156 2522 in
3187 2467 3658 2538 quantum-vitiosa
3683 2472 3763 2517 est.

2229 2560 2342 2618 Hoc
2390 2561 2571 2630 itaque
2620 2558 2847 2614 ﬁdeliter
2878 2557 3229 2629 sequendum,
3278 2556 3549 2612 catholiee
3592 2554 3768 2623 sapien-

2231 2654 2381 2718 dum,
2441 2651 2748 2706 ﬁrmissime
2812 2650 3147 2705 retinendum
3205 2657 3319 2713 est,
3383 2657 3448 2703 ut
3506 2645 3766 2702 certissime

2232 2756 2620 2815 cognoscamus
2665 2755 2763 2795 nec
2813 2739 3032 2810 maligni
3064 2738 3238 2808 angeli
3282 2752 3385 2792 nec
3417 2734 3544 2791 mali
3574 2731 3769 2788 hominis

2232 2832 2560 2889 voluntatem
2596 2830 2787 2894 solam,
2834 2829 2928 2884 sed
2967 2836 3134 2883 totam
3164 2842 3352 2882 eorum
3388 2833 3636 2880 naturam
3675 2835 3766 2876 ma-

2234 2923 2341 2977 lam
2380 2937 2498 2978 esse
2549 2936 2671 2975 cum
2703 2926 2949 2989 peccant,
2997 2926 3053 2973 et
3099 2925 3266 2973 totam
3320 2931 3513 2971 eorum
3561 2922 3768 2968 naturam

2236 3016 2374 3070 mala
2397 3023 2594 3069 interna
2615 3024 2990 3082 perpessuram
3018 3023 3137 3064 esse
3161 3023 3282 3063 cum
3314 3006 3716 3062 damnabantur.

2294 3105 2472 3161 .Addit
2508 3105 2612 3158 iste
2655 3102 2830 3157 adhuc
2858 3109 2912 3155 et
2944 3100 3111 3155 dicit:
3156 3097 3266 3152 Nec
3309 3098 3563 3166 inprime
3601 3092 3772 3147 nomine

564 3185 783 3291 gtistini,
813 3216 1008 3287 quibus
1053 3214 1118 3268 de
1142 3185 1245 3266 hac
1289 3185 1350 3265 re
1391 3209 1688 3265 clarissime
1729 3216 1785 3262 et
1828 3204 2136 3276 plenissime
2162 3193 2207 3256 C
2236 3212 2472 3269 peccasse
2514 3203 2730 3248 natura:
2771 3191 3158 3291 generalitatem
3183 3228 3199 3251 ,
3263 3188 3352 3241 sed
3401 3185 3772 3253 uniuscujusque

564 3311 741 3373 docet,
771 3307 993 3362 dicens:
1022 3300 1256 3374 [Nullum
1303 3308 1387 3355 est
1412 3298 1557 3370 quod
1593 3298 1789 3353 dicitur
1814 3296 2012 3351 malum
2033 3335 2048 3358 ,
2090 3295 2139 3349 si

568 3399 774 3454 nullum
803 3397 875 3451 sit
893 3394 1133 3457 bonum;
1162 3391 1257 3447 sed
1281 3391 1481 3446 bonum
1508 3388 1656 3445 omni
1681 3387 1823 3441 malo
1842 3400 2032 3441 carens
2058 3384 2140 3440 in-

566 3501 777 3558 tegrum
799 3486 997 3540 bonum
1036 3490 1139 3537 est.
1163 3480 1295 3535 Cum
1322 3494 1450 3534 vero
1487 3478 1627 3533 inest
1646 3475 1867 3540 malum,
1892 3473 2140 3527 vitiatum

569 3577 655 3632 vel
691 3572 1171 3629 vitiosumbonum
1186 3578 1314 3634 est;
1350 3583 1452 3624 nec
1482 3566 1678 3621 malum
1708 3578 1943 3634 unquam
1967 3569 2143 3632 potest

570 3680 688 3721 csse
731 3663 918 3729 ullum,
948 3661 1038 3716 ubi
1071 3667 1154 3714 est
1196 3659 1394 3713 bonum
1419 3656 1658 3712 nullum:
1713 3655 1852 3710 unde
1879 3668 1967 3708 res
2007 3653 2143 3706 mira

571 3753 872 3819 conﬁcitur,
929 3759 1007 3817 ut,
1036 3750 1161 3819 quia
1193 3748 1368 3804 omnis
1415 3755 1632 3811 natura,
1663 3745 1717 3799 in
1741 3752 2000 3814 quantum
2044 3756 2141 3795 na-

572 3855 692 3898 tura
717 3850 822 3907 est,
845 3828 1043 3896 bonum
1070 3846 1173 3903 est,
1220 3836 1353 3891 nihil
1380 3833 1525 3890 aliud
1562 3834 1665 3889 dici
1706 3833 1969 3895 videatur,
2022 3844 2145 3884 cum

570 3935 763 3991 vitiosa
792 3942 981 3987 natura
1009 3929 1150 3984 mala
1176 3941 1297 3983 esse
1324 3935 1517 3982 natura
1556 3925 1773 3988 dicitur,
1812 3921 1915 3977 nisi
1946 3920 2146 3975 malum

2236 3286 2560 3344 individuam
2586 3282 2919 3337 voluntatem.
2948 3272 3009 3336 Si
3032 3296 3093 3335 ea
3116 3288 3304 3333 natura
3332 3275 3659 3345 delinquant,
3680 3285 3771 3325 ειιιι

2240 3394 2347 3433 una
2375 3375 2463 3437 sit,
2491 3381 2599 3426 tota
2635 3369 2864 3440 profecto
2906 3369 3114 3438 periret.
3169 3367 3226 3420 ln
3257 3365 3342 3421 his
3369 3366 3550 3420 verbis
3585 3359 3772 3431 apertis

2241 3467 2375 3523 sime
2401 3466 2669 3520 allirmare
2700 3470 2926 3517 conatur
2968 3475 3072 3514 non
3104 3458 3278 3515 solum
3313 3458 3367 3512 in
3398 3456 3604 3513 caeteris
3628 3448 3770 3507 homi-

2242 3560 2401 3614 nibus
2427 3572 2531 3611 non
2560 3568 2786 3625 peccare
2812 3560 3084 3614 naturam,
3124 3549 3220 3603 sed
3262 3546 3595 3602 solummodo
3618 3540 3771 3595 volun-

2244 3659 2442 3715 tatem;
2494 3650 2589 3704 sed
2635 3647 2799 3703 etiam
2857 3646 2909 3700 in
2938 3643 3128 3714 primo
3170 3643 3391 3698 homine
3424 3639 3658 3697 similiter
3690 3646 3770 3688 non

2241 3756 2495 3811 peccasse
2523 3750 2793 3802 naturam,
2845 3736 2939 3791 sed
2982 3734 3152 3789 solam
3198 3732 3550 3794 voluntatem,
3594 3734 3643 3781 et
3680 3722 3772 3775 ideo

2244 3849 2352 3889 non
2405 3846 2658 3902 peccasse
2686 3831 2738 3884 in
2765 3844 2831 3884 eo
2857 3827 3180 3899 generaliter
3224 3825 3446 3880 humani
3470 3820 3672 3896 generis
3696 3831 3769 3870 na-

2246 3931 2441 3985 turam,
2469 3922 2594 3991 quia
2618 3934 2719 3975 nec
2753 3918 2871 3989 ejus
2899 3917 3147 3988 peccavit
3187 3922 3379 3968 natura
3406 3929 3421 3977 ;
3451 3911 3543 3967 sed
3563 3914 3773 3979 peccasse

2246 4015 2300 4068 in
2329 4028 2394 4068 eo
2434 4010 2804 4068 tantummodo
2832 4006 3117 4079 specialem
3166 4013 3223 4060 et
3257 4003 3529 4074 propriam
3565 3998 3773 4053 uniuscu-

2240 4104 2436 4174 jusque
2473 4102 2825 4163 voluntatem,
2872 4098 2998 4168 quia
3025 4107 3081 4153 et
3128 4096 3277 4165 ipse,
3324 4092 3480 4162 juxta
3501 4088 3773 4159 hujusseo-

571 4039 694 4079 esse
730 4020 874 4090 quod
915 4019 1261 4084 bonum‘est,
1308 4014 1651 4090 nee‘malum
1699 4024 1818 4066 esse
1849 4009 1955 4063 nisi
2004 4006 2148 4076 quod

575 4113 776 4166 bonum
799 4114 902 4172 est,
930 4094 1029 4159 nec
1055 4118 1142 4159 res
1169 4103 1345 4173 aliqua
1373 4084 1513 4157 mala
1533 4108 1696 4164 esset,
1718 4099 1760 4153 si
1778 4112 1866 4151 res
1894 4099 2008 4165 ipsa
2026 4109 2149 4163 quae

576 4199 714 4255 mala
749 4207 835 4254 est
881 4205 1071 4251 natura
1117 4209 1221 4249 non
1248 4191 1436 4264 esset.]
1492 4192 1559 4246 Et
1605 4188 1766 4261 paulo
1810 4195 1934 4257 post
1978 4185 2147 4240 dicit:
2247 4208 2389 4258 sum,
2419 4191 2530 4247 sola
2552 4188 2920 4246 tantummodo
2940 4187 3214 4242 νοιιιηιειω
3242 4184 3505 4255 peccavit.

578 4290 886 4346 Cavendum
908 4295 1078 4344 estne
1104 4285 1403 4341 incidamus
1428 4282 1482 4337 in
1510 4282 1653 4336 illam
1680 4277 1998 4335 sententiam
2022 4292 2152 4346 pro-
2319 4282 2387 4337 Et
2410 4281 2640 4336 amr-mat
2660 4280 2802 4349 quod
2827 4280 2872 4333 εὶ
2899 4287 3008 4333 τοτα
3036 4277 3263 4331 homini;
3310 4283 3504 4328 natura
3538 4270 3772 4342 peccasset.

577 4377 965 4453 plteticantubi
990 4377 1219 4447 legitur:
1259 4373 1351 4429 Va:
1380 4374 1459 4427 Itis
1484 4372 1573 4443 qui
1594 4371 1772 4424 dicunt
1796 4368 1932 4439 quod
1962 4368 2152 4422 bonum
2222 4381 2357 4432 ,τοία
2378 4371 2608 4443 profecto
2631 4371 2849 4442 periret.
2891 4367 3049 4423 Num:
3073 4375 3248 4420 autem
3276 4365 3402 4434 quia
3424 4361 3538 4418 sola
3579 4356 3773 4413 voluntas

578 4484 676 4539 est,
704 4471 928 4536 malum,
958 4467 1170 4539 etquod
1214 4463 1413 4520 malum
1445 4472 1543 4529 est,
1566 4462 1793 4526 bonum;
1839 4459 1929 4529 qui
1974 4458 2152 4512 dicunt
2251 4439 2497 4532 peccavit,
2541 4439 2657 4516 δοιά
2700 4459 2880 4514 uiuam
2924 4466 3032 4521 at;
3077 4465 3269 4509 ηαεατα
3306 4451 3476 4507 manu
3516 4439 3772 4521 permansit.

579 4530 813 4622 tenebras
836 4530 1025 4627 lucem,
1044 4530 1117 4615 ἐι
1138 4559 1308 4613 lucem
1359 4556 1625 4617 tenebras,-
1676 4552 1764 4622 qui
1789 4550 1966 4603 dicunt
2003 4547 2155 4602 dulce
2179 4543 2232 4604 D
2252 4530 2395 4623 Quid
2419 4567 2548 4621 ergo
2569 4551 2808 4606 dicemus
2842 4549 2911 4604 ad
2939 4546 3054 4601 haec
3080 4553 3190 4600 tam
3213 4543 3482 4613 exquisita
3505 4548 3556 4595 et
3581 4530 3775 4592 inaudita

581 4671 841 4720 “marum:
889 4661 937 4707 ετ
981 4664 1222 4704 αητανωη
1276 4644 1427 4701 ἀκίδα
1460 4643 1595 4716 (1”-
1627 4620 1823 4713 Vsaol-
1867 4640 1935 4695 Εῑ
1974 4648 2154 4694 tamen
2258 4620 2675 4719 phantasmata?
2713 4640 2816 4696 nisi
2841 4647 2902 4694 ut
2937 4652 3280 4708 'opponamus
3306 4651 3337 4692 e
3360 4630 3623 4690 contrario
3661 4620 3776 4680 tesli'

584 4744 844 4800 Dominus
868 4743 947 4798 ait
973 4759 987 4796 :
1022 4738 1198 4795 Malus
1224 4738 1377 4792 homo
1417 4736 1481 4790 de
1524 4733 1664 4788 malo
1702 4734 1945 4788 thesauro
1984 4731 2155 4786 cordis
2255 4737 2436 4795 monia
2450 4734 2852 4803 Scripturarum
2878 4728 2993 4794 Dei,
3017 4727 3213 4799 quibus
3235 4725 3513 4781 verissime
3538 4725 3780 4788 cognosca-

584 4838 668 4893 sui
705 4835 901 4905 profert
945 4832 1089 4887 mala
1123 4829 1338 4902 (Matth.
1366 4844 1463 4893 xu,
1508 4826 1621 4899 ‘55).
1674 4826 1813 4893 Quid
1850 4833 1933 4879 est
1975 4834 2157 4877 autem
2257 4842 2400 4891 mus,
2424 4833 2480 4880 et
2508 4801 2819 4878 ﬁdelissime
2852 4828 3154 4881 teneamus,
3187 4823 3355 4872 totam
3397 4815 3450 4868 in
3496 4811 3582 4867 illo
3605 4801 3779 4863 homine

587 4899 758 4981 malus
799 4899 973 4989 homo,
1020 4899 1296 4978 nisi-mala
1324 4925 1551 4982 natura,
1603 4917 1728 4987 quia
1770 4916 1929 4971 homo
1969 4921 2158 4967 natura
2257 4926 2506 4974 naturam
2540 4927 2812 4985 peccasse,
2850 4919 3017 4967 totam
3045 4908 3294 4980 periisse,
3339 4915 3504 4961 totam
3553 4900 3614 4956 ad
3639 4899 3778 4966 ροειθ·

589 5017 712 5073 est?
744 5015 933 5080 Porro,
964 5016 1011 5071 si
1052 5016 1215 5070 homo
1242 5011 1457 5082 aliquod
1485 4977 1684 5066 bondm
1709 5017 1792 5065 est
1816 5008 1942 5079 quia
1970 5014 2185 5060 natura
2259 5023 2351 5063 ros
2395 5004 2512 5076 ejus
2537 4977 2758 5074 peccato
2787 5009 2843 5057 et
2867 4977 3168 5070 perditioni
3217 4995 3503 5053 obnoxiam
3548 4977 3777 5045 transiuit.

592 5117 693 5174 est,
746 5108 874 5179 quid
901 5116 985 5162 est
1010 5106 1180 5161 malus
1206 5072 1381 5170 homo,
1426 5103 1528 5159 nisi
1555 5102 1751 5158 malum
1778 5072 2022 5157 bonum?
2059 5097 2161 5152 Ta-
2264 5113 2380 5153 sam
2423 5072 2590 5150 esse:
2647 5093 2788 5149 sicut
2844 5087 3133 5161 Apostolus
3183 5081 3612 5143 manifestissime

594 5156 693 5174 ων
750 5156 874 5179 ςιν-
905 5156 984 5162 νη
1012 5156 1177 5161 --ν-τ-τν
1780 5156 1801 5157 η
2897 5156 2911 5161 -

593 5215 716 5255 men
741 5213 864 5253 cum
893 5197 996 5253 duo
1022 5196 1124 5251 ista
1167 5193 1552 5260 discernimus,
1583 5193 1885 5249 invenimus
1917 5203 2017 5244 nec
2043 5187 2161 5243 ideo
2264 5190 2493 5245 dicens:
2549 5184 2656 5240 Per
2680 5199 2857 5238 unum
2901 5181 3159 5236 hominem
3203 5186 3466 5249 peccatum
3515 5163 3698 5226 intrauit
3736 5156 3777 5207 ἱι

595 5289 795 5344 malum
822 5288 947 5357 quia
968 5286 1128 5341 homo
1151 5295 1252 5349 est,
1282 5299 1381 5339 nec
1398 5284 1515 5340 ideo
1550 5285 1751 5340 bonum
1783 5280 1910 5351 quia
1950 5277 2163 5346 iniquus
2268 5282 2543 5345 mundum,
2572 5286 2619 5332 et
2647 5293 2737 5347 per
2764 5283 3031 5345 peccatum
3057 5287 3224 5336 mors,
3262 5278 3310 5324 et
3336 5269 3410 5323 ita
3439 5266 3491 5320 in
3524 5271 3680 5316 omnes
3709 5255 3778 5302 Μ·

584 5388 699 5435 est.
744 5376 849 5432 Sed
896 5376 1092 5430 bonum
1138 5373 1263 5443 quia
1309 5372 1499 5438 homo,
1532 5371 1729 5428 malum
1760 5368 1884 5437 quia
1927 5364 2159 5434 iniquus.
2268 5369 2429 5424 mines
2457 5344 2777 5438 pertransiit,
2800 5365 2855 5418 in
2887 5379 2989 5433 quo
3010 5375 3183 5415 omnes
3215 5359 3546 5428 peccauerunt
3577 5344 3779 5417 (Bamb

590 5468 853 5538 Quisquis
891 5481 1017 5536 ergo
1039 5434 1197 5530 dicit,
1245 5463 1443 5519 malum
1485 5434 1574 5517 est
1605 5434 1873 5513 hominem
1902 5470 2040 5517 esse,
2072 5461 2165 5507 aut
2272 5454 2384 5525 1‘2).
2416 5434 2534 5508 Non
2564 5451 2679 5505 ait:
2713 5449 2819 5504 Per
2848 5449 3008 5504 unius
3027 5444 3261 5503 hominis
3280 5443 3598 5500 voluntatem
3632 5434 3779 5500 ρεεω·

598 5521 799 5614 bonum
845 5565 929 5613 est
951 5521 1215 5627 "iniquum
1244 5568 1383 5619 esse,
1438 5553 1552 5621 ipse
1592 5546 1860 5603 iucidit‘in
1888 5545 2167 5618 proplteti-
2272 5521 2385 5601 tum
2409 5544 2632 5601 intravit
2676 5544 2730 5597 in
2760 5541 3037 5605 mundum,
3081 5537 3176 5593 sed
3203 5552 3296 5607 per
3333 5547 3490 5588 unum

601 5593 799 5614 ιηηιυ...
845 5593 929 5613 ω.
1093 5593 1215 5611 μυ...
1244 5593 1383 5619 ωσι,
1439 5593 1453 5607 .
1495 5593 1552 5606 σν
1930 5593 2134 5614 .-τ-η--
3024 5593 3037 5605 ,
3203 5593 3215 5607 ,

600 5662 723 5704 eam
754 5648 896 5702 illam
925 5593 1272 5705 senteiutiam:
1311 5643 1404 5697 Va:
1448 5593 1528 5694 liis
1556 5638 1647 5709 qui
1695 5638 1872 5691 dicunt
1890 5593 2049 5706 rquod
2075 5633 2164 5688 bo-
2272 5652 2372 5692 nec
2396 5637 2469 5689 ait
2493 5652 2504 5666 θ
2535 5634 2690 5689 ειίιει
2720 5632 2772 5687 in
2796 5630 3035 5687 omnium
3059 5626 3366 5681 voluntates
3395 5593 3780 5709 pertransiitJIfl‘l

595 5754 728 5791 num
758 5749 827 5793 est
883 5736 1101 5801 nmium,
1135 5746 1183 5791 et
1210 5733 1348 5806 quod
1379 5729 1573 5784 malum
1612 5738 1684 5781 est
1719 5727 1903 5781 bonum
1938 5724 2079 5794 (Isa.
2110 5741 2164 5789 v,
2273 5726 2346 5779 ita
2383 5725 2435 5778 in
2465 5740 2638 5778 omnes
2664 5721 2894 5776 homines
2915 5716 3252 5790 pertransiit;
3301 5726 3401 5768 nec
3422 5698 3701 5775 subjunxit:
3738 5696 3780 5740 ω
