3970 6306
562 338 661 396 211

1546 346 1555 353 ”
1652 336 1856 393 FLOR!
1900 334 2168 393 DlACONI
2205 332 2684 391 LUGDUNENSIS

3691 340 3777 395 212

540 471 624 508 Διιιιι
649 469 766 524 qua!
789 451 929 507 male
953 461 1043 506 aut
1067 453 1278 523 indigne
1300 452 1510 521 appetit,
1542 449 1729 505 habere
1755 466 1859 503 non
1899 450 2124 504 sinamr.
2157 454 2204 512 Λ
2232 461 2352 502 esse
2386 448 2776 517 praecedentem
2809 461 3024 502 causam
3066 462 3172 516 qua
3212 449 3383 504 bonus
3410 449 3630 520 angelus
3658 449 3777 507 ﬁeret

563 540 703 595 Ecce
729 540 941 610 qualem
970 541 1266 596 cruciatum
1298 539 1535 593 futurum
1576 539 1708 594 dicit
1748 540 1902 594 mala:
1946 539 2130 594 volun-

566 630 696 685 tatis
742 629 797 684 in
851 631 1056 701 angelis
1090 639 1146 685 et
1192 629 1497 685 hominibus
1546 629 1742 699 impiis,
1795 630 1847 684 id
1894 639 1976 686 est
2025 645 2132 685 non

543 719 707 790 ignis
728 720 936 785 aeterni,
964 737 1069 776 non
1100 719 1325 790 alicujus
1348 719 1634 774 exterioris
1656 719 1926 789 supplicii,
1948 721 2040 775 sed
2063 736 2132 775 ex

564 821 643 865 eo
662 810 1050 874 tantummodo,
1079 808 1225 878 quia,
1252 809 1394 878 quod
1421 808 1562 864 male
1590 811 1831 878 cupiunt,
1861 824 2133 880 oppressae

566 911 626 960 et
656 904 909 961 coercita:
931 904 1151 974 implere
1181 918 1290 958 non
1321 912 1566 974 possunt.
1595 903 1672 957 Ita
1699 902 1761 957 ﬁt
1787 911 1847 957 ut
1888 918 1993 958 non
2041 917 2133 958 so-

565 1001 678 1057 lum
726 1009 971 1056 naturam
1024 1000 1338 1071 angelorum
1387 997 1472 1053 vel
1532 998 1809 1054 hominum
1869 997 2131 1053 malorum

563 1104 838 1161 nunquam
877 1103 1124 1160 peccare,
1167 1101 1444 1158 nunquam
1472 1087 1798 1156 puniendam
1838 1101 1991 1151 esse;
2039 1084 2135 1141 sed

563 1182 727 1238 etiam
758 1182 927 1251 ipsam
949 1180 1279 1235 voluntatem
1302 1220 1319 1247 ,
1344 1195 1505 1250 quam
1536 1180 1590 1235 in
1630 1181 1710 1235 eis
1736 1195 1961 1250 peccare
2003 1194 2134 1234 con-

564 1272 705 1327 cedit
728 1271 928 1326 nullam
957 1284 1174 1341 poenam
1219 1283 1522 1335 sensuram,
1559 1269 1763 1324 nullum
1807 1269 2128 1339 supplicium

561 1373 844 1430 passuram
870 1373 990 1414 esse
1018 1358 1322 1422 conﬁrmet,
1362 1357 1465 1411 nisi
1507 1357 1667 1427 quale
1704 1365 1761 1413 et
1800 1357 1854 1412 in
1898 1358 2000 1412 hac
2029 1357 2137 1411 vita

560 1463 754 1508 omnes
789 1449 941 1519 pravi
962 1448 1207 1504 homines
1230 1447 1526 1517 patiuntur,
1553 1446 1681 1501 dum
1708 1460 1771 1502 ea
1812 1462 1931 1517 qua:
1974 1461 2139 1517 prave

561 1538 806 1609 cupiunt,
836 1538 923 1594 vel
950 1539 1132 1594 divino
1171 1537 1379 1607 judicio
1403 1536 1726 1604 obsistente,
1755 1538 1842 1593 vel
1870 1537 1975 1593 alia
2000 1553 2135 1608 qua-

526 1664 527 1667 η
560 1630 697 1686 libet
724 1631 1048 1687 necessitate
1095 1638 1342 1702 cogente,
1387 1629 1614 1699 implere
1656 1629 1880 1685 minime
1916 1629 2140 1700 permit-

560 1728 770 1784 tuntur,
800 1720 942 1777 unde
982 1721 1328 1778 manifestum
1364 1730 1449 1778 est
1483 1736 1696 1777 omnem
1726 1735 1980 1792 poenam,
2021 1735 2139 1776 om-

2235 538 2428 593 malus.
2477 538 2612 605 Quia
2657 539 2700 593 si
2742 538 2843 593 hoc
2877 538 3126 603 dicimus,
3159 539 3443 596 manifeste
3479 552 3661 596 contra
3682 545 3778 600 ﬁdei

2234 627 2516 687 veritatem
2558 628 2666 683 duo
2692 628 2954 698 principia
2983 628 3394 696 introducimus,
3448 632 3501 685 id
3550 640 3630 686 est
3670 635 3778 689 sicut

2233 719 2558 788 principium
2588 719 2732 782 boni,
2775 728 2850 774 tta
2887 727 2944 774 et
2979 720 3302 789 principium
3350 722 3501 776 mali.
3563 723 3662 779 Sed
3702 726 3778 782 hoc

2236 809 2396 876 absit,
2418 817 2477 864 ut
2499 810 2754 875 diximus,
2795 811 2920 881 quia
2938 811 3082 865 nulla
3102 822 3187 866 est
3206 813 3424 867 omnino
3447 813 3575 867 mali
3601 825 3780 880 natura,

2236 911 2335 953 nec
2363 897 2547 953 existit
2571 899 3016 965 substantialiter,
3044 908 3105 954 ut
3131 900 3356 969 alicujus
3380 902 3459 956 rei
3491 903 3781 973 principium

2237 1002 2357 1043 esse
2403 988 2605 1058 possit;
2651 990 2747 1045 sed
2789 988 3032 1045 defectus
3070 1004 3101 1043 a
3152 988 3316 1055 bono,
3358 992 3659 1061 appellatur
3693 1009 3782 1045 ma-

2237 1075 2346 1130 lum
2367 1096 2379 1131 :
2397 1079 2538 1132 sicut
2558 1076 2798 1134 defectus
2827 1077 2986 1146 lucis,
3022 1080 3278 1147 tenebrae,
3308 1092 3364 1137 et
3393 1080 3639 1138 defectus
3666 1084 3782 1138 saui-

2241 1167 2386 1232 tatis,
2417 1167 2661 1238 languor.

2307 1255 2413 1310 lste
2436 1257 2599 1326 igitur
2625 1254 2865 1313 defectus
2898 1272 2929 1312 a
2966 1257 3131 1323 bono,
3169 1271 3311 1328 quoa
3357 1259 3658 1331 appellatur
3692 1276 3782 1316 ma-

2239 1347 2373 1411 lum,
2401 1348 2543 1402 unde
2565 1347 2739 1404 factus
2758 1356 2841 1405 est
2863 1350 2916 1403 in
2938 1350 3173 1414 diabolo,
3196 1351 3289 1421 qui
3310 1352 3524 1420 primus
3546 1354 3786 1421 peccavit?

2239 1437 2318 1492 Ex
2344 1438 2454 1493 Deo
2482 1453 2586 1492 non
2612 1447 2696 1494 est
2724 1438 2898 1494 factus
2925 1478 2941 1505 ,
2969 1439 3097 1509 quia
3137 1440 3281 1495 Deus
3312 1450 3507 1496 auctor
3545 1442 3664 1496 mali
3704 1459 3786 1498 non

2240 1534 2325 1581 est
2354 1543 2369 1592 ;
2408 1540 2474 1580 ex
2508 1526 2689 1597 aliqua
2718 1526 2846 1581 mali
2869 1528 3175 1584 substantia
3206 1545 3312 1584 non
3346 1537 3431 1585 est
3460 1529 3654 1596 factus,
3690 1533 3787 1600 quia

2241 1617 2387 1673 nulla
2422 1618 2548 1673 mali
2578 1620 2881 1675 substantia
2911 1627 3013 1675 est.
3059 1619 3117 1675 Si
3158 1630 3340 1676 autem
3373 1623 3499 1692 quis
3526 1623 3666 1677 dicat
3690 1639 3787 1693 pro-

2240 1710 2361 1781 pria
2399 1710 2568 1778 ipsius
2596 1711 2869 1767 voluntate
2902 1712 3007 1767 hoc
3041 1711 3243 1768 factum
3291 1726 3435 1778 esse,
3474 1722 3541 1767 ut
3574 1728 3636 1767 ex
3676 1714 3788 1767 hono

564 1826 691 1866 nem
718 1811 1035 1875 cruciatum,
1069 1826 1229 1867 omne
1254 1819 1582 1867 tormentum
1607 1811 1802 1866 futura:
1829 1811 2136 1867 damnatio-

2244 1798 2397 1855 ﬁeret
2437 1800 2631 1866 malus,
2679 1801 3023 1870 quaerendum
3070 1809 3155 1856 est
3192 1809 3374 1857 utrum
3409 1801 3500 1857 illa
3554 1802 3786 1864 voluntas,

564 1898 669 1961 nis,
701 1899 843 1967 quod
865 1900 1204 1969 omnipotens
1233 1899 1375 1955 Deus
1416 1909 1525 1955 tam
1577 1900 1888 1971 frequenter
1928 1910 1983 1957 et
2031 1911 2139 1957 tam

567 1987 883 2044 terribiliter
905 1988 1293 2054 comminatur,
1337 2004 1458 2044 eum
1488 1990 1704 2060 penitus
1728 1989 1999 2060 denegare
2024 2006 2040 2056 ;
2082 1999 2138 2046 et

563 2079 706 2141 ideo,
741 2087 997 2149 tanquam
1023 2079 1146 2134 ﬁdei
1194 2088 1391 2135 nostrae
1433 2082 1762 2136 contrarium
1795 2090 1850 2138 et
1894 2082 2139 2139 veritatis

563 2170 869 2235 inimicum,
898 2169 1085 2239 procul
1110 2171 1178 2227 ab
1201 2172 1441 2239 auribus,
1467 2172 1653 2242 procul
1680 2188 1710 2227 a
1732 2174 1984 2231 cordibus
2006 2173 2139 2230 ﬁde-

568 2260 702 2315 lium
731 2259 1121 2330 repellendum.

648 2352 732 2407 li.
772 2349 869 2406 llis
899 2352 1064 2408 tantis
1107 2360 1163 2418 et
1208 2359 1403 2406 tauous
1447 2352 1721 2424 subiungit
1759 2353 2137 2409 brevissimam

566 2441 957 2505 deﬁnitionem,
984 2451 1062 2498 'et
1107 2441 1277 2497 dicit:
1312 2441 1398 2496 Ea:
1423 2443 1567 2499 nullo
1598 2444 1730 2499 bona
1766 2444 1964 2499 malum
2006 2462 2136 2500 esse.

568 2530 723 2599 Quod
747 2539 805 2586 ut
829 2531 1114 2602 vigilanter
1141 2531 1441 2603 intelligere
1470 2537 1758 2603 possimus,
1791 2534 1919 2589 illud
1949 2535 2137 2606 impri-

567 2622 675 2679 mis
698 2623 1144 2679 considerandum
1174 2631 1275 2688 est,
1302 2624 1427 2694 quia
1467 2634 1647 2694 potest
1686 2626 1902 2697 aliquod
1940 2628 2139 2683 bonum

565 2726 688 2768 esse
718 2710 918 2767 malum
945 2730 958 2767 :
990 2712 1131 2769 sicut
1156 2713 1271 2782 ipsa
1308 2722 1500 2770 natura
1524 2715 1763 2786 angelica
1797 2717 1877 2772 vel
1903 2717 2138 2773 humana

568 2804 757 2874 utique
786 2804 841 2859 in
867 2819 967 2861 suo
1010 2805 1170 2861 modo
1201 2814 1258 2860 et
1304 2806 1357 2861 in
1403 2821 1502 2863 suo
1529 2823 1728 2878 genere
1758 2808 1957 2864 bonum
2009 2818 2093 2864 est
2120 2825 2136 2863 :

574 2895 670 2951 sed
694 2895 796 2951 hoc
826 2904 1030 2951 natura:
1053 2896 1250 2977 bonum
1276 2905 1456 2967 potest
1484 2898 1619 2954 vitio
1659 2899 1777 2954 ﬁeri
1826 2899 2051 2965 malum,
2082 2906 2141 2954 ut

569 2985 701 3041 etin
732 2994 999 3056 quantum
1025 2996 1217 3041 natura
1261 2996 1362 3053 est,
1401 2987 1603 3043 bonum
1632 3005 1752 3046 esse
1797 2999 2134 3059 permaneat,

568 3083 628 3132 et
667 3075 722 3130 in
769 3084 1028 3146 quantum
1054 3077 1301 3131 vitiatum
1330 3087 1440 3143 est,
1484 3079 1684 3134 malum
1720 3094 1842 3135 esse
1881 3080 2133 3151 incipiat;

2243 1908 2365 1964 qua:
2384 1893 2487 1949 hoc
2516 1894 2568 1949 in
2607 1893 2699 1949 illo
2725 1894 2875 1960 fecit,
2906 1895 3044 1950 bona
3074 1894 3259 1962 fuerit,
3289 1911 3359 1951 an
3385 1898 3551 1951 mala.
3581 1896 3634 1953 Si
3658 1899 3787 1963 bona,

2242 1985 2510 2053 quomodo
2546 1986 2686 2042 bona
2713 1986 2961 2040 voluntas
2981 2001 3141 2041 causa
3165 2002 3287 2042 esse
3313 1989 3493 2058 potuit
3533 1988 3680 2043 mala:
3717 2002 3788 2041 vo-

2243 2072 2510 2131 luntatis?
2558 2076 2641 2131 sin
2684 2083 2865 2131 autem
2914 2076 3054 2130 mala
3087 2076 3331 2133 voluntas
3358 2080 3466 2134 hoc
3493 2079 3549 2134 in
3582 2080 3664 2135 illo
3692 2079 3789 2134 fecit

2241 2176 2304 2222 ut
2330 2183 2396 2223 ex
2430 2169 2572 2222 bono
2610 2168 2765 2223 ﬁeret
2801 2162 3013 2231 malus,
3037 2168 3206 2237 ipsam
3240 2185 3438 2225 malam
3473 2170 3786 2232 voluntatem,

2241 2273 2347 2329 qua
2380 2259 2481 2315 hoc
2508 2258 2711 2314 factum
2737 2266 2843 2326 est,
2870 2259 2992 2329 quis
3026 2259 3195 2315 fecit?
3233 2260 3386 2328 Quod
3425 2278 3553 2317 cum
3593 2261 3787 2318 inveniri

2241 2350 2544 2406 nullatenus
2567 2353 2756 2422 possit,
2795 2367 2921 2408 vere
2953 2353 3316 2409 conﬁtendum
3346 2366 3432 2410 est
3462 2356 3656 2410 nullam
3682 2371 3787 2424 pne-

2238 2446 2470 2502 eessisse
2516 2452 2734 2503 causam
2774 2446 3090 2504 efﬁcientem
3139 2449 3280 2505 illius
3322 2450 3619 2506 voluntatis
3664 2449 3787 2504 male

2240 2550 2344 2605 qua
2367 2536 2538 2592 bonus
2567 2537 2787 2608 angelus
2809 2539 2982 2593 factus
3007 2545 3092 2594 est
3114 2538 3286 2595 malus
3316 2557 3332 2606 ;
3363 2541 3460 2595 sed
3492 2541 3665 2610 potius
3683 2555 3785 2593 eau-

2239 2639 2355 2680 sam
2380 2640 2502 2682 esse
2547 2627 2913 2693 deﬁcientem,
2958 2628 3359 2698 quiadefectus
3388 2645 3419 2683 a
3460 2631 3623 2695 bono,
3651 2638 3703 2682 ut
3720 2628 3784 2682 di-

2240 2722 2397 2771 ctum
2417 2728 2522 2784 est,
2553 2717 2853 2789 appellatur
2878 2718 3110 2773 malum:
3136 2719 3388 2775 similiter
3417 2729 3475 2775 et
3517 2720 3570 2775 in
3606 2720 3786 2775 homine

2188 2850 2203 2862 .
2238 2816 2517 2878 peccante,
2562 2817 2623 2863 ut
2668 2823 2737 2864 ex
2772 2809 2917 2865 bono
2962 2808 3118 2864 ﬁeret
3153 2811 3346 2877 malus,
3372 2826 3483 2867 nec
3507 2811 3602 2866 Dei
3630 2811 3781 2879 utique

2238 2897 2485 2953 voluntas
2514 2912 2677 2955 causa
2727 2912 2847 2955 esse
2893 2900 3068 2969 potuit
3106 2914 3205 2956 nec
3241 2909 3435 2955 natura
3463 2902 3625 2965 mali,
3655 2915 3783 2970 quam

2237 2988 2439 3044 nullam
2500 3004 2620 3046 esse
2666 2998 2925 3056 constat;
2991 3006 3091 3047 nec
3152 2990 3293 3046 bona
3348 2993 3600 3048 voluntas
3650 2992 3785 3062 ipsius

2237 3080 2501 3147 hominis,
2550 3096 2669 3151 qua:
2720 3080 2847 3136 mali
2905 3096 3067 3138 causa
3127 3097 3246 3137 esse
3309 3098 3414 3138 non
3465 3085 3665 3154 potuit;
3708 3097 3785 3136 nec

570 3172 735 3234 atque
764 3144 838 3220 ita
866 3166 1064 3221 bonum
1095 3166 1295 3221 malum
1317 3182 1437 3223 esse
1465 3181 1569 3223 non
1608 3168 1915 3236 dubitetur;
1946 3144 2011 3224 υἱ
2039 3186 2135 3226 au-
2165 3175 2211 3236 C
2230 3144 2384 3225 mala
2411 3144 2528 3239 ejus
2550 3144 2822 3237 voluntas,
2846 3171 2998 3241 cujus
3027 3180 3216 3228 auctor
3244 3172 3289 3229 si
3318 3144 3619 3243 quaeratur,
3640 3144 3785 3228 nullus

569 3265 684 3309 tem
712 3254 819 3311 hoc
863 3254 976 3322 ﬁat,
1005 3256 1057 3311 id
1096 3264 1200 3322 est,
1247 3256 1444 3312 bonum
1482 3256 1680 3312 malum
1729 3274 1851 3315 esse
1898 3259 2139 3329 incipiat,

570 3342 772 3400 nullam
800 3345 961 3401 habet
986 3346 1377 3416 praecedentem
1408 3362 1647 3414 causam,
1688 3349 1831 3405 unde
1858 3349 1962 3404 hoc
1998 3349 2142 3404 velut

579 3442 975 3505 consequenter
1018 3434 1133 3490 ﬁat.
1183 3433 1317 3490 Nam
1363 3436 1456 3501 si,
1498 3436 1649 3492 verbi
1686 3437 1896 3507 gratia,
1937 3452 2145 3506 quaera-

577 3532 670 3581 tur
689 3541 809 3595 qua:
845 3541 1008 3583 causa
1029 3527 1100 3582 sit
1124 3536 1183 3581 ut
1224 3527 1314 3582 illa
1343 3527 1426 3583 vel
1456 3527 1549 3583 illa
1576 3538 1768 3584 natura
1815 3529 1885 3584 sit
1932 3530 2144 3599 aliquod

574 3617 813 3683 bonum,
865 3617 1137 3674 invenitur
1173 3619 1358 3688 utique
1401 3634 1671 3675 summum
1717 3618 1918 3675 bonum
1980 3619 2146 3676 Deum

571 3720 714 3773 esse,
744 3716 799 3764 et
844 3709 913 3765 ab
953 3710 1073 3780 ipso
1118 3724 1328 3765 summo
1373 3709 1513 3766 bono
1554 3726 1716 3767 omne
1748 3711 1948 3779 bonum
1994 3729 2143 3778 esse;

580 3800 628 3857 si
679 3807 953 3868 qu:eratur
990 3801 1131 3857 unde
1174 3801 1264 3858 ille
1310 3802 1406 3856 vel'
1444 3802 1533 3859 ille
1580 3805 1796 3874 sapiens
1851 3805 1923 3861 sit
1963 3813 2020 3860 et
2055 3805 2145 3876 ju-

578 3900 739 3957 stus,
813 3891 1085 3947 invenitur
1144 3893 1394 3949 similiter
1451 3909 1722 3950 summam
1778 3896 2144 3967 sapientiam,

577 3993 847 4033 summam
897 3979 1160 4049 justitiam
1223 3981 1392 4037 Deum
1449 3996 1614 4049 esse;
1676 3992 1732 4039 et
1793 3984 1914 4040 ideo
1973 3985 2149 4056 ipsum

575 4082 696 4123 esse
735 4083 1000 4123 summam
1041 4078 1097 4127 et
1124 4072 1480 4128 certissimam
1520 4088 1737 4129 causam
1786 4075 1929 4131 unde
1975 4076 2151 4131 omnis

579 4155 671 4224 qui
723 4171 852 4211 vere
896 4166 978 4212 est
1022 4159 1237 4228 sapiens
1277 4161 1349 4215 sit
1396 4162 1645 4232 sapiens,
1690 4170 1746 4219 et
1789 4165 1930 4220 unde
1975 4164 2152 4221 omnis

577 4244 671 4314 qui
701 4260 827 4301 vere
871 4255 954 4302 est
987 4248 1169 4319 justus
1206 4249 1277 4304 sit
1317 4248 1511 4319 justus.
1563 4252 1631 4309 Ut
1673 4268 1801 4324 ergo
1845 4255 1917 4309 sit
1960 4254 2152 4325 aliquis

580 4335 779 4403 bonus,
806 4338 1041 4407 sapiens,
1064 4339 1264 4411 justus,
1293 4350 1374 4395 est
1401 4357 1564 4398 causa
1593 4330 1903 4413 praecedens
1949 4355 2002 4402 et
2040 4345 2152 4402 elli-

577 4424 729 4481 eiens
773 4427 887 4495 ipsa
931 4443 1140 4483 summa
1183 4430 1478 4499 sapientia,
1523 4447 1731 4488 summa
1759 4433 1990 4504 iustitia.
2046 4436 2152 4493 Sed

2244 3262 2473 3317 inveniri
2512 3271 2709 3333 potest.
2762 3262 2819 3318 Si
2850 3263 2994 3319 enim
3021 3263 3249 3328 dicatur,
3276 3266 3420 3334 quod
3453 3265 3595 3320 mala
3621 3262 3782 3320 diaboli

2243 3351 2490 3407 voluntas
2529 3350 2721 3408 fecerit
2767 3353 2999 3408 hominis
3038 3353 3367 3409 voluntatem
3415 3355 3635 3419 malam,
3676 3354 3786 3408 siem

2244 3441 2419 3512 potuit
2456 3443 2800 3511 acquiescere
2841 3443 2981 3498 male
3020 3443 3301 3510 suadenti,
3336 3446 3407 3499 ita
3439 3447 3615 3515 potuit
3636 3458 3685 3499 et
3704 3457 3785 3496 non

2246 3531 2610 3600 acquiescere.
2663 3532 2796 3588 Cum
2823 3547 2951 3602 ergo
2982 3541 3126 3588 esset
3150 3540 3440 3602 utrumque
3471 3535 3528 3589 in
3550 3549 3640 3588 sua
3660 3540 3783 3602 pote-

2245 3630 2403 3687 state,
2434 3636 2592 3677 nemo
2612 3637 2735 3678 eum
2760 3622 2999 3693 impulit,
3048 3638 3207 3678 nemo
3248 3637 3372 3678 eum
3417 3623 3617 3694 coegit,
3660 3632 3785 3674 nemo

2246 3711 2410 3767 etiam
2466 3711 2738 3768 suadendo
2780 3711 3070 3782 praevalere
3108 3712 3310 3782 potuit,
3364 3712 3470 3768 nisi
3509 3712 3631 3782 quia
3674 3710 3787 3763 intus

2240 3801 2388 3872 apud
2420 3816 2479 3856 se
2526 3800 2830 3856 voluntario
2874 3801 3085 3857 defectu
3125 3802 3324 3873 lapsus,
3376 3818 3407 3857 a
3453 3804 3597 3858 bono
3638 3800 3780 3855 factus

2248 3900 2331 3947 est
2352 3892 2542 3948 malus.
2571 3892 2683 3949 Hoc
2709 3893 2871 3948 etiam
2890 3901 2945 3948 et
2969 3893 3021 3947 in
3046 3896 3255 3951 caeteris
3275 3894 3586 3950 hominibus
3612 3892 3784 3961 agitur;

2248 3983 2391 4037 unde
2416 3982 2754 4039 manifestum
2790 3992 2872 4039 est
2899 3983 3072 4053 ipsum
3097 3985 3326 4049 bonum,
3366 3983 3416 4039 id
3455 3992 3540 4039 est
3576 3992 3786 4038 naturam

2248 4070 2443 4127 bonam
2468 4086 2532 4127 ex
2557 4073 2667 4128 Deo
2686 4088 2836 4139 esse;
2880 4081 2940 4128 ut
2974 4081 3153 4128 autem
3191 4073 3333 4129 istud
3377 4082 3587 4128 natura:
3621 4072 3786 4126 bonum

2251 4159 2509 4217 efﬁciatur
2546 4162 2681 4217 vitio
2711 4162 2932 4228 malum,
2970 4178 3036 4219 ex
3074 4162 3219 4217 nullo
3262 4177 3401 4228 esse,
3449 4163 3578 4233 quia
3618 4157 3785 4214 nullum

2252 4250 2415 4309 habet
2444 4261 2719 4308 auctorem
2748 4252 3086 4318 efﬁcientem,
3114 4254 3209 4308 sed
3244 4269 3426 4310 casum
3461 4252 3783 4308 deﬁcientem.

2321 4339 2435 4396 Hoc
2474 4355 2603 4411 ergo
2645 4349 2815 4395 totum
2860 4350 3006 4397 recte
3047 4341 3113 4397 de
3155 4342 3402 4397 rationali
3438 4341 3673 4413 angelica
3699 4336 3785 4391 sive

2251 4431 2485 4485 humana
2510 4438 2705 4484 natura
2727 4429 2973 4497 sentitur,
3000 4439 3056 4486 et
3077 4431 3302 4496 dicitur;
3326 4440 3387 4486 ut
3411 4431 3463 4485 in
3491 4446 3570 4486 eis
3589 4446 3649 4483 ex
3671 4424 3785 4481 nullo

577 4516 821 4587 nunquid
854 4519 1043 4573 eodem
1072 4518 1230 4573 modo
1257 4519 1437 4574 dicere
1462 4534 1780 4588 possumus,
1809 4523 1855 4578 si
1879 4532 2149 4593 quaeratur
2174 4525 2227 4585 D
2252 4531 2470 4577 auctore
2500 4520 2672 4592 ipsum
2712 4528 2918 4576 natura:
2962 4521 3160 4577 bonum
3199 4521 3397 4577 malum
3425 4521 3564 4586 ﬁeri,
3594 4522 3671 4572 vel
3699 4529 3787 4569 ma-

580 4622 613 4662 a
642 4608 798 4663 nobis
820 4609 960 4664 unde
978 4611 1177 4665 bonum
1205 4610 1403 4665 malum
1426 4627 1544 4667 esse
1572 4612 1823 4683 incipiat,
1850 4623 1909 4669 ut
1934 4630 2152 4685 respon-

579 4696 807 4753 deamus
832 4698 1047 4769 aliquod
1086 4716 1353 4756 summum
1392 4703 1588 4758 malum
1615 4720 1735 4761 esse
1762 4715 1914 4761 extra
1936 4721 2150 4762 omnem

580 4797 827 4844 naturam
860 4792 1155 4862 angelicam
1181 4793 1267 4848 vel
1296 4795 1606 4861 humanam,
1632 4805 1688 4851 et
1715 4813 1777 4852 ex
1804 4798 1919 4867 ipso
1943 4813 2152 4853 summo

582 4877 726 4932 malo
753 4879 867 4933 ﬁeri
894 4882 1149 4952 quidquid
1178 4884 1228 4937 in
1260 4884 1389 4954 ipsis
1422 4888 1686 4942 creaturis
1719 4897 1801 4943 est
1833 4889 2063 4954 malum;
2094 4896 2154 4943 ut

585 4967 807 5037 angelus
848 4969 1020 5025 malus
1053 4980 1108 5025 et
1142 4972 1301 5027 homo
1347 4974 1520 5030 malus
1563 4976 1714 5045 quasi
1759 4976 1884 5031 inde
1921 4976 2155 5031 habeant

586 5073 805 5115 causam
830 5063 1214 5129 prmeedentem
1242 5073 1297 5119 et
1316 5065 1628 5121 efﬁcientem
1658 5067 1873 5121 malitiae
1893 5083 2022 5130 suae,
2048 5081 2151 5136 qua

586 5167 655 5209 ex
678 5152 820 5208 bono
844 5153 970 5208 mali
1003 5154 1323 5210 elﬁciuutur.
1372 5156 1504 5212 Nam
1545 5152 1733 5213 etiam“
1757 5158 1976 5229 angelus
2016 5158 2155 5213 sicut

587 5252 645 5298 et
687 5244 847 5298 homo
883 5244 1064 5313 utique
1110 5245 1281 5303 bonus
1318 5246 1439 5314 fuit,
1486 5257 1543 5303 et
1582 5247 1756 5303 malus
1803 5262 1922 5304 esse
1971 5249 2150 5318 erepit.

588 5328 744 5389 Unde
767 5348 896 5405 ergo
924 5334 1110 5390 habuit
1146 5352 1358 5392 causam
1400 5338 1810 5409 praecedentem,
1854 5353 1958 5407 qua
2004 5337 2159 5393 ﬁeret

588 5424 782 5480 malus.
832 5425 1077 5499 Nunquid
1100 5429 1239 5486 Deus
1270 5432 1444 5487 bonus
1479 5432 1651 5501 potuit
1694 5448 1814 5489 esse
1853 5447 2014 5488 causa
2053 5448 2157 5501 qua

590 5515 810 5571 effectus
830 5518 901 5572 sit
924 5513 1145 5590 angelus
1173 5521 1385 5577 malus?
1426 5521 1568 5576 absit
1598 5542 1610 5576 :
1637 5524 1762 5592 quia
1815 5537 2022 5577 summe
2058 5522 2155 5576 bo-

595 5625 696 5663 nus
722 5609 844 5663 mali
868 5626 1028 5666 causa
1070 5627 1192 5666 esse
1238 5628 1340 5665 non
1379 5613 1592 5680 potuit:
1620 5614 1865 5669 similiter
1913 5614 2055 5668 absit
2101 5621 2159 5667 ut

591 5700 830 5756 dicamus
869 5718 987 5758 esse
1025 5702 1235 5774 aliquod
1285 5717 1552 5755 summum
1597 5704 1792 5757 malum
1822 5746 1834 5768 ,
1886 5713 1939 5758 et
1985 5705 2155 5774 ipsum

2257 4611 2368 4666 lum
2400 4626 2520 4668 esse
2557 4611 2905 4683 intelligatur.
2955 4610 3112 4678 Quia,
3151 4620 3211 4666 ut
3252 4612 3445 4681 saepius
3490 4612 3680 4666 dictum
3702 4611 3784 4667 est.

2257 4703 2457 4759 malum
2482 4704 2623 4760 istud
2648 4703 2926 4759 rationalis
2953 4713 3215 4758 creatura:
3243 4719 3344 4758 nec
3367 4719 3435 4759 ex
3460 4703 3584 4763 Deo,
3620 4714 3708 4754 nec
3734 4708 3784 4749 ex

2257 4793 2383 4847 mali
2429 4793 2606 4863 aliquo
2649 4804 2867 4848 auctore
2903 4794 2996 4848 sed
3024 4808 3088 4848 ex
3131 4793 3351 4863 proprio
3382 4792 3590 4848 defectu
3620 4805 3648 4843 a
3675 4788 3785 4840 bono

2255 4900 2374 4939 esse
2401 4886 2584 4955 empit.
2638 4884 2743 4941 Sed
2770 4886 2892 4950 iste,
2922 4885 3012 4955 qui
3036 4900 3138 4940 nec
3160 4885 3474 4956 angelicam,
3504 4882 3784 4939 nee’huma-

2258 4990 2381 5029 nam
2413 4984 2659 5030 naturam
2688 4975 2883 5030 asserit.
2915 4990 3163 5046 peccare,
3191 4975 3285 5030 sed
3313 4975 3482 5032 solam
3522 4974 3677 5045 ipsius
3711 4982 3785 5023 na-

2259 5072 2391 5117 tura:
2420 5063 2785 5128 voluntatem,
2830 5061 2950 5118 ideo
2986 5062 3147 5117 talem
3178 5061 3542 5117 deﬁnitionem
3582 5056 3785 5128 posuisse

2258 5153 2470 5208 videtur
2493 5193 2509 5218 ,
2540 5161 2598 5207 ut
2631 5153 2709 5208 sic
2736 5153 2865 5208 velit
2893 5153 3175 5208 ostendere
3204 5152 3378 5222 ipsum
3403 5150 3679 5207 voluntatis
3713 5145 3785 5198 bo.

2259 5261 2407 5310 num,
2439 5244 2637 5299 malum
2668 5246 2803 5311 ﬁeri,
2833 5244 2917 5299 vel
2946 5244 3142 5299 malum
3170 5259 3320 5309 esse;
3346 5254 3405 5297 ut
3430 5253 3604 5298 tamen
3645 5238 3784 5307 ipsam

2262 5345 2512 5392 naturam
2555 5336 2807 5392 defendat
2848 5336 2917 5390 ab
2958 5336 3060 5391 hoc
3096 5334 3237 5390 malo
3276 5334 3501 5390 alienam
3546 5345 3674 5387 esse.
3725 5321 3783 5377 Εο

2261 5428 2404 5497 quod
2428 5428 2795 5497 non'potuerit
2839 5435 3027 5481 auctor
3054 5441 3174 5481 esse
3217 5424 3345 5481 mali
3386 5440 3495 5481 sua:
3538 5411 3780 5477 voluntati.

2262 5533 2381 5589 qua!
2402 5535 2469 5575 ex
2498 5519 2638 5574 bono
2669 5519 2722 5573 in
2753 5518 2951 5573 malum
2979 5526 3181 5574 mutata
3217 5526 3301 5573 est
3333 5536 3346 5572 :
3376 5519 3498 5589 quia
3526 5516 3721 5571 bonum,
3740 5508 3784 5557 ιιι

2263 5608 2482 5678 incipiat
2528 5625 2646 5664 esse
2694 5609 2913 5674 malum,
2951 5624 3016 5663 ex
3052 5609 3198 5664 nullo
3239 5617 3336 5665 est.
3398 5609 3476 5665 Ex
3532 5603 3667 5660 nullo
3706 5610 3780 5650 all-

2268 5709 2415 5756 ctorc
2455 5702 2615 5758 habet
2665 5719 2879 5759 causam
2922 5703 3270 5770 efﬁcientem;
3320 5704 3414 5760 sed
3459 5701 3628 5774 potius
3668 5688 3781 5751 dcte
