3970 6306
1194 348 1394 404 LIBER
1427 346 1792 403 ADVERSUS
1825 345 2137 402 JOANNEM
2178 343 2473 402 SCOTUM.

3353 350 3458 408 2M

211 483 366 529 ctum
406 486 437 529 a
490 472 671 535 bono,
720 467 823 522 hoc
879 465 952 521 ibi
1006 464 1204 518 malum
1254 478 1375 519 esse
1414 481 1426 516 :
1469 472 1528 516 ut
1563 463 1665 517 hoc
1706 460 1789 514 in-
1820 464 1866 520 Α
1895 457 1989 511 sed
2018 457 2101 510 vel
2133 457 2184 509 in
2215 457 2431 511 sudario
2459 455 2586 510 illud
2621 456 2835 528 ligavit,
2868 461 2950 512 vel
2976 462 3029 511 in
3056 470 3200 513 terra
3228 462 3459 531 abscon-
3524 488 3529 491 Α

214 562 492 632 telligatnr
531 561 686 631 juxta
733 556 849 625 ejus
888 570 1104 610 sensum
1162 554 1215 607 in
1257 569 1353 618 eo,
1401 553 1542 623 quod
1589 552 1789 605 dictum

213 660 347 715 est,
396 664 461 704 ex
507 648 650 701 nullo
698 646 829 700 bono
854 642 1050 697 malum
1097 658 1205 696 esse
1233 682 1249 706 ,
1285 642 1411 711 quia
1463 641 1545 695 vel
1588 638 1788 709 angeli-

216 755 334 805 ce,
373 739 458 793 vel
501 739 751 794 humana
804 733 1094 788 voluntatis
1142 734 1369 796 bonum,
1410 739 1468 785 ut
1501 738 1646 785 esset
1681 744 1793 782 ma-

216 829 355 893 lum,
387 844 495 884 non
521 828 624 883 fuit
643 834 833 881 auctor
854 839 1038 880 eorum
1064 830 1251 876 natura
1279 839 1292 875 :
1316 829 1370 876 et
1398 820 1516 875 ideo
1539 819 1793 873 remansit

219 922 481 979 immunis
509 936 540 974 a
577 919 753 989 culpa.
787 916 923 983 Quia
964 914 1234 978 videlicet,
1266 922 1326 967 ut
1365 910 1660 966 voluntatis
1677 909 1793 980 ejus

218 1014 429 1069 bonum
448 1010 709 1081 inciperet
732 1023 852 1063 esse
883 1006 1103 1069 malum,
1128 1021 1193 1061 ex
1224 1003 1371 1059 nullo
1393 1001 1592 1056 factum
1614 1009 1717 1066 est,
1739 1006 1796 1054 et

218 1102 353 1160 ideo
380 1117 479 1158 nec
508 1116 575 1156 ex
604 1101 740 1170 ipsa.
784 1096 950 1166 Hujus
974 1106 1153 1150 autem
1180 1091 1686 1148 fraudulentissima
1707 1104 1794 1143 ar-

218 1191 648 1265 gumentationis
674 1186 1009 1243 occasionem
1030 1199 1099 1240 ex
1122 1183 1300 1239 verbis
1328 1182 1496 1238 sancti
1512 1179 1794 1249 Augustini

217 1285 433 1356 accepit
461 1285 513 1339 in
540 1283 691 1338 libris
717 1282 784 1337 de
807 1280 1035 1337 Civitate
1060 1277 1176 1333 Dei.
1216 1276 1284 1332 Et
1308 1275 1449 1345 quod
1471 1274 1560 1329 ille
1579 1273 1647 1327 ad
1669 1272 1795 1327 adi-

218 1376 533 1438 ﬁcationem
559 1374 682 1429 ﬁdei
702 1380 757 1427 et
781 1369 1194 1428 destructionem
1214 1367 1607 1426 bareticorum,
1626 1362 1795 1417 maxi-

218 1482 317 1523 me
344 1466 781 1528 Manichaeorum,
818 1460 1106 1517 salubriter
1130 1458 1441 1529 disputavit,
1472 1457 1574 1511 iste
1606 1454 1797 1509 callide

217 1558 300 1613 ad
326 1556 774 1627 impugnationem
802 1552 969 1623 ipsius
998 1550 1119 1605 ﬁdei
1149 1548 1432 1612 convertit,
1460 1553 1514 1602 et
1539 1548 1590 1601 in
1617 1544 1793 1599 omni-

219 1648 334 1703 bus
360 1662 521 1717 quam
551 1646 785 1701 maxime
820 1644 892 1698 ita
932 1642 1045 1713 agit
1080 1648 1142 1697 ut.
1179 1657 1242 1697 ex
1284 1638 1646 1695 subtilissimis
1682 1635 1798 1705 ejus

218 1741 402 1795 sancti
430 1738 608 1794 Patris
632 1736 1106 1806 disputationibus,
1131 1734 1273 1805 quod
1300 1733 1387 1787 ille
1411 1732 1545 1787 dixit
1577 1731 1643 1785 ad
1669 1744 1797 1784 eon-

1894 547 1990 609 dit,
2021 546 2070 599 id
2102 554 2184 601 est
2204 547 2429 601 delicate
2470 548 2713 612 vivendo,
2742 559 2797 603 et
2829 551 3057 619 terrenis
3086 550 3239 605 euris
3270 565 3329 605 se
3357 551 3461 607 im-

1892 636 2183 707 mergendo
2214 637 2601 693 infructuosum
2629 639 2861 694 reddidit
2889 656 2903 694 :
2935 640 3171 709 quando,
3201 640 3421 710 inquam
3440 681 3456 706 ,

1894 725 1984 780 ille
2021 727 2224 781 inutilis
2260 741 2446 782 servus
2475 728 2939 795 condemnabitur,
2972 731 3111 785 sicut
3136 731 3250 801 ipsa
3280 730 3455 784 Evan-

1892 818 2058 890 gelica
2084 818 2286 874 veritas
2320 818 2656 884 manifestat,
2693 820 2925 890 primum
2957 822 3167 877 dicetur
3201 839 3215 874 :
3248 822 3462 890 Auferte

1892 908 1958 962 ab
1999 925 2060 962 eo
2096 908 2555 981 talentum(Ibid.,
2579 910 2704 981 28);
2732 920 2787 965 et
2808 918 2935 966 tunc
2973 909 3362 982 subjungetur:
3392 912 3459 967 Et

1892 998 2126 1053 inutilem
2148 1015 2352 1053 servum
2376 999 2613 1070 projicite
2633 1003 2688 1055 in
2730 1002 2964 1056 tenebras
3003 1003 3283 1057 exteriores
3309 1019 3330 1058 :
3350 1002 3461 1058 illic

1894 1090 1993 1144 erit
2005 1091 2157 1159 ﬂetus
2176 1100 2224 1145 et
2244 1091 2440 1145 stridor
2459 1091 2690 1145 dentium
2704 1092 3010 1165 (Ibid.,30).
3028 1094 3180 1151 Unde
3194 1093 3338 1149 nulla
3353 1106 3467 1165 pte-

1894 1197 1963 1236 na
1979 1182 2119 1237 ﬁdeli
2150 1183 2352 1239 homini
2372 1182 2711 1241 formidanda
2741 1188 2978 1243 estsicut
2995 1188 3106 1255 illa,
3122 1189 3174 1244 id
3190 1197 3272 1244 est
3294 1190 3347 1244 in
3374 1187 3463 1244 illa

1895 1272 2236 1333 damnatione
2262 1278 2477 1347 spoliari
2504 1278 2702 1337 lumine
2729 1281 3089 1353 intelligentia
3118 1282 3235 1349 Dei,
3265 1290 3319 1338 et
3341 1296 3467 1353 pro-

1889 1359 1985 1431 jici
2012 1363 2065 1418 in
2090 1367 2340 1421 tenebras
2360 1367 2678 1435 exteriores,
2706 1369 2804 1424 ubi
2824 1378 3028 1424 aterna
3048 1370 3290 1425 caeitate
3316 1369 3469 1425 dam-

1896 1454 2038 1509 natis
2065 1455 2209 1510 nulla
2235 1456 2338 1511 erit
2361 1456 2701 1525 illuminatio,
2742 1459 2885 1514 nulla
2915 1459 3297 1531 contemplatio
3321 1460 3469 1515 veri-

1897 1548 2043 1603 tatis.
2091 1548 2223 1605 Cum
2253 1565 2382 1621 ergo
2410 1552 2526 1607 hac
2566 1554 2640 1607 ita
2669 1553 2805 1620 sint,
2853 1554 3124 1624 quomodo
3162 1554 3243 1608 eis
3280 1554 3371 1623 qui
3414 1554 3469 1608 in

1898 1644 2046 1692 tanta
2067 1647 2122 1693 et
2136 1647 2241 1694 tam
2257 1642 2404 1711 gravi
2427 1642 2770 1699 damnatione
2791 1652 3009 1700 aterna
3024 1644 3283 1700 cacitatis
3302 1642 3470 1699 futuri

1900 1738 2053 1796 sunt,
2093 1739 2150 1786 et
2180 1733 2478 1788 absentiam
2509 1735 2756 1791 veritatis
2781 1744 2836 1793 et
2866 1737 3217 1792 beatitudinis
3256 1750 3471 1807 semper

218 1828 589 1884 ﬁrmationem
618 1827 855 1897 pietatis,
879 1825 981 1880 iste
1008 1823 1216 1880 furetur
1246 1832 1301 1879 et
1326 1830 1549 1893 usurpet
1578 1820 1646 1876 ad
1671 1835 1797 1877 con-
1826 1807 1875 1868 Β
1901 1819 2133 1888 passuri,
2156 1821 2404 1890 promisit
2431 1823 2533 1878 iste
2558 1825 2803 1894 superius
2828 1826 3073 1881 notitiam
3104 1834 3159 1879 et
3185 1825 3470 1881 scientiam

217 1917 592 1973 ﬁrmationem
619 1916 703 1971 sui
733 1913 955 1971 erroris.

301 2008 389 2063 12.
425 2007 679 2078 Adjungit
706 2007 879 2061 adhuc
905 2013 960 2061 et
982 2004 1113 2060 dicit
1152 2022 1165 2058 :
1197 2004 1335 2060 Eum
1381 2006 1472 2076 qui
1509 2004 1595 2059 hic
1639 2004 1797 2067 libero

217 2096 508 2152 voluntatis
555 2095 804 2160 arbitrio,
854 2094 992 2165 quod
1024 2103 1097 2149 est
1142 2094 1399 2149 naturalis
1445 2093 1799 2163 intelligentia

220 2203 438 2252 minus,
480 2186 535 2240 id
556 2194 632 2240 est
666 2185 851 2239 mentis
878 2184 1013 2239 acies
1035 2185 1089 2237 in
1112 2200 1237 2238 usus
1258 2182 1593 2254 turpitudinis
1614 2190 1798 2247 mutet,

220 2277 340 2331 illic
368 2293 432 2331 ne
450 2277 661 2331 omnino
696 2275 928 2330 veritatis
953 2276 1217 2329 honestate
1257 2275 1487 2343 fruatur,
1510 2273 1801 2345 justissime

219 2370 475 2438 perdere;
510 2379 558 2423 et
588 2367 823 2422 tenebras
863 2376 1070 2421 (eterna:
1102 2367 1409 2436 ignorantia:
1455 2382 1558 2419 non
1587 2367 1797 2419 evitare.

221 2457 287 2511 In
311 2457 396 2512 his
415 2457 590 2512 verbis
615 2471 719 2511 non
745 2457 810 2511 de
830 2457 941 2526 ipsa
965 2464 1154 2509 natura
1176 2456 1418 2526 angelica
1440 2455 1520 2510 vel
1546 2456 1799 2519 humana,

223 2560 332 2601 nec
372 2546 438 2602 de
465 2545 581 2613 ejus
607 2545 901 2611 voluntate,
932 2554 991 2600 ut
1026 2546 1183 2610 solet,
1224 2548 1317 2601 sed
1342 2546 1520 2615 potius
1545 2547 1611 2600 de
1638 2546 1804 2614 ipsius

224 2636 577 2706 intelligentia
629 2636 792 2702 dicit;
841 2645 932 2703 ut,
974 2637 1100 2706 quia
1148 2637 1252 2691 tria
1297 2638 1705 2692 considerantur
1747 2636 1802 2691 in

224 2736 412 2783 mente
438 2729 719 2795 rationali,
764 2729 817 2783 id
844 2736 928 2784 est
948 2744 1091 2794 esse,
1114 2730 1277 2795 seire,
1306 2729 1462 2784 velle.
1499 2728 1565 2782 Et
1597 2729 1710 2799 jam
1738 2729 1804 2782 de

225 2817 463 2883 duobus,
507 2817 559 2872 id
590 2826 675 2872 est
698 2831 818 2872 esse
844 2826 900 2872 et
934 2817 1068 2872 velle
1098 2819 1378 2887 utriusque
1421 2825 1629 2871 natura
1672 2817 1805 2870 satis

225 2909 337 2963 sibi
380 2909 684 2980 disputasse
709 2909 953 2975 videtur;
985 2925 1128 2964 nunc
1155 2910 1319 2965 etiam
1356 2910 1421 2965 de
1451 2910 1612 2973 scire,
1648 2909 1699 2963 id
1723 2915 1808 2963 est

227 3000 298 3055 de
325 3000 437 3069 ipsa
466 2999 817 3071 intelligentia
846 3001 1046 3070 aliquid
1083 3009 1283 3070 ponat:
1316 2999 1489 3065 unde,
1522 2999 1667 3054 salva
1705 3014 1805 3052 na-

228 3100 373 3154 tura.
397 3099 453 3147 et
474 3092 541 3147 ab
565 3093 815 3148 omnibus
832 3091 1024 3161 panis,
1049 3091 1201 3161 juxta
1223 3090 1338 3161 ejus
1357 3104 1593 3154 sensum,
1614 3088 1803 3152 libera,

1897 1908 2066 1980 ipsius
2094 1912 2444 1969 beatitudinis
2485 1924 2541 1970 et
2581 1917 2855 1985 veritatis;
2896 1918 2969 1973 ita
3000 1926 3060 1972 ut
3084 1930 3304 1986 propter
3326 1917 3470 1973 hanc

1898 2002 2281 2070 cognitionem,
2304 2014 2361 2059 et
2378 2007 2606 2063 miseros
2632 2024 2738 2064 non
2766 2024 2887 2065 esse
2910 2010 3139 2065 miseros
3162 2018 3216 2065 et
3244 2012 3471 2065 damna-

1897 2100 1983 2146 tos
2010 2107 2114 2146 non
2144 2092 2429 2150 damnatos
2450 2111 2571 2152 esse
2620 2098 2949 2164 ﬁrmaverit;
2997 2100 3099 2155 hoc
3132 2115 3264 2170 ergo
3295 2110 3476 2155 teneat

1898 2186 2040 2253 quod
2086 2185 2174 2239 hic
2207 2193 2478 2256 utcunque
2514 2190 2778 2245 veraciter
2806 2192 2972 2257 dixit,
3013 2201 3067 2247 et
3100 2192 3321 2264 abjiciat
3348 2191 3479 2246 illud

1898 2277 2043 2344 quod
2069 2276 2147 2332 ibi
2166 2292 2500 2347 supervacue
2525 2291 2578 2335 et
2610 2281 2846 2338 inaniter
2872 2284 3073 2354 posuit.

2452 2410 2702 2485 .CAPU'l‘
2738 2413 2896 2469 xvu.

1974 2539 2213 2609 Septimo
2238 2542 2446 2597 decimo
2475 2542 2709 2612 capitulo
2732 2554 2939 2614 septem
2962 2544 3303 2600 deﬁnitiones
3326 2546 3478 2616 ponit

1902 2631 2007 2686 hoc
2036 2632 2194 2685 modo
2226 2648 2239 2683 :
3452 2644 3455 2647 λ

1974 2720 2027 2773 1.
2064 2720 2230 2773 Deum
2254 2737 2355 2773 non
2377 2737 2486 2775 esse
2515 2731 2803 2783 auctorem.
2827 2723 3100 2793 factorem,
3131 2724 3477 2794 prwdestina-

1904 2820 2066 2863 torem
2096 2810 2489 2880 suppliciorum.

1973 2901 2027 2955 2.
2070 2899 2588 2956 Prtedestinationem
2618 2903 2713 2958 Dei
2733 2906 2800 2958 ad
2828 2922 2889 2959 ea
2911 2915 3113 2959 tantum
3134 2922 3250 2975 qua
3270 2906 3323 2958 in
3346 2906 3478 2975 bono

1904 3002 2047 3056 sunt,
2073 2993 2454 3062 prrescientiam
2480 3009 2599 3047 vero
2626 2994 2694 3047 ad
2722 2994 2855 3048 bona
2878 2994 3135 3065 malaque.
3175 2994 3346 3060 Quam
3367 2992 3475 3062 dif-

1908 3081 2179 3151 ferentiam
2207 3098 2307 3135 non
2337 3098 2401 3136 ea:
2427 3092 2618 3136 natura
2643 3101 2774 3148 esse,
2803 3086 2894 3138 sed
2917 3101 2981 3139 ea:
3010 3101 3104 3138 usu
3128 3084 3471 3139 locutionum.
3533 3118 3538 3123 -

226 3195 340 3236 non
365 3180 538 3236 solum
570 3183 816 3238 voluntas
832 3154 1022 3251 ipsius
1049 3154 1271 3235 natura
1303 3180 1397 3235 sed
1424 3179 1587 3234 etiam
1616 3179 1805 3233 intelli~
1834 3154 1878 3219 (ἶ
1976 3169 2029 3222 3-
2071 3167 2215 3224 Sicut
2240 3180 2287 3224 et
2314 3171 2368 3223 id
2390 3173 2530 3241 quod
2558 3172 2754 3226 dicitur
2774 3173 2933 3238 Deus,
2978 3175 3167 3244 ubique
3202 3191 3312 3228 esse
3345 3190 3477 3243 pra:-

223 3272 413 3341 gentia
440 3271 494 3325 in
532 3271 876 3326 damnatione
917 3269 1097 3325 futura
1135 3269 1405 3339 punienda
1433 3268 1800 3338 intelligatur:

224 3376 338 3415 non
365 3368 545 3417 tamen
584 3362 765 3433 aliquo
807 3362 1084 3433 supplicio,
1116 3362 1200 3416 vel
1225 3370 1491 3417 tormento
1518 3362 1796 3427 exteriori,

226 3450 327 3505 sed
368 3460 573 3507 tantum
612 3452 857 3508 interiori
892 3453 1105 3507 damno.
1150 3452 1291 3506 Dicit
1333 3453 1477 3506 enim
1503 3452 1646 3523 quod
1675 3451 1799 3520 qni-

226 3557 445 3612 eunque
499 3542 657 3599 modo
703 3557 802 3612 per
866 3541 1096 3597 liberum
1144 3541 1436 3597 voluntatis
1480 3542 1802 3607 arbitrium,

226 3632 495 3687 naturalis
520 3630 884 3701 intelligentiae
906 3647 1115 3691 munus,
1139 3633 1282 3701 quod
1304 3632 1501 3687 habere
1533 3631 1717 3686 debuit
1736 3629 1805 3684 ad

224 3718 552 3773 exercitium
581 3719 905 3788 quarenda,
929 3718 1259 3773 invenienda
1281 3727 1336 3774 et
1382 3719 1806 3788 contemplanda

222 3808 499 3872 veritatis,
518 3808 931 3864 commutaverit
955 3807 1008 3861 in
1035 3808 1169 3862 alios
1198 3823 1347 3874 usus,
1374 3808 1428 3863 id
1449 3817 1532 3863 est
1555 3816 1613 3862 ut
1634 3808 1805 3877 ipsam

225 3899 600 3970 intelligentia
626 3901 797 3955 aciem
831 3900 1011 3970 potius
1038 3899 1093 3954 in
1121 3900 1281 3955 rebus
1308 3900 1463 3955 vanis
1498 3908 1553 3956 et
1597 3900 1803 3956 inutili-

225 3990 355 4055 bus,
371 3990 455 4044 vel
481 3990 642 4044 etiam
670 3990 845 4044 noxiis
863 3999 1108 4058 occupet,
1129 3989 1180 4043 in
1207 3989 1297 4043 illa
1320 3998 1446 4043 tunc
1466 3989 1808 4047 damnatione

230 4081 351 4151 ipsa
376 4079 621 4135 voluntas
650 4079 883 4135 hominis
908 4077 1076 4134 libera
1096 4119 1111 4144 ,
1155 4094 1274 4148 qua
1308 4079 1396 4134 hic
1428 4078 1568 4134 male
1598 4094 1694 4134 usa
1724 4088 1809 4136 est

224 4172 374 4226 bono
420 4169 819 4240 intelligentia.
872 4169 1035 4225 etiam
1075 4169 1178 4223 hoc
1228 4170 1387 4224 modo
1425 4170 1699 4240 punietur,
1749 4178 1809 4225 ut

227 4261 478 4317 veritatis
516 4261 636 4315 luce
668 4261 887 4315 minime
918 4259 1256 4329 perfruatur;
1298 4260 1391 4315 sed
1421 4261 1675 4331 et‘ipsum
1706 4262 1802 4317 bo—

226 4365 363 4408 nunt
391 4352 755 4423 intelligentia
784 4349 1082 4419 iustissime
1109 4350 1323 4421 perdat,
1342 4361 1396 4404 et
1415 4360 1629 4407 aeterna
1656 4352 1808 4422 igno-

227 4442 422 4497 rantia
452 4444 701 4497 tenebras
720 4442 976 4496 incurrat.
1006 4441 1157 4508 Quod
1187 4442 1231 4495 si
1259 4442 1331 4495 ita
1359 4450 1461 4505 est,
1498 4456 1691 4512 magna
1724 4449 1807 4497 est

1905 3259 2072 3313 sentia
2102 3261 2391 3329 potestatis,
2430 3261 2519 3316 sed
2557 3279 2659 3317 non
2697 3264 2885 3333 ubique
2919 3265 3089 3334 gratia
3115 3264 3476 3329 habitationis,

1905 3347 1980 3400 ita
2004 3348 2109 3401 dici
2130 3365 2277 3418 posse
2299 3350 2363 3404 de
2385 3367 2443 3404 eo
2466 3351 2654 3421 ubique
2688 3354 3033 3422 prascientia,
3050 3354 3139 3408 sed
3161 3372 3261 3407 non
3288 3354 3478 3425 ubique

1904 3440 2397 3508 prwdestinatione;
2442 3459 2558 3496 cum
2604 3445 2925 3513 apertissime
2962 3446 3151 3500 veritas
3192 3446 3376 3499 clamet
3416 3446 3481 3500 de

1905 3526 2016 3583 Deo
2050 3545 2069 3583 :
2106 3530 2397 3599 ubicunque
2432 3533 2588 3601 fuerit
2616 3532 2757 3587 Deus
2794 3537 3101 3603 praesentia,
3140 3535 3211 3587 ibi
3248 3535 3479 3604 profecto

1906 3620 2003 3672 erit
2021 3620 2374 3687 habitatione;
2407 3623 2647 3677 similiter
2679 3625 2969 3695 ubicunque
3012 3626 3167 3691 fuerit
3206 3627 3485 3696 pra'scien‘

1906 3709 2001 3774 tia,
2027 3713 2317 3766 necessario
2340 3714 2438 3767 erit
2464 3715 2944 3783 pra'destinatione.

1975 3799 2029 3853 4.
2068 3798 2158 3863 Et,
2200 3803 2333 3856 sicut
2372 3805 2702 3872 praesentiam
2744 3815 2792 3860 et
2830 3807 3200 3862 habitationem
3237 3809 3336 3863 Dei
3378 3827 3483 3865 non

1908 3890 2009 3945 nisi
2028 3892 2082 3945 in
2109 3893 2189 3946 his
2214 3910 2330 3963 qua
2350 3894 2414 3947 ab
2437 3911 2497 3949 eo
2514 3894 2656 3963 facta
2678 3906 2829 3962 sunt,
2864 3899 2938 3952 ita
2966 3894 3079 3968 ejus
3097 3901 3478 3969 pra’scientiam

1906 3992 1953 4037 et
1972 3985 2481 4053 pradestinationem
2508 4004 2611 4040 non
2646 3989 2746 4042 nisi
2768 4007 2945 4044 eorum
2970 4008 3087 4061 qua
3110 3993 3218 4061 ipse
3240 3992 3478 4060 facturus

1905 4084 2037 4129 esset
2076 4088 2095 4126 :
2126 4084 2172 4129 et
2205 4075 2338 4129 sicut
2371 4080 2647 4147 prasentin
2670 4081 2785 4150 ejus
2808 4091 2855 4136 et
2880 4083 3134 4137 habitatio
3166 4086 3223 4137 in-
3248 4086 3329 4139 his
3356 4102 3473 4155 quae

1906 4180 1997 4219 nec
2023 4165 2087 4219 ab
2110 4182 2169 4221 eo
2203 4176 2320 4221 sunt
2349 4184 2441 4222 nec
2458 4184 2520 4223 ea
2543 4171 2685 4239 fecit,
2719 4188 2747 4226 e
2779 4175 3043 4229 contrario
3071 4192 3181 4229 esse
3204 4176 3469 4241 dicantur,

1906 4274 2023 4311 cum
2050 4258 2104 4311 in
2133 4259 2207 4312 eis
2228 4276 2331 4313 non
2353 4262 2452 4322 sit;
2482 4261 2555 4315 ita
2582 4264 2963 4332 prwscientiam
2997 4266 3111 4335 ejus
3136 4276 3184 4319 et
3208 4267 3478 4336 praedesti-

1907 4348 2195 4413 nationem,
2217 4364 2245 4404 e
2265 4352 2529 4405 contrario
2550 4354 2880 4422 pronuntiari
2907 4356 2962 4409 in
2982 4354 3087 4410 illis
3106 4372 3223 4426 qua:
3244 4373 3335 4410 nec
3356 4357 3477 4425 fecit

1908 4455 1999 4493 nec
2027 4440 2256 4506 donavit,
2287 4441 2410 4511 quia
2434 4442 2565 4496 nihil
2584 4454 2728 4498 sunt.

198 4604 203 4607 _
220 4535 342 4605 jam
381 4533 486 4589 ista
530 4534 780 4589 humana
812 4532 1100 4588 voluntatis
1136 4547 1320 4603 pana,
1370 4543 1430 4587 ut
1467 4508 1679 4603 quaevin
1707 4533 1809 4589 bac
1833 4508 1887 4568 D
1980 4529 2035 4585 5.
2071 4530 2254 4600 Ignem
2283 4508 2534 4587 ceternum
2560 4535 2629 4589 ad
2656 4536 2910 4590 urendum
2940 4535 3207 4590 diabolum
3241 4546 3290 4590 et
3315 4550 3476 4607 ange-

227 4624 349 4681 vita
388 4638 487 4679 suo
514 4624 684 4680 libero
709 4623 933 4679 arbitrio
968 4622 1108 4678 male
1136 4624 1302 4678 abusa
1336 4633 1419 4678 est
1448 4623 1807 4694 intelligentia

226 4714 396 4781 lieno,
425 4715 478 4769 in
502 4714 593 4770 illa
613 4724 740 4770 tunc
763 4714 1125 4780 damnatione,
1150 4724 1205 4771 et
1232 4716 1402 4785 ipsum
1423 4716 1622 4771 bonum
1648 4716 1805 4771 intel-

226 4803 467 4877 ligentia
492 4805 715 4875 perdat,
760 4814 817 4860 et
858 4805 1000 4859 nulla
1040 4806 1283 4863 veritatis
1321 4806 1443 4862 luce
1484 4806 1716 4874 fruatur,
1753 4818 1809 4864 et

227 4904 448 4952 aeterna
496 4896 809 4967 ignorantia
850 4897 1090 4952 tenebris
1129 4898 1534 4953 condemnetur.
1584 4898 1654 4954 Et
1691 4899 1805 4955 hac

226 5002 395 5060 poena
442 5002 711 5058 perversa
758 4990 1008 5045 humana
1056 4989 1388 5056 voluntatis,
1444 4992 1806 5062 intelligentia:

230 5077 418 5133 lumen
444 5079 763 5144 amittentis,
790 5088 996 5133 tantum
1022 5079 1127 5133 erit
1148 5079 1358 5150 panale
1381 5080 1480 5150 ipsi
1510 5080 1807 5153 intelligen-

230 5166 345 5230 tia,
377 5176 437 5221 ut
476 5167 621 5238 juste
651 5168 941 5222 amittenda
984 5182 1105 5222 esse
1133 5168 1397 5233 videatur,
1441 5178 1495 5225 et
1533 5171 1651 5224 loco
1691 5171 1809 5240 ejus

228 5264 450 5312 eterna
493 5257 808 5329 ignorantia
856 5256 1089 5313 tenebra
1118 5258 1426 5313 succedant.
1481 5259 1605 5315 liae
1651 5274 1808 5331 pana

227 5348 483 5404 humana
519 5349 717 5404 mentis
755 5350 808 5404 in
846 5348 937 5404 illa
967 5350 1309 5405 damnatione
1337 5351 1533 5411 futura.
1581 5353 1744 5406 etiam
1778 5368 1808 5407 a

229 5438 391 5494 nobis
415 5454 521 5494 non
549 5440 819 5509 respuitur
847 5456 862 5506 ;
891 5440 1016 5509 quia
1039 5480 1055 5505 ,
1091 5448 1152 5495 ut
1180 5442 1231 5494 in
1262 5441 1550 5513 Evangelio
1580 5442 1807 5513 legimus

226 5522 453 5601 (Matth.
482 5545 615 5595 xxv,
642 5529 760 5601 24),
786 5531 1000 5600 quando
1023 5545 1212 5586 servus
1238 5531 1443 5585 inutilis
1474 5532 1801 5586 condemna-

227 5618 400 5685 bitur,
414 5620 506 5688 qui
527 5636 691 5674 unum
716 5620 974 5675 talentum
1001 5620 1367 5691 intelligentia
1387 5662 1401 5686 ,
1418 5622 1558 5691 quod
1584 5637 1805 5691 accepe-

225 5718 337 5777 rat,
368 5710 542 5769 noluit
560 5710 766 5768 utiliter
785 5725 1058 5778 exercere,
1086 5719 1140 5767 et
1161 5712 1463 5777 exercendo
1484 5710 1755 5777 duplicare
1781 5728 1794 5766 :

1908 4620 1986 4675 los
2037 4621 2183 4692 ejus,
2230 4640 2333 4677 non
2372 4623 2605 4677 homines
2660 4623 2858 4691 factum
2883 4664 2899 4689 ,
2959 4634 3231 4694 postquam
3291 4626 3480 4679 wthere

1907 4711 2150 4766 detrusus
2196 4712 2264 4767 sit
2302 4728 2322 4767 :
2363 4713 2452 4766 ubi
2504 4714 2561 4767 in
2606 4714 2827 4768 athereo
2869 4729 3083 4783 corpore
3126 4729 3229 4767 non
3273 4724 3475 4783 poterat

1907 4817 2082 4869 panos
2110 4802 2336 4867 sentire,
2384 4801 2621 4856 additum
2663 4803 2712 4856 ei
2756 4818 2945 4871 corpus
2992 4818 3236 4867 aereum,
3278 4806 3334 4857 in
3375 4821 3477 4875 quo

1909 4891 2078 4960 ignem
2098 4893 2329 4946 sentiret.

1985 4982 2037 5037 6.
2081 4982 2204 5037 Non
2244 5000 2354 5038 esse
2391 4982 2539 5037 illum
2580 4985 2749 5054 ignem
2789 5001 3015 5055 poenam,
3056 5002 3218 5057 neque
3255 4987 3325 5040 ad
3366 5004 3484 5042 eam

1909 5085 2261 5146 pra'paratum
2287 5076 2363 5131 vel
2383 5076 2806 5145 pradestinatum
2834 5092 2853 5131 :
2889 5078 2979 5131 sed
3005 5079 3095 5149 qui
3131 5078 3305 5147 fuerat
3346 5094 3483 5148 pra:-

1914 5164 2202 5219 destinatus
2224 5175 2278 5218 ut
2307 5174 2438 5219 esset
2468 5165 2524 5218 in
2549 5165 2884 5221 universitate
2921 5169 3151 5222 omnium
3194 5169 3481 5236 bonorum,

1912 5254 2058 5307 sedes
2087 5255 2257 5323 factus
2278 5264 2352 5309 est
2384 5254 2661 5323 impiorum
2683 5270 2702 5309 :
2732 5256 2785 5309 in
2811 5274 2915 5327 quo
2947 5258 3128 5328 procul
3149 5259 3308 5313 dubio
3329 5260 3478 5314 habi-

1911 5345 2092 5398 tabunt
2122 5362 2224 5399 non
2245 5346 2415 5398 minus
2437 5344 2571 5399 beati
2591 5363 2749 5415 quam
2766 5349 2963 5403 miseri.

1982 5435 2034 5488 7.
2074 5435 2346 5490 Miseriam
2387 5434 2586 5489 nullam
2628 5454 2757 5502 esse,
2796 5440 2895 5493 nisi
2936 5451 3150 5495 mortem
3189 5451 3437 5497 aeternam
3459 5460 3480 5509 ,‘

1910 5539 2159 5581 trternam
2213 5538 2425 5582 mortem
2474 5530 2703 5584 veritatis
2740 5534 3089 5602 ignorantiam
3123 5548 3141 5585 :
3186 5530 3487 5606 nullamque

1912 5618 2176 5671 miseriam
2197 5634 2305 5671 esse
2330 5619 2428 5672 nisi
2453 5619 2685 5673 veritatis
2712 5623 3057 5691 ignorantiam
3087 5638 3105 5677 :
3139 5634 3186 5678 et
3215 5624 3301 5681 ubi
3330 5625 3484 5693 igno-

1910 5718 2052 5762 retur
2076 5709 2281 5775 veritps,
2315 5709 2386 5763 ibi
2412 5708 2608 5764 nullam
2631 5713 2812 5769 vitam.
3506 5698 3509 5699 ν
