3970 6306
606 357 711 413 215
1692 364 1896 424 FLOR!
1934 366 2174 425 DIACON

2242 362 2722 424 LUGDUNENSIS
3712 382 3792 444 iii

675 470 827 540 Quod
850 487 977 545 ergo
1002 473 1177 545 primo
1203 474 1320 531 loco
1353 475 1528 545 posuit
1553 493 1565 530 :
1612 476 1778 535 Deum
1802 496 1906 536 non
1927 497 2038 535 esse
2067 497 2168 535 au—
2198 486 2245 544 Α
2276 474 2491 545 (Matth.
2520 492 2555 533 ι
2577 519 2593 544 ,
2617 478 2742 549 28);
2774 488 2831 535 et
2854 479 2945 550 qui
2983 481 3226 540 dicturus
3258 494 3338 542 est
3364 486 3417 542 in
3450 486 3566 560 ipso
3584 489 3794 561 judicio:

606 576 817 629 storem,
843 564 1112 634 factorem,
1135 568 1604 637 pra'destinatorem
1634 571 2008 639 suppliciorum
2025 613 2041 637 ,
2058 586 2172 627 ma—
2271 567 2531 622 Discedite
2556 585 2588 622 a
2618 578 2728 635 me,
2756 570 3049 639 maledicti,
3080 574 3326 644 imignem
3348 588 3599 634 aeternum
3624 582 3796 652 (Matth.

603 653 799 711 nifeste
840 666 1026 709 contra
1058 656 1216 711 fidem
1244 657 1395 721 dixit,
1424 657 1564 712 sicut
1595 674 1758 729 supra
1781 662 1895 731 jam
1918 662 2172 732 frequen-
2271 671 2397 721 XXV,
2429 657 2542 728 41).
2599 659 2748 725 Quod
2776 661 2820 715 si
2857 660 2943 714 illa
2975 663 3254 732 supplicia,
3280 675 3332 719 et
3363 666 3517 723 locus
3550 678 3795 730 tomento-

602 753 686 800 ter
708 746 1059 802 ostendimus.
1100 746 1214 801 Non
1240 748 1380 805 enim
1407 747 1604 817 injusta
1635 757 1761 805 sunt
1791 751 1879 806 illa
1910 752 2168 821 supplicia
2269 762 2387 801 rum
2419 748 2472 801 in
2501 748 2676 817 aliqua
2711 762 2861 819 parte
2890 766 3069 805 rerum
3112 761 3436 821 crealarum,
3466 757 3520 812 id
3547 750 3700 814 estin
3721 762 3795 817 ali-

600 851 722 904 qua:
752 836 803 890 in
833 845 1030 892 aeterna
1056 838 1395 893 damnatione
1426 839 1640 895 diabolo
1664 848 1718 895 ei.
1743 842 1946 913 angelis
1971 841 2086 911 ejus
2114 849 2171 897 et
2268 852 2371 907 qua
2402 845 2551 907 parte
2574 839 2753 892 mundi
2788 855 2908 895 esse
2931 841 3194 897 credenda
3222 852 3369 909 sunt,
3399 847 3524 914 quis
3559 848 3685 905 alius
3707 866 3795 907 esse

599 925 848 980 omnibus
891 926 1067 995 impiis
1103 925 1409 982 hominibus
1450 927 1769 996 inferentur,
1817 931 1940 1000 quia
1969 947 2168 987 unum-
2265 926 2439 996 potuit
2468 924 2628 980 factor
2660 936 2743 981 est
2763 930 3002 984 omnium
3022 931 3053 984 ἲ
3079 931 3153 985 De
3177 947 3286 1001 quo
3311 933 3591 1004 Scriptura
3613 940 3793 995 mauire.

592 1029 863 1084 quemque
887 1030 1072 1070 eorum
1110 1016 1285 1086 quiibi
1312 1019 1657 1085 damnantur,
1689 1022 1980 1095 secundum
2005 1021 2167 1076 meri-
2266 1023 2348 1068 ste
2373 1015 2503 1069 dicit
2533 1034 2545 1070 :
2574 1014 2679 1081 Qui
2710 1019 2827 1072 vivit
2855 1020 2908 1072 in
2942 1031 3211 1087 wternum,
3248 1026 3437 1079 creavit
3473 1029 3642 1081 omnia
3674 1031 3795 1084 simul

594 1113 709 1158 tum
750 1119 927 1171 suum,
957 1115 1013 1160 et
1041 1109 1336 1163 secundum
1381 1124 1689 1164 mensuram
1718 1110 2020 1181 iniquitatis
2056 1126 2166 1167 suae
2269 1104 2461 1176 (Eccli-
2504 1122 2661 1173 XVIII.
2704 1108 2778 1179 1).
2810 1108 2943 1166 Cum
2978 1112 3122 1166 enim
3160 1129 3289 1169 vere
3332 1126 3583 1174 creatura
3620 1121 3685 1175 sit
3728 1123 3793 1180 ille

531 1233 541 1243 .
592 1204 847 1265 torquent
878 1205 933 1250 et
961 1197 1241 1265 cruciant;
1287 1200 1540 1268 implente
1584 1201 1663 1256 eis
1687 1199 1835 1269 justo
1872 1211 1927 1256 et
1964 1210 2165 1257 :eterno
2264 1195 2401 1266 ignis
2443 1205 2693 1264 aeternus.
2738 1214 2912 1269 neque
2957 1202 3102 1256 enim
3132 1204 3435 1261 credendus
3467 1216 3552 1262 est
3583 1210 3795 1267 esseDeo

582 1285 783 1354 judice,
831 1288 975 1357 quod
1017 1288 1084 1343 de
1111 1304 1177 1345 eo
1221 1289 1275 1345 in
1322 1290 1529 1360 psalmo
1569 1291 1827 1359 scriptum
1874 1303 1992 1347 est:
2027 1291 2163 1357 Quia
2262 1294 2592 1354 coaeternus;
2625 1299 2679 1343 et
2710 1288 2789 1343 sic
2820 1289 2936 1345 haec
2965 1300 3215 1346 creatura
3241 1294 3294 1347 in
3318 1294 3495 1364 justos
3518 1312 3641 1354 usus
3665 1308 3793 1355 etre-

588 1377 765 1430 reddet
790 1379 1071 1450 unicuique
1100 1380 1382 1435 secundum
1408 1397 1561 1450 opera
1584 1398 1681 1434 sua
1708 1378 1877 1451 (Psal.
1908 1396 2019 1445 ut,
2049 1378 2158 1451 13).
2261 1383 2376 1430 ctos
2398 1376 2607 1431 condita
2625 1418 2639 1442 ,
2684 1378 2991 1449 quicunque
3018 1380 3101 1435 vel
3133 1381 3277 1437 illam
3304 1385 3388 1439 vel
3418 1386 3579 1441 aliam
3604 1389 3792 1457 quamli-

582 1470 662 1525 lta
685 1477 741 1524 et
766 1485 904 1523 unus
924 1478 1007 1525 est
1035 1470 1173 1540 ignis
1193 1471 1472 1541 gehennae,
1494 1479 1548 1525 et
1571 1480 1743 1524 tamen
1769 1471 1980 1525 diverso
2002 1470 2161 1525 modo
2258 1466 2351 1521 bet
2376 1474 2679 1521 creaturam
2705 1483 2813 1523 non
2840 1484 2871 1523 a
2904 1470 3012 1524 Deo
3039 1470 3168 1525 dicit
3187 1486 3308 1528 esse
3325 1488 3435 1529 uno
3462 1483 3518 1530 et
3537 1476 3644 1531 solo
3666 1478 3792 1533 totius

581 1562 687 1617 sibi
719 1563 947 1617 traditos
977 1563 1183 1621 cruciat
1212 1560 1398 1618 :sicut
1441 1570 1495 1615 et
1524 1578 1663 1617 unus
1706 1574 1788 1616 est
1828 1562 1976 1617 calor
2009 1561 2156 1627 solis,
2259 1563 2517 1611 crealura:
2543 1566 2781 1621 anetore,
2812 1559 2904 1614 sed
2940 1559 3008 1614 ab
3038 1559 3142 1615 alio
3169 1562 3353 1617 nescio
3382 1579 3513 1634 quo,
3550 1565 3791 1622 manifeste

580 1661 637 1709 et
666 1661 845 1708 tamen
875 1669 979 1708 non
1008 1654 1289 1725 aequaliter
1314 1654 1386 1708 ab
1410 1653 1685 1716 omnibus,
1712 1653 1804 1707 sed
1848 1652 1915 1713 ab
1956 1650 2075 1715 aliis
2104 1658 2159 1705 et
2258 1649 2511 1705 haeretica
2549 1651 2846 1721 impietate,
2884 1651 2971 1706 vel
3004 1651 3447 1723 Manichmorum,
3486 1657 3568 1712 vel
3608 1657 3790 1713 aliorum

579 1746 651 1802 ab
676 1745 796 1801 aliis
821 1745 1033 1801 diverso
1058 1747 1214 1800 modo
1251 1760 1345 1815 pro
1377 1744 1457 1803 sui
1488 1743 1733 1813 corporis
1770 1742 2158 1812 temperatione
2256 1739 2613 1815 pessimorum
2654 1741 3027 1796 haereticorum
3073 1742 3380 1797 involvitur.
3450 1743 3519 1798 Et
3559 1746 3669 1800 ideo
3698 1760 3790 1800 etim

579 1835 836 1891 sentitur.
868 1832 990 1889 Ideo
1010 1844 1187 1889 autem
1217 1833 1476 1902 supplicia
1506 1831 1617 1902 ipsa
1649 1846 1927 1901 nunquam
1957 1830 2151 1884 finiun-
2180 1821 2226 1881 Β
2255 1840 2381 1882 vere
2410 1826 2550 1883 inter
2572 1836 2848 1883 creaturas
2872 1829 3010 1900 ignis
3042 1829 3130 1883 ille
3161 1837 3399 1886 teternus
3435 1848 3787 1888 connumeran-

577 1933 690 1990 tur,
722 1924 847 1994 quia
869 1922 1075 1992 justum
1119 1933 1204 1978 est
1248 1923 1386 1992 apud
1426 1921 1593 1976 Deum
1614 1962 1629 1987 ,
1669 1930 1729 1975 ut
1755 1922 1846 1992 qui
1876 1934 2148 1991 nunquam
2253 1919 2353 1974 dus
2382 1918 2474 1983 sit,
2503 1919 2678 1989 ipsum
2706 1920 2823 1975 sine
2854 1921 3014 1976 dubio
3048 1922 3209 1977 habet
3250 1932 3534 1980 auctorem
3576 1935 3628 1981 et
3657 1927 3790 1981 faeto-

572 2015 683 2073 sibi
708 2015 994 2070 voluerunt
1028 2029 1227 2086 ponere
1269 2013 1430 2068 tinem
1459 2020 1802 2082 peccatorum
1825 2052 1840 2078 ,
1871 2024 2148 2082 nunquam
2251 2020 2386 2073 rem,
2418 2024 2578 2079 quem
2603 2018 2658 2064 et
2684 2011 2862 2066 omnis
2888 2020 3081 2066 caetera
3118 2022 3399 2081 creatura;
3435 2016 3506 2070 de
3528 2031 3632 2086 quo
3661 2017 3788 2071 etiam

574 2105 739 2161 finem
787 2105 1021 2161 habeant
1070 2113 1479 2169 tormentorum,
1532 2110 1587 2157 et
1630 2103 1720 2171 qui
1764 2102 1813 2158 ei
1861 2102 2149 2157 noluerunt
2249 2099 2509 2171 scriptum
2547 2109 2666 2156 est:
2695 2100 2803 2156 Sex-
2828 2104 2965 2156 enim
2995 2103 3176 2158 diebus
3216 2104 3336 2172 fecit
3365 2106 3510 2161 Deus
3540 2108 3724 2172 calum,
3751 2116 3789 2161 et

575 2193 774 2250 subditi
803 2209 923 2250 esse
945 2196 1168 2266 pietate,
1195 2208 1384 2250 omnes
1409 2193 1457 2247 ei
1481 2192 1779 2247 subdantur
1802 2191 2144 2257 necessitate,
2248 2198 2465 2255 terram,
2481 2201 2529 2245 et
2557 2208 2717 2254 mare,
2742 2202 2791 2246 et
2812 2195 2984 2248 omnia
3004 2212 3120 2265 qua:
3140 2196 3195 2250 in
3216 2196 3289 2250 eis
3307 2208 3450 2264 sunt,
3473 2209 3522 2253 et
3542 2201 3596 2254 in
3616 2201 3788 2269 septimo

576 2300 649 2341 ne
678 2294 926 2341 creatura
968 2285 1071 2341 ulla
1100 2301 1197 2341 suo
1233 2291 1507 2340 remaneat
1528 2282 1737 2338 auctori
1767 2283 2060 2349 contraria;
2092 2292 2148 2338 et
2247 2279 2333 2333 die
2361 2281 2605 2350 requievit
2642 2282 2837 2353 (Exod.
2871 2299 2940 2338 xx
2963 2325 2977 2349 ,
3004 2285 3111 2356 Η).
3171 2285 3325 2342 Dicat
3354 2303 3488 2360 ergo
3511 2291 3608 2345 iste
3636 2290 3682 2344 in
3706 2303 3786 2358 qua

572 2379 881 2450 quicunque
920 2379 1007 2434 hic
1045 2395 1149 2436 non
1181 2380 1564 2450 acquieverunt
1584 2376 1819 2437 veritati,
1852 2375 1945 2431 sed
1972 2374 2146 2430 credi-
2243 2381 2397 2442 parte
2423 2388 2603 2429 rerum
2636 2384 2789 2444 putet
2818 2390 2936 2431 esse
2962 2376 3251 2445 infernum,
3285 2380 3337 2434 id
3358 2390 3447 2435 est
3474 2380 3644 2436 locum
3672 2381 3785 2435 illum

572 2470 767 2525 derunt
800 2468 1107 2537 iniquitati,
1153 2468 1227 2523 ibi
1254 2467 1474 2522 omnino
1502 2466 1652 2521 etab
1683 2464 1965 2534 iniquitate
1993 2477 2144 2518 coer-
2242 2463 2579 2519 aeternalium
2625 2473 3013 2521 tormentorum
3042 2509 3056 2533 ,
3107 2478 3288 2525 utrum
3335 2472 3392 2526 in
3428 2474 3604 2539 caelo,
3649 2488 3708 2527 an
3743 2473 3782 2526 in

568 2569 829 2624 ceantur,
884 2568 939 2613 et
992 2556 1331 2614 manifestam
1378 2558 1658 2613 veritatem
1707 2555 1870 2610 divini
1916 2552 2140 2625 judicii,
2242 2561 2500 2619 terra,an
2531 2555 2584 2609 in
2611 2558 2767 2623 mari,
2806 2559 2895 2612 vel
2930 2562 2982 2613 in
3023 2561 3231 2615 exteris
3278 2572 3421 2632 quze‘
3451 2564 3504 2619 in
3546 2565 3623 2619 eis
3670 2572 3780 2618 sunt.

567 2650 763 2705 divina:
808 2650 1106 2721 majestatis
1148 2659 1205 2705 et
1247 2648 1529 2720 potestatis
1559 2646 1677 2711 Dei,
1708 2655 1761 2701 et
1787 2644 1987 2701 Christi
2023 2643 2140 2714 ejus
2245 2644 2559 2715 Ubicunque
2604 2663 2725 2700 eum
2760 2664 2879 2704 esse
2899 2652 3194 2721 putaverit,
3224 2669 3451 2711 necesse
3478 2665 3562 2712 est
3585 2666 3640 2710 ut
3660 2657 3783 2710 abeo

562 2757 763 2813 negare
786 2758 891 2797 non
928 2743 1154 2813 possint.
1190 2741 1265 2796 lta
1292 2750 1349 2795 ut
1372 2741 1471 2811 ipsi
1504 2739 1672 2810 impii,
1701 2739 1791 2809 qui
1820 2738 1981 2792 alieni
2003 2752 2139 2792 sem—
2237 2734 2413 2791 factus
2443 2737 2531 2791 sit.
2576 2736 2679 2802 Qui
2708 2739 2828 2807 fecit
2872 2741 3075 2807 τωιηηι,
3121 2752 3169 2796 et
3213 2753 3431 2813 terram,
3473 2757 3521 2802 et
3566 2762 3712 2812 mare,
3745 2754 3781 2799 et

562 2846 663 2902 per
682 2833 1006 2888 exstiterunt
1027 2848 1057 2887 a
1079 2832 1229 2888 cultu.
1246 2831 1360 2896 Dei,
1383 2838 1644 2903 cogantur
1662 2831 1828 2899 ipsam
1852 2830 2134 2884 veritatem
2238 2830 2412 2885 omnia
2442 2846 2558 2901 qua:
2589 2831 2641 2883 in
2671 2832 2744 2884 eis
2773 2842 2893 2885 sunt
2921 2833 3130 2906 (ΗΑΛ).

563 2918 750 2991 fateri,
781 2934 835 2978 et
860 2941 986 2980 sero
1013 2934 1290 2997 gementes
1311 2939 1374 2977 ac
1392 2924 1715 2994 poenitentes
1736 2922 1915 2976 dicant
1944 2938 1958 2975 :
1994 2920 2133 2992 Ergo
2305 2919 2433 2987 Qua:
2457 2935 2578 2974 cum
2612 2922 2681 2975 ita
2716 2920 2846 2985 sint,
2870 2939 2970 2977 cur
3014 2924 3126 2993 ipse
3158 2928 3505 2998 omnipotens
3541 2931 3683 2996 Deus,
3708 2930 3777 2999 qui

560 3016 850 3072 erravimus
879 3033 910 3069 a
941 3017 1024 3070 via
1049 3015 1297 3078 veritatis,
1340 3024 1387 3067 et
1421 3013 1647 3083 justitia-
1673 3011 1843 3066 lumen
1870 3028 1971 3065 non
2002 3009 2133 3063 luxit
2234 3016 2317 3062 est
2344 3019 2534 3065 auctor
2556 3020 2609 3065 et
2641 3011 2815 3066 factor
2844 3014 3083 3068 omnium
3115 3031 3316 3082 rerum,
3342 3036 3450 3074 non
3481 3032 3619 3078 recte
3642 3033 3689 3077 et
3708 3036 3778 3077 ve-

561 3108 733 3175 nobis,
772 3117 821 3164 et
842 3108 921 3164 sol
951 3125 1053 3163 non
1075 3116 1317 3163 estortus
1346 3106 1491 3159 nobis
1525 3104 1670 3174 (Sap.
1697 3120 1751 3167 v,
1780 3102 1855 3173 6).
1896 3100 2047 3156 Unde
2075 3110 2131 3156 et
2162 3164 2202 3182 Α
2235 3101 2433 3154 raciter
2464 3102 2813 3173 intelligatur,
2850 3104 2963 3161 sive
2992 3107 3245 3162 credatur
3268 3111 3436 3165 etiam
3467 3114 3779 3182 pmdestina-

560 3197 677 3268 ipse
706 3199 1045 3270 omnipotens
1070 3199 1211 3252 Deus
1235 3212 1355 3251 cum
1392 3211 1488 3266 per
1523 3197 1809 3265 prophetas
1841 3210 1969 3250 suos
2000 3194 2127 3248 hor-
2158 3164 2203 3228 (ἶ
2238 3199 2322 3243 tor
2352 3200 2459 3245 tam
2480 3192 2746 3257 justorum
2774 3205 2829 3250 et
2856 3205 2962 3251 tam
2994 3199 3362 3256 ordinatorum
3395 3164 3777 3274 suppliciorum?

555 3289 729 3344 renda
751 3297 805 3343 et
832 3298 1031 3343 :etcrna
1062 3288 1320 3359 supplicia
1340 3287 1720 3352 comminatur,
1745 3286 2055 3355 frequenter
2077 3285 2131 3340 in
2235 3278 2383 3335 Licet
2411 3283 2551 3336 enim
2580 3286 2906 3354 patientibus
2944 3296 2998 3341 et
3024 3289 3412 3347 sustinentibus
3443 3295 3532 3347 illa
3554 3294 3775 3365 supplicia

557 3379 667 3433 ﬁne
694 3379 1129 3435 comminationis
1152 3394 1262 3433 suae
1285 3377 1574 3447 subjungit,
1601 3378 1784 3432 dicens
1812 3397 1825 3432 :
1855 3376 1921 3432 Et
1936 3379 2128 3443 scient,
2232 3371 2516 3427 Videantur
2539 3390 2657 3428 esse
2683 3377 2817 3431 mala
2837 3417 2852 3441 ,
2879 3382 3018 3449 apud
3053 3381 3199 3436 illum
3235 3391 3409 3439 tamen
3445 3395 3688 3441 :eternum
3705 3385 3773 3454 ju-

557 3470 683 3538 quia
707 3486 799 3539 ego
824 3467 1080 3525 Dominus
1102 3468 1297 3542 (Exod.
1326 3486 1495 3535 χχιι,
1529 3468 1652 3539 4ὕ);
1696 3468 1746 3522 id
1778 3477 1861 3523 est
1886 3468 2128 3523 necessi-
2232 3462 2405 3517 dicem
2444 3480 2547 3517 non
2601 3476 2725 3520 Slllll
2761 3468 2931 3535 mala;
2962 3471 3085 3539 quia
3109 3471 3276 3541 justa,
3325 3485 3380 3529 et
3435 3477 3568 3531 nihil
3605 3477 3773 3546 justum

557 3566 669 3613 tate
697 3559 912 3624 dicent,
957 3559 1025 3613 ad
1067 3561 1436 3616 confusionem
1470 3576 1621 3615 suam
1641 3601 1655 3626 ,
1683 3562 1823 3628 quod
1854 3574 2125 3629 nunquam

2229 3561 2408 3621 potest
2451 3555 2553 3608 diei
2605 3557 2823 3612 malum.
2875 3559 2991 3628 ipse
3035 3576 3163 3631 ergo
3201 3573 3254 3618 et
3301 3566 3693 3633 prmdestinavit
3731 3575 3771 3619 et

558 3649 761 3720 pietate
807 3659 862 3704 et
905 3650 1192 3706 devotione
1242 3651 1382 3706 scire
1435 3650 1721 3705 voluerunt
1776 3650 1843 3704 ad
1899 3649 2124 3704 salutem
2228 3645 2547 3712 praeparavit
2575 3646 2721 3701 illum
2756 3659 3013 3703 a‘ternum
3042 3651 3236 3720 ignem,
3270 3655 3336 3708 de
3368 3670 3479 3724 quo
3505 3658 3612 3728 ipsa
3646 3652 3769 3712 Veri-

555 3755 733 3797 suam.
778 3741 895 3813 ipse
924 3758 1137 3814 quoque
1162 3744 1332 3813 ipsius
1363 3742 1581 3797 malitiae
1608 3750 1797 3796 auctor
1824 3750 1881 3796 et
1910 3741 2128 3812 instiga.-
2228 3743 2314 3818 tas
2336 3735 2439 3788 ait:
2467 3734 2569 3802 Qui
2590 3748 2807 3806 paratus
2833 3748 2907 3792 est
2934 3740 3143 3795 diabolo
3163 3752 3212 3797 et
3237 3744 3436 3814 angelis
3463 3747 3573 3816 ejus
3589 3743 3767 3818 (Matth.

550 3841 639 3887 tor
669 3832 933 3899 diabolus,
980 3848 1102 3889 eum
1134 3834 1383 3890 omnibus
1410 3833 1733 3890 satellitibus
1766 3834 1881 3888 suis
1920 3834 2126 3904 angelis
2226 3814 2353 3890 ἴξιν,
2398 3826 2521 3898 41);
2562 3836 2617 3882 cl
2658 3829 2722 3883 de
2767 3845 2876 3900 quo
2912 3829 3166 3887 Salomon
3222 3834 3396 3891 dicit:
3432 3814 3629 3891 Parata
3672 3842 3766 3889 sunt

547 3923 840 3978 immundis
882 3931 1043 3992 atque
1097 3923 1365 3980 damnaus
1405 3923 1477 3978 ibi
1526 3922 1687 3979 ﬁnem
1739 3924 1966 3991 accipiet
2011 3939 2126 3981 sua;
2226 3917 2542 3971 derisoribus
2570 3918 2810 3987 judicia,
2846 3933 2892 3974 et
2930 3922 3110 3976 mallei
3143 3927 3489 3993 percutientis:
3526 3929 3765 3984 stultorum

547 4011 882 4083 tyrannidis,
919 4028 1079 4082 quam
1117 4013 1376 4069 adversus
1419 4014 1589 4069 Deum
1629 4021 1685 4067 et
1725 4022 1917 4067 contra
1960 4012 2125 4067 totius
2225 4005 2525 4074 corporibus
2553 4005 2730 4075 (Prov.
2766 4025 2878 4073 χιχ,
2916 4009 3027 4080 29).
3080 4012 3138 4065 Si
3190 4013 3334 4067 enim
3378 4016 3498 4072 haec
3545 4015 3763 4089 supplicia

549 4103 773 4158 humani
790 4104 1002 4174 generis
1025 4104 1257 4159 salutem
1271 4105 1338 4158 ab
1355 4104 1504 4159 initio
1519 4117 1774 4159 exercere
1795 4118 1902 4158 non
1924 4112 2120 4170 cessat,
2224 4091 2404 4180 impiis
2437 4103 2491 4147 ει
2517 4095 2717 4165 iniquis
2738 4112 2767 4151 ιι
2796 4096 3068 4168 9801"le
3088 4099 3269 4168 judice
3294 4105 3661 4174 pmdestinata
3681 4117 3763 4156 non

549 4209 692 4257 cum,
725 4194 865 4249 sicut
888 4194 1146 4264 scriptum
1173 4203 1295 4250 est:
1332 4194 1636 4250 Videnlibus
1657 4196 1853 4251 cunctis
1886 4196 2117 4266 praecipi-

2224 4191 2371 4247 sunt,
2417 4187 2685 4255 quomodo
2726 4188 2790 4241 de
2836 4188 2914 4242 eis
2954 4189 3128 4244 adhuc
3183 4192 3366 4260 utique
3407 4193 3600 4248 futuris
3634 4201 3762 4260 atque

546 4283 744 4339 rabitur
783 4282 905 4354 (Job
948 4300 1039 4349 ιι,
1059 4283 1177 4355 28).
1203 4283 1428 4353 Propter
1446 4286 1560 4340 hmo
1583 4299 1813 4355 namque
1836 4285 2038 4351 omnia,
2067 4293 2123 4342 ei
2224 4275 2468 4329 venturis
2494 4291 2587 4344 per
2612 4275 2826 4331 beatum
2855 4276 3115 4333 Joannem
3148 4280 3199 4333 in
3219 4281 3539 4356 Apocalypsi
3562 4284 3758 4339 dicitur:

543 4374 648 4429 alia
677 4389 796 4444 qua:
819 4374 870 4428 in
895 4374 1117 4429 secretis
1156 4374 1246 4429 Dei
1286 4374 1468 4437 latent,
1499 4374 1548 4427 in
1582 4374 1873 4445 Seripturis
1921 4375 2121 4431 sanctis
2222 4360 2293 4415 El
2334 4363 2707 4418 ενυείίδίηυιιυν
2748 4367 2831 4420 die
2867 4383 2929 4419 (τε
2969 4377 3115 4421 tmte
3155 4369 3210 4423 in
3252 4372 3445 4426 sa'tula
3489 4372 3760 4429 iaculorum

544 4467 709 4522 etiam
755 4466 900 4520 utilis
951 4464 1251 4535 appellatur
1296 4464 1532 4533 infernus
1572 4484 1590 4520 :
1639 4467 1778 4522 sicut
1832 4465 1979 4521 utilis
2034 4473 2112 4521 est

2190 4453 2403 4535 ((Apoc.
2434 4469 2524 4518 xx,
2560 4456 2686 4525 10);
2734 4464 2787 4509 et
2825 4456 3016 4510 iterum
3054 4475 3067 4510 :
3101 4456 3167 4512 Et
3209 4460 3383 4529 fumus
3421 4472 3758 4519 tormentorum

542 4571 701 4625 pmna
731 4556 893 4611 etiam
925 4555 1281 4609 humanarum
1312 4554 1485 4625 legum
1513 4571 1609 4625 per
1634 4571 1793 4624 quam
1830 4555 1979 4610 noxii
2016 4571 2118 4626 pu-
2142 4547 2194 4570 ν
2223 4561 2400 4599 eorum
2424 4547 2663 4600 ascendet
2687 4547 2740 4599 in
2763 4547 2956 4601 sa'cula
2985 4550 3293 4604 sweulorum
3332 4552 3512 4623 (Apoc.
3543 4568 3642 4615 nv,
3668 4548 3755 4618 ll).

542 4647 765 4702 niuntur
799 4654 857 4700 ut
895 4645 1076 4700 ueteri
1110 4645 1163 4699 in
1192 4659 1321 4713 pace
1347 4644 1547 4699 vivant.
1590 4643 1682 4700 Ait
1706 4660 1940 4717 namque
1974 4645 2110 4702 Scri-

2188 4634 2502 4703 iQuomodo
2545 4638 2705 4692 etiam
2741 4638 2928 4694 beatus
2962 4639 3153 4696 Petrus
3182 4643 3246 4697 de
3282 4644 3597 4711 quibusdam
3622 4640 3755 4712 pessi-

539 4744 697 4805 ptura
724 4750 845 4788 cum
876 4734 941 4788 de
970 4734 1151 4804 lingua
1182 4733 1316 4787 mala
1346 4733 1654 4803 loqueretur
1682 4751 1695 4789 :
1728 4735 1795 4789 Et
1844 4736 1987 4790 utilis
2022 4753 2114 4807 ρο-
2222 4726 2326 4781 mis
2354 4727 2484 4781 άίοίῑ
2513 4745 2525 4780 ε
2560 4726 2761 4793 Quill!“
2798 4727 2964 4798 €0,590
2992 4730 3320 4784 tenebrarum
3345 4733 3401 4787 in
3432 4744 3668 4788 a’lernnm
3694 4744 3756 4781 τε·

539 4826 644 4877 tius
670 4824 868 4894 inferas
890 4841 1044 4894 quam
1072 4824 1163 4877 illa
1194 4823 1385 4893 (Eccli.
1414 4840 1602 4889 xxvtu,
1632 4823 1745 4895 25).
2220 4827 2455 4871 servatur
2485 4815 2569 4887 (II
2596 4814 2827 4879 Pen-.11,
2865 4818 2973 4889 l7).
3013 4818 3078 4872 Et
3108 4820 3297 4874 beatus
3324 4820 3491 4876 Judas
3519 4820 3755 4892 apostolus

608 4914 742 4968 Cum
782 4928 910 4982 ergo
966 4923 1073 4968 tam
1121 4916 1265 4985 justa
1308 4924 1361 4969 et
1406 4922 1515 4969 tam
1564 4916 1811 4970 ordinata
1863 4918 1971 4971 sint
2018 4917 2107 4971 illa
2213 4910 2280 4964 de
2304 4908 2506 4963 eisdem
2527 4908 3031 4976 similiteeruibus
3052 4909 3299 4979 procella,
3331 4911 3525 4982 inquit,
3554 4909 3753 4965 tenebra-

534 5011 738 5056 zeterna
797 5003 1053 5071 supplicia
1104 5004 1437 5075 angelorum,
1495 5005 1608 5059 sive
1648 5005 1926 5061 hominum
1959 5006 2109 5061 dam-
2212 5015 2329 5052 Tum
2356 4999 2410 5051 in
2447 5009 2699 5053 anethum
2735 5009 2935 5052 servata
2965 5008 3040 5052 est
3073 4997 3270 5069 (ludia.
3321 5000 3432 5070 l3).
3482 5001 3630 5054 Certe
3658 5009 3751 5051 onl-

539 5103 811 5157 natorum,
859 5110 957 5149 cur
1011 5111 1112 5151 non
1159 5097 1227 5150 sit
1281 5096 1421 5152 Deus
1466 5105 1656 5151 auctor
1714 5097 1945 5153 eorum?
1998 5112 2107 5151 non
2212 5104 2308 5146 nes
2337 5099 2694 5147 consonanter
2716 5090 2947 5145 fatemur
2976 5091 3141 5145 Deum
3165 5092 3571 5160 praedestinasse
3600 5087 3748 5145 omnia

532 5183 678 5253 quod
718 5181 834 5253 ipse
887 5184 955 5237 sit
988 5199 1150 5239 causa
1178 5193 1453 5240 tantorum
1491 5184 1777 5250 malorum,
1829 5186 1921 5241 sed
1962 5185 2106 5256 quod
2214 5199 2333 5253 quae
2370 5185 2483 5253 ipse
2523 5191 2665 5237 esset
2704 5181 2961 5246 facturus,
2990 5190 3046 5238 et
3085 5185 3270 5252 utique
3295 5193 3404 5237 tam
3433 5198 3634 5255 magna,
3660 5189 3745 5233 tam

534 5273 652 5342 ipse
700 5272 772 5326 sit
822 5272 999 5342 justus
1044 5276 1322 5330 ordinatur
1375 5285 1431 5330 et
1472 5275 1637 5345 judex
1699 5277 1968 5347 justorum
1998 5288 2109 5333 tor-
2206 5275 2349 5345 justa
2373 5285 2427 5329 et
2449 5285 2646 5330 aeterna
2672 5274 2870 5343 judicia
2903 5291 3060 5329 nemo
3090 5285 3288 5349 prteter
3330 5277 3501 5346 ipsum
3543 5274 3745 5328 facturus

532 5370 857 5418 mentorum.
928 5365 1032 5419 Aut
1086 5368 1353 5437 quomodo
1409 5382 1514 5422 non
1588 5376 1673 5423 est
1724 5377 1911 5423 auctor
1983 5369 2103 5424 illo—
2212 5377 2314 5422 est.
2353 5366 2410 5421 Si
2432 5383 2560 5438 ergo
2583 5367 2648 5421 ad
2672 5366 2786 5436 ejus
2809 5381 2970 5436 opera
2998 5366 3289 5435 pertinent,
3319 5382 3419 5421 nec
3438 5368 3504 5421 ab
3530 5363 3629 5419 alio
3650 5356 3742 5415 fieri

534 5467 653 5508 runt
708 5453 1111 5523 suppliciorum,
1178 5457 1242 5512 de
1304 5472 1411 5525 quo
1463 5456 1743 5512 manifeste
1804 5458 1859 5512 in
1921 5458 2105 5539 _Evan-
2211 5468 2454 5531 possunt,
2492 5468 2695 5514 certum
2726 5465 2808 5512 est
2832 5456 3050 5511 omnino
3074 5470 3175 5511 nec
3200 5455 3432 5512 dubitari
3457 5455 3605 5510 debet
3626 5443 3741 5520 quod

530 5545 669 5616 gelio
712 5546 908 5602 dicitur
957 5565 969 5601 :
1028 5547 1130 5613 Qui
1186 5558 1349 5619 potest
1408 5558 1455 5601 et
1512 5551 1741 5605 animam
1806 5560 1853 5604 et
1920 5566 2106 5619 corpus
2209 5549 2383 5618 ipsum
2427 5547 2627 5603 habent
2664 5546 3189 5613 oraedestinatorem,
3217 5560 3375 5616 quem
3404 5553 3658 5601 auctorem
3677 5545 3739 5592 al-

540 5635 749 5706 perdere
794 5638 848 5691 in
887 5639 1173 5708 gehennam
1216 5637 1365 5707 (Luc.
1402 5654 1499 5701 xu,
1549 5639 1641 5709 5);
1675 5648 1728 5694 et
1771 5655 1785 5693 :
1828 5640 1930 5705 Qui
1974 5651 2113 5711 posl-
2210 5651 2313 5708 que
2352 5636 2629 5691 factorem.

484 5752 493 5757 -
530 5742 683 5789 quam
712 5728 957 5782 occiden’t
976 5769 988 5791 ,
1022 5727 1168 5781 habet
1201 5739 1496 5796 potestatem
1527 5730 1725 5783 mittere
1748 5726 1797 5782 in
1821 5730 2103 5798 gehennam
2281 5728 2430 5796 Quod
2462 5728 2504 5783 si
2543 5729 2640 5783 iste
2666 5735 2943 5797 propterea
2967 5727 3092 5782 dicit
3120 5742 3224 5782 non
3255 5740 3373 5783 esse
3397 5727 3555 5783 Deum
3579 5724 3732 5777 ευϐῑο·

577 5948 611 5958 ο
