3970 6306
167 363 279 421 217
1144 356 1344 414 LIBER
1378 355 1744 415 ADVERSUS
1779 355 2091 414 JOANNEM
2131 356 2430 433 SCOTUM.
3319 360 3427 420 218

170 491 292 531 rem
316 473 572 531 factorem
597 452 974 544 suppliciorum
994 469 1140 539 quia,
1162 477 1222 524 ut
1242 470 1424 524 dicere
1445 468 1598 535 solet,
1621 482 1742 539 sup-
1773 471 1823 531 Α
1852 466 1906 523 in
1931 469 2107 539 aliqua
2135 469 2452 536 afﬂictione,
2495 475 2787 536 tormento,
2833 477 2994 543 atque
3020 471 3305 543 supplicio,
3338 475 3427 531 vel

166 566 394 637 plicium
435 565 567 620 nihil
598 573 679 619 est
697 604 713 628 ,
741 562 867 633 quia
893 561 1269 624 substantiam,
1299 568 1352 614 et
1379 566 1624 614 naturam
1652 574 1751 630 per
1856 559 2136 628 temporali
2160 560 2244 614 vel
2290 569 2512 625 aeterno,
2549 559 2672 630 quia
2702 561 2836 627 haec,
2864 561 3004 617 sicut
3025 560 3305 633 Scriptura
3330 565 3427 621 do-

169 672 236 713 se
275 656 559 723 esistendi,
581 664 635 709 et
667 654 991 710 subsistendi
1015 669 1119 709 non
1139 653 1332 720 habet,
1351 654 1490 709 sicut
1510 668 1609 709 nec
1632 668 1750 708 ma-
1851 657 1961 714 cet,
1992 650 2060 703 ab
2086 650 2204 719 ipso
2234 659 2380 715 sunt,
2428 659 2483 706 et
2507 650 2625 719 ejus
2646 650 2849 721 judicio
2870 652 3228 722 disponuntur
3261 664 3426 725 atque

167 747 287 801 lum
307 787 323 811 ,
350 761 447 802 nec
479 755 785 817 peccatum,
810 760 909 799 nec
928 759 1104 809 mors;
1128 752 1183 798 et
1202 744 1321 799 ideo
1342 759 1448 798 non
1466 744 1752 813 potuissea
1849 730 2173 806 inferuntur,
2229 739 2513 797 manifeste
2542 750 2599 797 et
2648 751 2836 797 auctor
2863 753 2950 799 est
2998 752 3056 799 et
3081 745 3428 815 praedestina-

169 836 759 905 Deoprazdestinarica
785 848 903 904 qua:
923 832 1465 888 substantialiternon
1480 833 1747 887 existunt:
1852 839 1959 894 tor,
1987 829 2113 899 quia
2160 839 2215 885 et
2257 831 2528 900 prtescivit
2570 847 2634 888 ea
2677 831 2884 900 futura,
2918 841 2974 889 et
3023 834 3429 904 prmdestinavit

168 923 653 978 contradicendum
680 923 730 977 ei
760 930 1071 977 constanter
1096 922 1210 991 ipsa
1236 922 1314 976 rei
1347 920 1750 993 evidentissima
1844 918 1991 989 juste
2019 919 2282 976 facienda.
2339 922 2469 989 Quae
2505 939 2625 979 cum
2670 925 2746 978 ita
2796 924 2928 991 sint,
2955 925 3090 980 nihil
3132 926 3240 997 egit
3267 925 3428 981 istam

167 1017 425 1077 veritate,
460 1015 586 1083 quia
627 1013 875 1069 videlicet
915 1014 1056 1068 istud
1094 1003 1317 1069 verbum
1365 1015 1507 1084 quod
1554 1014 1753 1069 dicitur

168 1104 496 1173 supplicium
541 1120 644 1158 non
675 1103 938 1173 signiﬁcet
966 1104 1202 1173 aliquam
1238 1120 1350 1159 rem
1391 1105 1474 1159 vel
1502 1114 1750 1160 naturam

168 1194 574 1259 subsistentem,
599 1195 737 1249 sicut
763 1195 1064 1265 signiﬁcant
1086 1211 1205 1251 cum
1232 1197 1459 1252 dicimus
1483 1216 1495 1252 :
1519 1197 1747 1264 Caelum,

171 1291 344 1349 terra,
372 1298 558 1338 mare:
581 1285 694 1339 haec
716 1285 858 1339 enim
888 1286 1140 1341 continuo
1161 1286 1421 1355 quasdam
1448 1302 1625 1341 rerum
1655 1303 1753 1341 na-

168 1380 326 1426 turas
359 1388 455 1427 sua
476 1373 865 1443 significatione
888 1375 1275 1429 demonstrant.
1308 1374 1458 1430 Licet
1491 1391 1619 1447 ergo
1648 1378 1749 1432 hoc

166 1461 317 1530 quod
360 1462 558 1517 dicitur
602 1462 942 1532 supplicium,
993 1480 1098 1520 non
1145 1464 1412 1536 signiﬁcet
1458 1466 1562 1522 isto
1591 1466 1749 1521 modo

166 1551 408 1622 aliquam
437 1566 548 1606 rem
594 1567 697 1621 per
722 1568 781 1607 se
808 1552 1211 1620 subsistentem,
1265 1561 1441 1609 tamen
1481 1554 1747 1624 signiﬁcat

166 1640 389 1711 aliquod
412 1642 612 1712 goande
635 1642 859 1709 malum,
886 1643 1032 1714 quod
1054 1658 1151 1714 per
1176 1641 1530 1700 subsistentes
1573 1645 1749 1715 agitur

164 1740 398 1786 naturas
420 1747 620 1787 rerum.
663 1732 739 1787 ita
764 1748 883 1788 cum
914 1733 1113 1788 nullam
1141 1735 1222 1789 sui
1266 1735 1461 1790 habeat
1491 1736 1745 1791 substan-

1852 1010 2205 1066 differentiam
2228 1012 2295 1067 ad
2321 1013 2552 1067 medium
2581 1014 2910 1079 deducendo,
2937 1015 3042 1070 nisi
3064 1023 3124 1069 ut
3142 1015 3429 1072 veritatem

1850 1109 2091 1171 negaret,
2123 1110 2178 1157 et
2201 1117 2351 1157 suam
2381 1104 2703 1174 imperitiam
2730 1106 3146 1162 demonstraret.

1922 1191 2074 1259 Quod
2119 1207 2249 1248 vero
2299 1194 2420 1248 ait:
2474 1193 2629 1248 Hanc
2660 1195 3010 1264 (ti/ferentium
3062 1197 3251 1251 divina:
3293 1212 3430 1267 pra-

1850 1281 2080 1334 scientia:
2104 1290 2152 1335 et
2181 1282 2655 1352 pra'destinationis
2677 1300 2778 1337 non
2802 1299 2911 1339 esse
2931 1300 2997 1339 ea:
3017 1294 3233 1351 natura,
3254 1284 3344 1340 sed
3364 1300 3430 1339 ea;
3498 1271 3509 1281 ’

1804 1444 1813 1455 .
1850 1387 1951 1424 usu
1980 1369 2319 1435 locutionum,
2352 1372 2507 1427 nobis
2533 1373 2723 1428 melius
2745 1383 2799 1429 et
2838 1375 3018 1429 verius
3045 1375 3258 1430 videtur
3284 1375 3428 1447 quod

1850 1476 1917 1515 ex
1943 1469 2132 1514 natura
2170 1469 2224 1514 et
2246 1462 2538 1516 secundum
2559 1470 2807 1518 naturam
2839 1463 2947 1530 sit;
2976 1464 3100 1534 quia
3122 1465 3225 1519 etsi
3249 1465 3301 1519 in
3325 1464 3426 1520 Dei

1849 1560 2042 1604 natura
2087 1568 2102 1603 :
2156 1550 2320 1605 Nulla
2366 1561 2440 1606 est
2488 1555 2878 1621 transmutatio,
2925 1554 3004 1608 vel
3056 1555 3428 1612 vicissitudinis

1851 1641 2178 1697 obumbratio
2218 1643 2357 1713 (Jac.
2382 1659 2421 1708 ι,
2447 1641 2556 1714 17),
2588 1655 2646 1699 ιιι
2694 1645 2840 1701 aliud
2889 1648 2959 1702 sit
2992 1647 3041 1702 ei
3079 1648 3239 1715 scire,
3281 1649 3428 1704 aliud

1848 1734 2127 1801 prtescire,
2168 1734 2309 1787 aliud
2341 1734 2762 1804 praedestinare;
2814 1737 2906 1791 sed
2935 1753 3042 1792 una
3096 1746 3151 1793 et
3194 1738 3427 1809 simplici

164 1824 328 1888 tiam,
355 1824 618 1894 signiﬁcat
643 1833 820 1880 tamen
859 1825 987 1880 illud
1014 1827 1155 1894 quod
1189 1842 1291 1881 non
1330 1827 1432 1881 nisi
1463 1843 1557 1897 per
1584 1842 1669 1882 res
1692 1836 1746 1882 et
1776 1816 1827 1909 Β.
1849 1833 1904 1878 ct
1928 1834 2128 1879 :eterna
2160 1826 2385 1880 scicntia
2408 1842 2502 1881 sua
2533 1835 2702 1881 totum
2734 1829 2893 1883 simul
2913 1838 2969 1883 et
2993 1831 3275 1900 aequaliter
3299 1846 3429 1886 con-

163 1916 506 1971 substantias
534 1916 829 1971 existentes
871 1915 1136 1983 efﬁcitur;
1189 1918 1331 1973 sicut
1357 1926 1411 1973 et
1461 1919 1573 1987 ipsa
1602 1933 1747 1973 mors

163 2017 298 2058 cum
319 2003 736 2075 dicitur,utique
756 2004 955 2060 nullam
978 2005 1060 2060 Sui
1079 2007 1431 2062 substantiam
1449 2007 1746 2078 signiﬁcat;

163 2097 300 2164 quia
345 2104 593 2150 naturam
644 2111 740 2167 per
782 2112 840 2152 se
881 2098 1205 2153 subsistendi
1256 2115 1361 2153 non
1397 2101 1595 2155 habet:
1646 2102 1750 2158 hoc

166 2192 351 2240 tamen
374 2187 590 2242 nomine
614 2187 947 2257 signiﬁcatur
962 2196 1017 2242 et
1040 2189 1353 2260 intelligitur
1375 2191 1749 2260 gravissimum

160 2274 393 2341 malum,
419 2276 558 2345 quod
581 2276 634 2330 in
658 2277 1095 2343 substantiamm,
1125 2278 1177 2333 id
1205 2287 1287 2332 est
1336 2279 1527 2334 animae
1554 2286 1610 2334 et
1631 2294 1751 2334 cor-

164 2364 324 2433 poris
371 2364 673 2429 divisione,—
703 2365 1064 2434 cognoscitur.
1115 2366 1191 2420 ita
1217 2367 1555 2435 omnipotens
1606 2366 1749 2422 Deus

163 2450 516 2519 supplicium,
545 2452 689 2521 quod
732 2467 839 2507 non
881 2453 1282 2521 praedestinavit
1305 2464 1362 2509 ut
1414 2455 1669 2510 existeret
1693 2455 1747 2509 in

164 2547 364 2593 natura
388 2539 469 2593 sui
498 2540 896 2609 praedestinavit
915 2551 1092 2596 tamen
1114 2543 1167 2596 in
1192 2542 1400 2597 naturis
1425 2550 1478 2597 et
1499 2541 1747 2597 substan-

164 2628 266 2684 tiis
294 2644 422 2684 vere
469 2630 846 2696 existentibus,
883 2632 1077 2701 quibus
1118 2641 1325 2687 tantum
1355 2634 1577 2699 malum,
1605 2635 1748 2704 quod

164 2716 268 2771 illo
291 2719 511 2773 nomine
541 2719 875 2790 signiﬁcatur
905 2729 961 2776 et
986 2721 1318 2793 intelligitur,
1362 2738 1491 2778 vere
1533 2732 1589 2778 et
1616 2724 1745 2779 sub-

163 2806 496 2862 stantialiter
523 2808 829 2863 exhibetur.

239 2901 299 2954 2.
324 2901 465 2956 Dicit
506 2911 646 2972 post-
677 2903 828 2958 hmc:
870 2902 1393 2960 Praedestinationem
1449 2906 1543 2961 Dei
1577 2906 1644 2961 ad
1684 2925 1746 2962 ea

163 3000 377 3045 tantum
403 3008 523 3061 qua:
549 2993 603 3046 in
629 2995 761 3046 bono
788 3003 931 3059 sunt,
961 2995 1341 3064 prwscientiam
1378 3013 1494 3050 vero
1523 2996 1591 3049 ad
1613 2998 1746 3051 bona

156 3081 413 3151 malaque
434 3095 453 3133 :
480 3098 636 3153 quam
684 3083 1031 3152 sti/ferentium
1062 3101 1163 3139 non
1185 3102 1249 3140 ea:
1272 3097 1460 3140 natura
1499 3103 1625 3150 esse,
1656 3088 1746 3142 sed

1852 1916 2007 1979 tinet,
2040 1916 2178 1983 quod
2203 1916 2256 1969 in
2284 1918 2442 1971 rebus
2471 1918 2856 1988 temporalibus
2881 1921 3095 1976 diverso
3131 1923 3291 1977 modo
3311 1921 3429 1994 agi—

1852 2013 1942 2059 tur
1960 2014 2015 2060 et
2039 2006 2361 2061 exhibetur:
2396 2015 2571 2061 tamen
2599 2022 2721 2062 cum
2745 2010 2874 2073 haec,
2906 2009 2958 2064 id
2983 2018 3066 2065 est
3086 2011 3428 2080 praescientia

1851 2101 1905 2148 et
1934 2092 2331 2161 praedestinatio
2355 2094 2469 2159 Dei,
2498 2095 2774 2152 verissime
2815 2098 2882 2152 ad
2908 2108 3278 2153 creaturarum
3308 2097 3428 2168 ejus

1851 2192 2050 2238 statum
2093 2195 2149 2240 et
2198 2187 2597 2256 dispositionem
2656 2190 2961 2247 referantur
2993 2234 3008 2259 ,
3068 2193 3427 2249 differentiam

1851 2273 2083 2342 aliquam
2136 2276 2188 2329 in
2233 2276 2333 2330 Dei
2375 2286 2572 2333 aeterna
2621 2287 2675 2333 et
2726 2281 3149 2337 incommutabili
3203 2283 3427 2338 scientia

1850 2378 1955 2417 non
1986 2365 2202 2430 habent,
2234 2366 2358 2435 quia
2391 2375 2561 2422 totum
2591 2369 2666 2423 ibi
2718 2386 2827 2425 una
2852 2379 2907 2427 et
2935 2372 3163 2443 simplex
3199 2373 3426 2427 scientia

1849 2462 1951 2518 est,
1978 2470 2077 2509 nec
2107 2455 2439 2525 temporibus
2469 2458 2700 2525 variata,
2742 2476 2843 2515 nec
2887 2475 3069 2515 rerum
3113 2462 3427 2518 diversitate

1849 2554 2091 2600 mutata:
2140 2546 2304 2601 habet
2333 2558 2512 2601 tamen
2544 2564 2686 2615 eam,
2744 2551 2797 2605 id
2837 2558 2922 2606 est
2972 2551 3325 2607 differentiam
3370 2552 3427 2607 in

1849 2634 2010 2689 rebus
2040 2636 2407 2704 temporaliter
2445 2639 2869 2705 transeuntibus,
2920 2641 3044 2695 dum
3094 2641 3147 2694 in
3196 2641 3276 2695 eis
3318 2640 3425 2695 alia

1849 2735 1974 2779 sunt
1995 2728 2277 2795 praesentia
2323 2727 2406 2780 vel
2436 2729 2728 2797 pnctcrita,
2778 2730 2868 2785 ubi
2919 2731 3186 2785 humanus
3234 2744 3426 2786 sensus

1848 2816 2066 2885 proprie
2088 2816 2331 2885 agnoscit
2358 2816 2665 2880 scientiam,
2716 2818 2819 2871 alia
2849 2834 2979 2874 vero
3004 2817 3201 2884 futura,
3231 2820 3426 2888 quibus

1849 2901 2064 2973 proprie
2091 2903 2483 2972 praescientiam
2511 2904 2595 2957 vel
2621 2907 3146 2973 praedestinationem
3175 2906 3427 2977 intelligit

1850 2995 2157 3049 convenire.
2176 2995 2244 3048 Et
2282 2996 2404 3064 «ptia
2428 2995 2480 3048 in
2507 2996 2637 3064 ipsis
2659 2996 2856 3051 futuris
2873 2998 2976 3052 alia
2997 2998 3236 3053 occurrit
3255 2999 3430 3054 diver-

1851 3086 2320 3154 sitas,utqu:edam
2336 3086 2444 3139 sint
2457 3085 2862 3156 bona,qu:edam
2876 3103 3005 3143 vero
3019 3087 3181 3152 mala,
3210 3103 3428 3143 rursum

160 3186 236 3225 es
252 3186 353 3226 usu
380 3170 718 3226 locutionum.
748 3172 899 3228 Hanc
922 3172 1277 3228 differentiam
1317 3176 1667 3244 praescientia:
1689 3187 1746 3231 et
1772 3156 1817 3220 α
1849 3181 1950 3236 alia
1966 3180 2537 3247 occurritdiﬁ‘erentia,
2553 3182 3246 3252 utseilicetprmdestinatio
3262 3197 3429 3253 agno—
3452 3178 3461 3187 ’

159 3262 662 3333 pmdestinationis
683 3263 800 3329 Dei,
824 3263 970 3333 quia,
996 3272 1057 3317 ut
1083 3264 1273 3320 Patres
1292 3266 1462 3320 sancti
1487 3281 1607 3321 eam
1639 3275 1771 3327 tra-,

160 3352 442 3417 diderunt,
469 3360 523 3407 et
558 3351 671 3422 ipsa
718 3354 919 3407 veritas
946 3368 1192 3409 veracem
1240 3369 1362 3409 esse
1392 3355 1745 3422 demonstrat,

160 3442 356 3512 utique
378 3451 623 3497 tenemus
645 3451 700 3497 et
724 3443 1116 3513 amplectimur.
1144 3444 1297 3511 Quod
1318 3445 1566 3501 videlicet
1584 3447 1744 3513 Deus,

159 3533 431 3603 praescius
448 3533 687 3587 omnium
716 3532 1043 3598 futurorum,
1062 3534 1245 3588 omnia
1266 3536 1592 3591 :eternaliter
1611 3551 1750 3605 pra:-

159 3622 356 3677 scierit
379 3636 498 3691 qua:
546 3629 703 3677 erant
748 3621 951 3687 futura,
982 3622 1036 3677 id
1081 3632 1165 3677 est
1218 3631 1275 3678 et
1320 3623 1460 3679 bona
1489 3634 1545 3679 et
1568 3625 1744 3691 mala;

161 3712 633 3783 pmdestinaverit
650 3725 782 3766 vero
810 3712 1138 3767 mternaliter
1172 3713 1287 3767 sola
1309 3714 1448 3769 bona
1486 3730 1606 3785 qua:
1634 3714 1749 3784 ipse

161 3811 290 3856 erat
316 3800 577 3866 facturus,
609 3800 723 3855 sive
769 3801 999 3870 gratuita
1037 3801 1409 3857 misericordia
1458 3818 1582 3868 sua,
1635 3803 1749 3858 sive

155 3892 315 3961 justo
358 3892 563 3962 judicio
587 3905 705 3945 suo.
739 3890 809 3944 Et
841 3890 962 3946 ideo
1006 3892 1308 3946 rectissime
1355 3892 1747 3961 praescientiam

162 3981 270 4035 Dei
294 3990 351 4035 et
380 3980 436 4034 in
467 3980 622 4035 bonis
648 3989 703 4035 et
730 3979 783 4033 in
810 3979 967 4035 malis
1010 3980 1233 4051 intelligi
1264 3997 1278 4046 ;
1323 3981 1747 4050 praedestinatio-

160 4087 295 4127 nem
324 4086 452 4126 vero
480 4071 535 4125 in
557 4070 687 4126 solis
710 4069 867 4125 bonis
882 4080 937 4125 et
948 4069 1135 4139 justis,
1158 4087 1279 4142 quae
1306 4072 1419 4142 ipse
1440 4086 1546 4127 non
1573 4072 1747 4128 solum

159 4164 463 4235 prmscivit,
492 4164 587 4218 sed
613 4164 774 4218 etiam
799 4163 1008 4227 statuit,
1034 4163 1341 4233 praeflnivit,
1370 4172 1531 4234 atque
1555 4165 1747 4221 decre-

161 4258 250 4311 vit
274 4256 474 4310 futura.
516 4255 620 4310 Iste
662 4264 842 4309 tamen
889 4256 1030 4310 hanc
1060 4254 1417 4309 differentiam
1458 4264 1747 4324 propterea

163 4355 587 4412 commemorat,
607 4354 667 4401 ut
687 4345 857 4400 Deum
885 4346 1024 4399 mala
1046 4346 1301 4415 praescire
1324 4347 1586 4416 potuisse,
1610 4362 1747 4417 pra:-

163 4437 449 4494 destinare
478 4445 657 4490 autem
702 4451 809 4490 non
841 4435 1079 4504 potuisse
1102 4436 1410 4501 contendat,
1458 4451 1563 4490 non
1591 4437 1743 4491 intel-

1846 3282 2028 3328 scatur
2041 3273 2092 3326 in
2110 3272 2238 3327 solis
2257 3273 2432 3338 bonis,
2447 3274 2780 3343 praescieutia
2796 3289 2924 3328 vero
2937 3274 2990 3328 in
3003 3275 3247 3343 utrisque
3270 3272 3431 3328 intel-

1847 3364 2065 3434 ligatur,
2091 3364 2143 3418 id
2166 3371 2248 3418 cst
2273 3364 2427 3418 bonis
2454 3372 2509 3417 et
2536 3363 2709 3419 malis.
2735 3364 2812 3418 lta
2835 3365 2949 3419 haec
2972 3362 3269 3419 differentia
3290 3376 3430 3433 prm-

1849 3453 2090 3507 scientia:
2116 3462 2172 3506 et
2199 3452 2686 3521 praedestinationis
2706 3492 2720 3518 ,
2759 3453 2861 3506 etsi
2893 3468 2997 3507 nou
3028 3460 3111 3507 est
3138 3466 3205 3507 ex
3234 3459 3428 3505 natura

1846 3541 1931 3596 vel
1960 3542 2252 3596 secundum
2286 3550 2536 3595 naturam
2574 3540 3027 3597 incommutabilis
3060 3540 3309 3606 deitatis,
3343 3548 3429 3595 est

1851 3639 2030 3686 tamen
2054 3639 2107 3686 et
2126 3632 2437 3702 agnoscitur
2461 3646 2581 3685 esse
2603 3647 2666 3686 es
2701 3641 2896 3685 natura
2926 3640 2982 3686 et
3015 3630 3306 3686 secundum
3330 3645 3429 3684 na-

1850 3731 2026 3776 turam
2052 3722 2488 3776 administranda:
2515 3731 2569 3777 et
2596 3723 2937 3791 disponendae
2960 3730 3223 3777 creatura:
3246 3727 3426 3774 muta-

1848 3811 1991 3866 bilis.
2023 3811 2103 3866 De
2131 3826 2234 3881 qua
2265 3826 2324 3865 re
2356 3812 2518 3866 etiam
2549 3812 2816 3881 superius,
2863 3811 2917 3865 id
2965 3820 3049 3865 est
3089 3811 3144 3865 in
3189 3811 3427 3866 secundo

1848 3902 2008 3973 hujus
2054 3902 2429 3972 disputationis
2473 3903 2744 3972 capitulo,
2799 3902 3007 3972 plenius
3056 3903 3322 3969 diximus;
3373 3912 3430 3957 et

1848 3993 1971 4049 ideo
1999 3993 2303 4049 nullatenus
2328 3994 2568 4063 patimur
2592 3994 2696 4049 ista
2728 4009 2847 4064 quae
2879 4003 2988 4049 tam
3016 4003 3161 4050 recte
3189 4003 3243 4050 et
3271 4009 3429 4049 vera-

1848 4086 1982 4141 citer
2008 4086 2120 4140 suis
2150 4085 2568 4156 proprietatibus
2590 4093 2716 4140 sunt
2739 4085 2990 4140 distincta
3010 4127 3026 4150 ,
3063 4094 3117 4140 et
3161 4087 3234 4140 ita
3259 4086 3426 4140 nobis

1847 4189 1877 4230 a
1900 4163 2150 4231 Patribus
2171 4175 2385 4239 tradita,
2419 4174 2577 4230 ullius
2605 4191 2743 4231 nova
2773 4177 3190 4246 praesumptione
3219 4176 3425 4231 turbari

1849 4275 2011 4335 atque
2035 4264 2287 4321 confundi
2318 4282 2331 4319 :
2360 4276 2417 4319 ut
2437 4264 2726 4320 indiscrete
2754 4275 2810 4321 et
2833 4268 3052 4321 confuse
3077 4267 3270 4337 aliquis
3291 4282 3429 4336 prae-

1849 4369 2026 4417 sumat
2052 4359 2251 4423 dicere,
2285 4358 2426 4412 sicut
2453 4358 2555 4413 iSte
2580 4359 2757 4424 dicit,‘
2778 4374 2993 4414 omnem
3028 4358 3424 4429 praescientiam

1771 4497 1823 4556 Β
1847 4448 2353 4519 praedestinationen
2376 4463 2515 4513 esse,
2541 4449 2684 4518 quod
2714 4459 2799 4505 est
2823 4449 3160 4518 apertissime
3179 4447 3429 4517 blaspheo

163 4527 349 4597 ιὶεθιιε
388 4526 533 4579 mam
568 4523 920 4580 differentiam
955 4524 1079 4578 m3“
1126 4539 1289 4594 quam
1337 4525 1449 4593 iam
1495 4526 1744 4595 Superius
1771 4523 1825 4591 u.
1850 4554 2027 4604 mum;
2061 4545 2138 4603 ut,
2170 4553 2289 4593 cum
2319 4540 2572 4607 praescire
2601 4540 2769 4608 possit
2796 4540 2936 4593 Deus
2963 4538 3127 4592 etiam
3153 4536 3315 4602 mala,
3338 4551 3425 4602 ea,

163 4614 670 4671 eommendavimus
712 4630 727 4680 ;
777 4613 921 4683 quod
961 4613 1186 4679 scilicet,
1233 4613 1377 4667 aliud
1431 4613 1504 4669 sit
1544 4613 1745 4668 malum

166 4706 506 4764 contrarium
533 4706 695 4770 lieno,
725 4706 867 4775 quod
891 4714 975 4761 est
1008 4707 1194 4776 utique
1219 4706 1432 4761 vitium.
1455 4720 1554 4761 nec
1582 4705 1745 4761 habet

167 4809 452 4855 auctorem
476 4797 682 4851 Deum:
730 4796 875 4851 aliud
916 4812 1045 4853 vero
1073 4798 1293 4864 malum,
1326 4798 1466 4868 quod
1494 4808 1578 4853 est
1622 4813 1747 4853 con-

168 4891 405 4944 trarium
425 4888 565 4958 paci,
595 4888 783 4957 quieti,
816 4888 898 4943 vel
920 4889 1161 4955 sanitati,
1190 4890 1332 4959 quod
1361 4905 1634 4960 nunquam
1656 4906 1745 4946 ac-

169 4981 305 5036 cidit
328 4979 431 5035 nisi
459 4979 568 5033 Deo
593 4987 813 5034 auctore
837 4988 892 5034 et
931 4977 1110 5046 judice
1134 4996 1148 5043 ;
1198 4981 1338 5034 sicut
1373 4980 1488 5050 ipse
1514 4980 1748 5049 loquitur

169 5088 268 5145 per
317 5072 688 5142 prophetam:
741 5070 855 5141 Ego
906 5070 1160 5124 Dominus
1216 5070 1421 5139 faciens
1463 5086 1643 5140 pacem
1699 5080 1747 5125 et

170 5180 359 5218 creans
383 5163 583 5217 malum
623 5162 757 5233 (lsa.
787 5178 909 5227 xcv,
936 5161 1014 5232 7).
1047 5161 1200 5217 Unde
1220 5169 1277 5217 et
1318 5161 1449 5216 illud
1472 5169 1559 5217 est
1608 5163 1749 5231 apud

171 5254 340 5307 alium
371 5255 734 5324 prophetam:
785 5251 844 5307 Si
870 5253 972 5307 erit
1014 5252 1213 5305 malum
1248 5252 1305 5305 in
1354 5252 1578 5319 civitate,
1608 5252 1748 5324 quod

170 5344 434 5399 Dominus
456 5361 560 5399 non
587 5344 766 5414 fecerit
814 5343 995 5415 (Amos
1021 5359 1104 5407 nt,
1127 5342 1203 5414 6).
1246 5342 1315 5397 Et
1333 5342 1531 5397 iterum
1557 5361 1573 5397 :
1598 5342 1747 5398 Bona

170 5445 221 5488 et
244 5435 407 5500 mala,
445 5436 549 5488 vita
577 5443 625 5487 et
668 5450 830 5497 mors,
871 5442 1150 5501 paupertas
1178 5440 1227 5486 et
1275 5433 1540 5498 honestas,
1580 5450 1613 5485 α
1644 5431 1749 5486 Deo

172 5536 296 5579 sunt
311 5525 501 5596 (Eccli.
524 5541 601 5590 xi,
632 5525 739 5593 ll).
767 5525 911 5581 Illius
933 5526 1111 5595 itaque
1130 5525 1255 5580 mali
1275 5527 1416 5596 quod
1438 5526 1750 5597 intelligitur

173 5615 229 5667 in
269 5615 400 5669 vitio
438 5614 521 5670 vel
551 5624 793 5685 peccato,
846 5631 951 5669 non
993 5623 1081 5670 est
1125 5617 1535 5686 prtedestinator
1589 5616 1745 5685 Deus,

174 5708 298 5778 quia
326 5722 425 5763 nec
451 5717 676 5764 auctor:
723 5707 881 5777 hujus
906 5716 1083 5764 autem
1114 5708 1239 5765 mali
1266 5708 1408 5781 quod
1436 5709 1747 5780 intelligitur

1851 4627 2005 4697 quod-
2030 4627 2203 4693 absit,
2250 4628 2665 4698 praedestinasse
2712 4627 2939 4681 dicatur.
2989 4622 3244 4690 Quamiris
3285 4638 3429 4693 prte-

1852 4717 2159 4780 destinatio,
2201 4718 2324 4787 quia
2365 4732 2470 4770 non
2506 4725 2589 4771 est
2626 4717 2742 4771 sine
2774 4714 3143 4784 praescientia,
3179 4727 3285 4767 non
3326 4712 3422 4768 ab-

1852 4806 2013 4863 surde
2044 4808 2213 4876 possit
2244 4807 2347 4862 dici
2375 4808 2535 4861 etiam
2562 4805 2919 4876 prmscientia.

1920 4896 1974 4951 5.
2017 4896 2120 4952 Iste
2147 4909 2356 4960 tamen,
2396 4903 2457 4950 ut
2496 4910 2599 4949 non
2639 4909 2705 4949 ex
2743 4909 2921 4949 rerum
2960 4893 3189 4948 veritate
3221 4900 3277 4948 et
3304 4907 3431 4964 pro-

1851 4990 2100 5059 prietate,
2132 4989 2225 5043 sed
2255 4986 2628 5042 tantummodo
2657 5001 2725 5040 ex
2768 5001 2867 5040 usu
2910 4985 3193 5040 locutionis
3230 4993 3430 5040 nostra:

1855 5080 1995 5135 hanc
2023 5078 2377 5136 differentiam
2407 5079 2593 5133 venire
2620 5078 2928 5144 contendat,
2949 5077 3221 5149 subiungit
3240 5070 3425 5132 exem-

1852 5170 1999 5241 plum
2028 5186 2136 5226 sua:
2161 5164 2442 5225 assertioni
2469 5168 2823 5235 contrarium,
2854 5178 2907 5225 et
2932 5170 3063 5225 dicit
3087 5188 3100 5225 :
3132 5170 3277 5224 Sicut
3302 5179 3349 5223 et
3374 5168 3429 5223 id

1852 5262 1992 5332 quod
2024 5262 2219 5316 dicitur
2243 5260 2410 5323 Deus,
2451 5260 2640 5330 ubique
2673 5276 2785 5313 esse
2819 5262 3093 5331 prtesentia
3126 5258 3426 5330 potestatis,

1858 5351 1947 5405 sed
1978 5368 2080 5406 non
2110 5351 2299 5421 ubique
2322 5351 2493 5417 gratia
2519 5349 2855 5405 habitationis
2882 5367 2901 5405 :
2930 5351 3004 5404 ita
3041 5350 3145 5403 dici
3180 5362 3329 5419 posse
3365 5349 3430 5403 de

1857 5457 1918 5495 eo
1958 5442 2146 5512 ubique
2183 5440 2538 5511 prtescientia,
2585 5442 2674 5494 sed
2719 5457 2824 5496 non
2862 5443 3051 5513 ubique
3090 5441 3429 5511 pra’destina-

1858 5534 1998 5586 tione
2021 5548 2042 5586 :
2066 5548 2183 5585 cum
2221 5531 2541 5601 apertissime
2587 5533 2776 5587 veritas
2812 5532 2996 5587 clamet
3034 5533 3097 5586 de
3133 5530 3285 5585 Deo:
3317 5530 3433 5584 ubi-

1858 5640 2060 5693 cunque
2097 5623 2239 5677 Deus
2264 5623 2420 5693 fuerit
2452 5625 2751 5695 praesentia,
2790 5626 2863 5679 ibi
2894 5623 3128 5695 profecto
3153 5623 3250 5677 erit
3278 5621 3428 5675 habi-

1857 5714 2071 5769 tatione.
2103 5712 2361 5771 Similiter
2394 5714 2686 5786 ubicunque
2734 5716 2892 5785 fuerit
2936 5714 3295 5787 priescieutia,
3341 5728 3430 5765 mt-
