3970 6306
622 345 735 410 919

1722 335 1926 393 FLORI
1967 334 2238 394 DIACONI
2271 329 2752 391 LUGDUNENSIS

3735 343 3810 400 ﬁll

630 461 854 521 cessario
897 460 994 517 erit
1038 455 1508 532 prcedestinatione.
1558 452 1697 506 Ecce
1747 449 2009 513 allirmat,
2055 449 2198 516 quod
2226 449 2276 508 A
2304 445 2524 500 ditionis
2552 444 2838 508 ell'ectum,
2869 429 3498 513 aliquandoinhahitare
3529 463 3546 502 :
3585 448 3710 505 sicut
3736 453 3814 523 ipse

631 554 753 611 hac
796 550 1044 618 religiosa
1089 547 1286 603 locutio
1329 540 1706 623 ecciesiasticm
1761 538 2089 606 disciplinae,
2134 544 2195 589 ut

635 643 995 712 distinguatur
1021 647 1076 694 et
1102 637 1453 695 discernatur,
1481 638 1536 684 et
1563 631 1773 683 dicatur
1810 644 1839 680 a
1886 626 2039 681 nobis
2071 624 2198 694 quia

634 734 779 789 Deus
803 731 1002 799 ubique
1029 736 1114 782 est
1140 741 1234 795 per
1257 721 1595 793 praesentiam
1628 717 1945 789 maiestatis,
1973 717 2065 771 sed
2092 731 2200 770 non

635 823 834 890 ubique
860 835 958 890 per
982 816 1318 888 praesentiam
1347 811 1713 873 habitationis,
1757 823 1861 862 non
1904 807 1976 860 sit
2009 819 2074 859 ex
2110 820 2199 859 re-

636 925 759 967 rum
786 909 1111 980 proprietate
1135 945 1150 970 ,
1194 903 1288 959 sed
1329 910 1532 957 tantum
1563 915 1630 954 ex
1656 915 1756 955 usu
1783 896 2068 953 locutionis
2096 895 2198 948 hu-

637 1013 847 1062 manae,
892 1005 951 1050 ut
995 995 1237 1050 destruat
1284 989 1694 1046 saluberrimum
1756 1002 1973 1042 sensum
2038 983 2201 1038 totius

639 1086 930 1156 Scriptura:
952 1083 1179 1148 divinae;
1213 1081 1304 1136 ubi
1335 1079 1677 1148 omnipotens
1704 1077 1846 1130 Deus
1870 1075 2026 1129 aliter
2051 1088 2200 1129 com-

636 1178 920 1234 mendatur
941 1175 1098 1230 nobis
1124 1187 1347 1242 usquam
1369 1185 1486 1225 esse
1507 1167 1828 1240 generaliter
1855 1179 1951 1236 per
1976 1177 2204 1234 praesen-

635 1267 766 1323 tiam
806 1263 1132 1332 maiestatis,
1183 1262 1341 1315 aliter
1369 1273 1495 1313 vero
1523 1256 1824 1326 specialiter
1847 1269 1944 1323 per
1973 1251 2201 1324 gratiam

634 1356 1058 1414 inhabitationis.
1101 1355 1176 1408 De
1216 1351 1479 1422 generalis
1514 1363 1746 1418 namque
1773 1363 1882 1402 sua:
1909 1343 2205 1413 maiestatis

631 1446 920 1518 prmsentia
962 1445 1076 1514 ipse
1114 1445 1282 1498 dicit:
1312 1440 1509 1496 Caelum
1552 1449 1598 1494 et
1642 1448 1834 1493 terram
1870 1453 1961 1508 ego
1993 1435 2200 1506 impleo.

633 1535 702 1590 Et
738 1535 1007 1604 Propheta
1050 1535 1117 1588 ad
1159 1534 1332 1602 ipsum
1361 1550 1372 1584 :
1408 1530 1470 1586 Si
1497 1529 1777 1583 ascendero
1815 1530 1870 1583 in
1906 1527 2109 1592 ccelum,
2146 1536 2204 1580 tu

632 1625 740 1678 illic
768 1641 821 1678 es
842 1641 861 1689 ;
895 1625 942 1677 si
979 1624 1289 1678 descendero
1329 1623 1397 1676 ad
1439 1621 1720 1689 infernum,
1751 1621 1874 1674 ades
1913 1634 1932 1671 :
1977 1621 2024 1674 si
2061 1635 2204 1674 sum-

629 1732 776 1785 psero
829 1732 1024 1785 pennas
1078 1732 1219 1768 meas
1276 1712 1542 1778 diluculo,
1580 1723 1628 1766 et
1661 1713 1958 1767 habitavero
2010 1713 2064 1766 in
2113 1727 2204 1765 ex-

629 1805 809 1858 tremis
855 1806 1049 1870 maris,
1079 1815 1126 1858 et
1154 1805 1289 1858 enim
1315 1803 1438 1857 illuc
1467 1820 1654 1857 manus
1686 1813 1807 1870 tua,
1835 1803 2049 1857 deducet
2087 1819 2199 1868 me,
2228 1811 2276 1870 Β
2303 1802 2541 1868 exhibet,
2574 1803 2841 1873 largitate.
2875 1805 3016 1860 Dicit
3048 1805 3268 1874 quidam
3290 1813 3520 1860 sanctus
3535 1813 3588 1860 et
3613 1805 3818 1874 gloriosus
3906 1857 3907 1874 ξ

630 1902 679 1946 et
742 1893 927 1946 tenebit
988 1909 1067 1946 me
1129 1893 1342 1947 dextera
1413 1903 1503 1946 tua
1559 1892 1740 1962 (Psal.
1803 1908 2072 1958 cxxxvm,
2139 1893 2200 1947 8-

631 1981 759 2052 10).
802 1981 876 2036 De
921 1983 1092 2052 gratia
1129 1998 1260 2037 vero
1301 1982 1701 2036 inhabitationis
1744 1981 1900 2051 ejus,
1951 1996 2056 2051 qua
2094 1996 2198 2037 non

628 2070 828 2139 ubique
882 2079 998 2136 est,
1040 2071 1135 2126 sed
1176 2071 1227 2125 in
1274 2071 1472 2141 templo
1529 2088 1654 2137 suo,
1711 2073 1764 2127 id
1821 2080 1904 2127 est
1959 2073 2014 2127 in
2069 2087 2196 2128 san-

627 2169 716 2217 cta
747 2169 802 2216 et
829 2161 1074 2215 rationali
1115 2170 1360 2216 creatura
1402 2163 1640 2234 angelica
1677 2164 1762 2218 vel
1787 2164 2044 2227 humana,
2073 2178 2193 2233 qua:

629 2251 742 2307 sola
789 2260 872 2306 est
926 2267 1094 2321 capax
1146 2251 1260 2321 ejus
1315 2254 1632 2324 cognitionis
1683 2262 1738 2308 et
1791 2253 2190 2324 intelligentiae,

638 2339 1043 2396 illuminationis
1068 2351 1122 2396 et
1148 2343 1358 2412 gratim;
1393 2341 1678 2412 aliquando
1703 2341 1958 2397 cmlorum
1983 2341 2188 2413 signiti-

627 2431 871 2495 eatioue,
910 2447 1004 2501 per
1035 2447 1196 2501 quam
1230 2433 1543 2504 intelligitur
1579 2434 1814 2489 caelestis
1840 2435 1949 2488 vita
1977 2434 2192 2503 angelo-

629 2538 748 2578 rum
782 2523 895 2576 sive
928 2523 1199 2578 hominum
1238 2533 1546 2579 sanctorum
1578 2543 1590 2578 :
1625 2525 1910 2595 aliquando
1954 2541 2082 2582 vero
2125 2527 2204 2596 ip-

627 2613 741 2667 sius
767 2614 1011 2683 specialis
1049 2615 1226 2684 templi
1267 2617 1796 2671 commemoratione.
1839 2617 1918 2671 lta
1967 2617 2202 2687 loquitur

627 2700 927 2771 Scriptura,
959 2712 1016 2756 ut
1043 2705 1183 2759 dicat
1209 2722 1220 2757 :
1252 2703 1355 2770 Qui
1380 2705 1582 2759 habitat
1607 2705 1664 2759 in
1691 2705 1829 2760 ctelis
1856 2707 2088 2761 irridebit
2109 2724 2196 2762 eos

628 2790 800 2863 (Psal.
831 2809 889 2857 ιι,
917 2793 1108 2862 4).Ει;
1131 2795 1214 2848 Ad
1242 2805 1289 2848 te
1319 2795 1480 2850 levavi
1506 2797 1682 2850 oculos
1711 2813 1870 2863 meos,
1886 2799 1974 2868 qui
2001 2798 2205 2852 habitas

627 2884 683 2936 in
705 2883 842 2936 caelis
867 2883 1038 2952 (Psal.
1054 2901 1220 2947 cxx",
1240 2886 1311 2956 l).
1327 2886 1425 2940 Et:
1445 2886 1662 2941 Respice
1679 2889 1742 2942 de
1768 2889 2071 2943 sanctuario
2093 2898 2203 2954 tuo,

640 2977 705 3030 de
735 2975 936 3030 excelso
963 2976 1224 3031 cazlorum-
1244 2977 1540 3031 habitacula
1573 2978 1748 3048 (Deut.
1787 2995 1944 3043 xxvi,
1972 2980 2083 3050 15).
2106 2979 2201 3034 Et:

626 3066 790 3121 Pater
816 3075 1006 3132 noster,
1036 3068 1124 3136 qui
1153 3084 1206 3121 es
1242 3069 1296 3120 in
1323 3068 1460 3121 caelis
1489 3067 1701 3136 (Matth.
1739 3085 1824 3136 vr,
1860 3070 1937 3139 9).
1973 3070 2040 3124 Et
2068 3069 2198 3124 illud

2301 533 2559 587 Dominus
2588 532 2641 586 in
2675 531 2963 601 Evangelio
2992 531 3227 587 ostendit
3251 534 3436 590 dicens
3461 550 3478 590 :
3507 535 3577 590 Et
3605 542 3685 608 qui
3706 541 3814 609 iurat

2301 626 2356 678 in
2386 623 2650 693 templum,
2678 623 2830 693 jurat
2861 624 2914 676 in
2943 624 3096 687 illud,
3126 633 3173 678 et
3201 625 3257 678 in
3293 642 3412 680 eum
3453 629 3545 698 qui
3583 630 3751 684 habitat
3779 636 3814 687 in

2299 720 2412 787 ipso
2445 717 2654 782 (Matth.
2687 732 2822 771 χχιιι
2843 757 2858 782 ,
2888 716 3001 786 2i).
3049 717 3116 771 Et
3156 725 3332 772 tamen
3374 729 3565 789 aperte
3599 721 3815 792 Scriptura

2301 810 2470 865 dicit:
2506 809 2643 874 Quia
2674 825 2776 862 non
2803 797 3035 863 excelsus
3064 810 3118 863 in
3143 811 3463 880 manufactis
3503 812 3688 866 habitat
3718 817 3814 885 (Act.

2301 913 2396 962 vn,
2427 897 2539 964 d8),
2588 897 2729 952 unde
2769 905 2825 951 et
2866 896 3118 952 Salomon
3157 897 3223 952 de
3269 898 3388 968 ipso
3428 900 3627 969 templo
3653 904 3816 970 quodsi

2301 986 2660 1042 aedilicaverat
2688 995 2743 1042 et
2767 987 3148 1050 consecrabat,
3194 987 3247 1042 in
3285 988 3536 1044 oratione
3577 1005 3666 1044 sua
3694 991 3816 1045 dicit:

2304 1079 2366 1136 Si
2405 1080 2622 1145 coelum,
2671 1090 2718 1134 et
2761 1079 2874 1135 caeli
2911 1079 3155 1133 calorum
3193 1087 3240 1133 te
3272 1096 3459 1150 capere
3498 1097 3600 1136 non
3639 1094 3817 1151 possunt,

2301 1180 2494 1241 quanto
2523 1170 2688 1239 magis
2717 1170 2902 1222 domus
2930 1169 3040 1222 hare
3081 1184 3239 1238 quam
3275 1168 3578 1236 tediﬁcari.’
3610 1171 3628 1236 (
3644 1169 3697 1223 Il
3725 1169 3816 1224 Par.

2303 1278 2364 1328 ιι,
2394 1261 2472 1332 6.)
2522 1261 2673 1318 Unde
2697 1270 2751 1316 et
2774 1259 3122 1329 intelligimus
3147 1259 3287 1328 quod
3323 1260 3379 1314 in
3406 1259 3700 1328 huiusmodi
3724 1271 3817 1317 tem-

2301 1348 2392 1421 plo
2427 1348 2734 1404 manufacto
2769 1356 2823 1404 et
2852 1363 2949 1404 suo
2987 1348 3190 1403 nomini
3230 1349 3411 1404 dicato
3451 1359 3613 1420 atque
3635 1362 3818 1416 sacrato,
3906 1348 3907 1396 l

2304 1449 2450 1496 recte
2475 1450 2529 1495 et
2550 1441 2848 1495 inhabitare
2875 1440 3016 1496 Deus
3048 1440 3152 1495 dici
3206 1441 3374 1511 possit
3408 1442 3641 1510 quadam
3682 1444 3818 1514 gratia
3906 1483 3907 1506 ι

2304 1532 2638 1602 dignatione,
2668 1541 2724 1588 et
2751 1540 3210 1588 sacramentorum
3243 1533 3547 1588 ctelestium
3575 1535 3816 1589 sanctiﬁca-

2295 1622 2476 1690 tione;
2519 1630 2574 1676 et
2596 1637 2702 1677 non
2733 1622 3033 1677 inhabitare
3065 1621 3362 1691 maiestatis
3401 1622 3764 1686 immensitate,
3783 1633 3819 1678 et

2305 1713 2447 1768 illius
2469 1713 2654 1782 gratim
2681 1729 2841 1783 quam
2877 1714 2973 1769 soli
3009 1713 3194 1769 electa:
3227 1723 3282 1770 et
3321 1715 3576 1770 rationali
3613 1724 3817 1770 creatura

2301 1901 2507 1963 martyr
2534 1892 2601 1948 de
2626 1893 2716 1948 illo
2748 1912 2761 1947 :
2787 1892 2951 1962 Cuius
2980 1893 3232 1964 templum
3259 1901 3405 1951 totus
3433 1903 3520 1950 est
3551 1895 3767 1949 mundus.
3780 1893 3816 1946 ιιι

2299 1982 2492 2052 quibus
2516 1983 2696 2038 verbis
2722 1983 2767 2037 si
2794 1983 3105 2053 simpliciter
3134 1991 3303 2039 totum
3335 1985 3596 2038 mundum
3623 1983 3703 2052 qui
3731 1997 3818 2036 con-
3906 1982 3907 2053 ξ

2301 2083 2459 2130 state
2480 2075 2616 2130 caelo
2649 2083 2704 2130 et
2731 2083 2876 2130 terra
2906 2074 3127 2145 intelligi
3161 2074 3349 2140 voluit,
3382 2075 3460 2130 ita
3486 2076 3587 2131 hoc
3612 2085 3736 2131 recte
3765 2074 3816 2128 in-

2303 2165 2558 2236 telligitur
2582 2166 2801 2230 dixisse,
2832 2166 2956 2236 quia
2985 2166 3040 2220 in
3087 2174 3198 2220 toto
3228 2166 3430 2222 mundo
3470 2167 3661 2235 ubique
3691 2171 3819 2234 potest

2301 2255 2549 2325 religiose
2577 2255 2701 2320 coli,
2746 2255 2943 2324 ubique
2983 2253 3226 2320 adorari;
3269 2253 3394 2308 dum
3440 2254 3548 2310 ueri
3575 2253 3816 2306 adoratam

2302 2362 2410 2401 non
2437 2346 2549 2417 iam
2581 2347 2634 2401 in
2662 2345 3046 2416 Hierosolymis
3073 2360 3195 2400 cum
3239 2343 3461 2408 Judmis,
3488 2360 3587 2399 nec
3612 2345 3661 2398 in
3687 2349 3818 2396 monte

2304 2436 2395 2491 illo
2431 2452 2552 2492 cum
2580 2435 2956 2500 Samaritanis,
2987 2435 3081 2490 sed
3113 2435 3298 2504 ubique
3325 2435 3554 2489 adorant
3587 2431 3765 2486 Patrem
3782 2432 3816 2482 is

2303 2526 2490 2595 spiritu
2517 2534 2564 2579 et
2595 2526 2805 2580 veritate
2847 2525 3026 2594 (Joan.
3071 2539 3156 2590 ιν,
3190 2523 3267 2589 '5).
3308 2523 3364 2578 Si
3395 2533 3578 2578 autem
3605 2522 3686 2576 illo
3707 2520 3818 2574 modo

2306 2617 2528 2686 intelligi
2562 2616 2730 2670 voluit
2767 2616 2921 2685 cuius
2948 2614 3205 2684 templum
3251 2622 3394 2668 totus
3422 2625 3512 2668 est
3535 2611 3818 2674 mundus,ut
3906 2623 3907 2698 ι

2306 2717 2474 2766 totum
2495 2710 2775 2773 mundum,
2797 2707 2950 2777 iuxta
2976 2707 3419 2763 consuetudinem
3451 2704 3815 2773 Scripturarum,

2307 2806 2477 2853 totum
2500 2814 2667 2868 genus
2692 2799 2982 2852 humanum
3012 2795 3386 2866 appellaverit,
3436 2793 3706 2850 manifeste
3725 2800 3817 2844 tem-

2305 2889 2453 2961 plum
2481 2890 2575 2944 Dei
2604 2898 2745 2945 totus
2771 2896 2855 2944 est
2883 2890 3130 2943 mundus.
3179 2886 3236 2942 In
3268 2887 3371 2943 illis
3405 2887 3609 2942 scilicet
3636 2886 3662 2925 ιι
3683 2883 3754 2952 qui
3772 2896 3816 2934 ex

2307 2988 2421 3035 toto
2449 2979 2667 3043 mundo,
2699 2979 2750 3033 id
2781 2987 2954 3033 estex
2981 2978 3234 3032 universo
3253 2991 3452 3048 genere
3471 2977 3714 3039 humano,
3731 2987 3818 3027 corr

2309 3079 2590 3125 vertuntur
2613 3078 2667 3126 et
2695 3069 3017 3140 colliguntur
3044 3070 3110 3125 ad
3137 3070 3323 3136 Deum,
3369 3077 3427 3125 et
3467 3068 3706 3138 templum
3740 3062 3819 3131 eius

630 3157 772 3226 quod
803 3157 1089 3226 Apostolus
1117 3158 1231 3212 ait:
1266 3157 1491 3213 Nescitis
1520 3160 1644 3229 quia
1679 3159 1928 3230 templum
1953 3159 2050 3214 Dei
2085 3162 2206 3216 estis
2233 3157 2277 3220 C
2309 3161 2462 3216 ﬁunt.
2498 3161 2646 3217 Unde
2687 3169 2742 3215 et
2780 3160 2920 3216 idem
2965 3159 3309 3215 beatissimus
3348 3169 3560 3230 martyr
3597 3165 3817 3227 postquam

625 3255 674 3300 et
705 3244 934 3315 Spiritus
962 3255 1176 3300 sanctus
1207 3247 1406 3301 habitat
1442 3249 1496 3301 in
1526 3248 1662 3302 vobis
1690 3248 1755 3320 (I
1789 3250 1912 3304 Cor.
1957 3265 2048 3315 Ill,
2090 3251 2204 3320 16).

625 3336 695 3393 Et
720 3335 912 3389 iterum
943 3354 955 3389 :
985 3336 1088 3390 Vos
1113 3337 1248 3390 enim
1277 3338 1399 3392 estis
1426 3337 1670 3408 templum
1697 3339 1794 3393 Dei
1824 3341 1943 3406 vivi,
1970 3342 2104 3394 sicut
2127 3341 2208 3394 di-

631 3424 701 3478 cit
744 3425 902 3487 Deus,
936 3428 1183 3495 quoniam
1211 3427 1511 3481 inhabitabo
1540 3429 1594 3483 in
1624 3429 1750 3494 illis,
1777 3441 1825 3484 et
1851 3430 2202 3495 inambulabo,

628 3523 676 3568 et
729 3531 814 3568 ero
863 3514 1077 3568 illorum
1121 3516 1294 3580 Deus,
1353 3526 1400 3570 et
1455 3517 1556 3586 ipsi
1603 3528 1754 3572 erunt
1801 3521 1930 3574 mihi
1981 3519 2203 3589 oopulus

629 3603 716 3674 (ΙΙ
743 3602 864 3658 Cor.
891 3621 966 3668 vr,
996 3606 1091 3672 i6;
1132 3604 1293 3660 Levit.
1322 3623 1470 3671 sxw,
1504 3606 1612 3678 12).

696 3694 828 3749 Cum
865 3710 994 3766 ergo
1027 3700 1309 3763 veraciter,
1351 3708 1406 3752 et
1443 3700 1664 3753 omnino
1695 3700 1984 3755 secundum
2019 3716 2202 3756 rerum

624 3791 874 3838 naturam
905 3793 1048 3840 tanta
1084 3787 1152 3840 sit
1183 3787 1436 3842 distantia
1475 3797 1530 3842 et
1568 3788 1866 3844 diﬂ‘erentia
1899 3791 2040 3846 inter
2067 3807 2204 3861 pra:-

625 3875 857 3931 sentiam
882 3876 1074 3932 divinae
1102 3879 1419 3947 maiestatis,
1445 3891 1564 3949 qua:
1589 3881 1910 3950 generaliter
1933 3890 1989 3936 et
2014 3889 2202 3951 poten-

626 3962 830 4017 tialiter
857 3966 1002 4018 omni
1034 3977 1295 4022 creatura:
1319 3967 1625 4031 exhibetur,
1659 3978 1711 4024 et
1739 3971 1966 4040 gratiam
1996 3973 2202 4026 habita-

627 4049 818 4116 tionis,
849 4067 966 4119 qum
991 4053 1293 4121 specialiter
1313 4061 1367 4108 et
1389 4056 1809 4112 misericorditer
1833 4060 2201 4116 tantummodo
2242 4088 2250 4094 π

629 4140 884 4194 rationali
912 4150 967 4194 et
996 4142 1179 4196 electa:
1207 4153 1486 4210 creaturae,
1519 4160 1638 4214 qua:
1664 4144 1778 4215 eius
1806 4155 1983 4216 potest
2009 4163 2201 4217 capere

632 4229 1039 4286 inminutionem
1093 4234 1212 4306 [sic]
1246 4245 1301 4290 et
1333 4236 1736 4307 intelligentiam
1766 4248 1821 4293 et
1846 4240 2196 4307 suavitatem,

627 4320 989 4377 conceditur:
1030 4339 1195 4392 quare
1235 4325 1377 4380 hunc
1419 4334 1526 4379 tam
1568 4327 1804 4382 divinum
1850 4344 2103 4396 sensum,
2147 4339 2202 4386 et

630 4416 746 4466 tam
776 4413 1144 4467 necessarium
1175 4413 1297 4468 lidei
1327 4424 1383 4469 et
1407 4415 1564 4469 saluti
1595 4425 1815 4483 nostrae,
1847 4435 1942 4474 sua
1980 4422 2198 4476 temeri-

2308 3251 2444 3306 dixit
2474 3269 2488 3305 :
2517 3249 2680 3318 Cuius
2709 3249 2961 3320 templum
3007 3257 3151 3304 totus
3184 3258 3268 3305 est
3307 3251 3560 3312 mundus,
3605 3244 3818 3316 subiunxit

2311 3351 2473 3411 atque
2501 3341 2610 3395 ait:
2637 3341 2693 3395 In
2719 3349 2900 3396 nostra
2925 3339 3252 3396 dedicandus
3269 3349 3353 3395 est
3379 3348 3586 3406 mente,
3611 3338 3659 3392 in
3682 3341 3819 3390 nostro

2312 3432 2702 3488 consecrandus
2721 3440 2804 3486 est
2829 3440 3060 3500 pectore.

2377 3524 2712 3592 Quapropter
2743 3538 2848 3577 non
2877 3537 2943 3577 ex
2976 3537 3074 3577 usu
3107 3522 3482 3576 tantummodo
3510 3518 3816 3576 locutionum,

2303 3615 2395 3671 sed
2436 3630 2503 3669 ex
2531 3616 2644 3684 ipsa
2683 3615 2910 3669 veritate
2936 3623 2993 3668 et
3028 3613 3354 3684 pr0prietate
3393 3628 3597 3675 mrum,
3629 3609 3815 3676 omnipo-

2304 3716 2422 3762 tens
2459 3707 2600 3761 Deus
2626 3706 2824 3774 ubique
2846 3720 2968 3760 esse
2996 3705 3194 3759 dicitur
3221 3720 3317 3774 per
3337 3704 3670 3774 praesentiam
3697 3696 3816 3762 maje-

2301 3797 2477 3862 statis,
2504 3804 2560 3850 et
2581 3811 2686 3851 non
2715 3796 2914 3866 ubique
2937 3811 3032 3866 per
3051 3797 3276 3867 gratiam
3301 3793 3710 3856 inhabitationis,
3727 3789 3814 3844 dum

2301 3899 2357 3942 et
2375 3887 2697 3956 generaliter
2723 3889 2984 3942 universa:
3006 3897 3268 3941 creatura:
3289 3885 3512 3942 exhibet
3539 3880 3816 3957 prmentiam

2302 3979 2619 4049 maiestatis,
2655 3988 2709 4035 et
2731 3979 3099 4034 tantummodo
3123 3977 3309 4032 electae
3335 3977 3584 4034 rationali
3614 3981 3816 4031 creatum

2301 4069 2526 4140 largitur
2553 4072 2780 4142 gratiam
2811 4085 2921 4125 sua:
2943 4068 3368 4124 inhabitationis.
3400 4068 3540 4134 Quid
3568 4066 3812 4122 autemest.

2299 4159 2441 4229 quod
2461 4160 2654 4214 asserit
2672 4160 2774 4214 dici
2798 4172 2984 4228 posse:
3005 4156 3080 4211 De
3095 4153 3205 4212 Deo
3224 4156 3412 4226 ubique
3425 4146 3815 4224 prescieutiamd

2301 4265 2403 4304 non
2429 4249 2614 4320 ubique
2646 4247 3130 4318 prwdestinatione;
3170 4254 3220 4300 et
3240 4245 3532 4318 ubicunque
3558 4242 3697 4312 fuerit
3719 4252 3813 4306 prir-

2298 4342 2536 4406 scientia,
2561 4341 2849 4395 necessario
2869 4340 2964 4394 erit
2987 4338 3436 4409 praedestinatione
3449 4339 3478 4393 1’
3489 4337 3616 4404 Quis
3632 4340 3814 4399 unquam

2301 4432 2376 4486 ita
2406 4433 2615 4486 locutus
2660 4439 2744 4487 est
2791 4439 2850 4485 ut
2895 4430 3102 4484 diceret
3136 4428 3304 4484 Deum
3343 4429 3544 4498 ubique
3585 4439 3691 4482 esse
3711 4432 3810 4491 ρκ’

628 4508 742 4591 tate
772 4502 826 4556 in
857 4511 1060 4558 tantum
1081 4519 1345 4561 evacuare
1364 4517 1606 4570 conatur,
1637 4518 1697 4563 ut
1723 4509 1892 4580 ipsam
1917 4513 2198 4568 veritatem
2227 4496 2277 4557 Β
2303 4523 2565 4579 scientia?
2587 4522 2720 4578 Cum
2755 4519 3091 4591 pmsciemia
3119 4535 3218 4574 sua
3256 4496 3617 4574 tantum—modo
3640 4510 3753 4584 apud
3772 4519 3812 4561 se

629 4590 868 4647 clamare
897 4593 1059 4648 dicat.
1088 4594 1241 4661 Quod
1271 4597 1574 4667 ubicunque
1603 4599 1743 4654 Deus
1779 4613 1862 4656 est
1885 4605 2190 4672 praesentia,

631 4680 706 4735 ibi
733 4680 802 4734 sit
829 4689 884 4735 et
915 4682 1280 4738 habitatione?
1325 4685 1456 4739 Cum
1492 4700 1525 4741 e
1561 4690 1832 4744 contrario
1861 4691 1975 4746 hazc
1999 4693 2198 4747 veritas

632 4769 926 4840 Scriptum
960 4773 1053 4827 Dei
1099 4783 1209 4828 tam
1251 4776 1534 4846 diligenter
1562 4780 1831 4836 discernat
1857 4797 2088 4852 semper,
2119 4793 2193 4838 at-

631 4876 739 4932 que
767 4863 1076 4934 distinguat,
1121 4874 1178 4920 ut
1212 4866 1595 4924 habitationem
1627 4871 1718 4924 Dei
1747 4875 2116 4928 tantummodo
2142 4875 2197 4929 in

635 4953 834 5023 templo
864 4969 993 5019 suo,
1039 4957 1120 5010 vel
1168 4959 1374 5014 caelesti
1414 4961 1498 5016 vel
1540 4963 1700 5016 etiam
1743 4965 1915 5021 adhuc
1953 4967 2005 5021 in
2039 4969 2198 5023 terris

633 5043 827 5112 posito,
865 5059 962 5114 per
991 5045 1282 5102 bonitatem
1313 5052 1498 5120 gratia:
1521 5053 1636 5122 eius
1663 5059 2000 5112 commendet
2021 5071 2069 5112 α.
2111 5059 2199 5114 Di-

633 5133 778 5187 citur
808 5133 1020 5203 quidem
1051 5144 1104 5190 et
1132 5137 1182 5191 in
1216 5139 1412 5210 templo
1442 5141 1622 5211 aliquo
1659 5144 1966 5200 manufacto
1990 5155 2046 5201 et
2075 5147 2198 5202 reli-

631 5224 783 5297 giosa
809 5226 1007 5294 pietate
1037 5244 1135 5283 suo
1161 5232 1363 5286 nomini
1392 5246 1740 5301 consecrato,
1787 5247 2003 5307 propter
2029 5241 2197 5309 ipsius

632 5319 1052 5374 consecrationis
1083 5323 1331 5392 gratiam,
1362 5333 1417 5380 et
1446 5323 1846 5383 familiariorem
1888 5346 1996 5384 suae
2033 5331 2197 5400 maie-

629 5406 789 5464 statis
819 5408 1042 5476 cultum,
1067 5421 1121 5466 et
1147 5413 1498 5470 celebriorem
1528 5418 1930 5488 supplicationis
1953 5430 2008 5475 et
2033 5436 2196 5477 exau-

2302 4616 2390 4678 sit,
2423 4614 2508 4670 cui
2532 4614 2630 4668 soli
2652 4613 2860 4682 cognita
2889 4620 2990 4667 est.
3023 4611 3130 4665 Aut
3153 4611 3281 4679 quid
3310 4625 3533 4667 necesse
3559 4617 3638 4664 est
3659 4606 3811 4662 dicem

2298 4704 2496 4773 ubique
2519 4719 2640 4758 eum
2667 4715 2783 4758 esse
2808 4701 3314 4774 praedestinatione,
3357 4716 3478 4755 cum
3521 4693 3811 4769 praedestinao

2300 4795 2445 4850 tione
2488 4809 2584 4848 sua
2634 4791 3004 4848 tantummodo
3050 4789 3190 4861 apud
3233 4804 3292 4844 se
3339 4789 3428 4854 sit,
3455 4789 3575 4860 quia
3616 4784 3703 4856 ipsi
3738 4775 3808 4836 soli

2299 4887 2510 4956 cognita
2533 4888 2779 4941 habetur.
2812 4884 3072 4940 Similiter
3097 4898 3228 4954 ergo
3253 4898 3448 4937 vanum
3474 4890 3555 4937 est
3580 4875 3706 4951 quod
3727 4872 3807 4926 ait:

2303 4975 2604 5047 Ubicunque
2639 4976 2794 5044 fuerit
2820 4975 3179 5045 prwscieutia,
3225 4972 3515 5027 necessario
3541 4971 3629 5025 erit
3656 4961 3809 5034 prede-

2297 5068 2577 5122 stinatione
2608 5080 2626 5118 :
2663 5065 2798 5133 Quia
2845 5074 2898 5120 et
2941 5067 3044 5120 hoc
3085 5078 3246 5119 nemo
3277 5062 3440 5124 dicit;
3469 5061 3562 5116 sed
3590 5059 3709 5114 sicut
3730 5047 3809 5118 qui-

2297 5155 2419 5209 dam
2449 5155 2670 5209 Patrum
2697 5155 3040 5224 antiquorum
3069 5154 3335 5216 dixerunt,
3366 5152 3574 5208 novitas
3592 5138 3806 5202 estvocisv

2297 5256 2353 5301 et
2388 5246 2530 5300 aliud
2574 5246 2726 5301 nihil.
2771 5247 3007 5301 Dicimus
3055 5260 3287 5314 namque
3324 5247 3492 5301 Deum
3527 5241 3808 5310 ubiqueesse

2297 5335 2598 5404 maiestate,
2621 5337 2819 5406 ubique
2845 5350 2962 5391 esse
2981 5335 3241 5405 potentia,
3270 5334 3468 5403 ubique
3492 5347 3605 5387 esse
3625 5327 3802 5382 virtutﬂ

2297 5429 2426 5496 quia
2472 5429 2575 5482 hoc
2606 5437 2775 5482 totum
2796 5469 2811 5492 ,
2843 5429 2895 5484 id
2923 5438 3007 5484 est
3036 5427 3320 5498 maiestas,
3356 5427 3618 5497 potentia,
3650 5419 3804 5475 νιτιυι»

1553 5525 1757 5582 NOTAE
1801 5530 2120 5586 DUVALLII
2159 5535 2496 5594 DOCTORIS
2533 5537 2909 5596 SORBONICI.

702 5645 728 5674 α
767 5633 1062 5712 Advertant
1102 5645 1386 5712 novatores
1417 5638 1592 5712 Deum
1625 5641 1676 5694 in
1711 5643 1920 5712 templis
1963 5643 2202 5712 locisque

631 5708 958 5762 consecratis
985 5706 1202 5776 speciali
1231 5707 1389 5762 modo
1416 5708 1737 5776 inhabitare,
1763 5706 1835 5766 ut'
1847 5723 2031 5768 contra
2057 5706 2198 5769 Ario-
2222 5708 2241 5724 ⁶

2307 5661 2474 5722 maias
2499 5646 3050 5722 luculenterostciidi't
3073 5650 3502 5722 Chrysostomus.

2377 5717 2404 5756 ι)
2436 5716 2692 5784 Subaudi,
2726 5718 2931 5773 habitat
2957 5719 3113 5776 Deus.
