3970 6306
160 346 271 402 221

1151 336 1352 392 LIBER
1385 329 1752 389 ADVERSUS
1791 329 2105 387 JOANNEM
2145 331 2441 390 SCOTUM.

3303 304 3450 392 222‘

156 457 282 526 ipse
308 464 412 517 est,
436 451 527 522 qui
557 451 752 520 ubique
777 455 878 503 est.
913 443 999 502 'Ut
1039 455 1216 501 autem
1261 447 1500 500 dicamus
1537 444 1730 512 ubique
1757 444 1807 504 Α
1837 443 1998 498 dubio
2019 453 2143 498 sunt
2182 445 2394 508 futurm,
2424 459 2530 498 non
2554 443 2723 498 solum
2753 445 2958 512 angelis
2981 445 3070 515 qui
3095 460 3202 500 non
3228 461 3409 504 serva-

153 561 287 602 eum
316 562 434 600 esse
460 545 816 615 pnescientta,
843 543 1038 610 ubique
1063 540 1561 610 prwdestinatione,
1594 537 1735 592 nulla

155 638 305 691 ratio
329 644 432 689 est.
464 635 600 700 Quia
628 647 890 702 nusquam
914 631 1109 701 legitur
1129 631 1269 685 Deus
1294 630 1377 684 vel
1398 628 1735 700 praescientia

149 728 246 782 vel
272 725 734 797 pratdestinatione
759 739 896 779 esse.

232 818 376 885 Ergo
399 826 454 871 et
478 817 607 870 illud
653 815 794 885 quod
834 814 992 868 dicit:
1025 809 1416 867 Prmscientiam
1445 821 1493 866 et
1533 809 1735 880 prcede-

150 909 491 963 stinationem
539 905 657 970 Dei,
697 921 800 957 non
848 903 948 956 nisi
982 919 1190 968 eorum,
1221 917 1337 972 quw
1370 902 1475 970 ipse
1499 899 1734 968 facturus

152 1005 312 1058 esset,
335 1001 519 1065 aperte
553 992 888 1047 mendacium
934 998 1034 1053 est,
1081 990 1203 1059 quia
1253 987 1592 1059 praescientia
1619 986 1734 1056 ejus

151 1085 322 1138 etiam
368 1084 420 1136 in
465 1082 619 1137 malis
657 1097 778 1136 esse
823 1088 1018 1150 potest,
1063 1095 1182 1148 quae
1213 1079 1325 1148 ipse
1364 1078 1602 1132 facturus
1627 1091 1734 1131 non

149 1183 292 1231 erat.
327 1174 529 1228 Deinde
559 1173 701 1241 quod
728 1173 899 1242 ponit,
939 1180 992 1224 et
1021 1170 1185 1224 dicit:
1221 1169 1365 1224 Sicut
1407 1166 1732 1239 prwscientia

147 1280 294 1332 ejus,
317 1274 363 1317 et
391 1263 641 1316 habitatio
662 1263 714 1314 in
736 1262 816 1314 his
834 1276 950 1331 qua:
976 1277 1065 1313 nec
1086 1260 1148 1313 ab
1171 1276 1228 1312 eo
1249 1268 1368 1312 sunt
1395 1275 1484 1312 nec
1504 1274 1564 1312 ea
1590 1257 1730 1326 fecit,

146 1351 408 1406 similiter
436 1350 788 1404 vanissimqu
836 1358 938 1402 est.
970 1345 1072 1401 Ubi
1121 1347 1263 1400 enim
1300 1361 1533 1415 unquam
1569 1345 1732 1416 legit?

144 1441 248 1496 ubi
281 1457 310 1495 a
341 1441 586 1496 ﬁdelibus
617 1440 816 1494 dictum
861 1437 1103 1502 audivit,
1135 1447 1193 1491 ut
1223 1439 1364 1492 Deus
1405 1438 1456 1491 in
1503 1437 1585 1491 his
1613 1452 1730 1506 qua:

145 1546 260 1586 nec
297 1531 365 1585 ab
393 1547 458 1586 eo
485 1539 610 1585 sunt
651 1545 749 1584 nec
777 1544 841 1583 ea
872 1527 1031 1592 fecit,
1061 1528 1399 1596 praesentiam
1429 1535 1483 1580 et
1512 1525 1730 1580 habita-

144 1623 359 1678 tionem
383 1623 583 1676 habere
607 1621 915 1675 diceretur?
942 1619 1071 1686 Quae
1096 1630 1277 1673 autem
1309 1629 1434 1673 sunt
1453 1620 1552 1672 ista
1585 1634 1727 1686 quas,

146 1721 214 1766 ut
237 1713 352 1782 ipse
374 1712 577 1775 scribit,
610 1726 709 1764 nec
738 1709 806 1764 ab
831 1724 895 1763 eo
921 1719 1045 1763 sunt
1073 1724 1170 1763 nec
1201 1709 1310 1779 ipse
1335 1707 1561 1761 iecit?si
1583 1707 1726 1760 enim

1840 542 2031 587 verunt
2058 550 2212 588 suum
2246 535 2629 604 principatum,
2684 537 2777 591 sed
2807 537 3207 607 dereliquerunt
3251 554 3409 598 suum

1839 625 2188 691 domicilium,
2213 641 2347 696 quos
2373 627 2539 681 etiam
2568 636 2785 683 ruentes
2819 629 2884 682 de
2915 629 3222 685 ccelestibus
3245 633 3411 688 tradi-

1837 714 1916 769 dit
1963 714 2104 770 Deus
2149 716 2202 770 in
2243 716 2506 785 judicium
2557 719 2898 786 cruciandos,
2946 722 3211 776 reservari
3250 742 3264 778 :
3315 726 3411 779 sed

1836 806 1997 859 etiam
2038 808 2347 862 hominibus
2393 809 2573 878 impiis
2621 818 2747 864 sunt
2784 820 3106 880 praeparata,
3152 821 3206 866 et
3236 827 3410 869 reser-

1836 905 1980 952 vata.
2031 899 2204 965 Unde,
2255 901 2394 955 sicut
2439 899 2552 968 jam
2601 903 3160 967 commemoravimus,
3213 905 3405 960 beatus

1835 987 2032 1044 Petrus
2077 991 2352 1061 apostolus
2402 992 2476 1046 ait
2525 992 2591 1046 de
2619 992 2942 1060 quibusdam
2977 993 3178 1062 impiis,
3224 1003 3279 1049 et
3320 994 3411 1050 illa

1836 1079 2027 1133 ultima
2060 1081 2364 1150 perditione
2390 1082 2746 1136 damnandis:
2809 1082 3010 1148 Quibus
3055 1081 3221 1152 caligo
3273 1091 3412 1139 tene-

1835 1169 2047 1224 brarum
2093 1172 2150 1225 in
2187 1182 2438 1228 wternum
2485 1183 2775 1227 reservatur
2820 1172 2902 1245 (II
2928 1173 3076 1228 Petr.
3110 1175 3310 1247 11,17).
3344 1176 3414 1233 Et

1833 1260 2025 1315 beatus
2073 1260 2241 1317 Judas
2263 1261 2536 1333 apostolus
2579 1261 2892 1319 de’eisdem
2943 1263 3192 1318 similiter
3236 1264 3406 1319 dicit:

1835 1349 2035 1415 Quibus
2071 1353 2294 1421 procella
2324 1353 2651 1408 tenebrarum
2679 1355 2734 1408 in
2766 1363 3018 1409 internum
3057 1363 3316 1409 reservata
3337 1365 3414 1410 est

1834 1439 2011 1509 (Judte
2050 1442 2159 1514 12).
2213 1443 2366 1499 Sicut
2407 1457 2537 1512 ergo
2575 1443 2743 1514 caligo
2774 1443 2862 1498 illa
2903 1452 2952 1497 et
3003 1443 3231 1512 procella
3259 1452 3416 1499 teter-

1831 1545 2022 1584 narum
2048 1533 2391 1587 tenebrarum
2422 1533 2730 1587 hominibus
2759 1532 2939 1603 impiis
2964 1541 3019 1588 et
3041 1532 3291 1602 pessimis
3318 1540 3404 1588 est

1830 1631 2129 1692 praeparata
2159 1633 2214 1678 et
2233 1633 2528 1690 reservata,
2559 1625 2630 1678 ita
2660 1625 2821 1680 etiam
2848 1625 2963 1695 ipse
2987 1625 3127 1696 ignis
3152 1637 3410 1689 mternus,

1837 1713 1928 1781 qui
1981 1713 2099 1768 sine
2121 1713 2282 1768 dubio
2308 1714 2470 1768 simul
2518 1715 2896 1785 intelligendus
2923 1723 3025 1781 est,
3071 1715 3235 1771 etiam
3282 1715 3414 1784 ipsis

143 1810 283 1857 sunt
312 1801 486 1870 aliqua
529 1800 670 1864 talia,
716 1808 801 1853 est
828 1814 957 1868 ergo
986 1799 1164 1868 aliqua
1197 1806 1456 1859 creatura.
1486 1812 1605 1864 quae
1634 1812 1728 1851 nec

1839 1810 1922 1858 est
1951 1814 2284 1874 prmparatus
2326 1815 2382 1858 et
2423 1814 2751 1860 reservatus.
2801 1805 2922 1860 Ideo
2963 1806 3105 1874 quod
3156 1805 3414 1859 Dominus

142 1907 184 1946 a
216 1891 327 1946 Deo
353 1902 435 1947 est
461 1907 559 1947 nec
588 1892 728 1945 Deus
753 1905 870 1944 eam
914 1889 1075 1944 fecit?
1101 1889 1252 1956 Quod
1298 1890 1481 1958 utique
1518 1903 1623 1941 non
1652 1897 1733 1942 est

141 1982 543 2045 Christianum,
576 1981 667 2036 sed
696 1978 1080 2044 Manichmum;
1111 1979 1234 2047 quia
1259 1994 1365 2032 non
1392 1986 1564 2046 potest
1590 1992 1736 2030 men-

145 2072 246 2126 tiri
278 2071 648 2142 Evangelium,
676 2069 764 2123 ubi
794 2070 1050 2138 scriptum
1079 2077 1161 2123 est
1193 2083 1208 2120 :
1243 2068 1433 2121 Omnia
1453 2084 1546 2135 per
1566 2068 1732 2136 ipsum

143 2163 298 2232 facta
323 2172 464 2227 sunt,
489 2171 534 2214 et
557 2162 666 2214 sine
695 2160 804 2229 ipso
833 2159 1027 2226 factum
1054 2169 1125 2212 est
1151 2157 1280 2212 nihil
1307 2157 1484 2228 (Joan.
1510 2174 1550 2222 ι,
1583 2155 1660 2226 5.)

223 2253 355 2306 Tale
381 2261 464 2306 est
487 2252 647 2305 etiam
669 2250 817 2313 illud,
834 2251 974 2318 quod
999 2249 1252 2304 continuo
1268 2245 1734 2317 subjunxit:Prte-

139 2343 422 2396 scientiam
455 2341 578 2405 Dei;
603 2349 648 2393 et
673 2339 1182 2409 prwdestinationem
1212 2338 1475 2390 contrario
1499 2351 1728 2404 pronun-

141 2435 276 2487 tiari
304 2434 354 2486 in
394 2431 497 2486 illis
534 2447 650 2502 qua:
688 2447 777 2484 nec
818 2429 959 2498 fecit,
1009 2445 1099 2482 nec
1139 2429 1371 2482 donavit.
1423 2427 1467 2481 E
1507 2435 1729 2480 contra-

140 2523 237 2576 rio
265 2521 408 2575 enim
438 2519 774 2590 pronuntiari
808 2518 957 2582 dicit,
1004 2525 1064 2570 ut
1086 2516 1240 2585 juxta
1288 2531 1440 2571 suam
1467 2516 1635 2580 illam,
1676 2523 1732 2570 et

140 2626 348 2665 novam
375 2610 637 2680 regulam,
661 2617 716 2662 et
738 2609 1004 2671 insanam,
1032 2607 1174 2677 quod
1220 2607 1598 2675 pronuntiatur
1622 2622 1729 2660 non

135 2716 278 2756 vere
321 2701 654 2772 pronuntiari
699 2698 1044 2769 intelligatur.
1096 2696 1428 2752 Mendacium
1473 2712 1602 2768 ergo
1644 2708 1729 2752 est

141 2791 300 2862 quod
331 2789 600 2844 allirmare
648 2797 900 2852 conatur,
948 2787 1038 2841 illa
1065 2796 1264 2840 azterna
1313 2787 1568 2856 supplicia
1596 2787 1728 2841 nihil

139 2897 291 2946 esse,
331 2896 428 2936 nec
455 2883 587 2935 adeo
617 2880 755 2934 facta
796 2893 949 2945 esse;
1002 2878 1126 2947 quia
1157 2878 1210 2931 in
1258 2886 1485 2947 utroque
1516 2878 1728 2932 veritati

141 2974 492 3039 contradicit,
515 2983 570 3028 et
592 2973 712 3027 ideo
740 2987 867 3026 vere
899 2987 930 3025 a
953 2970 1062 3024 Deo
1085 2970 1334 3038 ιιι-ωεεὶιλ
1379 2977 1504 3024 sunt
1527 2969 1725 3034 futura,

139 3080 281 3119 vere
323 3080 352 3118 a
406 3065 514 3118 Deo
548 3063 650 3128 eis,
677 3062 768 3132 qui
818 3067 1134 3115 meruerunt
1167 3057 1461 3114 inferenda.
1490 3059 1574 3119 Et,
1603 3075 1723 3114 cum

1835 1892 1913 1946 ait
1939 1892 2004 1946 de
2032 1894 2218 1948 eodem
2246 1894 2358 1962 igni
2379 1904 2622 1948 aeterno:
2659 1892 2762 1958 Qui
2790 1906 3007 1963 paratus
3033 1904 3106 1947 est
3131 1893 3340 1949 diabolo
3365 1904 3414 1947 et

1835 1982 2030 2052 angelis
2063 1983 2176 2052 ejus
2227 1983 2442 2054 (Matth.
2464 2000 2592 2049 xxv,
2622 1984 2733 2055 Μ).
2761 1985 2837 2039 lta
2881 1985 3112 2040 ﬁdeliter
3142 1985 3412 2055 intelliga-

1834 2088 1954 2127 mus
1984 2073 2202 2142 utquod
2228 2073 2601 2144 principaliter
2628 2076 2694 2130 de
2722 2075 2832 2141 illo,
2862 2077 2963 2130 hoc
2983 2084 3066 2130 est
3095 2076 3160 2130 de
3179 2075 3411 2141 diabolo,

1835 2164 2037 2219 dictum
2067 2173 2170 2230 est,
2196 2164 2298 2219 hoc
2326 2164 2497 2233 ipsum
2546 2175 2939 2235 consequenter
2967 2175 3022 2220 et
3048 2167 3113 2221 de
3153 2165 3270 2233 ejus
3294 2181 3416 2222 eor-

1832 2269 1962 2324 pore
1991 2255 2338 2326 intelligatur,
2365 2256 2432 2310 de
2454 2256 2647 2324 quibus
2675 2256 2949 2326 Scriptura
2978 2257 3110 2312 dicit
3135 2275 3147 2311 :
3192 2257 3415 2310 lmitan—
3436 2311 3458 2332 ο

1833 2352 1920 2396 tur
1942 2353 2114 2398 autem
2143 2361 2284 2410 eum,
2305 2346 2394 2414 qui
2419 2354 2538 2398 sunt
2586 2361 2650 2398 ea:
2693 2357 2840 2414 parte
2869 2343 3010 2398 il'lius
3035 2343 3188 2415 (Sap.
3213 2361 3274 2409 ll,
3295 2344 3411 2416 25).

1834 2429 1906 2485 Ut
1925 2431 2244 2502 supplicium
2265 2433 2407 2502 quod
2433 2433 2508 2487 illi
2531 2433 2903 2503 principaliter
2924 2442 3006 2489 est
3030 2443 3410 2504 praeparatum,

1832 2522 1993 2577 etiam
2028 2523 2148 2578 istis
2187 2532 2582 2592 consequenter
2606 2525 2902 2594 accipiatur
2946 2536 3000 2579 et
3049 2533 3413 2594 praeparatum

1829 2622 1884 2667 et
1923 2622 2257 2668 reservatum
2285 2633 2298 2668 :
2329 2615 2472 2670 sicut
2497 2615 2742 2684 superius
2765 2624 3060 2670 memorata
3089 2617 3252 2670 verba
3281 2629 3413 2684 apo-

1830 2700 2019 2755 stolica
2049 2702 2388 2770 apertissime
2417 2704 2810 2757 demonstrant.
3068 2767 3076 2770 _
3165 2741 3179 2753 .

1902 2791 1956 2845 5.
1989 2790 2274 2862 Subjungit
2325 2793 2428 2847 iste
2474 2801 2529 2847 et
2576 2793 2750 2848 dicit:
2803 2793 3088 2863 Postquam
3132 2794 3196 2847 ab
3227 2794 3415 2848 tet/tere

1829 2880 2070 2935 detrusus
2086 2883 2173 2946 sit,
2203 2882 2292 2935 ubi
2320 2882 2372 2936 in
2401 2883 2623 2937 tet/terea
2648 2899 2864 2954 corpore
2891 2901 2993 2937 non
3017 2894 3218 2952 poterat
3239 2899 3414 2954 pmnas

1830 2971 2039 3035 sentire,
2068 2972 2303 3025 additum
2348 2973 2393 3026 ei
2418 2989 2604 3042 corpus
2635 2989 2866 3037 aereum,
2896 2975 2950 3026 in
2977 2990 3080 3043 quo
3106 2975 3276 3043 ignem
3303 2990 3416 3027 sen-

1829 3062 1970 3115 tiret.
2005 3061 2081 3116 De
2110 3062 2212 3116 hae
2239 3078 2296 3116 re
2321 3077 2427 3116 non
2459 3062 2615 3116 istius
2645 3062 3007 3132 importunam
3039 3050 3414 3116 deﬁnitionem'

144 3158 272 3214 haec
303 3164 413 3210 tam
440 3163 625 3225 aperte
655 3131 707 3208 in
739 3152 1033 3222 Scripturis
1058 3160 1111 3205 et
1138 3150 1279 3206 facta
1309 3158 1362 3204 et
1398 3151 1646 3220 praascita
1673 3158 1729 3205 et
1754 3131 1800 3194 ε
1833 3158 1887 3204 ει
1909 3151 2368 3206 inconsideratam
2397 3131 2782 3216 deﬁnitionem,
2811 3152 2905 3207 sed
2936 3153 3113 3221 potius
3136 3152 3278 3207 beati
3307 3151 3418 3206 Au-

142 3248 532 3319 prazdestinata
557 3261 675 3301 esse
718 3245 1084 3309 inveniantur,
1135 3250 1444 3298 conteratur
1470 3242 1647 3311 potius
1674 3251 1730 3297 et

140 3345 337 3407 pereat
366 3335 488 3390 talis
515 3335 720 3406 regula,
750 3350 854 3402 qua
883 3333 1022 3388 facta
1051 3349 1148 3404 pro
1171 3349 1277 3388 non
1315 3331 1472 3388 factis
1501 3332 1726 3403 intelligi

141 3426 350 3481 debere
377 3425 717 3480 insanissime
743 3423 1054 3478 allirmatur.

221 3515 276 3570 5.
319 3515 606 3586 Subjnnxit
652 3514 826 3570 adhuc
855 3515 1038 3569 dicens
1078 3533 1091 3568 :
1144 3514 1327 3586 Ignem
1366 3523 1618 3570 internum
1658 3514 1726 3567 ad

141 3605 410 3659 urendum
434 3603 698 3657 diabolum
724 3613 769 3658 et
795 3603 1004 3672 angelos
1037 3606 1172 3674 ejus,
1219 3622 1322 3659 non
1361 3605 1612 3669 homines,
1645 3604 1728 3673 fa-

143 3707 292 3752 ctum
315 3713 334 3750 :
361 3697 464 3752 hoc
508 3707 792 3766 propterea
843 3698 944 3752 iste
974 3707 1029 3752 et
1052 3699 1141 3752 alii
1185 3697 1429 3754 fortassis
1463 3699 1546 3753 vel
1575 3714 1725 3768 quae-

143 3798 336 3843 rentes
367 3786 452 3841 vel
476 3787 804 3842 allirmantes
830 3787 1008 3842 dicere
1035 3788 1320 3853 videntur;
1355 3789 1407 3843 id
1451 3797 1550 3853 est,
1585 3787 1727 3857 quod

145 3879 244 3935 ille
289 3880 430 3949 ignis
471 3889 708 3934 :eternus
757 3897 861 3934 non
901 3881 968 3935 ad
1013 3894 1227 3949 poenam
1277 3881 1575 3946 hominum,
1634 3881 1728 3935 sed

146 3969 530 4024 tantummodo
561 3970 628 4024 ad
655 3969 972 4040 supplicium
1019 3970 1327 4040 angelorum
1373 3970 1728 4040 malignorum

145 4068 380 4129 paratus
410 4059 502 4124 sit,
529 4060 652 4128 quia
681 4075 787 4114 non
813 4059 888 4113 ait
910 4059 1167 4115 Dominus
1191 4061 1244 4115 in
1288 4061 1377 4116 illo
1398 4060 1600 4129 judicio
1621 4062 1728 4117 illis

143 4151 242 4221 qui
273 4152 341 4205 ad
381 4151 654 4205 sinistram
680 4149 794 4218 ejus
827 4160 983 4205 erunt
1014 4167 1072 4206 se
1108 4167 1227 4206 esse
1266 4153 1533 4206 dicturum
1566 4172 1578 4206 :
1609 4153 1731 4206 Dis-

144 4240 318 4294 cedite
349 4257 381 4292 a
410 4256 510 4306 me,
538 4239 819 4304 maledicti,
849 4241 903 4293 in
929 4240 1095 4310 ignem
1127 4251 1375 4294 wternum
1393 4241 1484 4310 qui
1510 4250 1727 4309 paratus

143 4341 225 4384 est
249 4330 423 4394 vobis,
447 4331 539 4384 sed
567 4331 658 4399 qui
681 4340 902 4399 paratus
923 4339 997 4383 est
1035 4330 1243 4385 diabolo
1275 4339 1322 4384 et
1351 4331 1546 4400 angelis
1587 4332 1724 4401 ejus,

144 4431 210 4476 ut
239 4437 307 4476 ex
335 4438 400 4477 eo
423 4424 564 4492 quod
595 4437 699 4477 non
726 4423 838 4476 ait:
883 4422 971 4490 qui
1018 4431 1236 4491 paratus
1282 4432 1364 4476 est
1391 4423 1542 4477 vobis
1566 4439 1580 4487 ;
1633 4423 1727 4477 sed

1831 3241 2031 3310 gustini
2072 3241 2215 3295 dicta
2251 3241 2359 3310 pie,
2390 3241 2670 3295 moderata
2693 3249 2749 3296 et
2789 3242 3126 3306 cautissimo,
3159 3251 3216 3297 et
3247 3243 3419 3314 magis

1829 3334 2119 3403 quaerentis
2181 3349 2343 3404 quam
2391 3333 2696 3389 deﬁnientis
2763 3334 3066 3389 audiamus.
3133 3334 3415 3404 Superior,

1827 3425 2036 3496 inquit],
2077 3442 2201 3496 pars
2250 3427 2412 3492 aeris,
2460 3435 2680 3497 propter
2706 3443 2895 3499 puram
2950 3427 3416 3496 tranquillitatem,

1829 3514 1992 3576 coalo‘,
2026 3514 2110 3568 cui
2140 3514 2530 3586 collimitaturj,
2580 3517 2851 3570 communi
2881 3531 3015 3587 pace
3049 3515 3413 3586 conjungitur,

1829 3612 1883 3659 et
1925 3605 2042 3674 ejus
2071 3604 2330 3658 vocabulo
2382 3616 2852 3675 connuneupatur.
2901 3605 2958 3660 ln
3004 3622 3111 3676 qua
3167 3604 3417 3660 fortassis

1831 3702 2006 3762 parte,
2047 3694 2090 3748 si
2121 3693 2340 3748 fuerunt
2371 3704 2496 3749 ante
2524 3697 3008 3766 transgressionem
3041 3711 3193 3751 suam
3243 3703 3418 3749 trans-

1832 3798 2108 3853 gressores
2145 3784 2320 3852 angeli
2365 3799 2486 3838 cum
2538 3785 2780 3854 principe
2831 3799 2948 3849 suo,
3000 3799 3144 3839 nunc
3176 3783 3412 3848 diabolo,

1831 3882 1962 3928 tunc
1990 3873 2314 3943 archangelo
2339 3872 2484 3943 (nam
2510 3875 2755 3929 nonnulli
2778 3875 2948 3930 nostri
2976 3891 3082 3929 non
3101 3891 3194 3930 eos
3218 3882 3411 3944 putant

1829 3967 2079 4022 caelestes
2116 3966 2199 4020 vel
2233 3965 2642 4035 supercmlestes
2700 3968 2918 4038 angelos
2947 3967 3134 4038 fuisse)
3172 3983 3280 4022 non
3311 3966 3416 4021 Ini-

1823 4071 1950 4111 rum
1977 4057 2023 4111 si
2077 4063 2200 4126 post
2247 4064 2524 4125 peccatum
2578 4055 2632 4109 in
2665 4056 2767 4111 ista
2817 4065 2941 4111 sunt
2971 4055 3176 4110 detrusi
3226 4054 3418 4125 caligi-

1829 4164 1976 4212 nem,
2009 4149 2096 4203 nbi
2123 4156 2300 4202 tamen
2331 4156 2384 4201 et
2414 4162 2510 4201 aer
2557 4147 2649 4213 sit,
2686 4155 2740 4201 et
2765 4148 2993 4203 humore
3027 4148 3174 4201 tenui
3223 4155 3411 4202 conte-

1828 4253 2007 4298 xatur.
2040 4242 2098 4298 Si
2129 4249 2306 4296 autem
2335 4250 2762 4310 transgressores
2787 4241 2883 4306 illi,
2909 4250 3200 4309 antequam
3231 4248 3416 4294 trans-

1830 4337 2200 4407 grederentur,
2232 4332 2471 4388 coelestia
2496 4347 2726 4401 corpora
2777 4333 3059 4403 gerebant,
3107 4345 3280 4398 neque
3315 4330 3422 4385 hoc

1835 4426 2029 4479 mirum
2058 4433 2160 4488 est,
2188 4424 2232 4478 si
2253 4437 2510 4478 conversa
2533 4431 2659 4477 sunt
2687 4437 2754 4477 ex
2783 4436 2944 4492 paena
2975 4422 3028 4475 in
3051 4433 3264 4474 aeream
3287 4434 3421 4488 qua-

147 4513 262 4566 ait:
309 4511 414 4577 Qui
440 4491 654 4580 paratus
694 4520 769 4564 est
812 4510 1019 4564 diabolo
1045 4522 1090 4564 et
1118 4511 1315 4580 angelis
1355 4513 1469 4580 ejus
1503 4511 1719 4579 (Matth.
1760 4491 1812 4552 Ῐ)
1837 4519 2063 4583 litarem,
2095 4517 2285 4586 utjam
2320 4516 2528 4584 possint
2556 4516 2623 4570 ab
2656 4491 2801 4583 igne,
2838 4515 2892 4569 id
2929 4521 3011 4568 est
3056 4513 3124 4566 ab
3151 4511 3420 4565 elemento

147 4617 281 4665 xxv,
307 4601 422 4669 41),
451 4601 700 4668 malignis
723 4600 1088 4654 tantummodo
1109 4601 1404 4671 spiritibus,
1436 4602 1487 4654 id
1519 4612 1601 4656 est
1626 4603 1726 4671 ipsi

150 4689 369 4744 diabolo
397 4698 451 4743 et
479 4690 681 4758 angelis
703 4690 818 4759 ejus
845 4699 1064 4758 paratus
1115 4705 1232 4744 esse
1272 4692 1538 4744 videatur.
1573 4691 1726 4746 Unde

152 4782 512 4850 quorumdam
550 4781 730 4850 opinio
755 4779 921 4834 fuisse
952 4781 1388 4850 deprehenditur,
1419 4781 1559 4852 quod
1590 4783 1728 4838 alius

155 4875 226 4928 sit
255 4874 359 4927 iste
404 4873 540 4942 ignis
586 4888 694 4943 quo
739 4887 880 4927 nunc
925 4873 1063 4941 apud
1101 4873 1301 4928 inferos
1353 4875 1727 4929 damnatorum

155 4965 353 5019 anima:
378 4965 726 5018 cruciantur:
758 4973 812 5018 et
864 4963 1000 5018 alius
1044 4964 1131 5018 ille
1181 4965 1318 5035 ignis
1374 4973 1624 5029 mternus,
1675 4967 1728 5020 in

154 5069 317 5123 quem
347 5062 474 5106 tunc
500 5053 867 5107 tantummodo
895 5053 1137 5106 homines
1166 5052 1463 5118 mittentur,
1494 5054 1730 5123 quando,

155 5157 278 5197 cum
310 5141 628 5210 corporibus
652 5141 765 5196 suis
809 5141 1140 5206 resuscitati,
1180 5140 1339 5195 simul
1373 5157 1493 5196 cum
1520 5141 1732 5196 diabolo

157 5244 212 5288 et
235 5234 442 5304 angelis
467 5233 583 5304 ejus
613 5233 667 5287 in
690 5232 938 5286 eumdem
994 5233 1172 5303 ignem
1200 5241 1458 5287 aeternum
1489 5233 1567 5288 ire
1591 5249 1732 5288 com-

156 5326 446 5396 pellentur.
471 5325 600 5389 Sed,
632 5325 746 5380 sive
766 5341 905 5380 unus
926 5325 997 5380 sit
1022 5326 1181 5396 ignis,
1204 5341 1311 5395 quo
1343 5335 1397 5381 et
1424 5343 1566 5383 nunc
1606 5327 1732 5383 solm

157 5417 374 5480 animm,
415 5425 470 5470 et
516 5426 644 5471 tunc
670 5417 900 5486 receptis
949 5417 1112 5471 etiam
1141 5419 1456 5487 corporibus
1486 5421 1596 5475 suis
1627 5430 1733 5475 tor-

157 5507 491 5578 quebnntur,
519 5507 633 5562 sive
675 5506 812 5560 alius
849 5507 921 5561 sit
961 5507 1086 5571 iste,
1137 5509 1248 5563 sive
1291 5509 1430 5564 alius
1479 5511 1602 5574 ille;
1635 5527 1734 5566 nos

157 5599 448 5652 credamus
477 5596 770 5665 Scriptura:
793 5597 996 5664 veraci,
1030 5597 1154 5666 quia
1184 5606 1237 5652 et
1263 5598 1388 5653 illud
1415 5600 1732 5669 supplicium

160 5689 300 5759 ignis
323 5688 533 5756 aeterni,
589 5698 642 5744 ct
689 5688 921 5744 tenebras
973 5689 1286 5756 exteriores,
1330 5706 1447 5760 quae
1495 5691 1564 5745 ibi
1619 5693 1732 5747 sine

1833 4618 2037 4662 natura:
2061 4607 2353 4676 superioris
2381 4606 2577 4675 aliquid
2609 4606 2740 4674 pati,
2770 4620 2870 4660 nec
2892 4604 3031 4659 aeris
3072 4601 3263 4657 saltem
3294 4616 3417 4670 spa-

1833 4700 1906 4752 tia
1937 4689 2209 4769 superiora
2239 4707 2399 4766 atque
2429 4698 2667 4767 puriora,
2712 4696 2805 4750 sed
2845 4696 2944 4749 ista
2987 4693 3283 4761 caliginosa
3328 4701 3415 4748 te—

1833 4804 1960 4843 nere
1975 4788 2220 4856 permissi
2237 4797 2389 4853 sunt;
2407 4787 2495 4856 qui
2510 4787 2588 4841 eis
2599 4801 2697 4856 pro
2710 4801 2806 4840 suo
2821 4799 3015 4855 genere
3027 4784 3244 4853 quidam
3260 4783 3416 4852 quasi

1833 4895 2020 4936 carcer
2043 4889 2146 4944 est,
2177 4895 2348 4948 usque
2393 4879 2461 4933 ad
2487 4888 2694 4946 tempus
2714 4876 2921 4947 judicii.
2946 4875 3059 4929 Etsi
3085 4873 3212 4944 quid
3236 4874 3300 4928 de
3323 4873 3410 4929 his

1832 4969 2322 5038 transgressoribus
2342 4967 2554 5036 angelis
2577 4964 2884 5035 diligentius
2911 4964 3288 5033 requirendum
3308 4971 3412 5018 est.

1902 5059 2041 5112 Ecce
2061 5058 2245 5111 doctor
2270 5055 2505 5125 pietatis,
2534 5053 2666 5108 nihil
2705 5061 2906 5106 temere
2944 5066 3292 5122 praesumens,
3319 5052 3414 5106 sed

1835 5148 1902 5203 de
1930 5146 2156 5218 singulis
2181 5156 2336 5200 caute
2358 5153 2416 5200 et
2449 5143 2727 5198 humiliter
2749 5151 3007 5207 tractans,
3036 5142 3166 5198 dicit
3193 5140 3417 5212 angelos

1835 5247 2258 5309 transgressores
2288 5251 2410 5291 cum
2447 5249 2544 5289 suo
2573 5234 2817 5304 principe
2845 5249 2988 5288 nunc
3016 5232 3250 5295 diabolo,
3283 5240 3413 5285 tunc

1841 5329 2180 5399 archangelo,
2228 5326 2314 5380 vel
2362 5325 2417 5378 in
2461 5324 2737 5394 superiore
2785 5333 2941 5394 parte
2985 5325 3126 5378 aeris
3151 5322 3326 5392 hujus,
3357 5319 3413 5375 id

1839 5427 1942 5483 est,
1971 5420 2108 5474 coelo
2153 5418 2390 5471 anhereo
2432 5414 2597 5470 fuisse
2628 5425 2918 5487 antequam
2965 5422 3253 5485 peccarent
3279 5430 3292 5466 :
3320 5420 3415 5466 aut

1839 5507 2072 5563 fortasse
2121 5509 2174 5562 in
2204 5506 2514 5560 caelestibus
2555 5515 2920 5571 conversatos,
2964 5506 3011 5560 si
3059 5520 3178 5560 cum
3205 5502 3416 5557 caeteris

1841 5598 2100 5654 caelestes
2132 5596 2214 5649 vel
2241 5593 2650 5664 supercrelestes
2683 5597 2855 5667 angeli
2901 5596 3133 5649 fuerunt.
3163 5593 3246 5654 Et,
3278 5591 3321 5646 si
3357 5589 3412 5644 in

1841 5690 1977 5745 coelo
2015 5689 2248 5743 actherco
2284 5687 2656 5743 tantummodo
2687 5685 2922 5756 fuerunt,
2948 5703 3013 5742 ex
3057 5685 3142 5741 illa
3184 5698 3314 5754 pura
3355 5687 3410 5734 et
