3970 6306
621 334 728 391 223

1708 328 1911 386 FLORI
1947 328 2220 388 DlACONl
2255 326 2738 386 LUCDUNENSIS

3750 339 3821 399 225

622 459 840 519 semper
868 457 1061 501 serena
1087 442 1478 515 tranquillitate
1505 439 1742 513 deiectos
1764 458 1884 498 esse
1913 450 2075 513 atque
2101 442 2190 497 de-
2226 445 2275 503 A
2302 448 2562 495 aeternum
2589 455 2695 495 non
2721 453 2840 494 esse
2866 450 3110 510 poenam,
3146 437 3436 496 manifeste
3486 439 3591 512 ipsi
3629 439 3821 513 Veritati.

622 546 805 591 trusos
830 542 953 605 post
996 541 1275 605 peceatum
1322 532 1376 586 in
1430 531 1589 586 istam
1640 530 1957 586 inferiorem
1986 538 2043 585 et
2065 530 2199 585 eali-

623 627 867 697 ginosam
894 633 1105 694 partem
1136 623 1297 677 aeris.
1336 620 1616 685 Similiter,
1655 621 1701 675 si
1730 629 1855 675 ante
1896 629 2199 691 transgres-

623 717 834 772 sionem
860 729 1034 780 suam,
1064 714 1204 769 sicut
1235 711 1413 767 caeteri
1456 709 1629 781 angeli
1674 710 1920 766 cmlestia
1972 724 2199 780 corpora

624 809 905 878 gerebant,
931 806 1168 863 converti
1194 820 1257 860 ea
1298 804 1541 875 potuisse
1576 803 1661 858 vel
1696 819 1955 859 conversa
1988 816 2107 859 esse
2133 819 2202 858 ex

623 912 784 968 pcena
808 897 951 951 illius
988 894 1351 966 damnationis
1399 894 1453 948 in
1501 894 1705 948 aeriam
1754 893 2092 963 qualitatem,
2144 900 2204 947 ut

619 988 731 1057 jam
755 987 960 1058 possint
989 984 1058 1039 ab
1088 986 1209 1054 igne
1257 996 1473 1054 poenam
1516 998 1636 1052 quae
1663 982 1743 1038 eis
1774 984 2018 1049 debetur,
2065 983 2197 1053 pati.

623 1077 741 1132 Non
771 1090 898 1146 ergo
922 1075 1167 1130 deﬁnivit
1191 1075 1282 1130 hic
1306 1080 1529 1129 sanctus
1553 1074 1743 1129 doctor
1771 1082 1952 1127 utrum
1983 1073 2038 1129 in
2065 1073 2203 1129 caelo

624 1169 877 1231 :cthereo,
902 1181 970 1220 an
996 1165 1243 1220 etiamin
1285 1164 1425 1219 caelo
1475 1164 1688 1219 sidereo
1726 1172 1852 1219 ante
1896 1172 2203 1235 transgres-

624 1251 829 1311 sioneln
863 1270 1012 1309 suam
1040 1243 1241 1309 fuerint
1266 1254 1595 1318 conversati,
1640 1253 1735 1309 sed
1774 1263 2059 1324 utrumque
2086 1253 2204 1309 ﬁeri

622 1341 865 1412 potuisse
910 1357 1017 1396 non
1064 1342 1402 1397 contradicit.
1444 1341 1811 1411 Undecunque
1854 1352 2034 1397 autem
2083 1351 2207 1412 post

623 1435 1138 1506 transgressionem,
1165 1435 1278 1490 sive
1307 1434 1514 1490 scilicet
1537 1449 1604 1489 ex
1633 1435 1932 1505 superiore,
1965 1436 2078 1491 sive
2115 1435 2202 1489 in-

624 1523 824 1581 feriore
861 1526 1002 1580 ecelo
1052 1526 1376 1591 eorruerint,
1430 1525 1642 1581 etiamsi
1691 1525 1933 1581 cmlestia
1977 1541 2204 1596 corpora

627 1626 752 1672 ante
781 1620 1060 1687 gerebant,
1092 1633 1355 1673 conversa
1398 1633 1520 1673 esse
1567 1633 1631 1673 ex
1678 1633 1838 1688 ptena
1888 1619 1941 1673 in
1990 1634 2206 1675 aeream

625 1707 974 1777 qualitatem;
1008 1725 1114 1765 non
1150 1709 1254 1763 alia
1283 1709 1364 1765 eis
1389 1724 1455 1763 ex
1481 1709 1599 1779 ipso
1623 1725 1770 1777 aere,
1823 1710 1876 1765 id
1918 1719 2006 1765 est
2048 1726 2205 1766 aerea

2304 533 2356 587 id
2386 541 2470 587 est
2491 531 2657 602 judiei
2688 533 2931 587 vivorum
2952 541 3007 587 et
3029 540 3390 601 mortuorum,
3416 539 3742 608 contradicit,
3763 548 3822 613 qui

2303 636 2365 676 se
2388 621 2440 675 in
2470 621 2560 676 illo
2578 620 2783 690 judicio
2810 622 3077 677 dicturum
3108 622 3354 692 praedixit
3382 641 3398 678 :
3424 624 3687 684 Discedite
3712 650 3821 701 aue,

2304 710 2588 775 maledicti,
2620 712 2671 765 in
2700 712 2868 781 ignem
2892 721 3144 765 aeternum
3169 712 3383 783 (Matth.
3420 731 3555 783 xxv,
3599 718 3703 790 41).
3724 721 3773 775 Et
3787 737 3824 779 ut

2305 802 2479 871 ipsum
2538 802 2714 873 ignem
2762 810 3021 857 teternum
3071 802 3441 875 intelligamus
3502 822 3624 863 esse
3663 824 3823 881 pcenun

2303 898 2360 945 et
2404 890 2720 961 supplicium
2760 892 3166 961 sempiternum,
3200 894 3383 948 statim
3431 904 3561 966 post
3604 912 3749 968 pauca
3783 901 3824 955 de

2303 982 2486 1036 miseri
2521 982 2613 1052 qui
2654 980 2726 1035 ibi
2782 981 3107 1037 aeternaliter
3155 983 3455 1041 damnandi
3508 995 3569 1042 et
3606 992 3825 1060 torquenti
3890 984 3891 1060 l

2304 1081 2470 1139 sunt,
2509 1071 2782 1143 subjungit
2806 1113 2822 1138 ,
2864 1073 3050 1129 dicens
3082 1092 3094 1127 :
3130 1072 3276 1129 Tunc
3310 1076 3468 1131 ibunt
3509 1078 3566 1132 hi
3600 1079 3652 1134 in
3681 1083 3823 1151 suppli-

2303 1163 2441 1216 cium
2462 1172 2711 1218 azternum
2742 1162 2925 1235 (Ibid.,
2957 1162 3080 1234 ιδ).
3097 1163 3437 1223 Contradicit
3468 1178 3527 1224 et
3545 1170 3694 1224 beato
3712 1169 3827 1227 Paulo

2303 1253 2545 1323 apostolo
2579 1254 2775 1309 dicenti
2808 1271 2821 1307 :
2853 1254 2919 1307 In
2951 1254 3261 1310 reuelatione
3303 1256 3526 1313 Domini
3563 1262 3713 1315 nostri
3740 1261 3826 1316 less

2305 1344 2502 1400 Christi
2529 1346 2594 1400 de
2621 1346 2745 1400 coelo
2772 1363 2889 1402 cum
2921 1347 3121 1418 angelis
3152 1349 3361 1403 virtutis
3383 1350 3507 1419 ejus
3529 1367 3549 1405 :
3579 1351 3733 1406 dantis
3757 1355 3828 1406 eis-

2304 1437 2498 1490 diclam
2525 1437 2578 1490 in
2602 1438 2870 1506 ﬂammam
2894 1438 3049 1509 ignis,
3072 1438 3151 1493 his
3175 1440 3265 1509 qui
3292 1457 3399 1494 non
3429 1451 3675 1496 noverant
3692 1442 3827 1507 Deum,

2304 1535 2352 1580 et
2380 1526 2470 1595 qui
2516 1542 2619 1580 non
2659 1526 2959 1581 obedierunt
2990 1527 3274 1599 Evangelia
3312 1529 3534 1585 Domini
3579 1532 3726 1586 nostri
3743 1532 3827 1586 leui
3890 1530 3891 1535 “

2306 1616 2538 1684 Christi;
2569 1618 2658 1688 qui
2683 1634 2858 1688 prunas
2882 1617 3080 1672 dabunt
3110 1618 3165 1672 in
3195 1619 3411 1673 interitu
3442 1632 3662 1675 cateruas
3683 1640 3711 1675 α
3734 1622 3825 1691 facie
3890 1642 3891 1651 ξ

2307 1708 2540 1775 Domini,
2566 1718 2614 1763 et
2647 1727 2678 1778 ᾳ
2701 1708 2871 1779 gloria
2902 1709 3190 1778 majestatis
3205 1710 3319 1780 ejus
3343 1709 3435 1782 (11
3465 1710 3643 1767 Thess.
3668 1729 3702 1778 ι,
3735 1714 3825 1781 7-9).

626 1814 857 1870 corpora
901 1803 1106 1867 addita,
1152 1817 1260 1857 non
1313 1801 1695 1857 inconveniens
1734 1817 1855 1857 esse
1908 1802 2202 1858 existimat.
2232 1793 2281 1853 B
2309 1799 2643 1855 Contradicit
2670 1808 2724 1855 et
2743 1801 2901 1855 beato
2927 1800 3170 1870 apostolo
3194 1799 3387 1857 loanni
3410 1803 3481 1858 de
3495 1804 3674 1858 eodem
3692 1814 3825 1874 stagno

629 1891 747 1948 Non
774 1908 902 1962 ergo
926 1893 1132 1959 deﬁnit,
1157 1894 1296 1949 sicut
1340 1894 1468 1959 iste,
1496 1894 1640 1963 quod
1679 1910 1747 1950 ex
1780 1895 1982 1950 tethere
2028 1895 2079 1950 in
2115 1911 2207 1951 ae-

630 1998 745 2039 rem
774 1984 1018 2039 diabolus
1065 1984 1138 2039 sit
1163 1984 1433 2049 detrusus,
1463 1985 1585 2054 quia
1612 1985 1788 2054 potuit
1807 1993 1861 2053 et
1884 2000 1950 2040 ex
1977 1984 2206 2041 coelesti-

630 2075 733 2130 bus
763 2090 938 2142 ruere,
971 2090 1070 2130 nee
1094 2075 1281 2130 deﬁnit
1307 2076 1621 2140 aethereum,
1664 2076 1779 2132 sive
1826 2076 2043 2133 caeleste
2082 2090 2205 2131 eum

631 2182 829 2237 corpus
858 2167 1131 2232 habuisse,
1158 2166 1253 2221 sed
1283 2166 1327 2221 si
1360 2166 1564 2231 habuit,
1594 2180 1663 2221 ex
1689 2181 1849 2237 poena
1879 2167 1932 2221 in
1969 2166 2208 2221 deterius

633 2244 1023 2311 commutatum
1061 2269 1184 2311 esse
1218 2273 1230 2309 :
1259 2270 1360 2310 nec
1384 2255 1623 2311 additum
1653 2255 1703 2309 ei
1731 2270 1926 2325 corpus
1967 2271 2208 2323 aereum,

632 2343 719 2398 vel
748 2328 903 2414 quasi
932 2344 1126 2415 duplici
1155 2357 1382 2414 corpore
1417 2359 1525 2399 uno
1571 2342 1778 2399 coelein
1825 2344 1907 2399 vel
1948 2345 2208 2409 aethereo,

636 2434 806 2489 altero
830 2434 1007 2489 autem
1036 2452 1196 2492 aereo
1217 2436 1509 2492 vestiretur
1540 2451 1555 2490 :
1585 2435 1676 2491 sed
1706 2436 1879 2506 ipsum
1904 2437 2020 2508 eju’s
2041 2437 2210 2493 coele-

636 2535 718 2582 ste
772 2543 989 2598 corpus,
1041 2530 1084 2584 si
1144 2528 1266 2595 fuit,
1326 2544 1648 2584 conversum
1692 2544 1812 2584 esse
1842 2545 1909 2584 ex
1955 2544 2113 2600 poena
2156 2529 2211 2584 in

636 2631 851 2674 aeream
876 2619 1215 2690 qualitatem,
1268 2628 1329 2674 ut
1369 2618 1485 2688 jam
1540 2635 1647 2674 non
1677 2619 1898 2675 emlesle
1932 2619 2014 2674 vel
2048 2620 2213 2676 aethe-

634 2724 809 2777 reum,
841 2707 935 2766 sed
960 2727 1180 2767 aereum
1205 2727 1403 2782 corpus
1422 2718 1585 2778 esset,
1612 2711 1703 2767 ubi
1742 2711 1880 2784 ignis
1918 2725 2136 2783 poenam
2160 2721 2215 2767 et

602 2870 611 2873 _
635 2801 959 2872 supplicium
986 2802 1193 2857 sentire
1215 2802 1405 2871 possit.

707 2892 839 2945 Item
868 2892 997 2959 alibi
1038 2894 1104 2948 de
1132 2892 1320 2947 eadem
1370 2900 1691 2958 retractans,
1723 2899 1779 2947 et
1810 2891 2123 2948 cautissime
2152 2906 2217 2947 ac

639 2993 900 3049 suspense
930 2980 1255 3046 deliberans,
1294 2981 1370 3035 ita
1405 2980 1574 3036 dicit:
1601 2979 1683 3052 [Si
1708 2996 1814 3035 non
1836 2982 1941 3036 erit
1968 2982 2107 3053 ignis
2136 2981 2217 3035 in-

641 3069 961 3139 corporalis,
995 3072 1089 3126 sed
1120 3072 1417 3142 corporalis
1458 3081 1603 3128 tactu
1638 3074 1851 3139 noxius,
1881 3086 1941 3130 ut
1984 3090 2050 3131 eo
2088 3091 2216 3147 pos-

641 3161 752 3216 sint
779 3176 1006 3232 corpora
1033 3164 1286 3231 cruciari,
1308 3166 1577 3235 quomodo
1604 3166 1657 3221 in
1680 3182 1745 3223 eo
1756 3168 2035 3225 eritetiam
2053 3184 2216 3240 pinna
2245 3140 2291 3204 α

642 3254 930 3325 spirituum
962 3256 1341 3327 malignorum,
1365 3258 1470 3312 nisi
1497 3259 1624 3328 quia
1659 3268 1785 3314 sunt
1828 3261 2074 3330 quaedam
2121 3276 2218 3317 sua

642 3346 808 3400 etiam
838 3346 1174 3403 daemonibus
1212 3363 1458 3418 corpora,
1505 3349 1646 3404 sicut
1687 3351 1859 3406 doctis
1911 3353 2220 3407 hominibus

642 3437 820 3491 visum
844 3446 946 3501 eSt,
979 3452 1046 3492 ex
1091 3439 1196 3493 isto
1227 3453 1351 3494 aere
1376 3454 1562 3494 crasso
1603 3448 1764 3509 atque
1796 3441 2039 3507 humido,
2069 3442 2223 3512 cujus

644 3526 907 3597 impulsus
928 3534 1089 3582 vento
1115 3525 1279 3582 ﬂante
1307 3528 1556 3583 sentitur.
1596 3527 1749 3596 Quod
1776 3543 1944 3600 genus
1969 3529 2223 3587 elementi

642 3618 689 3672 si
720 3618 852 3673 nihil
882 3617 950 3684 ab
978 3618 1100 3687 igne
1136 3619 1341 3689 perpeti
1374 3628 1577 3688 posset,
1624 3634 1731 3674 non
1770 3627 1956 3675 ureret
1993 3619 2224 3675 fervefa-

642 3717 763 3764 etus
793 3708 847 3763 in
868 3708 1075 3765 balneis
1102 3726 1114 3762 :
1144 3719 1200 3765 ut
1229 3709 1374 3764 enim
1404 3717 1546 3776 urat,
1573 3709 1723 3781 prior
1753 3710 1949 3773 uritur,
1982 3708 2223 3781 facitque

642 3818 765 3857 cum
793 3802 1017 3874 patitur.
1051 3802 1109 3857 Si
1143 3813 1325 3859 autem
1356 3804 1643 3874 quisquam
1686 3802 1832 3858 nulla
1859 3804 2063 3859 habere
2104 3819 2225 3859 cor-

642 3908 773 3963 pora
802 3902 1099 3959 asseverat,
1128 3909 1234 3949 non
1263 3902 1345 3949 est
1388 3895 1454 3949 de
1485 3894 1587 3948 hac
1624 3909 1707 3960 re,
1734 3901 1828 3948 aut
1869 3893 2224 3950 laborandum

644 3996 871 4050 operosa
915 3982 1285 4052 inquisitione,
1332 3991 1424 4037 aut
1478 3983 1813 4038 contentiosa
1860 3984 2226 4054 disputatione

646 4073 982 4127 certandum.
1013 4072 1122 4126 Cur
1145 4074 1289 4127 enim
1318 4088 1425 4128 non
1460 4074 1722 4140 dicamus,
1764 4076 2011 4145 quamvis
2052 4075 2223 4141 miris,

646 4172 828 4216 tamen
850 4164 993 4218 veris
1019 4164 1209 4228 modis,
1244 4165 1406 4219 etiam
1435 4165 1655 4233 spiritus
1684 4164 2035 4236 ineorporeos
2065 4182 2243 4237 posse-

647 4267 807 4322 pmna
860 4254 1154 4324 corporalis
1202 4254 1340 4325 ignis
1368 4252 1570 4325 allligi?
1605 4253 1662 4310 Si
1695 4256 1917 4326 spiritus
1946 4259 2225 4315 hominum

647 4342 810 4397 etiam
838 4344 938 4414 ipsi
962 4344 1205 4415 profecto
1228 4344 1531 4414 incorporei
1576 4353 1632 4400 et
1657 4362 1802 4402 nunc
1831 4358 2124 4418 potuerunt
2150 4351 2228 4404 in-

647 4435 788 4491 cludi
821 4436 1189 4505 corporalibus
1215 4435 1491 4499 membris,
1517 4445 1573 4491 et
1601 4445 1731 4493 tunc
1744 4447 2226 4508 poteruntsuorum

2309 1891 2448 1963 ignis
2473 1898 2529 1946 et
2554 1890 2827 1970 sulphuris
2871 1891 2926 1945 in
2956 1891 3275 1962 Apocalypsi
3300 1893 3509 1948 dicenti
3541 1912 3555 1948 :
3591 1893 3655 1947 Et
3681 1897 3828 1947 erucis-
3890 1880 3891 1915 ἶ

2311 1981 2505 2036 buntur
2533 1981 2616 2035 die
2644 1998 2706 2034 ac
2743 1990 2891 2036 nocte
2915 1981 2969 2035 in
3003 1979 3198 2035 saecula
3239 1982 3563 2039 sazculorum
3589 1981 3744 2053 (Apoc.
3768 1998 3825 2045 xx,

2312 2070 2432 2140 10);
2465 2077 2521 2124 et
2546 2070 2776 2127 iterum:
2806 2071 2876 2126 Et
2906 2072 3084 2143 fumus
3105 2081 3487 2128 tormentorum
3514 2090 3683 2129 eorum
3700 2090 3827 2127 amo

2311 2163 2394 2217 det
2416 2164 2471 2218 in
2492 2163 2689 2218 saecula
2716 2163 3031 2218 surculorum
3062 2165 3244 2236 (Apoc.
3270 2182 3387 2234 xw,
3417 2166 3534 2239 10).
3565 2166 3629 2221 Ει
3650 2167 3826 2236 Scriptu-

2312 2268 2410 2319 rae,
2433 2268 2553 2324 quae
2577 2253 2655 2310 ait
2679 2272 2693 2308 :
2723 2253 2881 2309 Dabit
2908 2256 2963 2309 in
2990 2272 3171 2310 carnes
3190 2272 3377 2311 eorum
3412 2259 3586 2329 ignem
3607 2269 3652 2314 et
3671 2274 3825 2319 om,

2312 2354 2368 2398 ut
2392 2353 2637 2410 urantur,
2671 2356 2719 2399 et
2749 2345 2971 2399 sentiant
2995 2362 3157 2416 usque
3183 2346 3237 2400 in
3267 2349 3637 2419 sempiternum
3660 2347 3823 2415 (Iudith.

2314 2452 2427 2503 xvr,
2457 2436 2571 2509 2i).
2608 2436 2676 2491 Et
2708 2438 2903 2493 iterum
2933 2456 2947 2491 :
2989 2437 3229 2492 Humilia
3263 2440 3512 2509 spiritum
3554 2449 3688 2493 tuum
3710 2437 3826 2499 valde,

2312 2528 2440 2598 quia
2466 2527 2694 2582 vindicta
2720 2529 2894 2582 carnis
2908 2528 3075 2599 impii,
3102 2530 3237 2598 ignis
3278 2538 3327 2582 et
3354 2546 3558 2583 uermes
3585 2525 3745 2598 (Eccli.
3764 2541 3826 2587 ru,

2316 2616 2429 2688 l9).
2457 2616 2587 2684 Qum
2606 2632 2728 2672 cum
2755 2618 2829 2672 ita
2861 2617 2988 2684 sint,
3013 2627 3068 2673 et
3089 2618 3318 2673 ﬁdeliter
3346 2619 3417 2673 ad
3449 2629 3696 2674 terrorem
3717 2625 3825 2683 atque

2317 2710 2747 2767 emendationem
2777 2710 3049 2765 assiduam
3082 2711 3310 2766 tenenda
3335 2712 3471 2778 sint,
3496 2709 3740 2781 quomodo
3763 2708 3827 2759 iste

2319 2787 2511 2867 audet,
2541 2801 2627 2856 vel
2656 2817 2755 2856 cur
2778 2810 2889 2857 tam
2928 2801 3149 2871 impiam
3190 2809 3246 2859 et
3282 2803 3471 2858 multis
3512 2801 3711 2857 noxiam
3743 2812 3825 2867 per

2320 2892 2552 2948 mittitur
2588 2894 2789 2949 habere
2822 2893 3128 2950 libertatem
3152 2934 3168 2960 ,
3195 2902 3254 2948 ut
3297 2895 3351 2949 in
3377 2894 3621 2949 Ecclesia
3648 2891 3762 2946 dicat
3786 2884 3827 2938 ad

2321 2985 2729 3042 subversionem
2770 2985 3102 3041 audientium
3127 3026 3143 3051 ,
3188 2994 3245 3041 et
3271 2988 3618 3042 securitatem
3648 2978 3823 3037 mortife-

2322 3091 2440 3131 ram
2483 3075 2865 3142 nutriendum,
2910 3091 3018 3131 non
3062 3091 3183 3132 esse
3230 3076 3377 3131 illum
3432 3078 3607 3148 ignem
3639 3081 3826 3127 aeternum
3890 3075 3891 3148 ξ

2320 3165 2572 3237 pmna'm?
2600 3181 2721 3222 cum
2752 3166 3008 3223 Dominus
3033 3182 3156 3223 eum
3188 3176 3417 3223 testetur
3442 3182 3561 3223 esse
3582 3161 3823 3234 supplicium

2322 3257 2709 3326 sempiternum
2729 3298 2743 3322 ,
2773 3257 3042 3313 etveritas
3067 3258 3375 3327 apostolicae
3395 3258 3677 3314 doctrinae:
3700 3251 3824 3320 lam

2321 3356 2370 3403 et
2394 3349 2664 3416 flammam
2691 3347 2953 3413 uindictae,
2980 3358 3029 3402 et
3056 3365 3234 3419 plenas
3261 3350 3318 3402 in
3344 3350 3561 3418 interitu
3586 3347 3825 3403 retentale

2323 3436 2611 3491 cruciatum
2667 3438 2772 3492 diei
2822 3454 2885 3491 ac
2933 3438 3138 3503 noctis,
3182 3447 3231 3491 et
3277 3438 3485 3507 fumum
3529 3439 3824 3491 tormentorum

2323 3526 2682 3581 ascendentem
2711 3528 2766 3581 in
2793 3526 2989 3582 sa'cula
3014 3527 3357 3596 saeculorum,
3400 3525 3717 3599 apertissime
3744 3531 3823 3573 eum

2325 3631 2446 3675 esse
2470 3616 2764 3671 denuntiet.

2398 3705 2465 3761 Et
2492 3706 2612 3761 ideo
2645 3707 2864 3780 omnino
2907 3707 3279 3763 indubitanter
3319 3718 3376 3764 et
3406 3709 3674 3766 verissime
3705 3697 3821 3757 nobis

2327 3794 2430 3849 ista
2458 3795 2724 3850 credenda
2746 3805 2890 3861 sunt,
2916 3804 2976 3850 ut
2999 3797 3093 3852 tali
3118 3807 3325 3854 terrore
3346 3807 3651 3855 coerceatur
3669 3801 3713 3847 et
3730 3802 3824 3844 mor-
3890 3794 3891 3873 ξ

2325 3884 2561 3939 titieetur
2605 3885 2658 3940 in
2705 3886 2862 3943 nobis
2895 3887 3181 3944 delectatio
3219 3892 3517 3960 peccandi,
3544 3898 3596 3945 et
3628 3883 3826 3942 excitetur

2328 3991 2393 4031 ae
2428 3977 2714 4032 roboretur
2737 3978 3041 4035 sollicitudo
3075 3980 3215 4035 bene
3245 3982 3435 4051 agendi
3473 3991 3526 4037 et
3552 3982 3652 4034 Deo
3675 3975 3824 4046 placen-

2327 4066 2402 4120 di.
2450 4064 2564 4122 Hoc
2606 4084 2839 4138 namque
2882 4070 3040 4125 nobis
3080 4071 3350 4140 praecipue
3395 4070 3825 4127 necessariumesse

2329 4157 2442 4228 ipse
2460 4157 2721 4215 Dominus
2742 4162 3001 4228 ostendit,
3022 4162 3206 4217 dicens
3230 4175 3244 4216 :
3268 4161 3552 4218 Ostendam
3571 4160 3708 4222 vobis,
3723 4166 3824 4225 qm
3890 4157 3891 4228 ἦ

2329 4248 2554 4302 timeatis
2586 4263 2603 4301 :
2634 4250 2807 4304 timete
2840 4268 2956 4305 eum
2996 4253 3086 4322 qui
3128 4262 3400 4323 postquam
3436 4251 3696 4311 occiderit,
3726 4241 3825 4296 (tam
3890 4256 3891 4319 ξ

2328 4347 2633 4409 potestatem
2660 4341 2859 4395 mittere
2887 4343 2943 4397 in
2970 4343 3256 4412 gehennam
3281 4343 3430 4412 (Luc.
3456 4360 3565 4410 xu,
3584 4342 3633 4412 5)
3656 4356 3668 4404 ἱ
3700 4343 3743 4391 εί
3761 4333 3822 4385 ίιε³

2332 4445 2453 4483 rum
2484 4447 2496 4483 :
2531 4429 2634 4484 Sed
2661 4432 2834 4501 potius
2862 4448 2979 4486 eum
3008 4435 3199 4499 timete,
3224 4436 3314 4503 qui
3340 4445 3505 4504 potest
3531 4443 3577 4488 et
3602 4426 3824 4484 animarat!

649 4499 935 4595 corporum
963 4525 1193 4581 vinculis
1218 4525 1577 4580 insolubiliter
1600 4499 1829 4597 alligari.
1861 4528 2228 4584 Adluerebunt
2254 4499 2308 4559 D
2334 4536 2523 4588 corpus
2556 4499 2770 4590 perdere
2797 4523 2851 4575 iu
2876 4523 3161 4592 gehennam
3198 4499 3411 4594 (Matth.
3438 4542 3500 4588 Χ,
3526 4522 3628 4593 28).
3653 4514 3769 4573 Unde
3791 4516 3824 4560 et

647 4629 779 4685 ergo
807 4615 1026 4685 spiritus
1047 4614 1368 4677 daemonum,
1402 4614 1510 4670 imo
1535 4615 1756 4686 spiritus
1788 4618 2075 4684 dzemones,
2102 4617 2230 4676 licet

649 4703 975 4775 incorporei,
1005 4704 1280 4774 corporeis
1323 4704 1536 4777 ignibus
1564 4707 1864 4773 cruciandi,
1901 4709 2228 4780 accipientes

650 4811 722 4851 ex
763 4796 976 4866 ignibus
1021 4810 1268 4865 poenam;
1317 4805 1372 4852 et
1409 4807 1605 4853 caetera
1639 4815 1759 4868 qum
1785 4799 1851 4853 de
1878 4799 1977 4854 bac
2008 4814 2065 4853 re
2104 4814 2230 4868 pro-

651 4886 817 4941 lixius
839 4885 1123 4957 disputat.]
1143 4884 1251 4942 liae
1273 4903 1401 4960 ergo
1421 4887 1625 4943 cautela
1648 4904 1808 4959 quam
1832 4890 2021 4944 beatus
2043 4889 2231 4942 doctor

656 4977 712 5032 in
741 4977 854 5059 suis
905 4975 1341 5047 inquisitionibus
1386 4980 1637 5045 ostendit,
1707 4979 1773 5034 de
1824 4978 2018 5033 talibus
2072 4980 2234 5034 rebus

656 5069 999 5125 sentiendum
1029 5079 1191 5140 atque
1219 5072 1578 5136 tractandum,
1618 5078 1673 5124 et
1718 5086 1828 5126 non
1876 5072 2120 5143 improbe
2152 5072 2236 5126 vel

657 5159 994 5215 mendaciter
1022 5161 1223 5232 aliquid
1256 5164 1617 5220 sentiendum.

730 5250 783 5305 6.
823 5251 1078 5321 Sequitur
1106 5253 1229 5322 istc,
1259 5265 1315 5310 et
1336 5255 1467 5311 dicit
1507 5270 1520 5307 :
1568 5252 1692 5306 Non
1725 5269 1833 5307 esse
1868 5253 2020 5307 ibum
2065 5254 2238 5324 ignem

658 5357 883 5412 pinnam,
930 5359 1095 5416 neque
1135 5346 1203 5400 ad
1236 5362 1353 5399 eum
1397 5353 1751 5414 purpuratum
1790 5342 1867 5398 vel
1903 5344 2241 5414 prwdestina-

660 5441 770 5486 tum
797 5448 817 5487 :
847 5433 938 5487 sed
988 5436 1077 5505 qui
1113 5435 1286 5504 fuerat
1324 5434 1723 5503 prwdestinatus
1752 5434 1824 5487 'ut
1860 5443 1989 5489 esset
2026 5435 2081 5488 in
2120 5435 2241 5487 uni-

660 5527 899 5580 versitate
945 5529 1178 5581 omnium
1218 5525 1493 5591 bonorum,
1540 5526 1683 5580 sedes
1732 5526 1902 5594 factus
1947 5537 2020 5581 est
2050 5526 2241 5596 impio-

662 5632 801 5683 rum,
824 5617 880 5672 in
907 5634 1010 5686 quo
1040 5615 1227 5686 procul
1254 5614 1413 5669 dubio
1443 5632 1544 5669 non
1572 5617 1745 5669 minus
1776 5616 2081 5669 habitabant
2106 5596 2242 5668 ligati

660 5726 816 5771 quam
863 5710 1058 5763 miseri.
1111 5708 1169 5763 In
1216 5708 1303 5763 bis
1352 5707 1531 5763 verbis
1569 5723 1690 5763 cum
1724 5709 1855 5763 dicit
1884 5709 2029 5763 illum
2062 5709 2239 5779 ignem

2337 4610 2463 4666 alibi
2501 4610 2781 4681 Scriptura
2808 4612 3093 4668 utilitatem
3129 4592 3289 4683 huius
3323 4615 3560 4679 timoris,
3593 4592 3648 4667 et
3686 4623 3711 4662 e
3742 4614 3824 4656 ωη-
3890 4592 3891 4627 ἶ

2338 4703 2506 4758 trario
2541 4702 2739 4756 malum
2771 4703 3077 4758 securitatis
3122 4706 3411 4761 ostendens
3436 4747 3451 4771 ,
3499 4703 3618 4761 dicit
3654 4716 3665 4752 :
3706 4693 3821 4748 Timor
3890 4712 3891 4771 ἶ

2337 4794 2551 4848 Domini
2572 4794 2776 4863 expellit
2797 4807 3062 4863 peccatum
3088 4797 3276 4869 (Eccli.
3306 4814 3346 4863 1,
3368 4799 3459 4869 27)
3486 4817 3499 4853 :
3530 4809 3641 4851 nam
3658 4786 3731 4859 qui
3752 4781 3825 4837 sine
3890 4781 3891 4839 ἰ

2342 4885 2535 4940 timore
2566 4895 2672 4950 est,
2702 4902 2807 4940 non
2838 4895 3015 4957 potest
3037 4887 3344 4957 justiﬁcari.

2409 4976 2561 5043 Quod
2603 4986 2785 5033 autem
2827 4979 2929 5035 iste
2969 4980 3140 5035 dicit:
3171 4979 3428 5036 Eumdem
3472 4983 3627 5053 ignem
3648 4974 3823 5053 wl¢"""_
3890 4974 3891 5043 l

2340 5086 2444 5124 non
2488 5086 2599 5124 esse
2638 5069 2702 5123 ab
2733 5069 2882 5124 initio
2918 5082 3272 5142 praeparatum
3305 5083 3352 5127 et
3386 5048 3758 5143 prmdestinntum
3780 5048 3824 5103 σά

2338 5178 2575 5233 poenam,
2609 5162 2700 5215 sed
2733 5171 2936 5217 tantum
2973 5173 3059 5229 ut,
3098 5165 3152 5218 in
3191 5166 3521 5220 universitate
3552 5155 3823 5236 creaturartlf

2339 5268 2458 5321 qua:
2486 5270 2516 5305 (ι
2541 5251 2672 5306 bono
2704 5251 2950 5307 Creatore
2977 5253 3124 5308 bona:
3147 5257 3370 5310 condita:
3397 5266 3537 5322 sunt,
3557 5260 3599 5307 et
3624 5251 3709 5316 ipse
3725 5244 3822 5306 (1⁸⁵⁵³

2342 5342 2515 5397 locant
2543 5360 2695 5397 suum
2726 5354 2941 5410 teneret,
2970 5346 3089 5401 lidei
3122 5355 3320 5402 nostra:
3346 5355 3658 5418 nequaquam
3682 5339 3744 5387 εει
3766 5335 3820 5378 η’

2342 5432 2670 5501 cipiendum.
2716 5432 2821 5489 Sed
2864 5434 2965 5489 hoc
3001 5435 3178 5505 potius
3217 5438 3502 5493 tenendum
3532 5441 3607 5489 est
3632 5424 3733 5515 qui?

2346 5521 2595 5590 nipotens
2647 5522 2824 5589 Deus,
2882 5524 2976 5597 qui
3033 5525 3213 5580 omnia
3268 5538 3588 5597 quaecunque
3628 5517 3685 5572 ab
3723 5510 3821 5564 ίηῖυθ

2346 5613 2571 5678 creavit,
2599 5614 2763 5669 certis
2798 5615 2983 5684 utique
3010 5631 3074 5670 ex
3105 5619 3285 5674 causis
3304 5658 3319 5680 ,
3345 5628 3399 5673 et
3430 5619 3494 5674 ad
3521 5622 3674 5672 certos
3695 5609 3737 5657 ει
3761 5605 3819 5647 ’κ’

2347 5706 2615 5761 cessarios
2640 5720 2769 5761 usus
2796 5707 3052 5773 condidit,
3080 5716 3133 5763 et
3175 5709 3307 5763 nihil
3348 5710 3569 5764 inaniter
3590 5708 3665 5757 aut
3693 5695 3817 5751 suile“
