3970 6306
208 276 332 331 225

1211 284 1412 340 LIBER
1447 285 1815 345 ADVERSUS
1851 287 2165 346 JOANNEM
2207 290 2506 351 SCOTUM.

3365 310 3473 368 226

202 405 392 448 vacue
415 390 712 456 constituit,
741 392 836 447 sed
864 406 1295 462 unamquamque
1324 410 1435 450 rem
1454 436 1469 461 ,
1497 412 1593 452 sua
1620 396 1793 451 omni-
1819 402 1869 460 Α
1897 405 1981 452 ter
2026 408 2220 453 exurat
2243 440 2259 465 ,
2310 416 2409 457 nec
2455 402 2633 459 studio
2678 405 2913 464 humano
2958 414 3322 483 succenditur,
3371 436 3470 478 nec

196 482 460 554 potentia
489 481 792 547 conditam,
839 483 1113 552 proprium
1155 482 1386 539 ollicium
1430 487 1557 541 sive‘
1584 487 1792 541 utilita-

200 602 327 646 tem
359 592 553 646 habere
579 589 746 644 voluit
772 606 786 643 :
816 590 953 645 sicut
983 590 1161 646 lumen
1198 594 1267 648 ad
1295 610 1451 648 usum
1477 595 1599 659 diei,
1628 604 1684 650 et
1710 605 1791 651 te-

190 681 413 735 nebras
459 678 527 733 ad
566 679 803 749 quietem
847 681 1043 745 noctis,
1076 689 1131 736 et
1159 680 1551 737 ﬁrmamentum
1576 683 1696 738 coeli
1722 684 1791 739 ad

178 770 399 825 .sedem
427 767 770 831 luminarium
787 809 803 835 ,
828 777 882 824 et
902 786 1161 841 aquarum
1184 787 1347 842 super
1372 773 1536 829 caelos
1564 789 1786 844 separa-

188 864 413 919 tionem
436 863 502 917 ad
540 863 977 933 temperationem
1010 875 1298 931 astrorum,
1326 875 1380 922 et
1407 866 1603 925 herbas
1626 860 1787 940 atque

186 957 430 1011 arbusta
460 954 528 1009 ad
566 956 1011 1012 sustentationem
1036 959 1414 1025 animantium,
1439 968 1496 1015 et
1518 960 1785 1019 luminare

180 1042 404 1111 majus,
433 1051 491 1097 ut
516 1052 772 1113 praeesset
796 1045 899 1099 diei
919 1085 934 1112 ,
963 1055 1017 1100 et
1045 1045 1314 1103 luminare
1337 1050 1534 1116 minus,
1565 1060 1623 1105 ut
1646 1067 1784 1121 prte-

180 1140 355 1187 esset
386 1132 549 1197 nocti,
577 1147 700 1188 cum
727 1132 897 1188 stellis
926 1150 939 1186 :
970 1143 1024 1189 et
1048 1129 1251 1191 etetera'
1287 1137 1341 1190 in
1372 1137 1516 1193 hunc
1542 1141 1776 1196 modum.

182 1219 361 1276 Sicut
386 1236 515 1293 ergo
537 1223 717 1277 omnia
742 1223 857 1279 haec
891 1225 958 1279 ab
996 1226 1150 1281 initio
1185 1228 1400 1282 condita
1427 1238 1482 1283 et
1509 1232 1774 1298 ordinata,

172 1311 386 1365 statim
433 1313 663 1381 propriis
706 1312 895 1370 ciliciis
933 1325 988 1370 et
1032 1316 1345 1374 ministeriis
1385 1328 1546 1390 atque
1592 1322 1778 1378 usibus

173 1402 508 1473 deputavit;
546 1406 619 1460 ita
644 1415 698 1460 et
725 1406 873 1461 illum
910 1407 1083 1477 ignem
1113 1416 1372 1464 aeternum
1404 1412 1472 1466 ab
1514 1412 1666 1467 initio
1695 1412 1776 1467 in-

172 1501 279 1548 ter
329 1504 554 1552 caeteras
602 1505 877 1554 creaturas
924 1515 1030 1555 non
1082 1502 1315 1555 inaniter
1356 1503 1629 1557 conditum
1675 1519 1772 1558 sua

156 1579 700 1653 justaprovidentia
730 1595 785 1641 et
828 1588 1049 1656 provnda
1089 1586 1300 1656 justitia
1343 1590 1523 1645 statim
1568 1592 1635 1645 ad
1675 1606 1770 1648 eos
1830 1623 1846 1655 .

161 1685 325 1726 usus
349 1672 647 1727 credendus
676 1682 758 1729 est
789 1689 1122 1744 prazparasse
1146 1686 1202 1732 et
1228 1678 1638 1747 praedestinasse
1656 1720 1669 1744 ,
1696 1680 1765 1735 ad

1896 487 2053 556 lignis
2078 490 2336 556 nutritur,
2364 493 2457 547 sed
2487 504 2702 551 creatus
2742 499 2909 554 semel
2933 500 3093 557 durat
3120 504 3470 581 inexstingui—

1890 576 2043 642 bilis,
2071 588 2126 633 et
2154 584 2504 638 succensione
2538 600 2643 640 non
2672 587 2906 659 indiget,
2933 600 2989 646 ct
3012 595 3206 650 ardore
3236 613 3343 654 non
3357 576 3467 655 Vca-

1890 665 2016 738 ret].
2039 667 2327 739 Exponens
2350 672 2525 729 adhuc
2550 674 2692 730 idem
2720 677 3066 736 beatissimus
3084 684 3273 740 doctor
3301 690 3466 746 verba

1888 758 2165 827 sequentia
2195 760 2388 829 quibus
2416 763 2483 818 de
2515 766 2699 822 eodem
2738 768 2902 840 impio
2940 771 3136 827 dicitur
3160 794 3171 828 :
3196 776 3465 848 Afﬂt'getur

1888 849 2096 907 relictus
2121 853 2176 906 in
2209 854 2544 912 tabernaculo
2564 875 2659 912 suo
2680 860 2863 931 (Ibid.,
2893 863 3006 935 26),
3032 867 3158 935 quid
3202 870 3268 924 de
3287 872 3463 941 pcenis

1885 940 2071 995 aeterni
2103 941 2272 1011 ipsius
2301 943 2438 1015 ignis
2467 947 2697 1003 ﬁdeliter
2723 952 3060 1008 sentiendum
3093 958 3196 1023 sit,
3225 940 3299 1014 ita
3333 961 3462 1016 sub—

1877 1027 2096 1099 jungit:
2139 1030 2335 1102 [Iniqui
2381 1036 2525 1090 enim
2571 1039 2975 1097 tabernaculum
3020 1059 3148 1100 caro
3186 1056 3302 1113 est,
3333 1051 3460 1119 quia

1882 1119 2054 1187 ipsam
2099 1120 2253 1177 laetus
2290 1123 2573 1191 inhabitat,
2602 1137 2677 1193 et,
2707 1129 2751 1183 si
2781 1131 2850 1184 sit
2888 1133 3166 1200 possibile,
3206 1144 3360 1207 optat
3401 1147 3461 1194 ut

1879 1221 1997 1261 eam
2020 1224 2292 1279 nunquam
2316 1213 2603 1283 relinquat.
2626 1216 2795 1283 Quam
2818 1220 3068 1275 videlicet
3089 1239 3308 1280 carnem
3333 1242 3457 1283 cum

1879 1294 1932 1349 in
1962 1300 2361 1355 resurrectione
2390 1306 2675 1374 receperit,
2706 1322 2829 1361 cum
2861 1324 2922 1363 ea
2953 1311 3213 1380 gehennae
3242 1315 3456 1385 ignibus

1877 1387 2106 1441 traditus
2135 1389 2360 1443 ardebit.
2390 1391 2542 1446 Tunc
2570 1394 2638 1448 ab
2667 1410 2728 1449 ea
2756 1396 2909 1451 educi
2947 1408 3179 1469 appetat,
3210 1410 3339 1458 tunc
3366 1404 3453 1458 in-

1875 1475 2004 1545 cipit
2026 1476 2160 1532 velle
2184 1479 2354 1533 vitare
2376 1483 2517 1550 quod
2538 1486 2770 1551 amavit;
2797 1488 2888 1542 sed
2913 1489 3035 1557 quia
3059 1493 3303 1547 eamdem
3329 1509 3453 1549 car-

1872 1581 1994 1621 nem
2027 1567 2137 1622 Deo
2164 1573 2484 1639 praeposuit,
2516 1572 2796 1641 judicante
2831 1578 2940 1632 Dco
2970 1580 3149 1651 agitur
3178 1590 3235 1636 ut
3275 1600 3342 1639 ex
3387 1598 3451 1639 ea

1871 1656 2101 1726 amplius
2141 1658 2263 1729 igne
2289 1662 2582 1718 crucietur.
2616 1666 2696 1721 Ad
2721 1662 3068 1737 augmentum
3116 1673 3298 1742 itaque
3341 1683 3449 1731 tor-

166 1773 331 1828 quos
355 1760 612 1816 Dominus
636 1776 761 1818 eum
787 1742 1144 1834 brwbarawm
1180 1742 1299 1822 es'se
1336 1769 1599 1836 οειθηάίι,
1641 1742 1765 1825 έυω
1794 1742 1842 1802 Β
1870 1752 2059 1815 menti,
2092 1759 2146 1804 et
2172 1752 2260 1807 hic
2301 1753 2367 1809 de
2394 1770 2619 1826 corpore
2647 1759 2835 1816 nolens
2875 1764 3142 1831 educitur,
3170 1774 3221 1819 et
3252 1767 3360 1823 illic
3394 1770 3450 1823 in

161 1852 371 1923 impiis
411 1864 466 1909 et
504 1855 771 1912 damnatis
797 1859 1104 1916 hominibus
1143 1862 1274 1917 dicit
1315 1880 1327 1915 :
1373 1862 1456 1917 Ite
1493 1864 1549 1918 in
1594 1865 1764 1935 ignem

163 1951 442 1998 cternum
474 1960 494 1999 :
523 1953 577 2000 et
607 1945 913 2020 subjungit,
952 1952 1042 2020 qui
1085 1962 1303 2022 paratus
1341 1963 1417 2008 est
1465 1955 1672 2010 diabolo
1714 1966 1764 2011 et

160 2032 387 2101 angelis
425 2034 540 2103 ejus
586 2035 799 2107 (Matth.
830 2055 954 2106 xxv,
982 2040 1095 2112 bl).
1141 2042 1196 2097 Id
1240 2051 1325 2098 est
1369 2043 1437 2096 ad
1484 2044 1764 2115 utriusque

159 2128 473 2187 creatura},
505 2130 609 2176 tam
639 2124 894 2194 angelica:
936 2143 1094 2197 quam
1143 2130 1412 2199 humanae,
1442 2133 1759 2203 supplicium

158 2212 587 2280 sempiternum.
621 2214 755 2281 Quia
785 2225 840 2272 et
878 2234 944 2272 ex
985 2220 1117 2288 ipsis
1145 2223 1322 2279 verbis
1358 2225 1554 2295 quibus
1588 2226 1760 2282 dictu-

158 2317 275 2356 rus
302 2312 387 2358 est
415 2317 431 2356 :
473 2303 652 2359 Venite
672 2346 689 2374 ,
733 2308 985 2365 benedicti
1023 2309 1202 2367 Patris
1230 2315 1366 2381 mei,
1409 2318 1650 2388 percipite
1681 2335 1761 2373 re-

154 2407 339 2460 gnum
382 2394 519 2463 quod
558 2396 699 2451 vobis
741 2409 986 2467 paratum
1013 2411 1089 2456 est
1118 2419 1151 2456 a
1180 2405 1547 2462 constitutione
1574 2409 1758 2462 mundi

158 2482 395 2551 (Matth.
425 2487 689 2559 xxv,’34),
749 2505 780 2545 e
817 2494 1089 2549 contrario
1118 2506 1266 2553 recte
1301 2496 1597 2569 intelligere
1627 2517 1754 2571 pos-

156 2587 397 2638 sumus,
442 2576 602 2630 etiam
647 2578 821 2648 ipsum
868 2582 1037 2651 ignem
1085 2596 1336 2640 internum
1381 2588 1449 2648 ad
1493 2599 1754 2645 aeternum

156 2665 494 2734 supplicium
517 2670 827 2740 angelorum
855 2674 967 2729 sive
992 2675 1269 2733 hominum
1292 2679 1579 2749 impiorum
1604 2682 1752 2738 simi-

155 2753 299 2809 liter
323 2772 356 2809 a
396 2760 783 2818 constitutione
825 2766 1010 2820 mundi
1054 2781 1172 2823 esse
1206 2778 1600 2838 praeparatum.
1641 2773 1752 2830 Nec

156 2856 359 2904 tamen
404 2860 489 2906 est
533 2853 639 2908 ulla
694 2856 950 2926 iniquitas
997 2863 1137 2930 apud
1182 2861 1351 2918 Deum
1391 2866 1536 2935 quod
1572 2868 1750 2936 ipsum

155 2939 352 3007 ignem
378 2944 621 3013 supplicii
652 2949 965 3019 sempiterni
1000 2958 1160 3007 tantae
1186 2953 1515 3010 multitudini
1558 2957 1748 3027 impio-

153 3044 314 3095 rum,
346 3040 451 3087 tam
483 3035 640 3107 longe
669 3047 957 3110 antequam
981 3045 1200 3100 omnino
1227 3056 1441 3113 essent,
1475 3063 1745 3120 praepara-

155 3118 247 3172 vit
272 3128 329 3174 et
363 3124 763 3191 praedestinavit
790 3146 804 3182 :
837 3131 963 3200 quia
1001 3141 1059 3186 et
1090 3134 1145 3188 in
1184 3149 1323 3189 novo
1340 3118 1603 3194 «civitatis—
1616 3140 1746 3195 aedi-

154 3208 326 3275 ﬁcio,
355 3212 400 3267 si
439 3215 624 3271 statim
654 3232 778 3273 cum
817 3221 933 3291 ipsa
961 3223 1123 3279 simul
1159 3225 1379 3282 civitate
1408 3228 1598 3284 domus
1627 3245 1745 3286 car-

158 3299 311 3354 ueris
330 3301 598 3359 horrenda
613 3315 669 3360 et
689 3309 944 3367 terribilis
963 3322 1292 3381 exstruatur,
1311 3332 1418 3372 non
1438 3326 1614 3387 potest
1639 3320 1745 3376 dici

156 3388 446 3459 iniquitas,
474 3395 569 3449 sed
607 3397 784 3465 potius
814 3401 1060 3469 provisio
1086 3404 1470 3461 misericordia:
1511 3419 1565 3463 et
1586 3408 1745 3479 justi-

156 3478 254 3533 tia:
280 3498 296 3531 :
335 3489 393 3535 ut
416 3482 658 3540 videntes
685 3486 777 3556 qui
813 3488 868 3543 in
907 3490 1126 3549 civitate
1166 3494 1417 3550 habitant
1445 3478 1661 3566 ptenale
1688 3505 1744 3553 et

156 3570 321 3626 triste
344 3574 676 3642 ergastulum
699 3577 1061 3637 damnationis
1076 3622 1094 3648 ,
1118 3591 1211 3638 aut
1240 3584 1615 3642 deterreantur
1636 3589 1742 3644 mi-

153 3661 511 3719 sericorditer
531 3680 561 3718 a
581 3668 874 3735 peccando,
889 3679 984 3725 aut
1004 3672 1049 3727 si
1070 3687 1173 3729 nec
1189 3683 1410 3743 peccata
1430 3676 1740 3746 vitaverint,

148 3749 303 3819 juste
316 3758 371 3805 et
392 3750 827 3813 inexcusabiliter
838 3759 1149 3828 puniantur.
1167 3760 1259 3817 Sic
1271 3778 1401 3835 ergo
1413 3772 1469 3819 et
1489 3764 1578 3821 ille
1599 3766 1740 3837 ignis

154 3841 229 3896 ad
261 3851 523 3898 aeternum
552 3855 770 3903 creatus
803 3850 1120 3920 supplicium
1150 3862 1207 3909 et
1246 3856 1667 3916 misericorditer
1686 3868 1743 3916 et

147 3930 472 4001 justecredi
500 3934 680 4003 debet,
705 3938 832 3994 dum
861 3950 954 3996 aut
978 3940 1094 4012 ejus
1119 3953 1325 4001 terrore
1348 3947 1593 4004 homines
1621 3965 1740 4006 cor-

154 4021 427 4089 rigantur,
454 4033 545 4078 aut
572 4026 618 4079 si
647 4029 845 4098 corrigi
873 4031 1174 4100 noluerint,
1196 4034 1397 4104 justius
1421 4038 1735 4108 puniantur.

228 4110 308 4165 De
344 4111 498 4180 cujus
541 4115 678 4185 ignis
721 4120 908 4175 κιετηὶ
954 4125 1249 4193 creatione,
1279 4141 1440 4196 quam
1468 4128 1652 4199 utique
1681 4132 1739 4187 in

153 4200 264 4256 illis
292 4203 547 4273 operibus
575 4205 669 4262 Dei
698 4208 999 4282 intelligere
1035 4215 1291 4272 debemus
1308 4256 1324 4283 ,
1351 4233 1476 4273 cum
1501 4236 1592 4275 sea:
1627 4222 1738 4277 die-

153 4291 253 4346 bus
280 4293 405 4362 fecit
434 4295 640 4364 ctelunt,
669 4308 716 4352 et
745 4309 961 4368 terram;
991 4314 1039 4358 et
1068 4321 1236 4371 mare,
1261 4316 1310 4361 et
1339 4310 1514 4363 omnia
1540 4327 1657 4382 quae
1679 4312 1736 4368 in

150 4384 230 4438 eis
256 4394 398 4449 sunt,
422 4394 469 4439 et
495 4386 552 4440 in
573 4390 789 4458 septimo
810 4393 1023 4446 cessavit
1045 4394 1109 4447 ab
1135 4397 1276 4449 omni
1302 4413 1452 4466 opere
1475 4400 1614 4469 quod
1641 4418 1737 4471 pa-
1759 4435 1813 4497 Β

156 4481 324 4497 ._-__.
363 4474 538 4497 10--.:
583 4493 648 4497 μ-
718 4479 735 4497 .
754 4479 799 4497 ,ι
868 4480 904 4497 ..
1126 4492 1136 4497 -
1424 4487 1457 4497 η
1628 4490 1640 4497 .

153 4481 324 4526 trarat
361 4474 557 4545 (Exod.
583 4493 683 4542 xx,
712 4479 824 4549 ll).
865 4480 944 4536 Ita
990 4492 1208 4540 sanctus
1255 4502 1391 4557 papa
1418 4487 1733 4561 Gregorius,

153 4577 434 4633 exponens
457 4568 621 4623 verba
658 4568 780 4624 libri
808 4571 950 4627 beati
986 4571 1108 4640 Job,
1133 4576 1223 4631 ubi
1263 4579 1523 4648 scriptum
1558 4589 1642 4636 est
1667 4582 1734 4637 de

153 4651 322 4738 impio
347 4669 362 4705 :
396 4652 669 4709 Devorabit
698 4657 832 4727 ignis
860 4661 951 4730 qui
976 4678 1079 4716 non
1106 4666 1441 4719 succenditur
1469 4665 1593 4738 (Job
1634 4684 1729 4735 xx,

153 4737 270 4809 26),
299 4739 370 4793 ita
397 4740 473 4795 ait
498 4759 511 4795 :
541 4740 704 4814 [Miro
725 4745 880 4801 valde
917 4749 1075 4805 modo
1098 4753 1286 4820 paucis
1312 4737 1490 4810 verbis
1512 4769 1732 4826 expres-

154 4844 250 4884 sus
289 4839 373 4885 est
416 4831 551 4902 ignis
587 4834 868 4903 gehennae;
897 4837 1035 4907 ignis
1066 4856 1296 4910 namque
1322 4858 1636 4913 corporeus,
1670 4855 1729 4903 ut

140 4935 275 4975 .esse
323 4921 462 4993 ignis
505 4923 717 4993 valeat,
763 4931 1038 4999 corporeis
1079 4932 1281 5003 indiget
1324 4932 1596 5002 fomentis,
1635 4939 1727 5007 qui

154 5028 277 5066 cum
306 5028 526 5071 necesse
551 5025 634 5071 est
655 5026 715 5071 ut
738 5030 1001 5087 servetur,
1030 5037 1128 5092 per
1147 5034 1399 5094 congesta
1430 5024 1571 5095 ligna
1598 5044 1726 5097 pro-

153 5099 243 5156 cul
270 5101 432 5157 dubio
460 5105 718 5173 nutritur,
746 5122 849 5164 nec
878 5110 1019 5164 valet
1048 5112 1155 5167 nisi
1183 5127 1474 5168 succensus
1506 5129 1644 5182 esse,
1671 5125 1727 5172 et

152 5191 258 5246 nisi
284 5191 488 5250 refotus
517 5197 830 5255 subsistere.
851 5200 923 5255 At
948 5212 1134 5259 contra
1158 5205 1414 5276 gehennae
1440 5205 1580 5276 ignis
1600 5223 1722 5263 cum

153 5282 227 5339 sit
256 5284 603 5357 incorporeus
621 5329 636 5357 ,
662 5303 717 5350 et
743 5291 799 5347 in
816 5307 888 5350 se
920 5294 1119 5352 missos
1148 5298 1404 5368 reprobos
1430 5300 1721 5371 corporali-

1867 1853 2091 1908 corpore
2142 1849 2352 1897 tenetur
2382 1844 2626 1917 invitus].
2671 1847 2804 1902 Item
2850 1866 2973 1903 cum
3000 1853 3162 1907 verba
3206 1853 3447 1922 ejusdem

1865 1930 1988 1988 libri
2016 1943 2332 2003 exponeret,
2364 1935 2415 1989 in
2455 1937 2648 2006 quibus
2673 1940 2738 1993 d’e
2773 1940 2960 1995 eodem
2992 1942 3157 2012 impio
3182 1946 3444 2015 scriptum

1864 2029 1948 2076 est
1973 2017 1989 2075 ξ
2022 2020 2176 2088 Luet,
2203 2040 2319 2094 qua:
2354 2025 2504 2093 fecit,
2535 2030 2707 2082 omnia
2726 2069 2741 2095 ,
2787 2046 2878 2084 nec
2907 2042 3079 2086 tamen
3112 2046 3446 2091 consumatur

1852 2111 2013 2181 juxta
2027 2113 2408 2169 multitudinem
2428 2118 2851 2195 adiuventionum
2865 2139 3101 2191 suarum,
3123 2127 3197 2180 sic
3221 2137 3268 2182 et
3283 2131 3443 2183 susti-

1862 2204 2123 2273 nebit(lob
2136 2220 2226 2269 xx,
2244 2206 2353 2277 18),
2371 2208 2443 2262 ita
2458 2209 2615 2265 dicit:
2636 2209 3074 2282 [Persolvitenim
3090 2217 3142 2270 in
3160 2222 3441 2277 tormentis

1860 2309 2055 2365 eaquae
2078 2296 2362 2352 hicillicita
2384 2301 2619 2354 servavit
2643 2302 2929 2369 desideria,
2957 2313 3011 2359 et
3039 2306 3269 2364 ﬂammis
3286 2312 3440 2366 ultri-

1858 2385 2010 2440 cibus
2036 2386 2266 2443 traditus
2291 2403 2504 2458 semper
2527 2393 2778 2458 moritur,
2801 2396 2927 2464 quia
2952 2411 3164 2466 semper
3187 2399 3240 2453 in
3264 2411 3438 2458 morte

1857 2486 2127 2543 servatur,
2158 2493 2260 2534 nec
2285 2479 2340 2533 in
2370 2483 2654 2538 tormentis
2686 2487 3053 2551 consumitur;
3083 2490 3208 2557 quia
3240 2490 3284 2544 si
3313 2507 3437 2547 cono

1855 2575 2158 2623 sumeretur
2179 2571 2288 2623 vita
2314 2572 2616 2638 morientis,
2647 2589 2768 2628 cum
2794 2577 2903 2629 vita
2929 2577 3090 2630 etiam
3125 2593 3283 2648 poena
3315 2580 3433 2635 lini-

1852 2666 2004 2712 retur
2031 2676 2045 2712 :
2071 2666 2126 2713 et
2158 2659 2250 2728 qui
2276 2659 2442 2715 multa
2466 2661 2669 2717 invenit
2694 2663 2762 2718 ad
2793 2665 3025 2734 culpam,
3063 2669 3217 2723 novis
3248 2670 3433 2724 inven-

1852 2748 2086 2804 tionibus
2113 2750 2387 2804 cruciatur
2412 2751 2464 2804 in
2495 2752 2699 2825 paena].

1921 2837 2047 2894 Haec
2077 2847 2293 2893 sanctus
2322 2840 2510 2895 doctor
2544 2843 2804 2898 terribilia
2844 2845 3188 2913 terribiliter,
3222 2857 3276 2903 et
3300 2864 3428 2904 vera

1848 2927 2114 2982 veraciter
2143 2927 2409 2996 loquitur,
2436 2939 2497 2984 ut
2526 2931 2857 2986 audientium
2895 2935 3104 2990 animos
3150 2937 3217 2990 ad
3261 2946 3429 2992 terro-

1849 3031 1965 3071 rem
1995 3016 2214 3081 excitet,
2242 3017 2311 3071 ad
2344 3017 2773 3075 emendationem
2801 3014 3061 3086 stimulet,
3091 3038 3121 3076 a
3151 3026 3426 3081 mortifera

1772 3083 1817 3149 (ἶ
1849 3106 2140 3162 securitate
2164 3107 2230 3162 ad
2259 3122 2444 3162 curam
2487 3108 2677 3164 salutis
2705 3125 2817 3165 sua:
2842 3110 2988 3164 velut
3029 3111 3250 3182 vigilare
3281 3129 3428 3168 cont-

1848 3201 2026 3273 pellat.
2068 3201 2175 3257 Iste
2220 3211 2401 3257 autem
2436 3205 2612 3259 adhuc
2661 3204 2843 3258 inania
2890 3204 3143 3271 inaniter,
3191 3215 3246 3260 et
3291 3207 3426 3261 falsa

1846 3293 2115 3349 fallaciter
2142 3293 2369 3364 loquens
2410 3296 2539 3351 dicit
2581 3296 2723 3365 quod
2763 3297 2871 3365 ipse
2901 3297 3036 3367 ignis
3066 3307 3312 3363 a’lemus,
3338 3299 3427 3370 qui

1845 3383 1917 3438 ad
1942 3385 2040 3441 hoc
2067 3394 2271 3438 tantum
2298 3385 2469 3454 fuerat
2496 3396 2721 3451 creatus,
2749 3386 2883 3440 sicut
2912 3388 3022 3457 ipse
3050 3386 3179 3451 uult,
3214 3398 3270 3441 ut
3296 3398 3426 3442 esset

1844 3474 1900 3530 in
1927 3476 2260 3530 universitate
2287 3477 2517 3530 omnium
2546 3476 2819 3543 bonorum,
2844 3476 2990 3530 sedes
3020 3475 3191 3545 factus
3216 3486 3290 3531 est
3330 3477 3427 3531 im-

1841 3565 2068 3634 piorum.
2098 3565 2215 3621 Non
2246 3551 2382 3620 dixit
2428 3574 2757 3622 tormentum
2777 3607 2791 3632 ,
2834 3575 2928 3620 aut
2954 3580 3113 3636 poena
3132 3607 3147 3631 ,
3176 3568 3260 3622 vel
3304 3583 3428 3638 sup-

1843 3657 2061 3727 plicium
2076 3656 2253 3713 factus
2274 3666 2358 3713 est
2374 3658 2684 3728 impiorum,
2701 3660 2833 3714 seda
2855 3658 3018 3720 sedes,
3036 3658 3230 3728 inquit,
3252 3660 3425 3727 factus

1842 3755 1917 3801 est
1940 3747 2218 3816 impiorum
2244 3759 2262 3797 :
2289 3754 2371 3811 ut,
2396 3746 2550 3816 juxta
2576 3745 2692 3816 ejus
2715 3760 2951 3808 sensum,
2977 3746 3116 3799 sicut
3136 3746 3425 3816 unicuique

1842 3837 1998 3893 sedes
2023 3845 2123 3901 est,
2156 3837 2346 3893 domus
2375 3852 2492 3902 sua,
2519 3838 2609 3892 ubi
2645 3837 2859 3907 quietus
2886 3835 3086 3890 residet
3120 3843 3176 3888 et
3211 3834 3427 3890 inhabi-

1843 3937 1921 3984 tat
1951 3943 1966 3982 :
1997 3928 2077 3984 sic
2101 3937 2158 3983 et
2184 3927 2362 3997 impiis
2396 3927 2485 3982 ille
2510 3928 2650 3999 ignis
2679 3942 2784 3981 non
2813 3926 2885 3980 sit
2920 3933 3246 3980 tormentum
3271 3927 3424 3981 dam-

1842 4016 2108 4083 nationis,
2160 4015 2256 4070 sed
2306 4015 2595 4086 tranquilla
2641 4014 2798 4070 sedes
2847 4013 3218 4070 habitationis.
3267 4013 3421 4071 Unde

1841 4110 2017 4165 adhuc
2044 4109 2110 4164 de
2133 4108 2320 4164 eodem
2352 4108 2474 4179 igne
2496 4106 2791 4179 subiungit,
2818 4107 3004 4162 dicens
3031 4124 3045 4161 :
3079 4105 3148 4161 In
3174 4123 3277 4176 quo
3302 4123 3419 4177 pro-

1840 4199 2098 4254 culdubio
2143 4215 2246 4252 non
2275 4199 2449 4254 minus
2477 4199 2786 4253 habitabant
2817 4199 2984 4264 beati,
3012 4216 3168 4267 quam
3217 4201 3415 4256 miseri.

1838 4291 1906 4347 Et
1945 4292 2033 4347 hic
2070 4306 2303 4361 namque
2337 4291 2656 4346 habitabunt
2700 4291 2756 4345 in
2803 4291 2894 4346 illo
2937 4291 3063 4361 igne
3093 4291 3261 4360 dixit,
3308 4310 3418 4350 non

1839 4383 2244 4447 cruciabuntur,
2278 4397 2387 4437 non
2428 4382 2740 4452 punientur,
2783 4391 2877 4436 aut
2918 4382 3026 4437 tale
3060 4383 3285 4451 aliquid,
3324 4400 3417 4440 ne-

1838 4490 1970 4545 gans
1998 4474 2236 4540 omnino,
2284 4482 2345 4528 ut
2372 4473 2507 4528 solet
2529 4488 2720 4545 poenas
2744 4473 3054 4528 verissimas
3081 4473 3414 4528 aeternalq'um

1832 4574 2259 4633 tormentorum,
2284 4581 2418 4637 quas
2443 4575 2555 4622 tota
2594 4566 2873 4635 Scriptura
2906 4574 3055 4620 tanto
3082 4574 3291 4620 terrore
3320 4567 3413 4621 de-

1833 4657 2073 4720 nuntiat,
2123 4664 2271 4711 tanta
2313 4657 2612 4711 attentione
2655 4656 3016 4710 commendat.
3049 4653 3200 4720 Quod
3230 4664 3411 4710 autem

1833 4749 2002 4805 dicit:
2034 4748 2101 4802 In
2116 4765 2216 4820 quo
2239 4747 2595 4819 proculdubio
2618 4747 2927 4801 habitabant
2942 4762 3045 4800 non
3074 4762 3245 4799 minus
3274 4748 3410 4802 beati

1831 4860 1990 4917 quam
2016 4844 2214 4909 miseri,
2246 4841 2530 4897 manifeste
2554 4849 2831 4910 utrosque,
2858 4839 2910 4894 id
2939 4848 3022 4894 est
3048 4847 3101 4894 et
3127 4840 3315 4896 beatos
3352 4850 3408 4896 et

1831 4935 2061 4990 miseros
2113 4932 2168 4986 in
2210 4948 2320 4986 uno
2369 4931 2493 5002 igne
2538 4937 2741 4983 aeterno
2787 4936 2909 4997 post
2957 4929 3406 4984 resurrectionem

1834 5026 2170 5081 babitaturos
2206 5021 2473 5077 ailirmare
2516 5021 2832 5075 contendit:
2865 5034 3096 5090 sequens
3135 5021 3403 5089 videlicet,

1831 5115 1992 5171 stulta
2019 5122 2075 5169 et
2102 5112 2395 5167 vanissima
2437 5109 2807 5180 persuasione,
2857 5109 3138 5179 opiniones
3176 5110 3402 5164 saecula-

1829 5210 1969 5264 rium
2020 5206 2459 5278 philosophorum
2487 5244 2501 5270 ,
2552 5202 2645 5273 qui
2691 5209 2883 5273 putant
2937 5201 3148 5256 animas
3193 5202 3403 5272 piorum

1827 5308 1950 5372 post
1975 5298 2380 5356 dissolutionem
2426 5294 2701 5364 corporis,
2739 5293 2826 5350 vel
2866 5293 2933 5350 in
2967 5294 3107 5350 caelo
3144 5293 3401 5362 aethereo,

1079 5446 1287 5505 ΝΟΤᾸΕ
1327 5448 1647 5507 DUVALLll
1685 5451 2026 5512 DOCTOIUS
2065 5447 2446 5508 SORBONICI.

220 5579 676 5670 :tRepLenensm.
705 5584 808 5665 igta
850 5583 1023 5670 solum
1065 5592 1155 5670 est
1205 5584 1257 5639 in
1299 5586 1535 5670 nomine.
1573 5586 1715 5670 _Nam

154 5646 632 5719 nolebat'Erigena
663 5646 841 5721 igriem
886 5652 1079 5709 inferni
1106 5653 1221 5710 fore
1264 5657 1496 5726 quietem
1536 5666 1589 5712 ct
1625 5672 1711 5714 se-

1821 5588 1943 5642 dem
1967 5586 2314 5657 tranquillam
2341 5595 2503 5659 atque
2523 5585 2945 5658 placidissimam
2976 5588 3219 5659 ipsorum
3242 5586 3396 5643 dam-

1820 5668 2086 5713 natorum.
