3970 6306
627 414 733 472 227

1732 402 1942 461 FLOR!
1978 402 2246 462 nucem
2282 404 2772 463 LUGDUNENSIS
3099 463 3103 467 .
3744 420 3811 479 ω

628 524 717 582 vel
743 523 798 579 in
830 521 923 580 illo
947 520 1153 579 circulo
1176 535 1340 592 quem
1368 518 1606 574 lacteum
1630 524 1857 583 vocant,
1880 517 1969 574 vel
2001 517 2054 573 in
2099 517 2216 588 glo-
2242 524 2292 582 Α
2319 529 2375 574 et
2399 517 2623 588 gloriam
2671 516 2997 572 Conditoris.
3027 516 3178 573 lianc
3198 534 3428 590 namque
3456 522 3535 577 eis
3565 534 3812 593 potestatem

630 616 719 673 bis
742 615 983 674 siderum
1007 613 1364 671 habitaturas.
1398 610 1531 678 Quae
1560 609 1666 666 iste
1705 611 1910 677 omnia,
1940 618 1996 665 et
2038 611 2220 681 ipsum

632 707 833 764 cmlum
857 707 1152 763 aethereum
1190 712 1245 760 et
1284 703 1692 758 ﬁrmamentum
1726 700 1871 768 caeli,
1913 700 1968 755 in
2010 716 2118 771 quo
2146 700 2223 755 la-

633 808 790 855 cteus
813 798 902 854 ille
939 797 1175 854 circulus
1217 804 1464 866 apparet,
1510 804 1567 853 et
1602 794 1722 867 ipsa
1746 794 1925 850 sidera
1953 802 2223 849 aeternum

634 890 815 962 ignem
838 887 1090 960 appellat,
1118 887 1258 943 sicut
1280 896 1338 944 et
1363 887 1514 943 illum
1549 889 1733 960 ignem
1768 885 2048 958 gehennae.
2076 885 2219 953 Quia

631 980 817 1036 omnia
839 979 972 1042 haec,
1001 992 1125 1047 qua:
1160 992 1325 1048 super
1356 980 1461 1034 tria
1496 977 1685 1034 mundi
1727 977 2015 1042 elementa,
2049 976 2103 1031 id
2135 983 2222 1032 est

647 1066 866 1121 terram,
895 1072 1089 1126 aquam
1112 1065 1167 1112 et
1187 1073 1369 1113 aerem
1397 1059 1696 1115 constituta
1739 1066 1886 1122 sunt,
1915 1072 1981 1111 ex
2026 1064 2218 1124 quarto

643 1146 909 1202 elemento
950 1147 1092 1217 ignis
1131 1155 1288 1216 putat
1320 1147 1578 1213 existere,
1607 1154 1667 1201 ut
1697 1146 1930 1214 idipsum
1966 1153 2219 1213 quartum

642 1235 827 1289 mundi
857 1234 1207 1301 elementum,
1235 1243 1291 1290 et
1321 1236 1462 1306 apud
1492 1235 1697 1290 inferos
1721 1234 1792 1289 sit
1815 1234 1950 1304 ignis
1963 1242 2213 1296 aeternus,

638 1324 731 1395 qui
758 1335 976 1394 paratus
1026 1333 1102 1378 est
1151 1323 1360 1379 diabolo
1401 1334 1448 1378 et
1474 1322 1671 1395 angelis
1695 1323 1810 1392 ejus
1851 1321 2064 1393 (Matth.
2089 1337 2216 1389 xxv,

639 1414 753 1486 41),
782 1425 838 1472 et
861 1417 1114 1473 omnibus
1140 1418 1319 1487 impiis
1348 1417 1682 1483 hominibus;
1728 1424 1785 1472 et
1826 1417 1882 1471 in
1909 1415 2219 1472 cmlestibus

639 1504 831 1574 spatiis
855 1506 926 1560 sit
954 1505 1091 1576 ignis
1129 1515 1365 1561 mternus
1391 1505 1483 1561 ubi
1518 1506 1590 1560 sit
1616 1514 1739 1575 post
1766 1504 2218 1560 resurrectionem

637 1593 901 1671 habitatio
929 1594 1236 1649 beatorum.

706 1682 848 1739 Ecce
876 1684 1091 1754 qualem
1114 1683 1500 1740 beatitudinem
1519 1683 1788 1754 promittit
1809 1681 2013 1737 sanctis
2038 1690 2093 1737 et
2113 1682 2218 1737 ele-

638 1775 745 1831 ctis
774 1776 868 1831 Dei
902 1793 917 1829 :
957 1784 1017 1830 ut
1069 1776 1161 1846 qui
1207 1776 1606 1840 habitaverunt,
1651 1789 1774 1829 cum
1817 1774 1994 1829 adhuc
2033 1781 2215 1829 essent

2318 615 2374 662 et
2417 607 2642 673 gloriam
2689 605 2969 677 Scriptura
3000 610 3313 678 prophetica
3340 614 3619 681 promittit,
3652 617 3811 676 dicens:

2316 696 2548 767 Regnum
2576 707 2773 761 autem,
2799 707 2848 749 et
2876 707 3125 767 potestas,
3161 710 3207 752 et
3228 702 3532 770 magnitudo
3568 707 3720 774 regni;
3739 726 3813 779 qn:

2318 799 2391 843 est
2421 790 2597 842 subter
2625 804 2775 841 omne
2796 788 2979 842 caelum
3002 789 3154 843 detur
3182 792 3372 861 populo
3406 804 3683 850 sanctorum
3705 800 3812 855 Altis-

2317 878 2437 933 simi
2464 893 2483 931 :
2504 876 2654 946 cujus
2681 894 2915 947 regnum,
2940 896 3153 949 regnum
3179 882 3548 951 sempiternum
3570 895 3652 948 est,
3687 898 3726 942 et
3746 907 3815 943 ou-

2320 983 2574 1036 nesjeges
2608 969 2827 1021 servient
2856 968 2924 1032 ei,
2947 980 2996 1021 et
3024 969 3255 1024 obedient
3281 970 3444 1041 (Dan.
3483 974 3694 1046 vtt,27).

2391 1055 2442 1108 7.
2472 1054 2728 1125 Adiungit
2754 1066 2872 1128 post
2902 1058 3017 1112 haec
3045 1059 3169 1125 iste,
3194 1069 3248 1115 et
3270 1062 3402 1116 dicit
3435 1079 3450 1116 :
3486 1063 3725 1120 Miseriant
3746 1070 3816 1123 nul-

2317 1142 2422 1198 lam
2449 1162 2557 1199 esse
2579 1146 2679 1200 nisi
2706 1156 2921 1201 mortem
2945 1158 3193 1203 azternam
3224 1167 3243 1205 :
3270 1162 3523 1206 wternam
3562 1167 3743 1210 mortem
3768 1177 3817 1213 te-

2317 1236 2487 1288 ritatis
2508 1235 2876 1305 ignorantiam,
2919 1237 3218 1310 nullamque
3259 1242 3523 1296 miseriam
3545 1260 3659 1309 esse,
3681 1248 3817 1303 uisite-

2316 1326 2488 1381 ritatis
2507 1328 2858 1397 ignorantiam
2880 1346 2903 1394 ;
2936 1340 2985 1385 et
3009 1338 3095 1385 ubi
3126 1343 3401 1402 ignoratur
3426 1337 3627 1402 veritas,
3667 1339 3723 1392 ibi
3744 1342 3818 1394 nal-

2316 1412 2421 1470 lam
2449 1418 2625 1470 vitam.
2664 1416 2779 1474 Hoc
2821 1420 3037 1489 quidem
3072 1424 3216 1492 quod
3247 1424 3301 1477 in
3331 1424 3419 1479 his
3457 1427 3629 1483 verbis
3663 1429 3815 1496 dicitur,

2315 1514 2526 1577 poterat
2562 1523 2680 1563 esse
2724 1509 2923 1564 bonum
2953 1512 2998 1566 si
3037 1528 3145 1567 non
3195 1514 3371 1582 ipsum
3402 1514 3600 1571 bonum
3639 1519 3763 1584 male,
3786 1521 3818 1573 id

2316 1604 2400 1650 est
2426 1595 2566 1651 malo
2618 1611 2779 1652 sensu
2823 1599 3114 1654 diceretur.
3156 1600 3358 1657 Verum
3400 1621 3627 1676 namque
3648 1611 3817 1679 estquia

2314 1685 2522 1741 homini
2552 1687 2699 1758 justo
2722 1696 2776 1743 et
2807 1689 3036 1758 sapienti
3063 1692 3241 1747 omnis
3262 1692 3436 1759 labor,
3463 1697 3630 1751 omnis
3649 1699 3819 1752 adversi-

2318 1786 2422 1847 tas,
2458 1780 2635 1834 omnis
2669 1780 2906 1846 miseria,
2945 1797 3063 1851 quae
3090 1792 3267 1854 potest
3312 1786 3367 1841 in
3398 1787 3505 1841 ista
3547 1789 3729 1843 mortali
3750 1791 3817 1843 vita

638 1866 920 1931 mortales,
947 1866 1001 1921 in
1033 1867 1207 1937 primo
1228 1866 1415 1920 mundi
1443 1865 1725 1928 elemento,
1752 1865 1806 1920 id
1831 1873 1915 1920 est
1948 1865 2003 1919 in
2045 1873 2214 1931 terra,
2241 1868 2290 1928 B
2317 1870 2579 1935 accidere,
2604 1870 2648 1925 si
2679 1886 2785 1925 non
2808 1886 2932 1925 eum
2954 1871 3190 1944 frangat,
3223 1882 3278 1928 et
3318 1875 3373 1930 in
3428 1877 3653 1933 deterius
3685 1888 3817 1944 mutet,

639 1952 883 2009 habitent
912 1951 1026 2020 jam
1067 1948 1401 2009 immortales
1440 1952 1616 2008 effecti
1650 1954 1703 2007 in
1743 1964 1936 2022 quarto
1967 1963 2024 2009 et
2050 1969 2214 2025 supe-

638 2042 774 2097 riori
796 2043 980 2098 mundi
1007 2042 1295 2109 elemento,
1342 2043 1483 2097 sicut
1521 2043 1634 2113 ipse
1656 2043 1810 2110 dicit,
1838 2044 1961 2115 igne
1986 2052 2212 2112 aeterno,

637 2138 697 2185 et
719 2130 833 2185 hate
859 2131 931 2185 sit
953 2144 1141 2186 eorum
1168 2132 1554 2199 remuneratio,
1592 2132 1840 2187 habitare
1878 2133 1934 2187 in
1975 2132 2217 2203 quolibet

638 2220 889 2290 quamvis
914 2220 1112 2286 lucido,
1149 2222 1395 2290 quamvis
1428 2222 1738 2293 tranquillo,
1780 2231 1836 2278 et
1859 2239 1995 2293 puro
2031 2232 2213 2280 tamen

637 2309 926 2366 elemento.
957 2311 1215 2367 Dominus
1239 2322 1419 2369 autem
1448 2330 1556 2369 non
1603 2315 1657 2369 in
1705 2314 1984 2371 elementis
2028 2316 2212 2373 mundi

638 2408 895 2456 aeternam
918 2402 1303 2458 beatitudinem
1326 2405 1437 2459 suis
1457 2406 1745 2475 promittit,
1774 2406 1865 2460 sed
1891 2406 1947 2460 in
1975 2405 2210 2461 caelesti-

636 2488 758 2553 bus,
792 2498 846 2545 et
871 2490 1342 2560 supercmlestibus
1368 2493 1545 2560 bonis,
1597 2493 1698 2548 Ubi
1751 2492 1989 2549 Christus
2037 2506 2113 2549 est
2156 2494 2212 2548 in

636 2578 853 2633 dextera
872 2578 970 2633 Dei
1003 2580 1184 2635 sedens
1210 2579 1346 2652 (Cal.
1372 2598 1454 2647 tn,
1482 2582 1556 2653 l),
1579 2582 1836 2638 exaltatus
1861 2601 2015 2656 super
2036 2601 2211 2640 omnes

636 2667 814 2734 stelas,
844 2678 891 2724 et
933 2670 1265 2741 interpellans
1284 2689 1378 2742 pra
1416 2673 1563 2727 nobis
1607 2671 1785 2744 (Rom.
1834 2689 1950 2739 Vill,
1984 2674 2098 2745 '54).
2135 2675 2213 2732 De

637 2759 793 2829 cujus
819 2761 1149 2817 sublimitate
1173 2763 1521 2818 beatitudinis
1558 2763 1848 2835 Apostolus
1868 2763 2000 2819 dicit
2031 2782 2046 2818 :
2085 2764 2211 2820 Non

637 2851 775 2904 enim
795 2850 852 2904 in
889 2851 1197 2920 manufacta
1217 2863 1399 2907 sancta
1421 2854 1653 2909 introivit
1677 2854 1854 2920 Jesus,
1890 2855 2209 2926 exemplaria

635 2957 900 3009 verarum,
923 2944 1014 2997 sed
1038 2944 1095 2998 in
1123 2944 1294 3015 ipsum
1307 2945 1491 2999 caelum
1505 2963 1524 3011 ;
1538 2957 1593 3000 ut
1616 2958 1869 3017 appareat
1894 2965 2030 3002 nunc
2045 2949 2210 3003 vultui

633 3029 735 3085 Dei
761 3047 855 3100 pro
883 3032 1031 3086 nobis
1061 3032 1246 3103 (Hebr.
1278 3050 1354 3101 ιι,
1375 3034 1488 3106 24).
1519 3036 1602 3092 Ad
1631 3052 1793 3107 quam
1818 3038 2209 3096 habitationem

633 3128 698 3175 ut
724 3122 896 3176 sancti
929 3120 1045 3190 ejus
1096 3123 1313 3180 valeant
1353 3126 1657 3195 pervenire,
1692 3127 1889 3198 ipsein
1915 3129 2206 3201 Evangelia

2316 1959 2411 2014 sed
2441 1958 2846 2030 infatigabiliter
2876 1972 3146 2029 exerceat,
3176 1980 3283 2018 non
3304 1974 3486 2034 potest
3511 1967 3557 2020 ei
3586 1981 3693 2022 esse
3709 1969 3817 2023 mise-

2314 2052 2419 2118 ria,
2450 2068 2570 2122 qum
2590 2067 2714 2106 eum
2749 2052 3007 2108 miserum
3038 2070 3143 2109 non
3174 2054 3325 2121 facit,
3368 2057 3467 2111 sed
3500 2059 3666 2128 potius
3688 2068 3819 2128 purgat

2314 2150 2371 2196 et
2405 2142 2618 2210 probat,
2648 2150 2703 2195 et
2730 2142 2876 2197 velut
2917 2143 2971 2198 in
3001 2142 3220 2201 fornace
3249 2161 3443 2200 aurum
3473 2148 3718 2217 puriorem
3738 2147 3817 2202 Ml

2319 2231 2415 2297 dit,
2449 2244 2549 2285 nec
2591 2230 2756 2285 ullam
2788 2232 2887 2287 sibi
2921 2234 3141 2304 deputat
3167 2235 3290 2290 talis
3338 2236 3428 2290 vir
3462 2238 3730 2303 miseriam,
3751 2236 3818 2291 nisi

2314 2320 2571 2375 veritatis
2602 2321 2983 2391 ignorantiam,
3025 2324 3079 2379 in
3127 2333 3393 2395 quantum
3441 2326 3613 2383 adhuc
3658 2329 3714 2382 ab
3745 2326 3819 2395 ejus

2312 2410 2769 2479 contemplatione
2792 2412 3119 2477 retardatur,
3149 2419 3204 2468 et
3232 2415 3623 2484 quodammodo
3643 2417 3735 2488 ipsa
3756 2430 3817 2469 sua

2312 2501 2625 2555 infirmitate
2641 2502 2937 2571 repellitur.
2956 2503 3184 2559 Mortem
3205 2520 3335 2561 vero
3354 2522 3465 2562 non
3486 2508 3637 2563 istam
3650 2509 3819 2562 exterio-

2311 2607 2426 2646 rem
2442 2593 2706 2662 corporis,
2730 2594 2822 2648 sed
2846 2594 2990 2649 illam
3024 2596 3339 2651 interiorem
3359 2598 3553 2653 animae
3576 2600 3724 2663 timet,
3740 2612 3818 2667 qus

2312 2683 2530 2736 omnino
2544 2690 2625 2736 est
2639 2682 2753 2751 ipsa
2768 2698 2884 2737 sum
2892 2699 2990 2739 nne
3002 2686 3247 2741 veritatis
3260 2686 3680 2758 ignorantia,qua
3690 2687 3819 2755 utique

2313 2770 2508 2825 mortui
2544 2780 2669 2824 sunt
2716 2787 2906 2827 omnes
2951 2772 3228 2829 inﬁdeles?
3254 2776 3347 2845 qui
3390 2792 3494 2831 nec
3516 2777 3819 2841 credunt,nec

2311 2868 2617 2929 agnoscunt
2653 2859 2749 2914 Dei
2782 2861 3086 2916 veritatem.
3126 2864 3203 2918 De
3229 2865 3428 2933 quibus
3448 2875 3502 2920 et
3532 2864 3818 2921 Dommusdi-

2309 2949 2384 3004 cit
2421 2966 2435 3002 :
2464 2947 2724 3002 Dimittite
2750 2961 2981 3004 mortuas
3018 2952 3234 3020 sepelire
3258 2965 3495 3009 mortuas
3520 2971 3634 3010 suos
3660 2953 3816 3026 (Matth.

2308 3055 2425 3106 vm,
2453 3040 2577 3111 22);
2633 3048 2688 3094 et
2726 3042 3015 3111 Apostolus
3048 3062 3060 3098 :
3087 3045 3337 3112 Alienati,
3379 3048 3576 3119 inquit,
3603 3066 3632 3101 a
3653 3055 3736 3103 rita
3759 3044 3817 3098 Dei

2310 3147 2402 3200 per
2424 3132 2798 3201 ignorantiam,
2827 3148 2944 3202 qua:
2964 3144 3039 3188 est
3063 3135 3119 3189 in
3155 3134 3262 3190 illis
3288 3137 3453 3209 (Eph.
3480 3155 3555 3205 tv,
3582 3138 3680 3207 l8).
3707 3136 3816 3190 Fide-

633 3209 850 3266 Patrem
871 3221 1083 3280 exorat,
1107 3213 1329 3271 dicens:
1358 3214 1541 3282 Pater,
1565 3233 1693 3287 quos
1720 3218 1908 3274 dedisti
1928 3222 2051 3274 mihi
2074 3220 2208 3289 v‘olo,
2238 3202 2282 3265 (ἶ
2317 3222 2442 3275 lium
2468 3231 2646 3276 autem
2673 3224 2781 3278 vita
2823 3225 3009 3295 utique
3057 3227 3171 3296 ipsa
3217 3202 3459 3298 cognitio
3504 3202 3721 3285 veritatis
3739 3236 3814 3288 est;

633 3310 693 3354 ut
731 3302 819 3356 ubi
843 3318 937 3373 ego
959 3320 1074 3357 sum
1099 3314 1147 3358 et
1170 3304 1249 3358 illi
1271 3306 1374 3360 sint
1398 3322 1616 3373 mecum,
1663 3318 1720 3362 ut
1758 3311 1967 3365 videant
1994 3311 2213 3366 clarita-

633 3402 739 3448 tem
764 3410 956 3461 meam,
972 3413 1129 3466 quam
1155 3398 1346 3452 dedisti
1361 3399 1487 3452 mihi
1513 3397 1695 3470 (lacn.
1718 3418 1852 3467 xvn,
1873 3400 1988 3473 24).
2014 3403 2091 3458 De
2105 3419 2211 3473 qua

634 3481 794 3537 beata
816 3491 872 3538 et
900 3485 1141 3555 angelica
1167 3487 1501 3544 habitatione
1523 3499 1835 3546 sanctorum
1860 3492 1977 3563 ipse
2016 3493 2211 3549 iterum

636 3571 768 3628 dicit
793 3573 1078 3643 Apostolus
1104 3594 1116 3630 :
1150 3576 1356 3634 Scimus
1384 3589 1560 3635 autem
1587 3582 1838 3652 quoniam
1865 3583 1911 3637 si
1952 3585 2211 3640 terrestris

633 3666 820 3722 domus
844 3679 1021 3724 nostra
1041 3672 1200 3741 hujus
1223 3672 1564 3730 habitationis
1577 3674 2067 3749 dissalvatur,quad
2082 3677 2211 3732 tedi-

629 3755 931 3825 ﬁcatianem
955 3775 1021 3813 ea:
1046 3758 1157 3815 Deo
1198 3762 1446 3819 habemus
1486 3764 1699 3839 domum
1726 3782 1830 3820 nan
1850 3768 2211 3844 manufestum

629 3855 881 3902 internum
907 3849 963 3902 in
987 3849 1129 3907 caelis
1156 3850 1241 3923 (ll
1273 3852 1395 3908 Cor.
1425 3869 1480 3919 v,
1513 3854 1588 3925 1).
1624 3853 1777 3911 Unde
1818 3864 1874 3912 et
1910 3857 2024 3926 ipse
2065 3857 2210 3913 dice-

626 3932 762 3988 bat:
786 3931 952 4005 Cupio
981 3937 1197 3992 dissolvi
1214 3949 1262 3993 et
1295 3957 1416 3996 cum
1458 3940 1664 3997 Christo
1690 3960 1800 3998 esse
1827 3944 1994 4017 (Phil.
2019 3962 2059 4011 ι,
2091 3945 2206 4017 25).

627 4019 700 4076 Et
741 4021 808 4077 de
836 4024 1086 4081 omnibus
1131 4028 1456 4097 generaliter
1484 4030 1671 4088 electis
1697 4041 1820 4104 post
1857 4037 2210 4091 resurrectio-

631 4123 758 4165 nem
781 4112 1047 4180 promittit
1076 4114 1259 4172 dicens
1287 4135 1301 4172 :
1335 4117 1615 4190 Rapiemur
1655 4122 1711 4175 in
1752 4123 1975 4179 nubibus
1999 4125 2203 4181 obviam

630 4196 839 4253 Christo
882 4202 938 4257 in
984 4219 1127 4268 aera,
1161 4216 1209 4259 et
1251 4207 1328 4262 sic
1373 4202 1575 4281 semper
1600 4227 1720 4266 cum
1753 4212 1980 4267 Domina
2010 4216 2208 4270 erimus

627 4284 684 4357 (1
710 4285 889 4343 Thess.
907 4304 980 4357 tv,
1010 4292 1117 4365 16).
1142 4293 1219 4350 De
1242 4310 1345 4365 qua
1374 4298 1604 4369 gloriosa
1633 4310 1688 4356 et
1713 4300 2025 4359 felicissima
2051 4306 2207 4360 habi-

628 4376 833 4432 tatione
866 4376 1139 4447 iustorum
1182 4383 1470 4443 Psalmista
1515 4391 1647 4445 dicit
1676 4410 1689 4446 :
1724 4390 2049 4450 Habitabant
2081 4398 2207 4452 recti

623 4483 744 4523 cum
768 4470 914 4526 vultu
935 4472 1216 4546 tua(Psal.
1238 4494 1462 4546 cxxxrx,
1493 4482 1605 4553 14).
1632 4482 1757 4540 Haec
1786 4500 1915 4557 ergo
1941 4488 2202 4545 habitatio

2314 3325 2474 3380 quam
2516 3320 2572 3364 et
2604 3312 2692 3366 hic
2734 3325 3068 3384 cognoscunt
3117 3331 3217 3386 per
3261 3318 3450 3381 ﬁdem,
3504 3330 3558 3375 et
3610 3321 3658 3374 in
3693 3318 3818 3371 lutum

2313 3399 2578 3470 cognituri
2607 3410 2736 3456 sunt
2782 3418 2881 3472 per
2924 3405 3183 3474 speciem.
3227 3405 3364 3473 Quia
3405 3417 3467 3463 et
3498 3409 3585 3464 hic
3615 3408 3818 3478 accipiunt

2314 3489 2482 3542 vitam
2515 3504 2612 3559 per
2640 3490 2799 3545 ﬁdem
2821 3494 3087 3561 veritatis,
3125 3495 3265 3550 sicut
3306 3496 3567 3566 scriptum
3594 3506 3698 3553 est:
3725 3494 3817 3561 Qui!

2305 3577 2485 3648 justus
2513 3595 2579 3633 ea;
2616 3579 2722 3649 [ide
2753 3582 2875 3634 vivit
2898 3580 3071 3652 (Rom.
3107 3601 3146 3650 1,
3177 3584 3289 3655 17),
3316 3596 3370 3641 et
3401 3587 3478 3642 ibi
3509 3583 3816 3643 habebuntu'

2314 3670 2425 3720 tam
2453 3678 2713 3722 aeternam
2742 3683 2813 3723 ex
2843 3673 3169 3740 cognitione,
3202 3685 3256 3729 et
3286 3675 3499 3732 visione
3526 3677 3736 3748 ejusdem
3754 3686 3816 3725 ve-

2311 3757 2523 3824 ritatis,
2556 3758 2772 3813 dicente
2802 3759 3031 3817 Domino
3063 3780 3078 3817 :
3112 3761 3242 3818 Han:
3266 3776 3340 3819 est
3369 3778 3546 3823 autem
3570 3770 3660 3833 rita
3678 3776 3817 3821 atem

2313 3859 2370 3904 ut
2394 3860 2706 3920 cognoscant
2742 3860 2791 3905 te
2817 3869 2982 3907 unum
3011 3871 3187 3909 verum
3216 3855 3385 3911 Deum
3409 3869 3462 3911 et
3505 3874 3645 3927 quem

2312 3938 2496 3994 Iesum
2543 3940 2808 3995 Christum
2852 3942 3035 4012 (Jaan.
3088 3960 3221 4011 xvtt,
3271 3948 3348 4018 3).
3396 3947 3698 4018 Quicunque
3729 3956 3817 4012 ergo

2308 4031 2657 4100 pervenerint
2680 4032 2748 4086 ad
2775 4031 2935 4087 istam
2969 4035 3330 4106 cognitionem
3368 4051 3471 4106 per
3496 4052 3665 4092 veram
3687 4035 3817 4090 ﬁdem.

2308 4128 2365 4176 'et
2389 4131 2648 4177 aeternam
2670 4123 3205 4194 contemplationem,
3225 4128 3331 4182 erit
3352 4128 3432 4183 eis
3457 4130 3573 4184 sine
3591 4126 3729 4183 dubio
3744 4127 3818 4175 vi“

2314 4220 2520 4266 aeterna
2550 4214 2668 4283 ipsa
2693 4215 2833 4269 visio
2852 4224 3071 4272 aeternae
3092 4218 3369 4274 Veritatis.
3386 4220 3491 4287 Qui
3517 4230 3680 4276 autem
3704 4217 3757 4271 ab
3774 4228 3817 4267 ea

2312 4303 2427 4357 sive
2470 4317 2568 4373 per
2613 4303 3010 4373 inﬁdelitatem,
3067 4309 3181 4363 sive
3232 4325 3331 4383 per
3375 4312 3617 4366 ultimam
3647 4310 3814 4363 damna-

2308 4398 2509 4454 tionem
2532 4397 2734 4453 fuerint
2760 4402 3019 4470 separati,
3042 4401 3173 4470 quid
3197 4403 3277 4458 eis
3296 4404 3399 4458 erit
3416 4404 3561 4460 aliud
3586 4403 3692 4459 talis
3707 4411 3815 4467 sepa-

2308 4490 2470 4556 ratio,
2515 4498 2571 4544 et
2615 4490 2737 4546 talis
2781 4490 3086 4562 ignorantia
3132 4494 3400 4560 veritatis,
3451 4496 3555 4551 nisi
3606 4506 3733 4548 mors
3762 4500 3813 4539 κ·

619 4568 916 4628 quaeratur,
942 4563 1058 4620 haec
1084 4566 1443 4636 desideretur,
1470 4587 1577 4626 non
1603 4574 1658 4627 in
1680 4556 1963 4633 elementis
1990 4581 2199 4648 mundi,
2227 4556 2281 4616 D
2307 4581 2497 4661 terna?

623 4656 719 4702 sed
742 4649 796 4704 in
822 4652 972 4707 vultu
1004 4655 1121 4722 Dei,
1150 4656 1204 4711 in
1236 4659 1443 4716 visione
1462 4661 1726 4719 claritatis
1766 4666 1991 4733 Christi,
2022 4669 2076 4723 in
2108 4686 2200 4726 so-

618 4738 814 4796 cietate
876 4742 1158 4802 beatorum
1220 4758 1277 4805 et
1331 4754 1801 4822 supercmlestium
1860 4759 2196 4828 angelorum,

619 4832 834 4899 quando
860 4847 1015 4890 erant
1063 4842 1253 4907 sancti,
1303 4842 1443 4897 sicut
1487 4844 1603 4914 ipsa
1654 4846 1865 4902 Veritas
1908 4851 2194 4919 promittit,

619 4920 846 5012 (eq-uales
879 4925 1075 4995 angelis
1098 4928 1196 4984 Dei
1232 4933 1287 4986 in
1316 4932 1455 4988 cmlis
1491 4934 1643 5006 (Luc.
1681 4953 1774 5003 xx,
1801 4938 1912 5012 56).

691 5008 810 5064 Non
838 5026 968 5083 ergo
997 5015 1051 5070 in
1079 5032 1186 5075 uno
1211 5022 1397 5077 mundi
1424 5024 1695 5081 elemento
1734 5008 1890 5100 igneo
1933 5032 2037 5085 erit
2068 5033 2195 5089 bea-

620 5106 798 5154 torum
826 5101 1088 5161 habitatio
1117 5108 1202 5163 vel
1235 5112 1415 5181 potius
1437 5116 1735 5181 contrusio,
1769 5133 1870 5173 nec
1900 5118 1975 5173 ita
2007 5120 2080 5174 ibi
2110 5121 2194 5175 in-

618 5188 907 5246 cludentur
927 5194 1067 5250 sicut
1096 5198 1243 5270 impii
1278 5203 1333 5258 in
1368 5204 1493 5274 igne
1531 5214 1758 5274 aeterno,
1802 5209 1894 5264 sed
1926 5211 2197 5268 habebunt

618 5281 799 5336 omnia
825 5286 1008 5341 mundi
1038 5287 1302 5348 elementa
1327 5293 1383 5348 in
1412 5303 1699 5365 potestate,
1746 5306 1895 5352 tanta
1942 5298 2197 5359 felicitate

619 5376 676 5424 et
696 5369 952 5431 facilitate
975 5377 1078 5434 sibi
1101 5381 1331 5449 subdita,
1368 5392 1425 5439 et
1450 5385 1529 5439 sic
1554 5400 1666 5439 suae
1706 5386 1993 5444 immortali
2042 5392 2195 5447 habi-

619 5459 787 5516 tudini
814 5471 1185 5538 congruentia,
1211 5482 1271 5528 ut
1313 5472 1620 5545 ubicunque
1665 5491 1855 5533 eorum
1902 5480 2193 5550 voluerint,

618 5558 677 5606 et
717 5554 857 5611 sicut
882 5560 1150 5618 voluerint
1184 5565 1441 5620 continuo
1466 5582 1588 5624 esse
1614 5569 1848 5640 possint,
1895 5580 1951 5627 et
1977 5574 2195 5631 videant

619 5650 779 5734 atque
824 5648 1061 5707 habeant
1109 5654 1225 5710 haec
1263 5655 1595 5713 omnia-non
1646 5669 1753 5714 tam
1801 5662 1867 5717 ad
1915 5666 2194 5734 praemium

616 5732 982 5811 beatitudinis,
1010 5759 1173 5816 quam
1195 5746 1264 5803 ad
1284 5748 1557 5807 cumulum
1584 5751 1878 5823 felicitatis,
1902 5732 1957 5812 et
1982 5758 2196 5815 laudem

2379 4672 2686 4730 Secundum
2719 4677 2861 4733 hunc
2889 4691 3019 4743 ergo
3067 4693 3289 4735 sensum
3327 4681 3431 4737 hoc
3475 4682 3528 4736 in
3566 4673 3813 4735 doctoribus

2304 4765 2506 4820 dictum
2538 4767 2695 4838 legit;
2728 4770 2821 4824 sed
2849 4771 2992 4839 quod
3017 4772 3084 4826 ab
3109 4772 3191 4828 eis
3214 4774 3349 4828 bene
3370 4773 3497 4845 legit
3515 4773 3715 4832 dictum,
3735 4766 3813 4834 ipse
3896 4765 3897 4841 ξ

2305 4856 2568 4910 convertit
2600 4857 2653 4911 in
2686 4875 2930 4929 pravum,
2974 4871 3025 4915 et
3061 4878 3397 4931 perversum,
3430 4875 3488 4918 ut
3517 4850 3812 4931 coaptetillud

2304 4946 2587 5017 (quantum
2641 4948 2695 5002 in
2739 4965 2798 5005 se
2849 4951 2951 5022 est)
2999 4968 3097 5007 suo
3127 4954 3304 5008 errori
3336 4964 3497 5025 atque
3535 4946 3808 5009 mendaciis:

2303 5045 2524 5106 propter
2546 5038 2680 5093 nihil
2708 5041 2851 5094 enim
2875 5041 3016 5097 aliud
3043 5042 3159 5099 litec
3190 5045 3345 5110 dicit,
3374 5046 3473 5100 nisi
3509 5054 3568 5100 ut
3593 5042 3673 5099 tali
3696 5049 3811 5106 Μετι-
3896 5038 3897 5085 l

2302 5129 2633 5184 mcutatione
2670 5137 2779 5183 tam
2828 5131 3114 5199 violenter,
3160 5143 3216 5189 et
3254 5138 3500 5207 nequiter
3538 5151 3601 5190 ex
3636 5122 3808 5187 bonoad

2303 5216 2503 5271 malum
2539 5229 2819 5289 usurpata,
2862 5223 3015 5291 quasi
3046 5226 3330 5281 ostendere
3366 5236 3420 5281 et
3447 5229 3736 5282 conﬁrmare
3758 5215 3809 5267 ti-

2303 5306 2516 5371 dcatur,
2549 5308 2749 5363 nullam
2804 5311 2966 5367 aliam
3011 5312 3249 5370 futuram
3300 5333 3420 5373 esse
3454 5316 3721 5374 miseriam,
3752 5301 3807 5357 vel
3896 5304 3897 5374 l

2304 5400 2619 5470 angelorum
2667 5403 3046 5474 malignorum,
3098 5408 3183 5465 vel
3235 5410 3510 5467 hominum
3536 5409 3805 5483 perditorum
3896 5412 3897 5463 ξ

2299 5492 2354 5547 in
2395 5502 2599 5549 aeterno
2640 5496 2750 5566 igni
2797 5498 3196 5567 damnatorum,
3239 5505 3344 5559 nisi
3393 5506 3737 5578 ignorantiam.
3771 5499 3807 5545 ⁸⁸

2300 5584 2439 5640 sicut
2461 5585 2575 5655 jam
2611 5603 2774 5658 supra
2801 5590 2956 5658 dixit,
2983 5594 3285 5651 absentiam
3319 5597 3485 5667 ipsius
3511 5591 3747 5652 veritatis;
3769 5588 3806 5636 ei

2300 5676 2439 5730 hanc
2468 5677 2827 5747 ignorantiam
2874 5692 3035 5754 atque
3080 5687 3380 5744 absentiam
3428 5689 3653 5746 veritatis
3681 5680 3805 5739 solam

2300 5764 2377 5822 eis
2398 5780 2516 5824 csse
2545 5780 2802 5827 aeternam
2835 5768 3129 5844 miseriam,
3165 5778 3334 5836 solam
3365 5781 3443 5836 eis
3463 5795 3577 5837 esse
3600 5779 3804 5834 aeternam
