3970 6306
619 355 724 414 231

1723 340 1929 399 FLOR!
1966 335 2242 394 DlACONl
2279 331 2762 391 LUGDUNENSlS
3734 330 3808 388 232
3894 304 3895 353 ξ

620 464 944 529 veritatem;
977 461 1070 518 sed
1100 459 1225 530 quia
1256 456 1399 514 omni
1433 452 1572 511 ﬁdeli
1612 452 1818 508 homini
1846 449 2081 521 primum
2114 446 2193 500 vi-
2224 447 2270 506 Α
2297 457 2457 510 quam
2486 441 2612 497 olim
2647 449 2701 495 et
2743 454 2904 509 quam
2936 436 3118 495 multis
3143 447 3299 496 antea
3336 437 3552 505 sicculis
3571 439 3664 494 hoc
3685 439 3736 494 de
3756 444 3808 497 eis
3894 424 3895 433 ‘

621 555 983 627 gilantissime
1007 550 1261 606 discenda
1291 555 1374 602 est
1401 545 1597 600 veritas
1626 542 1750 596 ﬁdei
1777 555 1845 596 ex
1871 537 2192 594 auctoritate

624 642 1026 714 Scripturarum
1051 640 1145 694 Dei
1171 653 1186 691 :
1211 645 1267 692 ut
1306 637 1349 691 si
1378 635 1507 704 quid
1547 640 1734 702 postea
1767 632 1833 685 de
1864 628 2067 683 eisdem
2098 627 2192 680 hu-

623 733 800 792 manis
826 731 1020 788 litteris
1048 730 1226 799 legere
1260 734 1353 780 aut
1386 725 1525 782 scire
1552 737 1774 779 necesse
1809 720 1991 783 fuerit,
2021 725 2192 772 totum

622 837 694 880 ex
714 823 806 879 illa
832 823 1010 879 divina
1037 818 1354 874 auctoritate
1372 825 1426 869 et
1447 815 1567 870 ﬁdei
1591 814 1818 868 veritate
1838 809 2190 880 dijudicetur;

625 919 688 969 ut
712 913 759 969 si
780 912 908 981 quid
936 910 1007 964 ibi
1037 910 1104 963 ab
1140 908 1257 977 ejus
1295 906 1477 976 regula
1519 919 1625 958 non
1653 901 1955 963 discordat,
1991 896 2195 966 absque

624 1003 868 1076 periculo
893 1000 1201 1071 recipiatur,
1233 997 1497 1067 quidquid
1522 1004 1699 1051 autem
1727 993 1795 1048 ab
1822 1006 1885 1047 ea
1913 990 2195 1076 dissonare

625 1075 932 1154 invenitur,
987 1087 1142 1158 quasi
1198 1085 1534 1140 mortiferum
1590 1089 1898 1152 respuatur.
1941 1075 2196 1145 Quisquis

624 1188 803 1235 autem
820 1185 978 1248 putat
1002 1191 1062 1231 se
1084 1176 1287 1245 absque
1323 1188 1465 1229 verae
1487 1172 1608 1226 ﬁdei
1639 1169 1968 1239 cognitione,
1993 1167 2196 1236 absque

624 1266 914 1337 Scriptum
940 1272 1140 1319 sanctae
1167 1263 1475 1318 ﬁdelissima
1499 1258 1841 1326 auctoritate,
1869 1256 2071 1326 absque
2100 1268 2197 1324 pa-

620 1366 793 1414 ternae
815 1354 1075 1426 doctrinae
1099 1352 1493 1408 studiosissima
1535 1349 1873 1405 institutione
1917 1345 2047 1401 solis
2092 1344 2193 1399 lm-

622 1444 802 1499 manis
824 1443 1020 1499 litteris
1055 1450 1110 1498 et
1144 1441 1441 1512 disciplinis
1486 1440 1745 1512 indagare
1790 1451 1949 1510 posse
1999 1434 2196 1490 verita-

622 1538 737 1591 tem
763 1532 880 1599 Dei,
909 1541 966 1588 et
986 1531 1112 1587 ﬁdei
1147 1531 1529 1600 integritatem,
1552 1528 1740 1599 procul
1768 1527 1933 1582 dubio
1961 1525 2195 1594 seipsum

622 1616 799 1671 illudit
828 1623 882 1670 et
913 1615 1111 1684 decipit
1142 1631 1155 1667 :
1190 1624 1245 1669 et
1272 1613 1397 1668 dum
1428 1611 1543 1665 vult
1571 1610 1741 1664 videri
1773 1607 1928 1677 quasi
1960 1608 2210 1662 inventor

620 1707 887 1772 veritatis,
914 1707 1176 1777 magister
1200 1704 1404 1760 erroris
1432 1702 1679 1758 etlicitur.
1711 1701 1811 1767 Qui
1830 1700 1961 1755 ordo
1986 1699 2205 1769 pietatis

2294 530 2471 586 fuerat
2493 530 2906 599 praenuntiatum
2935 538 2989 583 et
3016 530 3387 600 prophetatum
3411 529 3705 593 ostendens,
3724 541 3809 598 post

2294 622 2460 675 multa
2495 620 2766 691 subjungit
2811 638 2824 673 :
2865 616 3198 689 Prophetavit
3234 632 3404 672 autem
3433 628 3481 671 et
3511 619 3573 671 de
3601 618 3672 671 his
3696 621 3809 687 septi-

2292 728 2408 765 mus
2436 710 2501 763 ab
2530 711 2697 763 Adam
2729 707 2930 771 Enoch,
2948 709 3123 762 dicens
3152 722 3167 761 :
3208 708 3339 762 Ecce
3363 708 3504 761 venit
3530 706 3753 760 Dominus
3772 709 3807 760 in
3894 752 3895 767 η

2292 800 2486 854 sanctis
2508 798 2736 852 millibus
2773 798 2882 851 suis
2905 796 3078 866 facere
3090 794 3353 866 judicium
3379 804 3564 850 contra
3592 807 3809 865 omnes,“
3894 812 3895 843 ὲ

2294 904 2512 958 arguere
2533 904 2709 941 omnes
2733 888 2917 956 impios
2939 887 3003 941 de
3029 886 3267 940 omnibus
3296 885 3541 955 operibus
3586 886 3809 955 impietatis
3894 910 3895 931 ι

2293 995 2491 1045 eorum,
2514 988 2562 1033 et
2585 977 2649 1031 de
2673 976 2908 1032 omnibus
2921 976 3069 1030 duris
3093 992 3208 1046 qua:
3225 973 3385 1029 locuti
3408 982 3532 1027 sunt
3549 985 3709 1027 contra
3727 992 3808 1026 eun
3894 956 3895 981 ¹

2291 1081 2580 1142 peccatores
2606 1069 2753 1139 impii
2794 1067 2981 1139 (Ibid.,
3018 1066 3107 1134 14,
3145 1062 3255 1138 15).
3300 1065 3375 1119 De
3427 1075 3652 1134 quorum
3691 1065 3809 1118 etiam

2294 1169 2497 1217 aeterna
2540 1160 2888 1215 damnatione
2923 1170 2979 1213 et
2998 1170 3160 1228 poena
3188 1154 3436 1211 horribili
3462 1154 3543 1211 eis
3571 1165 3807 1224 praeparata

2294 1264 2350 1312 et
2373 1260 2646 1309 reservata
2671 1250 3109 1306 manifestissnme
3144 1247 3389 1318 adjungit
3418 1246 3604 1301 dicens
3631 1260 3644 1298 :
3673 1241 3809 1297 Sidera

2294 1343 2548 1406 errantia,
2569 1341 2754 1411 quibus
2784 1336 3013 1410 procella
3040 1336 3371 1391 tenebrarum
3399 1336 3457 1388 in
3486 1343 3715 1389 (sternunt
3730 1349 3809 1386 ser-

2295 1441 2414 1488 uata
2441 1442 2515 1487 est
2544 1430 2732 1503 (lbid.,
2763 1428 2871 1501 15).

2365 1523 2503 1592 Quid
2527 1523 2669 1578 enim
2694 1518 2994 1578 evidentius
3038 1518 3105 1576 de
3148 1512 3624 1589 praedestinationé
3663 1514 3805 1583 impio-

2296 1627 2418 1667 rum
2459 1612 2528 1666 ad
2565 1620 2751 1666 interni
2770 1608 2958 1678 judicii
2985 1608 3385 1664 damnationem
3417 1615 3579 1676 quam
3620 1603 3739 1673 quod
3772 1602 3810 1655 bi

2296 1703 2541 1759 homines
2567 1703 2714 1773 impii
2746 1710 2898 1756 tanto
2922 1700 3052 1755 olim
3086 1711 3142 1755 et
3170 1698 3336 1754 tantis
3366 1707 3530 1752 antea
3556 1693 3753 1755 saeculis,
3772 1700 3810 1746 et

621 1808 773 1855 tanta
807 1807 898 1856 est
932 1800 1229 1855 attentione
1268 1797 1596 1861 servandus,
1636 1803 1694 1849 ut
1725 1810 1826 1849 nec
1856 1794 1981 1862 ipsae
2035 1786 2267 1847 sacrmB
2297 1794 2479 1849 divino
2496 1794 2700 1865 judicio
2727 1801 2781 1848 et
2806 1792 3121 1863 prephetico
3163 1789 3423 1846 vaticinio
3464 1784 3709 1858 prwcripti
3735 1783 3811 1839 sint

620 1890 814 1966 littera;
840 1891 898 1945 in
938 1890 1094 1946 libris
1122 1889 1255 1961 legis
1293 1898 1347 1942 et
1374 1888 1757 1958 prophetarum
1788 1884 2053 1939 ullatenus
2078 1899 2203 1952 pos-

623 1984 735 2038 sint
755 1999 878 2039 esse
906 1983 1064 2039 utiles
1090 1993 1145 2037 et
1170 1982 1416 2037 salubres
1447 1981 1768 2052 legentibus,
1802 1979 1905 2033 nisi
1945 1987 2040 2033 aut
2070 1977 2203 2033 ﬁdes

626 2077 829 2132 Christi
860 2076 1131 2147 praecedat
1160 2076 1213 2129 in
1242 2075 1406 2129 corde
1435 2073 1682 2144 legentis,
1712 2088 1809 2141 per
1850 2086 2012 2142 quem
2053 2084 2205 2124 vera-

622 2167 764 2222 citer
793 2166 1183 2236 intelligantur,
1211 2173 1304 2219 aut
1328 2164 1439 2234 ipsa
1475 2163 1609 2217 ﬁdes
1639 2162 1843 2217 Christi
1877 2163 1929 2215 in
1962 2161 2041 2216 eis
2074 2160 2204 2216 ﬁde-

622 2258 747 2314 liter
768 2268 1062 2329 qumratur,
1094 2266 1148 2312 et
1196 2256 1303 2312 Deo
1340 2255 1683 2310 illuminante
1722 2253 2045 2308 inveniatur.
2077 2251 2206 2307 inde

621 2353 871 2423 estquod
919 2350 1128 2406 ﬁdelem
1170 2358 1233 2405 et
1272 2350 1523 2404 dilectum
1561 2346 1882 2417 discipulum
1921 2344 2206 2416 Apostolus

621 2457 973 2497 commonens
1011 2450 1067 2496 et
1093 2440 1391 2496 informans
1417 2440 1582 2494 dicit:
1624 2437 1692 2492 Et
1723 2439 1849 2508 quia
1888 2438 1952 2491 ab
1978 2437 2206 2507 infantia

620 2551 801 2589 sacras
822 2534 1022 2589 litteras
1050 2534 1209 2598 nosti,
1234 2550 1350 2604 qua:
1373 2543 1421 2587 te
1447 2542 1662 2603 possunt
1681 2533 1943 2585 instruere
1964 2530 2033 2585 ad
2059 2529 2204 2584 salu-

618 2635 739 2689 tem,
771 2642 862 2688 per
878 2624 1056 2693 ﬁdem,
1088 2641 1205 2692 qua:
1226 2634 1300 2678 est
1332 2626 1387 2678 in
1409 2624 1618 2679 Clu-isto
1646 2622 1776 2677 Jesu
1799 2622 1886 2694 (ΙΙ
1926 2621 2063 2676 Tim.
2110 2638 2206 2688 ιιι,

619 2716 728 2788 15).
755 2718 909 2784 Quod
936 2719 1069 2788 quid
1093 2728 1175 2772 est
1198 2718 1341 2771 aliud
1363 2717 1566 2785 dicere,
1589 2732 1749 2787 quam
1774 2732 1865 2787 per
1888 2715 2068 2785 ﬁdem,
2091 2731 2208 2786 qua:

620 2809 694 2850 est
730 2802 783 2851 in
829 2799 1038 2853 Christo
1085 2795 1215 2850 Jesu
1263 2796 1409 2864 ipsas
1444 2793 1881 2857 sacrasqlitteras
1926 2791 2194 2845 instruere

618 2902 777 2956 posse
807 2888 1078 2942 hominem
1114 2886 1182 2940 ad
1215 2885 1470 2947 salutem,
1516 2884 1640 2954 quia
1681 2883 1886 2951 absque
1926 2881 2042 2950 ejus
2088 2878 2194 2935 ﬁde

623 2976 767 3030 nulla
801 2977 874 3030 ibi
910 2976 1141 3029 inveniri
1162 2976 1335 3045 possit
1364 2974 1648 3028 instructio
1675 2972 1947 3048 salutaris.

2294 1884 2348 1938 in
2374 1884 2471 1937 hoc
2491 1883 2800 1953 judicium?
2821 1881 3008 1951 (Ibid.,
3040 1880 3121 1951 4.)
3169 1878 3279 1934 Nec
3316 1885 3485 1932 tanta:
3523 1874 3808 1930 absurditatis

2294 1989 2416 2031 esse
2441 1976 2722 2039 debemus,
2741 1960 2952 2044 utquia
2977 1973 3081 2048 hoc
3108 1969 3457 2026 beatissimus
3486 1965 3809 2036 patriarchaet

2292 2065 2557 2137 prepheta
2583 2064 2768 2120 Enoch
2797 2064 3023 2133 septima
3048 2061 3117 2118 ab
3139 2062 3312 2117 Adam
3354 2058 3687 2130 generatione
3721 2067 3808 2124 pro-

2292 2155 2553 2225 phetavit,
2595 2164 2847 2225 putemus
2890 2153 3033 2224 quod
3059 2161 3204 2218 .tunc
3229 2151 3372 2207 Deus
3396 2148 3719 2219 omnipotens
3737 2145 3807 2198 ali-

2293 2246 2420 2316 quid
2451 2244 2701 2300 statuerit
2725 2259 2787 2299 ac
2802 2241 3263 2314 prindestinaverit
3283 2239 3431 2310 quod
3453 2239 3509 2293 in
3534 2236 3640 2305 ejus
3657 2245 3807 2290 aiterno

2287 2336 2490 2408 judicio
2518 2345 2678 2405 atque
2702 2335 2925 2390 consilio
2956 2341 3080 2389 ante
3113 2348 3221 2388 non
3249 2331 3416 2387 fuerit
3443 2347 3457 2385 :
3485 2345 3605 2386 cum
3640 2328 3807 2384 omnino

2294 2425 2349 2480 in
2381 2426 2522 2481 illius
2550 2424 2974 2481 incommutabili
3004 2423 3306 2480 aeternitate
3331 2421 3480 2476 nulla
3531 2418 3688 2490 possit
3723 2429 3807 2470 esse

2294 2530 2435 2570 nova
2466 2515 2739 2578 voluntas,
2784 2513 2932 2569 nulla
2981 2525 3173 2568 recens
3216 2509 3536 2580 dispositio;
3593 2506 3677 2562 sed
3704 2502 3805 2573 quod

2295 2609 2433 2678 apud
2472 2605 2621 2660 illum
2671 2612 2791 2660 erat
2831 2603 3152 2674 praeﬁnitum
3201 2600 3567 2662 mternaliter,
3606 2598 3696 2651 hoc
3717 2608 3808 2647 con-

2294 2696 2676 2766 gruentissimo
2704 2694 2893 2749 ordine
2918 2700 2973 2752 et
2999 2692 3309 2763 prophetari
3338 2701 3394 2748 et
3445 2691 3646 2761 impleri
3684 2684 3805 2741 voluit

2293 2786 2784 2856 temporaliter;ad
2815 2783 3025 2838 illorum
3047 2783 3262 2851 quidem
3285 2781 3550 2852 judicium
3574 2778 3805 2834 etdamni-

2293 2879 2515 2941 tionem,
2543 2876 2634 2944 qui
2662 2873 2788 2929 talia
2816 2881 2970 2928 erant
2998 2872 3180 2927 ausuri
3208 2881 3369 2941 atque
3390 2869 3604 2931 facturi,
3635 2866 3693 2921 ad
3720 2875 3805 2934 pio-

2292 2970 2561 3024 bationem
2608 2980 2738 3021 vero
2776 2974 2831 3021 et
2875 2963 3190 3020 exercitium
3240 2962 3499 3019 Ecclesia:
3534 2974 3652 3023 suae,
3687 2968 3803 3025 quam

692 3061 987 3136 Propterea
1011 3080 1140 3136 ergo
1159 3073 1213 3118 et
1234 3066 1336 3119 iste
1367 3065 1419 3119 in
1452 3064 1616 3118 tantis
1641 3063 1861 3125 erravit,
1881 3069 2029 3117 tanta
2058 3061 2193 3117 falsa
2225 3124 2263 3136 ﬂ
2295 3062 2457 3119 etiam
2486 3074 2583 3129 per
2608 3058 2794 3112 talium
2847 3055 3301 3111 contradictiones
3337 3064 3391 3109 et
3441 3049 3802 3123 impugnationes

620 3164 675 3211 et
705 3124 914 3210 fallacia
945 3124 1115 3210 sensit
1135 3162 1190 3209 et
1220 3154 1454 3223 scripsit,
1479 3153 1603 3223 quia
1634 3124 1943 3219 Scripturas
1968 3160 2188 3207 sanctas
2219 3124 2264 3187 C
2294 3159 2349 3204 et
2371 3124 2676 3219 diligentius
2703 3145 2906 3201 erudiri
2932 3151 2986 3199 et
3025 3143 3377 3200 excellentius
3416 3138 3669 3212 disposuit
3687 3132 3802 3190 clan-

621 3249 913 3319 ignoravit,
944 3248 1069 3316 quia
1097 3246 1378 3299 veritatem
1418 3245 1540 3299 ﬁdei
1582 3259 1687 3300 non
1717 3244 1797 3300 eis
1822 3242 2098 3297 humiliter
2135 3250 2191 3298 et

623 3336 855 3390 ﬁdeliter
899 3335 1197 3406 inquisivit,
1239 3335 1333 3388 sed
1359 3334 1587 3404 superbe
1613 3342 1667 3387 et
1695 3332 1981 3387 vanissime
2002 3332 2192 3387 huma-

622 3426 708 3480 nis
735 3434 790 3479 et
818 3425 1012 3493 ineptis
1041 3423 1595 3494 argumentationibus
1619 3435 1739 3476 eam
1768 3420 2011 3475 invenire
2032 3434 2193 3491 posse

623 3534 683 3574 se
709 3520 983 3574 credidit:
1017 3527 1072 3574 et
1108 3517 1228 3573 ideo
1277 3531 1381 3570 non
1409 3516 1552 3570 illam
1584 3515 1808 3580 invenit,
1841 3514 1935 3570 sed
1962 3529 2081 3569 eam
2104 3529 2196 3585 po-

2293 3239 2447 3297 llcari
2481 3256 2493 3291 :
2521 3237 2660 3292 sicut
2686 3243 2742 3290 et
2768 3233 3055 3304 Apostolus
3078 3233 3210 3288 dicit
3236 3250 3249 3286 :
3282 3231 3425 3287 Nam
3467 3235 3649 3299 oportet
3668 3233 3708 3279 et
3729 3223 3801 3274 Iur-

2295 3347 2431 3387 reses
2455 3346 2587 3393 esse,
2615 3336 2672 3382 ut
2693 3335 2740 3382 et
2761 3327 2850 3396 qui
2886 3326 3089 3395 probati
3133 3334 3273 3392 sunt,
3315 3321 3578 3393 manifesti
3621 3318 3727 3388 ﬁant
3764 3314 3801 3365 in

2294 3422 2434 3477 vobis
2459 3419 2545 3491 (II
2568 3415 2691 3473 Cor.
2710 3433 2787 3482 χι,
2822 3417 2946 3489 19)..

2365 3511 2424 3567 Si
2456 3502 2596 3582 ergo
2614 3509 2904 3579 quaerimus
2926 3506 3126 3576 justam
3159 3516 3214 3563 et
3240 3517 3500 3563 aeternam
3528 3505 3613 3561 Dei
3635 3497 3794 3573 prnde-

624 3610 734 3665 tius
774 3608 1062 3664 inﬁdeliter
1087 3617 1142 3663 et
1169 3608 1455 3663 infeliciter
1506 3604 1855 3677 impugnavit.
1911 3604 2013 3671 Qui
2066 3620 2195 3677 ergo
2298 3602 2644 3658 stinatiouem
2676 3599 2730 3654 in
2758 3598 2915 3653 malis
2942 3599 3011 3653 ad
3054 3596 3320 3666 judicium
3360 3592 3802 3653 damnationis,an-

623 3703 769 3774 cupit
797 3701 864 3757 de
884 3701 1115 3757 veritate
1140 3699 1334 3755 divinae
1362 3697 1850 3769 prmdestinationis
1898 3697 2209 3753 humanum.
2298 3694 2507 3750 diamus
2543 3690 2670 3761 quia
2711 3690 2944 3743 homines
2987 3688 3200 3758 quidam
3229 3687 3504 3758 prescripti
3537 3692 3645 3751 sum
3670 3681 3713 3733 in
3736 3678 3801 3729 hoc

622 3767 863 3850 errorem
914 3791 1177 3864 eﬂ‘ugere,
1218 3800 1273 3846 et
1313 3767 1443 3861 quid
1478 3790 1774 3846 secundum
1804 3788 2089 3844 veritatem
2120 3796 2199 3843 te.
2289 3782 2552 3853 judicium
2582 3780 2772 3850 impii:
2805 3786 2860 3833 et
2897 3777 3190 3848 pra’scriptt'
3214 3792 3321 3831 non
3346 3784 3458 3831 tam
3498 3767 3801 3864 temporalitfr

621 3901 753 3941 nere
779 3884 991 3950 debeat,
1016 3883 1276 3946 invenire,
1299 3882 1459 3952 legat,
1485 3890 1543 3936 ut
1557 3881 1671 3952 jam
1696 3880 1952 3945 diximus,
1973 3879 2199 3949 diligen-

623 3984 709 4031 ter
754 3983 811 4030 et
856 3973 1087 4029 ﬁdeliter
1124 3972 1483 4042 propheticas,
1510 3979 1567 4026 et
1599 3962 1960 4039 evangelicas,
1987 3976 2043 4024 et
2070 3983 2199 4039 apo-

624 4063 844 4120 stolicas
892 4064 1123 4128 litteras,
1152 4077 1252 4118 nec
1295 4070 1490 4118 contra
1541 4077 1632 4117 eas
1667 4076 1827 4116 suum
1859 4074 2077 4116 sensum
2108 4055 2201 4114 de-

625 4158 850 4214 fendere
879 4158 1090 4221 audeat,
1115 4156 1208 4212 sed
1236 4172 1421 4212 earum
1463 4170 1524 4211 se
1564 4151 1874 4211 auctoritati
1899 4161 1954 4208 et
1983 4148 2200 4206 veritati

624 4248 902 4303 humiliter
929 4248 1232 4314 submittat,
1262 4262 1330 4304 ne
1378 4246 1432 4301 in
1486 4246 1780 4320 perniciem
1808 4257 1962 4300 suam
2005 4249 2196 4297 contra

626 4339 899 4394 stimulum
926 4339 1207 4394 calcitrare
1228 4343 1472 4393 conetur.
1496 4335 1575 4390 Ex
1600 4334 1792 4406 quibus
1819 4331 2016 4388 divinis
2055 4327 2199 4386 litte-

626 4428 725 4494 ris,
750 4429 873 4498 quia
900 4428 1121 4482 multum
1142 4424 1254 4496 jam
1287 4425 1355 4481 de
1383 4425 1485 4480 hac
1511 4439 1570 4479 re
1610 4439 1771 4494 supra
1797 4421 2105 4494 posuimus,
2133 4434 2201 4476 ne

2303 3886 2550 3928 sermone
2584 3869 2921 3939 prophetico,
2957 3883 3121 3937 quam
3164 3867 3383 3922 omnino
3425 3854 3801 3921 aeternaliterdi-

2298 3962 2425 4017 vino
2450 3960 2653 4032 judicio
2689 3977 2703 4014 :
2750 3959 2876 4029 quia
2928 3958 3132 4027 utique,
3161 3956 3306 4027 quod
3348 3968 3472 4011 erat
3519 3951 3645 4024 apud
3681 3949 3802 4002 Deum

2299 4051 2625 4109 a‘eternaliter
2652 4049 2954 4121 praeﬁxum,
2993 4047 3096 4103 hoc
3122 4062 3221 4117 per
3251 4046 3565 4116 prophetam
3592 4048 3800 4107 tempora.

2299 4136 2425 4197 liter
2449 4149 2531 4197 est
2556 4139 2868 4211 praedictum
2890 4145 3052 4207 atque
3077 4135 3473 4207 praescriptum.
3503 4133 3559 4189 Si
3576 4127 3803 4201 querimus

2300 4239 2482 4285 utrum
2509 4230 2589 4285 eis
2612 4238 2813 4285 aeterno
2838 4226 2934 4282 Dei
2964 4226 3167 4297 judicio
3192 4238 3352 4295 pinna
3371 4232 3428 4280 et
3450 4220 3733 4295 supplicium
3752 4211 3801 4265 sit

2300 4330 2685 4394 praeparatum,
2711 4320 2991 4374 audiamus
3018 4318 3163 4388 quod
3205 4317 3271 4372 de
3318 4316 3449 4386 ipsis
3481 4313 3660 4371 dicitur
3682 4323 3694 4361 :
3713 4299 3802 4368 θεέ·

2304 4412 2398 4467 bus
2443 4410 2676 4482 procella
2709 4409 3038 4464 tenebrarum
3094 4407 3153 4460 in
3196 4414 3449 4461 aternum
3510 4408 3689 4458 servata
3724 4400 3800 4450 “li

627 4478 928 4591 legeiitibus
959 4478 1171 4574 taedium
1200 4516 1479 4581 faciamus,
1506 4478 2065 4570 unum‘taniumniodo
2092 4478 2199 4566 hoc
2227 4478 2277 4538 Π
2305 4478 2467 4573 atque
2490 4501 2565 4555 ita
2594 4499 2791 4556 dit/ina!
2815 4495 3034 4554 veritati
3054 4494 3288 4551 ﬁdeliter
3316 4488 3802 4591 acquiescam?“

628 4608 746 4665 loco
789 4611 1024 4665 breviter
1052 4621 1437 4672 memoramus,
1469 4619 1536 4660 ex
1581 4602 1806 4673 epistola
1854 4602 1997 4658 beati
2048 4600 2201 4669 Iuda:

629 4699 876 4770 apostoli,
906 4700 994 4754 ubi
1023 4714 1145 4754 cum
1180 4700 1246 4754 de
1270 4695 1605 4766 impiissimis
1633 4694 1931 4759 haereticis,
1965 4692 2057 4764 qui
2104 4692 2202 4748 Ec-

631 4791 854 4846 clesiam
919 4789 1131 4845 Domini
1190 4788 1258 4843 ab
1322 4787 1453 4856 ipsis
1510 4785 1819 4857 apostolicis
1871 4784 2204 4854 temporibus

631 4896 803 4949 usque
826 4881 895 4934 ad
918 4880 1079 4935 ﬁnem
1105 4879 1287 4935 saeculi
1311 4886 1367 4933 et
1391 4876 2202 4949 impugnaveruntetimpugna-

634 4974 739 5026 turi
769 4981 913 5036 sunt,
942 4972 1271 5041 loqueretur,
1307 4979 1367 5026 ut
1412 4971 1720 5026 ostenderet
1764 4984 1859 5024 eos
1900 4975 2104 5022 aeterno
2150 4973 2205 5021 et

626 5063 776 5134 justo
808 5064 901 5118 Dei
923 5063 1125 5134 judicio
1159 5064 1212 5117 in
1257 5065 1547 5133 reprobum
1600 5076 1818 5121 senSum
1870 5060 2117 5123 traditos,
2145 5065 2205 5113 ut

633 5165 786 5211 tanta
821 5172 887 5212 ac
916 5157 1043 5212 talia
1074 5167 1263 5235 contra
1308 5156 1477 5213 Deum
1535 5154 1679 5225 loqui
1718 5153 1995 5216 auderent,
2044 5158 2099 5206 et
2138 5151 2206 5207 ad

631 5249 881 5304 ultimum
934 5251 1120 5306 eodem
1172 5251 1353 5305 divino
1394 5248 1598 5318 judicio
1646 5253 1849 5301 aeterna
1904 5242 2205 5313 perditione

635 5342 986 5407 damnandos,
1012 5342 1086 5396 ita
1129 5340 1259 5395 dicit
1291 5359 1304 5393 :
1333 5337 1757 5393 Subintroierunt
1805 5335 1943 5389 enim
1989 5332 2205 5403 quidam

633 5431 864 5486 homines
895 5431 1002 5503 (qui
1033 5430 1159 5485 olim
1186 5428 1476 5497 pﬁrscripti
1514 5435 1635 5481 sunt
1676 5426 1729 5480 in
1768 5426 1865 5478 hoc
1893 5421 2182 5493 judicium)

633 5521 801 5594 impii,
826 5522 1036 5578 Domini
1062 5520 1226 5574 nostri
1254 5516 1382 5571 Jesu
1419 5515 1612 5571 Christi
1634 5516 1858 5587 gratiam
1891 5510 2207 5577 transferen-

636 5621 711 5667 tes
729 5613 785 5667 in
815 5612 1105 5687 luxuriam.
1131 5618 1178 5662 et
1210 5606 1376 5660 solum
1403 5606 1778 5660 dominatorem
1804 5603 2085 5658 Dominum
2114 5617 2207 5655 no-

633 5713 802 5763 stram
828 5703 1010 5764 Iesum
1036 5699 1302 5756 Christum
1335 5708 1575 5769 negantes
1604 5698 1755 5769 (Iud.
1784 5696 1874 5768 4);
1922 5694 2012 5751 ubi
2041 5693 2207 5750 etiam

2303 4596 2498 4666 impios
2512 4592 2710 4664 poenis,
2733 4605 2833 4647 nec
2846 4603 3035 4661 poenas
3056 4587 3236 4658 impiis
3256 4586 3510 4642 divinitus
3521 4578 3798 4666 prepare!”-

2310 4663 2416 4740 Vos
2444 4663 2639 4748 autem,
2671 4679 2984 4744 charissimi,
3031 4675 3504 4748 supermdiﬁcantes
3539 4663 3801 4730 uosz

2302 4777 2644 4832 sanctissima:
2670 4782 2851 4828 uestris
2897 4771 3045 4840 ﬁdei,
3074 4769 3131 4822 in
3181 4766 3382 4839 Spiritu
3428 4771 3602 4820 sancto
3628 4758 3797 4812 omnm:

2303 4868 2440 4936 ipsos
2468 4881 2555 4918 vos
2583 4865 2638 4917 in
2667 4861 2938 4917 dilectione
2965 4858 3061 4913 Dei
3084 4866 3319 4922 servate;
3348 4865 3398 4909 et
3437 4856 3528 4908 hos
3548 4844 3724 4936 quidem
3742 4848 3801 4887 at-

2309 4933 2448 5027 puite
2466 4953 2759 5024 judicatos,
2787 4950 2907 5004 illos
2929 4958 3103 5004 autem
3131 4946 3327 5002 salvate
3364 4945 3429 4998 de
3458 4944 3572 5013 igne
3588 4933 3801 5027 repulit“:

2308 5015 2430 5103 ciliis
2465 5015 2637 5100 autem
2663 5015 3044 5098 misereminiin
3074 5039 3259 5093 timore
3289 5035 3475 5106 (Ibid.,
3496 5032 3582 5094 20,
3605 5020 3701 5091 95)·
3721 5015 3801 5068 Νοη

2309 5139 2454 5196 enim
2482 5138 2561 5192 ait
2606 5160 2619 5191 :
2660 5135 2770 5190 Hos
2791 5133 3008 5204 quidem
3047 5130 3259 5201 arguite
3295 5123 3617 5198 judicandos,

2310 5230 2449 5300 guite
2472 5227 2765 5297 judicatos,
2800 5197 2860 5279 ut
2892 5221 3100 5277 scilicet
3116 5197 3308 5290 vquodi
3340 5218 3394 5271 in
3449 5227 3543 5270 sua
3594 5197 3800 5300 ξιηρίειεξξ

2309 5289 2725 5390 perdu'rantibus
2747 5289 3032 5369 venturum
3053 5289 3173 5365 erat
3199 5322 3298 5364 suo
3318 5315 3572 5374 tempore.
3588 5295 3683 5365 iam

2308 5376 2389 5468 gi.
2412 5408 2580 5464 divini
2607 5418 2663 5463 et
2689 5405 2875 5461 aeterni
2896 5402 3108 5473 judieii,
3138 5409 3199 5455 ut
3232 5398 3435 5454 dictum
3465 5400 3564 5456 est,
3590 5376 3798 5473 pmdesff'

2308 5502 2526 5559 natione
2563 5497 2879 5554 terribiliter
2927 5490 3304 5564 supervenisse
3334 5455 3801 5571 demonstret,

2311 5605 2431 5651 tura
2478 5552 2665 5661 utique
2708 5552 3367 5659 punitione-damnandis,
3401 5586 3457 5635 et
3493 5552 3799 5648 praetmeam

2313 5686 2578 5743 sententia
2604 5682 2860 5740 divinitus
2888 5675 3276 5735 condemnatis.
