3970 6306
207 415 318 469 233

190 712 474 780 videatur,
521 717 670 773 addit
695 729 751 775 et
782 722 912 779 dicit
939 743 952 779 :
987 726 1123 783 Ecce
1149 712 1389 791 Gra'cum
1429 740 1639 796 uerbum
1659 745 1783 821 ὁρῶ,

188 807 342 874 quod
362 809 543 874 video,
558 820 604 864 et
622 811 837 879 deﬁnio,
853 828 902 871 et
914 819 1123 876 (ἰθειίηο
1137 825 1526 899 interpretatur,
1546 807 1786 895 similiter

187 901 541 967 compositum
554 914 760 980 προορῶ
775 910 1063 979 praevideo,
1080 919 1411 986 praedeﬁnio,
1430 928 1677 993 priedesti
1687 948 1777 988 no.

158 984 273 1039 ‘Ac
307 1004 401 1056 per
424 991 523 1045 hoc
546 995 1057 1063 pnedestinationem
1083 984 1131 1058 et
1155 984 1625 1079 prwdeﬁnilionem
1650 1021 1781 1076 nihil
1847 1052 1855 1057 -

184 1076 345 1133 aliud
366 1097 478 1136 esse
500 1091 660 1155 quam
684 1090 1065 1157 prwvisionem.
1110 1095 1169 1151 In
1210 1076 1406 1170 quibus
1428 1107 1610 1163 verbis
1641 1110 1779 1169 bene

182 1169 411 1238 quidem
450 1174 527 1229 ait
565 1179 707 1246 quod
739 1180 842 1255 ὁρῶ
884 1187 1057 1254 possit
1101 1169 1295 1248 Latine
1338 1195 1443 1250 dici
1476 1199 1645 1268 uideo,
1682 1205 1779 1261 sed

179 1264 462 1331 quomodo
499 1266 641 1323 istud
675 1272 822 1327 uideo
849 1274 1072 1347 intelligi
1103 1282 1317 1350 debeat,
1359 1296 1538 1345 utrum
1570 1264 1778 1367 simpli-

177 1350 329 1407 citer
350 1361 747 1428 tantummodo,
778 1365 920 1421 sicut
945 1369 1110 1425 multa
1145 1373 1392 1433 videmus
1421 1381 1568 1438 velut
1600 1350 1775 1444 trans-

172 1450 379 1499 eunter
422 1454 488 1501 et
536 1448 678 1505 ultro
733 1468 791 1508 sc
840 1458 1041 1514 nostris
1082 1466 1392 1533 aspectibus
1439 1470 1768 1546 ingerentia;

176 1548 255 1588 an
284 1546 438 1592 certo
465 1538 647 1611 aliquo
691 1552 745 1599 et
776 1544 956 1603 deﬁxo
1004 1551 1208 1621 intuiti,
1253 1573 1358 1629 quo
1388 1538 1768 1638 rem'aliquam

169 1634 276 1680 aut
308 1629 609 1689 certissime
636 1649 758 1693 esse
783 1653 1200 1711 cognoscamus,
1229 1657 1322 1705 aut
1357 1662 1504 1710 tanta
1540 1656 1667 1715 illuc
1692 1660 1769 1716 in-

171 1719 423 1777 tentione
466 1735 653 1783 noster
681 1728 947 1803 dirigatur
976 1748 1246 1807 aspectus,
1286 1753 1345 1798 ut
1373 1749 1529 1815 quasi
1551 1750 1764 1822 signum

162 1813 240 1868 ad
272 1816 527 1888 sagittam
566 1822 814 1880 eumdem
859 1838 1107 1886 nostrum
1143 1846 1418 1907 aspectum
1450 1843 1593 1897 actio
1633 1861 1762 1902 cou-

155 2091 317 2147 vasis
340 2096 485 2163 quod
527 2096 860 2169 fabricatur,
889 2115 973 2162 est
1021 2110 1212 2168 oculus
1242 2113 1406 2183 illius,
1439 2133 1561 2175 cum
1605 2132 1754 2180 tanta

153 2181 297 2241 illud
339 2187 639 2247 intentione
672 2195 813 2251 oculi
856 2202 1107 2269 attendit,
1149 2213 1210 2260 ut
1236 2181 1480 2266 velutvad
1511 2216 1753 2285 regulam

131 2273 248 2330 vel
291 2277 358 2332 ad
398 2277 598 2336 lineam
642 2284 725 2339 sui
774 2288 996 2346 obtutus
1033 2294 1167 2349 nihil
1205 2297 1258 2351 in
1300 2314 1367 2355 eo
1409 2273 1753 2378 alitervquam

147 2369 278 2442 ipse
327 2371 593 2443 disposuit
632 2392 755 2435 esse
802 2383 1059 2452 patiatur.
1122 2387 1196 2443 ita
1253 2406 1385 2464 ergo
1437 2369 1621 2470 magis.
1662 2401 1751 2457 ille

144 2476 343 2520 sermo
370 2465 493 2540 ὁρῶ,
536 2468 589 2524 id
630 2480 716 2527 est
760 2473 932 2542 video,
985 2478 1367 2555 intelligendus
1401 2465 1594 2554 est,ut
1627 2492 1750 2550 talis

146 2553 232 2611 ibi
256 2556 398 2614 visio
424 2560 758 2633 designetur,
794 2581 917 2637 «pne
946 2568 1020 2625 ita
1048 2573 1116 2627 ad
1146 2553 1354 2631 certum
1389 2579 1643 2652 dirigitur
1662 2585 1746 2641 in-

145 2647 376 2717 tuitum,
408 2660 468 2707 ut
496 2654 563 2708 ad
597 2654 772 2726 ipsqu
824 2659 908 2714 vel
951 2661 1204 2722 incursus
1232 2647 1523 2739 intuentis,
1557 2677 1641 2731 vel
1662 2678 1747 2749 ja-

142 2740 382 2807 culatio,
404 2744 490 2800 vel
515 2745 823 2817 fabricatio,
858 2752 941 2809 vel
969 2754 1118 2812 aliud
1143 2757 1409 2828 ejusmodi
1442 2769 1746 2828 rectissime
1825 2783 1833 2791 ‘

140 2842 206 2889 et
235 2833 689 2896 indeclinabilitcr
720 2842 1011 2916 dirigatur.

220 2926 305 2982 Ex
335 2927 438 2985 hoc
461 2946 694 3004 namque
734 2936 901 2994 verbo
937 2941 1081 3010 quod
1115 2942 1313 3002 dicitur
1336 2947 1436 3025 ὁρῶ
1463 2950 1744 3011 derivatur

134 3017 352 3098 ὅρὼμα,
377 3023 521 3093 quod
546 3036 629 3081 est
658 3025 849 3086 Latine
886 3032 1034 3093 visio.
1068 3035 1239 3104 Quam
1271 3041 1551 3111 visionem,
1588 3049 1740 3105 verbi

135 3115 343 3183 gratia,
373 3118 595 3189 somnii,
631 3129 726 3176 aut
750 3121 977 3207 alicujus
1011 3130 1385 3199 revelationis,
1421 3137 1494 3193 ita
1528 3141 1738 3212 antiqui

135 3206 493 3277 deﬁnierunt,
537 3197 665 3285 quia
698 3198 856 3273 'visio‘
904 3202 987 3280 est
1018 3239 1139 3279 cum
1180 3225 1233 3280 id
1265 3229 1387 3299 quis
1423 3233 1567 3288 videt
1594 3239 1736 3307 quod

133 3296 341 3354 eodem
377 3304 538 3360 modo
566 3321 675 3376 quo
704 3323 1028 3383 apparuerat
1053 3320 1284 3377 eveniet.
1317 3323 1471 3382 Unde
1498 3332 1733 3391 maxime

134 3388 196 3443 in
230 3388 532 3463 Scripturis
583 3399 844 3458 visionem
877 3404 1164 3475 cujuslibet
1213 3413 1410 3472 divina:
1451 3422 1735 3479 revelatio-

133 3479 245 3544 nis,
274 3495 396 3552 quae
418 3488 605 3558 utique
635 3489 709 3545 ita
731 3492 946 3551 videtur
972 3498 1024 3552 in
1046 3499 1264 3571 spiritu,
1295 3517 1354 3559 ut
1381 3511 1604 3566 omnino
1629 3514 1730 3569 ali-

129 3576 230 3626 ter
251 3574 475 3632 evenire
515 3593 621 3634 non
667 3582 857 3652 possit,
917 3586 1108 3645 Graece
1145 3592 1198 3647 in
1245 3594 1474 3675 ὁρώματε
1518 3606 1733 3662 ostendi
1819 3610 1823 3614 ’

128 3663 257 3720 sive
285 3666 463 3724 videri
493 3670 709 3743 legitur.
752 3674 821 3731 Et
856 3678 979 3736 ideo
1015 3680 1172 3751 juxta
1217 3663 1358 3744 hanc
1382 3693 1729 3753 evidentissi-
1822 3702 1834 3775 ξ

128 3771 287 3812 mam
315 3759 585 3819 rationem
629 3780 751 3822 cum
783 3768 887 3826 isto
928 3774 1085 3830 modo
1115 3777 1315 3835 dicitur
1345 3783 1514 3852 video,
1539 3790 1728 3843 certis-

126 3847 274 3904 sime
319 3849 655 3926 intelligitur,
682 3858 924 3935 ‘deﬁnio,
958 3865 1044 3920 vel
1071 3869 1296 3939 destino,
1344 3875 1483 3930 sicut
1532 3888 1587 3934 et
1628 3881 1729 3938 istc

127 3949 286 3996 recte
308 3945 512 4014 posuit,
545 3955 607 4002 ut
636 3952 757 4006 cum
802 3958 1147 4028 componitur
1188 3962 1280 4017 ille
1323 3980 1500 4024 sermo
1546 3972 1727 4029 addita

120 4034 538 4104 praepositione,
566 4049 622 4094 et
656 4043 856 4099 dicitur
893 4059 1100 4127 προορῶ
1126 4093 1141 4119 ,
1181 4058 1485 4127 notissime
1525 4061 1727 4121 intelli-

118 4130 293 4195 gatur
311 4127 576 4197 pra'finio,
605 4131 686 4187 vel
708 4136 1047 4208 prtrdestino,
1076 4146 1219 4215 quod
1251 4156 1542 4222 utrumque
1567 4157 1725 4214 unius

116 4214 545 4286 signiﬁcationis
590 4230 701 4290 est,
754 4236 934 4296 potest
981 4233 1147 4289 etiam
1201 4214 1548 4311 interprelari
1597 4265 1723 4317 pro-

114 4308 276 4362 video
315 4323 489 4381 :quie
557 4317 939 4389 providentia,
1010 4341 1131 4381 cum
1182 4331 1248 4386 ad
1322 4308 1488 4391 [lcum
1553 4308 1723 4397 refer-

114 4411 235 4473 tur,
266 4407 494 4462 omnino
523 4411 831 4470 certissima
871 4427 970 4482 cst,
1028 4430 1084 4475 ct
1126 4425 1385 4495 omnino,
1435 4431 1575 4489 sicut
1633 4437 1721 4494 ille

108 4497 461 4567 providerit,
513 4502 772 4561 futurum.
826 4508 980 4567 Unde
1029 4521 1085 4569 et
1131 4530 1198 4570 ex
1247 4519 1351 4575 hoc
1380 4525 1547 4581 verbo
1577 4531 1720 4598 quod

107 4598 199 4642 est
228 4587 363 4665 ὁρῶ,
390 4590 621 4649 derivari
644 4594 831 4653 Graece
856 4600 1070 4658 videtur
1094 4601 1332 4682 ὅρισμος,
1356 4614 1498 4681 quod
1524 4625 1605 4672 est
1628 4618 1721 4673 de-

108 4680 363 4746 stinatio,
393 4691 450 4736 et
500 4687 878 4756 praepositione
921 4680 1491 4777 additafirpoopwpéc,
1535 4706 1587 4762 id
1633 4718 1719 4766 est

108 4773 534 4841 prcedestinatio.
567 4775 697 4845 Quae
742 4781 848 4836 duo
885 4786 1050 4841 verba
1078 4800 1249 4846 “nemo
1279 4773 1518 4864 unquam
1546 4799 1714 4856 visio-

113 4876 244 4917 nem
267 4861 357 4917 vel
384 4866 761 4935 praevisionem
788 4873 1147 4947 interpretari
1185 4897 1350 4939 ausus
1374 4895 1479 4955 est,
1508 4891 1623 4959 sed,
1657 4902 1716 4949 ιιι

111 4936 380 5023 diximus,
410 4957 813 5019 destinationem
846 4973 901 5021 et
928 4971 1459 5038 prwdestinationem.

186 5045 459 5103 Similiter
496 5065 565 5107 ex
612 5053 805 5112 eodem
855 5060 1021 5116 verbo
1067 5060 1170 5137 ὁρῶ
1220 5064 1455 5123 derivari
1504 5071 1716 5132 videtur

110 5123 319 5216 ἔρισιν,
360 5143 505 5212 quod
541 5153 627 5201 est
665 5147 940 5206 destinavit
968 5193 983 5218 ,
1029 5123 1508 5229 et'prtepositioue
1533 5168 1716 5225 addita

109 5255 411 5311 προορισιν,
453 5237 507 5293 id
554 5243 1073 5313 estprwdestinauit.
1133 5248 1320 5310 Potest
1348 5268 1530 5314 autem
1586 5285 1716 5341 προ-

109 5345 237 5403 ορω,
270 5335 331 5381 ιιι
363 5343 526 5398 supra
552 5331 810 5401 diximus,
841 5334 1195 5408 interpretari
1219 5346 1384 5401 etiam
1414 5331 1715 5422 praevideo;

111 5418 258 5472 sicut
307 5418 362 5474 in
413 5421 621 5490 psalmo
641 5463 656 5490 ,
688 5425 780 5481 ubi
811 5442 911 5483 nos
935 5428 1131 5488 Latine
1160 5434 1390 5495 dicimus
1417 5458 1427 5493 :
1463 5439 1715 5501 Provide-

111 5510 234 5565 bam
260 5510 548 5569 Dominum
574 5518 629 5571 in
651 5531 928 5592 conspectu
951 5540 1063 5581 meo
1089 5544 1291 5601 semper
1313 5530 1485 5604 (Psal.
1513 5554 1601 5605 xv,
1621 5541 1707 5611 8);

111 5603 164 5657 in
196 5602 391 5661 Graeco
434 5606 652 5678 legitur,
691 5635 992 5693 προορωμεν
1020 5621 1106 5677 τὸν
1130 5625 1344 5701 Κύριον,
1380 5646 1501 5700 quae
1530 5635 1713 5704 provi-

108 5694 293 5753 dentia
327 5699 513 5770 utique
535 5712 744 5760 certum
771 5708 997 5780 aliquid,
1020 5722 1076 5770 et
1095 5694 1420 5786 prze'ﬁnitun't
1450 5694 1708 5786 ostendit.

108 5786 266 5854 Quod
291 5790 487 5847 beatus
518 5793 882 5870 Hieronymus
913 5802 965 5858 in
994 5807 1235 5866 editione
1262 5827 1357 5868 sua
1386 5815 1462 5872 ita
1485 5823 1666 5889 posuit
1692 5843 1706 5880 :

110 5876 376 5955 Proposui
399 5885 681 5944 Dominum
731 5895 786 5950 in
827 5911 1102 5969 conspectu
1152 5923 1264 5962 meo
1309 5926 1541 5985 semper:
1565 5922 1711 5993 quod

513 5983 789 6049 ΡΑτιιοι..
835 5990 1066 6057 CXIX.

1208 435 1408 493 LIBER
1445 440 1818 505 novensus
1854 448 2173 510 JOANNEM
2212 456 2509 520 scorun.

282 528 412 586 Post
458 533 573 590 haec
621 535 688 591 ad
727 536 855 593 illud
892 547 1200 603 necessario
1220 556 1606 627 convertimur,
1644 563 1788 632 quod
1815 568 1867 627 Α
1893 566 2079 638 utique
2123 572 2464 635 manifestius

197 628 311 675 iste
331 631 392 676 ut
412 623 613 694 aliquid
633 627 798 684 etiam
830 646 894 686 ex
919 632 1120 693 Graeca:
1143 639 1337 713 linguze
1362 648 1558 716 peritia
1596 653 1789 712 docere

3374 486 3482 545 254

2507 581 2576 637 ad
2633 585 2954 646 destinatum
3005 597 3255 665 pertinet.
3318 599 3474 673 Quod

1898 671 2077 718 autem
2123 666 2451 727 deszinatum
2497 676 2599 733 hoc
2632 680 2704 734 sit
2729 685 2943 754 proprio
2964 728 2979 753 ,
3006 692 3147 758 quod
3178 692 3245 747 ad
3265 705 3474 754 certum
3510 748 3515 751 _

1858 751 2149 812 .intuitum
2205 761 2319 816 sive
2364 767 2647 825 consilium
2698 751 2982 845 dirigitur,
3024 751 3271 841 ostendit
3319 787 3479 848 nobis

1894 843 2173 917 Scriptura
2201 893 2214 917 ,
2276 872 2395 925 tunc
2439 860 2569 916 dicit
2607 881 2618 917 :
2658 865 2760 920 Aut
2795 843 2927 924 sicut
2972 872 3165 945 sagitta
3204 879 3260 934 in
3302 868 3475 939 locum

1889 940 2078 995 emissa
2114 942 2428 1003 destinatum
2454 951 2630 1024 .(Sap.
2658 973 2708 1019 v,
2744 959 2866 1034 12).
2908 963 2975 1019 Et
3013 940 3330 1038 Apostolus,
3380 975 3473 1033 ubi

1888 1030 1955 1086 de
1991 1049 2050 1088 se
2086 1036 2200 1106 ipso
2230 1040 2341 1095 ait:
2373 1042 2456 1097 Ad
2484 1046 2797 1105 destinatum
2819 1030 3113 1129 persequor,
3146 1063 3216 1117 ad
3236 1064 3472 1125 brevium

1886 1142 2123 1197 superna:
2150 1134 2434 1191 vocationis
2458 1138 2572 1202 Dei,
2606 1151 2710 1199 ctc.
2739 1144 2904 1211 (Phil.
2931 1166 3012 1219 ut,
3030 1153 3138 1228 14).
3163 1156 3314 1226 Quod
3336 1161 3468 1219 bea-

1886 1222 1971 1271 tus
1988 1217 2349 1296 Hieronymus
2370 1242 2645 1299 exponens
2660 1237 2736 1290 ait
2760 1255 2772 1291 :
2799 1237 2961 1311 [Dicit
2986 1259 3044 1300 se
3067 1249 3295 1306 necdum
3319 1269 3469 1311 com-

1882 1312 2235 1378 prehendisse
2278 1328 2333 1373 et
2363 1337 2701 1394 nequaquam
2745 1345 2867 1387 esse
2889 1335 3187 1404 perlectum
3210 1382 3225 1407 ,
3266 1345 3358 1401 sed
3386 1346 3468 1402 in-

1850 1410 1997 1457 star
2039 1407 2306 1477 sagittarii
2351 1414 2416 1467 ad
2456 1420 2789 1488 propositum
2833 1434 2887 1479 et
2930 1428 2995 1481 ad
3037 1431 3250 1503 signum
3285 1435 3466 1507 jacula

1878 1490 2112 1563 dirigere
2134 1539 2149 1563 ,
2182 1514 2301 1568 quae
2326 1503 2694 1575 signiﬁcanter
2717 1512 2889 1573 Grieci
2932 1521 3125 1579 σκόπον
3162 1530 3462 1601 nominant,

1876 1598 1943 1638 ne
1965 1587 2159 1656 sagitta
2198 1592 2263 1645 ad
2294 1605 2507 1663 partem
2540 1601 2818 1662 declinans
2861 1609 3118 1681 alteram,
3150 1617 3462 1692 imperitum

1872 1681 2125 1737 ostendat
2162 1686 2546 1767 sagittarium]
2586 1695 2701 1753 Non
2742 1716 2871 1774 ergo
2910 1705 3011 1762 iste
3044 1681 3462 1777 illudut-nostra

1870 1767 2189 1837 ignorantia:
2205 1761 2225 1841 ,’
2248 1794 2313 1832 ex
2337 1778 2543 1839 Graecis
2568 1790 2748 1846 verbis
2774 1793 2976 1864 aliquid
2999 1798 3291 1860 immutans
3320 1823 3459 1866 nova

1865 2045 1966 2100 etis
1993 2046 2075 2102 vel
2100 2052 2628 2118 praedestinationem
2663 2045 3002 2139 interpretati
3030 2045 3181 2142 suni,
3215 2080 3299 2136 vel
3319 2097 3457 2154 pm.
3486 2153 3490 2156 ⁴

1862 2136 2181 2224 ﬁnitionem,
2216 2156 2309 2202 aut
2334 2152 2727 2219 providentiam
2746 2200 2759 2224 ,
2793 2162 2906 2219 sive
2926 2171 3282 2241 propositum,
3309 2191 3456 2236 nunc

2338 2218 2341 2219 γ
2747 2218 2756 2224 ,
2886 2218 2894 2219 ,
2926 2218 3282 2241 ,._r----.....,

1860 2227 1963 2285 iste
1986 2218 2119 2305 velit
2158 2236 2340 2294 dicere
2365 2280 2380 2305 ,
2423 2241 2684 2303 inusitato
2707 2258 2759 2305 et
2786 2251 3020 2311 absurdo
3040 2262 3258 2319 nomine
3275 2305 3290 2329 ,
3315 2280 3455 2336 prino
3492 2280 3495 2283 '

1857 2321 2172 2381 videntiam.
2214 2328 2345 2396 Qua:
2367 2341 2422 2388 et
2453 2333 2589 2404 ipsa,
2612 2343 2857 2409 quamvis
2880 2345 2933 2401 in
2964 2349 3095 2417 Deo,
3124 2353 3265 2413 sicut
3285 2321 3451 2419 etiam

1856 2420 2219 2491 prtescientia,
2249 2430 2549 2487 certissima
2581 2436 2670 2503 sit,
2702 2446 2882 2497 tamen
2918 2459 2981 2500 ex
3018 2447 3178 2523 hujus
3209 2457 3452 2518 novitate

1855 2516 2122 2571 sermonis
2158 2519 2464 2581 nullatenus
2491 2531 2728 2597 patimur
2763 2543 3082 2609 extenuari,
3110 2547 3196 2602 vel
3239 2551 3447 2610 destrui

1856 2616 2074 2660 sensum
2106 2613 2641 2687 prtedestinationis,
2698 2627 2822 2696 quia
2872 2634 3158 2699 praevideri
3209 2648 3266 2695 et
3310 2657 3449 2712 pra-

1856 2694 1985 2750 sciri
2031 2713 2062 2752 a
2120 2700 2227 2757 Deo
2258 2716 2486 2774 possunt
2531 2694 2829 2772 etiam'illa
2876 2735 2996 2790 quae
3044 2726 3157 2798 ipse
3199 2731 3447 2794 facturus

1852 2800 1961 2841 non
1986 2797 2101 2855 est;
2136 2796 2510 2861 praedestinari
2551 2813 2732 2862 autem
2775 2811 2843 2865 ab
2871 2826 2936 2868 eo
2962 2796 3079 2872 noni
3109 2819 3212 2876 alia
3247 2824 3445 2885 intelli-

1847 2884 2069 2945 guntur,
2102 2882 2205 2937 nisi
2235 2899 2298 2940 ea
2323 2902 2441 2957 quae
2471 2890 2587 2961 ipse
2613 2893 2854 2956 facturus
2875 2911 2992 2971 est,
3022 2908 3107 2963 vel
3134 2911 3445 2974 misericor-

1847 2965 1933 3021 dia
1956 2962 2038 3023 vel
2071 2970 2276 3041 judicio
2302 2992 2420 3032 suo.
2452 2981 2530 3037 Ac
2558 2998 2655 3053 per
2681 2987 2783 3044 hoc
2808 2993 2952 3048 absit
2973 2999 3197 3058 omnino
3221 3020 3252 3059 a
3276 3009 3436 3067 nobis

1846 3063 1990 3129 quod
2019 3064 2120 3119 iste
2154 3066 2291 3123 dixit
2320 3079 2375 3126 et
2404 3076 2560 3143 quasi
2601 3077 2864 3150 deﬁnivit,
2908 3088 3440 3159 prtedestinationem

1830 3142 1900 3208 et
1923 3154 2334 3223 praeﬁnitionem
2389 3142 2482 3219 Dei
2534 3168 2667 3226 nihil
2695 3171 2839 3229 aliud
2884 3142 3192 3253 essequam
3239 3191 3438 3259 praevi-

1843 3241 2092 3312 sionem;
2123 3249 2248 3317 quia
2280 3251 2382 3307 iste
2433 3269 2623 3314 sensus
2676 3263 2963 3323 manifeste
3021 3270 3218 3345 impius
3245 3284 3441 3345 cst,'ut

1822 3320 1999 3403 quasi
2058 3345 2431 3400 tantummodo
2480 3351 2791 3417 praeviderit
2829 3320 2971 3416 Deus

1839 3436 1982 3482 esset
2033 3428 2295 3501 facturus,
2349 3437 2431 3493 vel
2478 3441 2609 3510 quid
2658 3460 2756 3515 pro
2800 3446 2959 3507 iactis
2992 3428 3105 3512 suis
3149 3428 3431 3534 passurus,

1821 3525 1892 3573 'et
1931 3520 2073 3591 nihil
2099 3522 2183 3578 de;
2210 3524 2301 3581 illo
2339 3529 2429 3600 qui
2477 3532 2563 3586 vel
2620 3535 2757 3594 bene
2804 3541 2889 3596 vel
2934 3545 3076 3603 male
3119 3520 3237 3607 erat
3281 3520 3434 3633 actu-'-

1903 3791 2064 3849 Addit
2087 3796 2188 3853 iste
2211 3800 2386 3859 adhuc
2410 3814 2465 3860 et
2492 3808 2652 3865 dicit:
2674 3813 2843 3870 Deum
2874 3836 2966 3875 nec
2984 3828 3310 3900 previdisse,
3333 3850 3430 3893 nec

1830 3886 2230 3953 prwdestinasse
2255 3906 2473 3953 mortem
2498 3912 2545 3954 et
2572 3920 2771 3974 plenas,
2795 3911 2919 3980 quia
2959 3886 3091 3970 nihil
3119 3920 3243 3978 sint.
3271 3886 3426 3993 Quod

1833 3990 1995 4046 quam
2044 3980 2113 4059 sit
2141 3998 2338 4041 vanum
2366 3999 2421 4045 et
2448 3993 2663 4054 veritati
2715 4006 3068 4076 contrarium,
3114 4008 3228 4080 jam
3259 3980 3424 4088 supra

1830 4070 1985 4138 satis,
2009 4080 2068 4127 ut
2091 4084 2365 4145 putamus,
2396 4090 2461 4137 et
2476 4087 2671 4158 sacpius
2706 4096 2986 4154 oStensum
3016 4110 3123 4159 est.

1826 4252 1881 4308 in
1903 4271 2079 4312 massa
2104 4259 2376 4330 originalis
2415 4272 2615 4338 peccati
2636 4273 2861 4347 reliquit,
2892 4282 3099 4342 relictos
3130 4288 3358 4348 deseruit
3393 4312 3416 4361 ,'

1830 4344 2061 4403 desertos
2087 4350 2283 4407 luntine
2309 4357 2545 4415 tenebras
2582 4372 2847 4437 torquere,
2878 4372 3108 4433 desertos
3149 4382 3254 4438 vita
3276 4400 3420 4442 mor-

1823 4444 1926 4491 tem
1950 4439 2270 4499 interimere.
2305 4445 2417 4503 Nec
2442 4454 2582 4522 quod
2612 4456 2665 4511 in
2685 4460 2760 4514 eis
2808 4461 2952 4521 Deus
2999 4468 3138 4538 fecit,
3172 4472 3418 4550 relinquit

2999 4528 3009 4538 .
3124 4528 3136 4537 .
3206 4528 3416 4550 ματη-

1812 4529 1901 4595 (vel
1937 4528 2177 4589 deserit:
2208 4535 2444 4610 alioquin
2482 4562 2665 4602 eorum
2715 4562 2906 4610 natura
2949 4559 3019 4613 ad
3070 4563 3287 4621 nihilum
3336 4587 3419 4628 re-

1826 4621 1980 4690 diret,
2012 4626 2058 4679 si
2077 4643 2285 4685 summa
2310 4638 2535 4693 essentia
2553 4640 2606 4694 in
2631 4643 2705 4697 eis
2742 4661 2845 4700 non
2879 4661 3010 4706 esset
3034 4667 3053 4705 .'
3076 4657 3167 4710 sed
3194 4662 3335 4730 quod
3359 4662 3416 4720 in

1825 4715 1900 4771 eis
1940 4732 2047 4773 non
2077 4719 2221 4788 fecit,
2269 4723 2325 4777 id
2354 4735 2431 4780 est
2475 4733 2773 4801 superbiam
2819 4742 3029 4809 sprevit.
3081 4715 3235 4814 Quod
3283 4768 3415 4828 ergo

1825 4807 1954 4863 dicit
1983 4810 2050 4865 de
2079 4810 2189 4869 Deo
2210 4816 2335 4886 quia
2365 4831 2659 4887 peccatores
2682 4827 2736 4881 in
2765 4845 2941 4887 massa
2982 4838 3256 4908 originalis
3286 4807 3410 4918 pe:-

1821 4902 1926 4956 cali
1958 4904 2186 4975 reliquit,
2215 4909 2259 4964 si
2286 4911 2512 4969 dixisset
2551 4919 2810 4987 reprobos
2838 4932 2933 4979 aut
2958 4902 3260 4997 puniendos
3286 4902 3410 4998 sive

1822 4994 2181 5069 damnandos,
2212 5002 2458 5073 profecto
2478 5023 2663 5065 verum
2708 5024 2883 5084 esset;
2914 5017 3015 5090 ipsi
3049 5026 3214 5096 enim,
3249 5031 3303 5088 id
3328 5044 3412 5093 est

1822 5092 2058 5162 reprobi,
2114 5097 2392 5167 puniendi,
2444 5109 2607 5173 atque
2656 5106 2944 5168 damnandi
2996 5132 3299 5193 remanent,
3351 5128 3391 5187 it

1821 5200 2001 5243 massa
2032 5188 2122 5244 illa
2159 5206 2227 5246 ex
2246 5191 2417 5248 Adam
2439 5198 2765 5266 generaliter
2789 5204 3113 5279 damnanda,
3144 5188 3386 5286 quianon

1818 5290 1912 5333 eos
1939 5279 2064 5335 inde
2113 5282 2371 5339 discrevit
2421 5286 2616 5357 ﬁgulus
2667 5290 2756 5348 ille
2781 5279 3316 5380 omnipotensiquia
3340 5329 3401 5370 ea

1819 5385 1924 5422 una
1944 5371 2226 5444 eademque
2251 5389 2427 5430 ntassa
2446 5377 2574 5447 facit
2604 5381 2752 5439 aliud
2774 5403 2862 5443 vas
2889 5390 2943 5445 in
2964 5394 3234 5466 honorem,
3253 5402 3412 5461 aliud,

1820 5476 1934 5515 vero
1956 5462 2014 5515 in
2052 5464 2422 5521 contumeliam
2450 5467 2622 5541 (Rom.
2645 5490 2721 5544 ix,
2746 5477 2859 5552 21).
2901 5481 3054 5543 Nunc
3101 5504 3230 5548 vero
3260 5496 3404 5564 quod

1817 5550 1968 5618 dicit,
1993 5553 2133 5627 quod
2168 5554 2306 5611 Deus
2335 5572 2633 5629 peccatores
2662 5568 2717 5623 in
2760 5550 2935 5630 massa
2967 5580 3240 5651 originalis
3277 5550 3403 5657 pec-

1816 5644 1921 5697 cati
1975 5644 2201 5717 reliquit,
2253 5663 2359 5705 non
2389 5656 2612 5714 omnino
2640 5670 2816 5731 potest
2843 5680 2965 5723 esse
3010 5685 3221 5741 verum,
3272 5678 3399 5748 quia

1815 5734 1998 5805 utique
2024 5748 2339 5807 peccatores
2363 5744 2487 5803 inde
2516 5748 2773 5809 discrevit
2800 5772 2865 5813 ac
2893 5760 3142 5819 liberavit
3170 5734 3258 5822 ille
3289 5734 3399 5840 .qui

1813 5827 1983 5883 dicit:
2020 5829 2144 5885 Non
2173 5835 2286 5888 veni
2308 5852 2490 5895 vocare
2505 5841 2701 5912 justas,
2728 5851 2820 5903 sed
2856 5867 3151 5923 peccatores
3177 5859 3394 5931 (Matth.

1812 5936 1874 5986 ιι,
1914 5921 2001 5995 i7)
2027 5939 2042 5990 ;
2073 5934 2129 5979 et
2162 5925 2229 5981 de
2259 5944 2366 6002 quo
2417 5931 2706 6005 Apostolus
2755 5921 2864 5999 aiti
2898 5945 3103 6004 Fidelis
3129 5921 3319 6024 sermo,
3348 5968 3398 6017 ct

2112 6022 2143 6051 ‘
2914 6042 2955 6105 8

2506 6202 2537 6210 Δ
