3970 6306
575 4805 588 4906 ξ

572 4929 587 4975 ἡ

652 309 758 365 255

1764 294 1965 352 FLORI
2002 291 2270 351 DIACONI
2306 251 2798 348 Ltzcnusessts

3753 293 3818 351 356

649 419 790 476 omni
820 415 1114 484 acceptione
1141 412 1350 482 dignus,
1390 409 1514 479 quia
1543 406 1781 480 Christus
1829 403 1986 478 Iesus
2017 403 2149 476 venit
2175 404 2229 457 in
2258 409 2305 476 ᾼ
2331 418 2536 457 summa
2577 400 2800 455 essentia
2840 401 2894 455 in
2934 401 3008 456 eis
3051 409 3198 464 esset,
3235 407 3440 461 tantum
3487 399 3564 455 eis
3603 403 3818 464 attribuere

649 513 786 567 hunc
809 505 1062 561 mundum
1101 511 1391 570 peccatores
1443 497 1610 552 salvos
1661 496 1832 564 facere
1869 494 1920 567 (Ι
1944 494 2078 550 Tim.
2111 492 2223 565 xv).

652 598 1055 656 Verumtamen,
1071 590 1193 660 quia
1213 604 1316 644 non
1333 584 1689 651 dixit,0mnes
1701 591 2011 656 peccatores
2023 582 2075 637 in
2093 597 2229 638 mas-

649 701 711 743 sa
734 685 820 741 illa
843 683 1090 753 reliquit;
1115 679 1258 750 quod
1288 679 1471 748 utique
1493 676 1829 746 apertissime
1848 674 2040 729 falsum
2062 680 2224 737 esset,

603 817 609 822 -
650 777 748 833 sed
770 775 905 832 dixit
933 772 1230 835 indeﬁnite,
1258 769 1645 824 Peccatoresin
1665 781 1842 823 massa
1859 766 1947 820 illa
1969 766 2184 836 reliquit
2209 781 2224 831 ;

649 869 792 939 quod
807 874 982 938 potest
994 862 1210 932 intelligi
1230 869 1284 917 et
1297 875 1362 916 ex
1376 869 1546 930 parte,
1561 865 1666 914 stet
1679 866 1947 926 utcunque
1959 855 2101 927 quod
2115 855 2226 910 dic.-

652 971 763 1015 tum
788 965 888 1012 est.
923 953 1074 1022 Quod
1101 961 1281 1008 autem
1315 949 1590 1021 subjungit
1613 949 1679 1004 de
1704 945 1910 1002 eisdem
1939 945 2144 1002 relictis
2171 946 2228 1001 in

649 1063 828 1107 massa
852 1045 1056 1118 peccati
1084 1063 1099 1099 :
1133 1042 1359 1097 Relictos
1393 1041 1641 1104 deseruit,
1669 1039 1898 1094 desertos
1931 1037 2127 1092 lumine
2156 1046 2231 1092 te-

650 1142 831 1194 nebras
856 1147 1112 1206 torquere,
1133 1132 1362 1186 desertos
1400 1131 1506 1185 vita
1544 1139 1760 1184 mortem
1800 1129 2115 1194 interimere,
2155 1127 2229 1182 ita

633 1246 736 1287 eos
762 1229 876 1284 vult
921 1226 1146 1298 intelligi
1179 1241 1210 1279 a
1239 1225 1349 1280 Deo
1386 1222 1624 1289 relictos,
1664 1231 1720 1277 et
1748 1220 2100 1290 relinquendo
2129 1218 2228 1275 de-

643 1329 840 1380 sertos,
880 1328 939 1374 ut
964 1319 1088 1388 quia
1119 1316 1317 1372 deserti
1351 1323 1478 1371 sunt
1504 1329 1535 1368 a
1565 1327 1694 1369 vero
1731 1311 1954 1376 lumine,
1991 1309 2229 1366 tenebris

642 1409 905 1464 caecitatis
955 1424 1064 1464 suae
1117 1414 1469 1477 torqueantur
1520 1404 1572 1459 in
1622 1409 1918 1468 mentezet
1964 1401 2090 1472 quia
2128 1401 2225 1455 deo

643 1499 775 1554 σει·ιί
809 1506 936 1551 sunt
972 1513 1003 1550 a
1057 1511 1186 1551 vero
1233 1495 1457 1560 lumine,
1513 1493 1750 1548 tenebris
1800 1490 2062 1546 caecitatis
2114 1503 2226 1545 sua:

645 1599 1005 1664 torqueantur
1035 1589 1089 1643 in
1119 1596 1298 1643 mente
1326 1603 1341 1654 ;
1373 1594 1428 1640 et
1465 1586 1588 1655 quia
1620 1583 1817 1640 deserti
1855 1590 1981 1638 sunt
2027 1598 2057 1636 a
2098 1595 2226 1638 vera

603 1736 607 1742 .
642 1685 773 1751 vita,
820 1688 994 1735 morte
1039 1676 1258 1748 Speciali
1302 1677 1355 1730 in
1397 1675 1580 1729 anima
1624 1673 1982 1745 perimantur.
2015 1671 2084 1726 Et
2110 1671 2226 1726 haec

2287 489 2293 494 ’
2328 494 2540 550 videtur
2563 493 2654 563 qui
2680 499 2842 548 erunt
2867 491 2922 546 in
2950 492 3039 546 illa
3061 491 3362 561 perditione
3382 490 3626 558 damnati,
3650 497 3818 554 utetiam

2329 584 2586 654 templum
2635 584 2729 639 Dei
2775 597 2895 639 esse
2941 582 3230 637 videantur
3266 582 3295 623 ιι
3345 600 3358 637 :
3407 582 3463 637 Si
3507 585 3639 638 enim
3676 601 3819 645 summa

2326 673 2562 728 essentia
2609 671 2660 727 in
2699 671 2780 727 eis
2803 672 2931 736 erit,
2956 671 3081 742 quia
3122 685 3333 726 summa
3359 674 3587 729 essentia
3625 673 3820 745 Deusest,

2327 762 2418 832 qui
2445 762 2511 818 de
2539 761 2716 832 seipso
2743 759 2873 816 dicit
2897 777 2910 814 :
2938 759 3049 831 Ego
3074 776 3190 815 sum
3209 761 3300 832 qui
3321 777 3437 815 sum
3459 759 3642 832 (Exod.
3668 780 3730 827 ιιι,
3751 767 3819 837 ll),

2329 868 2461 924 ergo
2490 853 2633 908 Deus
2658 853 2712 907 in
2736 851 2816 908 eis
2841 850 2966 917 erit,
2995 861 3052 908 et
3084 852 3340 922 templum
3370 852 3465 908 Dei
3490 853 3592 908 dici
3614 865 3820 926 poterunt:

2329 943 2404 998 ita
2438 952 2496 998 ut
2521 943 2586 998 de
2616 941 2747 1014 ipsis
2775 943 2919 998 dicat
2947 943 3090 998 Deus
3112 957 3128 996 :
3151 942 3220 997 Et
3239 943 3539 1000 iuhabitabo
3565 946 3616 999 in
3636 946 3823 1004 illisto

2330 1042 2386 1090 et
2409 1033 2640 1105 amplius
2668 1049 2831 1106 quam
2863 1033 3120 1106 templum
3142 1043 3324 1101 erunt,
3367 1035 3414 1091 si
3443 1051 3640 1092 summa
3663 1042 3824 1096 essentia

2331 1125 2384 1181 in
2418 1126 2498 1182 eis
2524 1125 2656 1192 erit;
2694 1133 2754 1182 ut
2795 1125 3192 1197 quodammodo
3219 1128 3493 1184 essentiali
3542 1131 3740 1202 quadam
3769 1148 3825 1188 co-

2330 1215 2603 1286 pulatione
2631 1215 2743 1271 Deo
2775 1215 2919 1271 uniri
2958 1216 3276 1286 videantur;
3311 1219 3454 1290 quod
3482 1219 3547 1276 de
3575 1235 3670 1277 uno
3690 1231 3734 1278 et
3754 1224 3824 1279 solo

2329 1308 2623 1364 Mediatore
2652 1307 2748 1364 Dei
2779 1315 2835 1363 et
2860 1307 3140 1363 hominum
3169 1309 3388 1365 homine
3417 1308 3625 1367 Christo
3643 1310 3826 1369 Jesusin-

2327 1399 2590 1470 gularitcr
2631 1407 2713 1454 est
2739 1397 3090 1464 credendum,
3132 1414 3295 1470 quem
3334 1401 3437 1456 sibi
3468 1401 3685 1458 Verbum
3713 1403 3825 1459 Deiet

2329 1489 2564 1546 Verbum
2611 1487 2754 1545 Deus
2807 1489 3085 1545 essentiali
3136 1498 3194 1546 et
3244 1491 3478 1547 naturali
3531 1495 3826 1566 conjunctione

2328 1582 2517 1647 univit,
2545 1581 2598 1636 id
2616 1589 2701 1636 est
2723 1580 2776 1635 in
2798 1581 3060 1636 unitatem
3083 1596 3327 1652 persona:
3348 1598 3462 1638 suae
3485 1585 3712 1656 suscepit.
3727 1584 3825 1652 Quod

2328 1675 2375 1730 si
2397 1674 2595 1729 dixerit
2620 1673 2761 1744 quod
2791 1687 3003 1728 summa
3029 1673 3329 1729 substantia
3359 1674 3416 1730 in
3451 1676 3533 1732 eis
3555 1676 3666 1743 erit,
3693 1678 3826 1732 virtute

641 1773 714 1842 sit
772 1770 1143 1828 tantummodo
1203 1783 1388 1824 eorum
1447 1781 1608 1839 ptena
1681 1775 1843 1835 atque
1901 1763 2220 1836 supplicium
2253 1771 2300 1831 Β
2327 1767 2661 1838 operationis
2702 1781 2813 1822 sua:
2859 1765 3084 1847 agendo,
3117 1781 3186 1822 ne
3225 1783 3415 1825 eorum
3445 1769 3723 1826 substantia
3745 1772 3826 1826 abo-

646 1864 706 1922 in
739 1863 828 1920 illa
869 1874 1072 1919 aeterna
1135 1861 1500 1926 damnatione,
1551 1867 1612 1913 ut
1677 1859 1824 1914 nullo
1885 1859 2222 1914 extrinsecus

608 2018 613 2022 _
637 1941 912 2008 tormento
942 1951 1202 2015 adhibito,
1232 1948 1347 2006 sola
1375 1949 1573 2004 mentis
1599 1948 1859 2012 czecitate,
1890 1948 2004 2004 sola
2030 1949 2223 2004 animae

637 2053 818 2101 morte
839 2043 1153 2116 puniantur,
1175 2041 1385 2098 sicutet
1404 2054 1565 2112 supra
1588 2039 1954 2111 multipliciter
1978 2053 2223 2096 asserere

637 2143 864 2192 conatus
907 2141 1010 2190 est.
1041 2132 1106 2186 Et
1139 2139 1196 2188 ut
1239 2131 1294 2186 in
1324 2129 1410 2185 illa
1461 2129 1804 2186 damnatione
1833 2143 2117 2186 remanere
2145 2130 2223 2186 eis

639 2225 858 2295 aliquod
901 2239 1154 2296 magnum
1192 2223 1415 2287 boaum,
1457 2221 1743 2277 ostendere
1781 2220 2048 2285 videatur,
2092 2222 2224 2278 dicit

632 2320 817 2384 [adhuc
844 2319 910 2374 de
938 2318 1069 2388 ipsis
1093 2334 1107 2371 :
1136 2314 1248 2372 Nec
1277 2315 1416 2387 quod
1447 2316 1500 2370 in
1526 2315 1600 2371 eis
1628 2313 1774 2370 Deus
1819 2315 1940 2383 fecit
1979 2315 2223 2388 relinquit

638 2411 716 2487 uel
741 2411 950 2474 deserit,
975 2409 1206 2480 alioquin
1243 2423 1421 2462 eorum
1446 2417 1634 2462 natura
1664 2406 1733 2462 ad
1764 2405 1983 2462 nihilum
2009 2407 2222 2487 rediret,

637 2483 683 2556 si
708 2516 912 2555 summa
933 2500 1154 2554 essentia
1176 2498 1228 2552 in
1254 2498 1328 2553 eis
1359 2513 1461 2551 non
1482 2506 1633 2562 esset,
1657 2497 1748 2551 sed
1783 2497 1920 2568 quod
1943 2497 1996 2550 in
2024 2483 2098 2552 eis
2120 2513 2223 2553 non

631 2593 778 2666 fecit,
803 2592 857 2645 id
894 2601 968 2648 est
996 2589 1293 2662 superbiam
1334 2589 1545 2661 sprevit.
1571 2588 1711 2644 Ecce
1735 2588 1893 2660 quale
1919 2589 2120 2645 bonum
2145 2589 2226 2645 eis

633 2683 892 2762 praedicat
919 2682 1266 2748 remansisse,
1302 2679 1463 2751 quale
1486 2679 1650 2735 etiam
1690 2680 2090 2737 insensibilibus
2115 2679 2225 2740 ele-

633 2773 831 2828 mentis
860 2772 1003 2828 Deus
1031 2771 1294 2828 exhibere
1325 2771 1598 2842 dignatur,
1628 2779 1688 2826 ut
1728 2770 2082 2842 omnipotenti
2115 2770 2226 2826 vir-

635 2873 746 2921 tute
764 2845 1016 2920 essentia:
1041 2877 1151 2918 suaa
1175 2861 1266 2916 det
1294 2862 1374 2918 eis
1399 2875 1520 2918 esse
1543 2869 1595 2917 et
1617 2869 1677 2916 ut
1695 2874 1815 2918 esse
1842 2868 2220 2931 permaneant,

639 2972 740 3013 nec
775 2970 962 3011 eorum
994 2963 1186 3010 natura
1211 2953 1276 3007 ad
1304 2952 1530 3008 nihilum
1573 2951 1870 3023 redigatur,
1904 2952 2089 3008 eadem
2117 2953 2225 3028 vit;-

643 3057 760 3103 tute
789 3061 853 3103 ea
881 3053 1149 3102 sustentat
1169 3053 1224 3101 et
1250 3058 1571 3116 permanere
1598 3043 1747 3100 facit.
1781 3043 1887 3100 Sed
1914 3045 2036 3112 ista,
2067 3045 2120 3102 id
2141 3054 2226 3104 est

2325 1857 2500 1914 leatur
2559 1867 2613 1913 et
2666 1866 2876 1930 pereat,
2922 1873 3029 1914 non
3079 1874 3179 1930 per
3222 1860 3458 1931 aliquam
3509 1862 3828 1918 inhabitatiouis

2324 1949 2574 2020 gratiam,
2604 1964 2710 2021 qua
2735 1949 2916 2021 aliquo
2943 1950 3084 2005 bono
3108 1949 3163 2006 in
3188 1949 3281 2006 illo
3313 1957 3370 2007 et
3409 1966 3477 2007 ex
3507 1951 3594 2008 illo
3617 1952 3826 2024 periman-

2328 2047 2446 2103 tur;
2493 2048 2666 2096 mutet
2705 2055 2834 2112 ergo
2883 2041 3195 2097 inusitatam
3231 2053 3287 2098 et
3313 2043 3631 2101 insolentem
3669 2044 3828 2102 locutio-

2326 2145 2470 2196 nem,
2498 2144 2599 2186 nec
2623 2130 2766 2187 dicat
2785 2130 2842 2186 in
2862 2130 3170 2188 hominibus
3190 2131 3370 2204 impiis
3392 2142 3592 2190 reterns
3609 2134 3829 2207 perditius

2327 2223 2593 2280 damnatis
2618 2237 2886 2279 summam
2923 2224 3216 2281 essentiam
3245 2239 3388 2292 esse,
3433 2226 3532 2282 sed
3557 2227 3716 2300 potius
3735 2242 3828 2282 sum-

2326 2328 2472 2369 mam
2520 2313 2598 2369 eis
2639 2308 2934 2371 essentiam
2962 2315 3172 2382 adesse,
3218 2315 3420 2372 virtute
3463 2317 3734 2388 opereulis,
3764 2330 3830 2371 non

2327 2403 2634 2476 dignatione
2680 2403 3050 2466 inhabitantis.
3081 2404 3178 2462 Est
3210 2413 3393 2462 autem
3444 2422 3634 2479 magna
3675 2407 3830 2478 questu

2326 2505 2382 2553 ct
2406 2497 2546 2553 ﬁdeli
2577 2497 2798 2568 pietate,
2821 2504 3082 2568 quantum
3111 2497 3290 2554 divina
3315 2498 3494 2571 gratia
3513 2499 3716 2570 largitur
3733 2500 3830 2556 inde

2328 2589 2521 2660 ganda,
2562 2587 2834 2658 quomodo
2879 2587 3222 2658 omnipotens
3245 2587 3391 2645 Deus
3433 2590 3716 2650 credendus
3732 2589 3783 2644 sit
3799 2588 3830 2642 in

2327 2677 2677 2734 universitate
2696 2686 2960 2734 creatura:
2988 2693 3204 2752 semper
3220 2679 3420 2752 ubique
3446 2695 3571 2738 esse
3593 2681 3668 2738 vel
3683 2681 3830 2742 adesse,

2327 2778 2382 2826 et
2409 2767 2697 2841 aliquando
2730 2770 2894 2827 etiam
2941 2771 3122 2828 inesse
3150 2771 3235 2828 vel
3281 2773 3610 2843 inhabitare,
3637 2789 3766 2847 quam
3783 2783 3832 2826 ιι.

2328 2876 2452 2918 men
2502 2863 2604 2918 hoc
2631 2862 2685 2918 in
2717 2861 2833 2918 loco
2862 2863 3034 2936 magis
3069 2863 3416 2936 quaerendam
3443 2881 3604 2937 quam
3630 2878 3830 2938 exponen-

2328 2952 2451 3008 dam
2477 2951 2845 3024 proponimus,
2868 2960 2982 3008 uta
3010 2953 3115 3026 piis
3136 2961 3192 3011 et
3216 2953 3467 3014 ﬁdelibus
3494 2957 3582 3030 pie
3604 2965 3655 3013 et
3672 2953 3832 3013 ﬁdeliter

2328 3041 2488 3114 hujus
2516 3045 2596 3101 rei
2625 3045 2825 3102 veritas
2857 3055 3157 3117 quaeratur,
3187 3055 3249 3103 ut
3272 3047 3465 3105 eodem
3496 3048 3603 3108 Deo
3621 3047 3830 3120 adjuvant:

635 3139 901 3195 elementa
928 3149 954 3179 ι
983 3137 1189 3203 mundi,
1221 3136 1275 3192 in
1314 3146 1575 3207 quantum
1612 3145 1758 3202 sunt,
1790 3137 1841 3191 in
1867 3137 2096 3192 naturali
2121 3152 2218 3194 sua
2249 3155 2296 3218 ο
2326 3135 2594 3192 veraciter
2619 3136 2944 3195 inveniatur.

635 3228 936 3286 substantia
955 3235 1363 3292 conservantur,
1405 3236 1725 3297 permanent
1769 3226 1956 3299 utique
1999 3227 2064 3283 ad
2109 3227 2221 3284 lau-

634 3319 756 3376 dem
782 3310 1071 3381 Creatoris,
1105 3326 1159 3374 et
1198 3317 1265 3373 ad
1300 3332 1455 3372 usum
1495 3317 1609 3374 sive
1649 3318 1907 3375 honorem
1940 3319 2222 3376 rationalis

637 3419 901 3467 creaturae
927 3428 940 3465 :
964 3408 1175 3466 illorum
1205 3422 1331 3465 vero
1363 3409 1741 3466 damnatorum
1785 3420 1841 3466 et
1883 3411 2218 3484 perditorum

640 3510 832 3557 natura
857 3510 911 3558 et
936 3498 1289 3570 omnipotenti
1316 3498 1409 3554 Dei
1431 3489 1628 3556 virtute
1653 3508 1901 3557 servatur
1924 3515 1992 3559 ne
2013 3511 2217 3576 pereat,

635 3603 691 3650 et
713 3594 864 3667 justo
890 3592 983 3648 Dei
1012 3588 1216 3660 judicio
1240 3589 1306 3646 ad
1336 3605 1550 3663 ptenam
1579 3589 1628 3647 ei
1659 3593 2029 3649 tantummodo
2048 3593 2218 3664 proli-

531 3715 534 3717 λ
635 3690 711 3745 cit
735 3686 876 3760 quod
907 3693 1175 3750 servatur,
1217 3699 1283 3739 ne
1312 3699 1546 3755 unquam
1573 3683 1689 3754 ejus
1713 3684 2031 3768 supplicium
2058 3686 2217 3744 tinia-

630 3789 740 3856 tur.
797 3781 947 3837 Licet
999 3782 1162 3838 etiam
1211 3782 1342 3838 mihi
1396 3782 1694 3840 laudandus
1743 3784 1816 3839 sit
1841 3782 2088 3851 Creator,
2121 3785 2214 3857 qui

631 3857 829 3926 bonum
857 3880 1085 3936 naturae,
1122 3871 1264 3943 quod
1285 3872 1540 3937 condidit,
1573 3886 1679 3928 non
1707 3872 2019 3930 omnimodo
2045 3873 2214 3932 deleri

631 3958 818 4014 voluit.

701 4050 855 4120 Quod
880 4067 1010 4108 vero
1040 4053 1116 4109 ait
1141 4071 1153 4108 :
1177 4054 1419 4128 Alioquin
1454 4073 1634 4112 eorum
1677 4065 1869 4112 natura
1893 4056 1963 4111 ad
1993 4056 2213 4112 nihilum

633 4141 844 4208 rediret,
868 4143 913 4198 si
939 4160 1143 4198 summa
1164 4147 1382 4200 essentia
1406 4147 1459 4201 in
1480 4148 1552 4201 eis
1575 4164 1678 4202 non
1699 4157 1849 4202 esset.
1884 4146 1941 4202 Si
1965 4147 2208 4204 dixisset:

632 4230 833 4286 Eorum
866 4240 1058 4287 natura
1087 4233 1154 4288 ad
1185 4234 1407 4288 nihilum
1439 4235 1641 4292 rediret
1683 4237 1728 4292 si
1760 4237 1840 4294 eis
1874 4251 2085 4292 summa
2130 4254 2214 4294 es-

630 4323 806 4378 sentia
845 4338 965 4380 esse
993 4340 1099 4380 non
1152 4327 1490 4394 concederet,
1521 4328 1603 4385 vel
1633 4344 1752 4384 csse
1791 4344 1896 4384 non
1923 4345 2213 4386 conserva-

627 4424 734 4480 ret,
783 4422 928 4471 esset
955 4415 1138 4487 utique
1185 4431 1371 4472 verum
1415 4435 1429 4474 :
1473 4420 1599 4491 quia
1649 4421 1828 4476 omnia
1881 4437 2212 4494 quaecunque

2393 3229 2498 3286 lstc
2524 3229 2670 3285 cnim
2690 3237 2745 3286 et
2769 3229 3155 3288 ecclesiastica:
3183 3231 3476 3293 locutionis
3506 3243 3562 3293 et
3588 3233 3832 3294 Christiana

2320 3320 2536 3392 pietatis
2595 3320 2773 3378 minus
2839 3331 3094 3395 expertus
3157 3323 3399 3398 adjungit
3460 3326 3632 3383 adhuc
3677 3331 3831 3398 propter

2319 3412 2534 3470 eosdem
2558 3412 2750 3485 impios
2769 3412 3072 3482 damnatos,
3091 3422 3146 3472 et
3159 3414 3290 3473 dicit
3309 3433 3323 3472 :
3344 3415 3517 3474 Deum
3538 3418 3592 3475 in
3610 3433 3668 3475 ea
3681 3425 3830 3478 natura.

2320 3519 2480 3576 quam
2503 3502 2572 3559 ad
2593 3518 2647 3558 se
2668 3503 2856 3560 creavit
2877 3518 3079 3576 semper
3093 3503 3348 3562 habitare.
3370 3504 3430 3564 In
3445 3507 3635 3580 quibus
3645 3503 3830 3570 nimirum

2319 3594 2501 3651 verbis
2529 3602 2777 3674 naturam
2808 3609 2971 3668 quam
3003 3595 3145 3653 Deus
3173 3597 3238 3669 ad
3270 3611 3329 3654 se
3357 3599 3584 3668 creavit,
3608 3599 3829 3658 humanam

2318 3684 2432 3740 vult
2461 3684 2702 3756 intelligi,
2731 3699 2893 3758 quam
2932 3685 2986 3742 in
3015 3693 3199 3742 mente
3239 3687 3492 3746 rationali
3522 3690 3588 3746 ad
3613 3687 3830 3760 imaginem

2318 3785 2372 3830 et
2399 3774 2807 3832 similitudinem
2832 3790 2988 3832 suam
3016 3777 3159 3836 Deus
3187 3776 3336 3847 fecit,
3361 3788 3418 3836 et
3447 3779 3579 3838 dicit
3603 3782 3653 3838 in
3672 3781 3755 3837 hac
3771 3790 3830 3832 nr

2319 3876 2438 3922 tura
2481 3866 2681 3922 mentis
2724 3867 3005 3923 rationalis
3031 3882 3247 3940 semper
3273 3868 3444 3926 Deum
3475 3871 3719 3935 habitare,
3743 3864 3829 3923 etin

2316 3958 2572 4028 przesenti
2594 3957 2847 4015 videlicet
2872 3959 3088 4026 saeculo,
3116 3970 3170 4017 et
3198 3961 3251 4016 in
3275 3959 3482 4030 futuro,
3514 3970 3567 4018 et
3589 3962 3638 4017 in
3671 3957 3832 4016 creden-

2318 4051 2480 4115 tibus,
2503 4049 2594 4120 qui
2629 4049 2746 4120 ejus
2786 4049 2972 4108 lideles
2995 4059 3140 4119 sunt,
3163 4061 3218 4108 et
3250 4053 3304 4108 in
3327 4052 3615 4109 incredulis
3647 4065 3705 4107 ac
3722 4060 3831 4120 pagi-

2316 4143 2418 4209 nis,
2447 4143 2539 4214 qui
2577 4143 2693 4214 ipsa
2720 4158 2816 4198 sua
2849 4142 3164 4199 infidelitate
3191 4145 3260 4200 ab
3303 4158 3368 4199 eo
3393 4145 3554 4200 alieni
3583 4151 3713 4207 sunt,
3736 4148 3776 4195 et
3797 4137 3829 4188 in

2314 4234 2524 4301 electis,
2563 4250 2700 4307 quos
2746 4235 3003 4306 templum
3051 4251 3208 4292 suum
3257 4235 3407 4305 fecit,
3460 4247 3516 4294 et
3559 4239 3610 4293 in
3650 4231 3832 4305 reprobs

2315 4340 2452 4398 quos
2474 4335 2675 4382 aeterna
2703 4327 3007 4397 perditione
3035 4327 3310 4383 damnavit
3333 4341 3350 4384 :
3371 4329 3517 4400 quod
3554 4327 3720 4398 utique
3741 4335 3828 4378 cou-

2314 4417 2541 4472 trarium
2567 4428 2650 4472 est
2675 4404 2798 4473 ﬁdei
2839 4425 2892 4472 et
2921 4419 3170 4484 veritati;
3202 4419 3327 4490 quia
3361 4420 3405 4475 si
3438 4418 3542 4475 hoc
3569 4430 3733 4473 verum
3752 4422 3831 4468 esse

625 4505 829 4562 habent
867 4523 1009 4573 esse,
1039 4509 1107 4564 ab
1151 4509 1238 4564 illa
1268 4525 1477 4566 summa
1507 4519 1561 4567 et
1589 4512 1767 4568 divina
1796 4515 2031 4570 essentia
2055 4529 2210 4572 acce-
2238 4547 2288 4608 Β
2313 4517 2513 4580 posset.
2536 4509 2698 4565 etiam
2725 4510 2779 4565 in
2803 4509 3189 4566 inﬁdelissimis
3213 4509 3414 4567 ludatis
3435 4519 3493 4566 et
3513 4500 3828 4582 paganisiquiv

627 4605 824 4666 perunt
869 4607 930 4654 ut
979 4609 1178 4654 essent.
1237 4599 1390 4656 Nunc
1436 4611 1616 4660 autem
1673 4619 1793 4661 cum
1842 4605 2058 4672 dixerit,
2108 4607 2209 4662 nisi

2314 4612 2576 4676 quantum
2625 4603 2693 4660 ad
2738 4615 2988 4661 naturam
3037 4605 3235 4662 bonam
3281 4616 3338 4662 et
3385 4620 3417 4682 a
3468 4606 3577 4664 Deo
3620 4601 3829 4662 conditam

1575 4775 1784 4835 ΝΟΤᾹΞ
1822 4777 2144 4837 DUVALLll
2179 4779 2520 4840 DOCTORIS
2559 4781 2940 4841 SORBONICI.

699 4929 858 5004 {Non
879 4940 1264 5004 consumentur
1281 4931 1555 5004 elementa,
1570 4932 1747 5004 quoad
1771 4932 2126 4990 substantiam
2148 4943 2204 4991 et

623 5001 908 5075 qualitates
927 5001 1008 5075 eis
1025 5003 1282 5075 proprias
1302 5003 1453 5075 (sunt
1474 5001 1616 5064 enim
1643 5005 1721 5059 sic
1751 5012 1932 5073 partes
1954 5005 2198 5074 quaedam

621 5071 1106 5146 praecipuaeipsius
1132 5071 1335 5138 mundi,
1367 5074 1458 5144 qui
1488 5083 1614 5146 tunc
1643 5071 1822 5144 potius
1845 5071 2198 5146 perticietur),

621 5141 716 5196 sed
753 5142 931 5214 quoad
956 5141 1242 5214 qualitates
1269 5146 1349 5200 cis
1376 5141 1698 5214 permistas;
1732 5141 1862 5198 tunc
1888 5145 2030 5198 enim
2064 5141 2199 5214 pura

620 5212 840 5265 omnino
880 5211 1170 5267 reddentur
1195 5223 1252 5268 et
1292 5211 1475 5269 futuro
1500 5216 1663 5269 statui
1694 5215 1974 5268 beatorum
2002 5211 2198 5271 conve-

622 5281 844 5356 nientia.
876 5280 1072 5353 Sicque
1097 5287 1311 5354 quando
1352 5285 1483 5356 dicit
1509 5283 1570 5337 Ι).
1599 5283 1812 5356 Petrus,
1847 5284 1906 5348 II,
1957 5300 2074 5356 cap.
2114 5302 2198 5353 ιιι,

618 5351 787 5406 caelos
818 5351 1139 5408 transituros
1171 5371 1291 5410 esse
1322 5363 1375 5410 et
1412 5354 1676 5409 elementa
1703 5353 1880 5410 calore
1922 5351 2194 5423 solvenda,

619 5438 727 5494 non
758 5431 841 5477 est
865 5425 1039 5493 primo
1068 5424 1196 5480 illud
1229 5423 1631 5494 intelligendum
1663 5424 1726 5478 de
1754 5425 2068 5493 corporibus
2095 5426 2200 5484 illis

615 5492 923 5549 calonibus
945 5495 1011 5548 ad
1037 5510 1157 5565 quae
1185 5505 1390 5566 certum
1407 5492 1516 5548 'est
1541 5492 1990 5566 conﬂagratiouis
2019 5497 2198 5566 ignem

612 5578 723 5620 non
774 5563 1181 5634 perventurum,
1231 5565 1324 5620 sed
1359 5565 1428 5619 de
1453 5563 1590 5620 cmlo
1639 5563 1818 5630 aereo,
1848 5566 1949 5621 hoc
1975 5563 2065 5622 est
2087 5577 2199 5624 toto

613 5635 790 5707 spatio
818 5636 976 5690 aeris.
1014 5635 1214 5690 Deinde
1258 5635 1468 5707 dicitur
1501 5635 1626 5692 illud
1673 5652 1792 5692 esse
1842 5638 2196 5707 transiturum

610 5705 835 5786 praeter
855 5707 1252 5761 renovationem
1275 5715 1329 5760 et
1346 5705 1731 5782 perfectionem
1761 5706 2043 5778 majorem,
2059 5710 2198 5800 sicut

2307 4945 2364 5015 et
2390 4934 2656 5015 elementa
2683 4937 2864 5015 calore
2888 4938 3160 5015 solvenda,
3215 4939 3267 4996 id
3310 4949 3396 5015 est
3440 4939 3828 5015 repurgandu-

2307 5008 2559 5081 August.,
2579 5009 2691 5081 _lib._
2710 5024 2781 5063 xx
2821 5008 2887 5064 de
2915 5008 3094 5076 Ciuit.,
3120 5025 3273 5081 capp.
3304 5011 3337 5067 ϐ
3363 5021 3417 5068 et
3442 5008 3532 5070 18.

2377 5079 2406 5120 b
2464 5078 2764 5154 Perfectius
2810 5081 2952 5154 Deus
3001 5078 3354 5154 unitur’cum
3402 5084 3666 5140 damnatis
3708 5091 3824 5154 quam

2305 5163 2428 5221 cum
2457 5150 2670 5221 templis
2702 5151 2750 5219 psi
2777 5152 3048 5206 actionum
3073 5152 3196 5207 vita:
3219 5153 3359 5220 ratio
3385 5155 3660 5221 habeatur,
3679 5150 3826 5221 θιγεῖν

2299 5217 2704 5293 beneficiorum
2729 5221 3083 5293 singulm-ium
3113 5237 3233 5292 qua:
3272 5217 3580 5280 huminibus
3604 5217 3656 5281 in
3678 5217 3824 5289 templo

2304 5290 2582 5382 orantibus
2615 5290 2990 5382 conferuntur,
3042 5290 3213 5377 magis
3235 5303 3345 5382 ‘est
3377 5293 3435 5351 in
3482 5295 3822 5382 templisquaul‘ﬂ

2299 5363 2360 5428 in
2400 5359 2590 5439 inferis
2619 5377 2714 5417 seu
2749 5378 2874 5439 cum
2907 5359 3193 5439 dam_natis.
3233 5365 3348 5439 Non
3375 5377 3535 5439 negat
3564 5359 3822 5422 Trinitatem

2304 5431 2498 5509 essein
2525 5431 2816 5509 damnatis,
2845 5434 2968 5509 quia
3012 5434 3155 5509 Deus
3197 5437 3398 5509 ubique
3423 5431 3529 5508 e'rit
3564 5452 3657 5509 per
3693 5443 3824 5509 essay

2307 5502 2456 5562 tiam,
2479 5496 2820 5579 praesentiam
2847 5496 2901 5559 et
2927 5503 3252 5579 potentiam;
3283 5496 3508 5579 ideoque
3532 5496 3722 5579 tantum
3742 5496 3822 5579 ιύΙι

2301 5587 2408 5627 non
2432 5587 2554 5656 esse
2581 5574 2634 5656 in
2663 5573 2768 5629 illis
2796 5589 2895 5646 per
2913 5573 3142 5656 gratiam
3171 5573 3524 5644 habitantem,
3555 5578 3645 5634 sed
3667 5577 3822 5648 tantum

2291 5657 2396 5715 per
2425 5645 2807 5708 ostensionem’
2827 5645 2938 5702 suae
2960 5646 3184 5729 justitite
3275 5677 3294 5680 -λ
