  <div class='ocr_page' id='page_1' title='image "/cluster/home/n/w/nwhite01/storage/ocr_20150623/119/hvd.32044015466915/124.png"; bbox 0 0 3970 6306; ppageno 0'>
   <div class='ocr_carea' id='block_1_1' title="bbox 180 296 298 349">
    <p class='ocr_par' dir='ltr' id='par_1_1' title="bbox 180 296 298 349">
     <span class='ocr_line' id='line_1_1' title="bbox 180 296 298 349; baseline 0 0"><span class='ocrx_word' id='word_1_1' title='bbox 180 296 298 349; x_wconf 70' lang='lat'><strong>237</strong></span> 
     </span>
    </p>
   </div>
   <div class='ocr_carea' id='block_1_2' title="bbox 1176 292 2475 352">
    <p class='ocr_par' dir='ltr' id='par_1_2' title="bbox 1176 292 2475 352">
     <span class='ocr_line' id='line_1_2' title="bbox 1176 292 2475 352; baseline 0 -4"><span class='ocrx_word' id='word_1_2' title='bbox 1176 293 1375 348; x_wconf 79' lang='lat' dir='ltr'><strong>LIBER</strong></span> <span class='ocrx_word' id='word_1_3' title='bbox 1413 292 1784 350; x_wconf 78' lang='lat' dir='ltr'><strong>ADVERSUS</strong></span> <span class='ocrx_word' id='word_1_4' title='bbox 1821 292 2136 350; x_wconf 78' lang='lat' dir='ltr'><strong>JOANNEM</strong></span> <span class='ocrx_word' id='word_1_5' title='bbox 2177 295 2475 352; x_wconf 78' lang='lat' dir='ltr'><strong>SCOTUM.</strong></span> 
     </span>
    </p>
   </div>
   <div class='ocr_carea' id='block_1_3' title="bbox 3335 300 3440 363">
    <p class='ocr_par' dir='ltr' id='par_1_3' title="bbox 3335 300 3440 363">
     <span class='ocr_line' id='line_1_3' title="bbox 3335 300 3440 363; baseline -0.019 -7"><span class='ocrx_word' id='word_1_6' title='bbox 3335 300 3440 363; x_wconf 69' lang='grc'><strong>938</strong></span> 
     </span>
    </p>
   </div>
   <div class='ocr_carea' id='block_1_4' title="bbox 168 409 3443 488">
    <p class='ocr_par' dir='ltr' id='par_1_4' title="bbox 168 409 3443 488">
     <span class='ocr_line' id='line_1_4' title="bbox 168 409 3443 488; baseline 0.004 -29"><span class='ocrx_word' id='word_1_7' title='bbox 168 409 439 476; x_wconf 69' lang='lat' dir='ltr'><strong>pet-tinet,</strong></span> <span class='ocrx_word' id='word_1_8' title='bbox 483 417 538 463; x_wconf 91' lang='lat' dir='ltr'><strong>et</strong></span> <span class='ocrx_word' id='word_1_9' title='bbox 578 409 642 463; x_wconf 87' lang='lat' dir='ltr'><strong>atl</strong></span> <span class='ocrx_word' id='word_1_10' title='bbox 687 409 973 478; x_wconf 91' lang='lat' dir='ltr'><strong>imaginem</strong></span> <span class='ocrx_word' id='word_1_11' title='bbox 1001 417 1053 464; x_wconf 89' lang='lat' dir='ltr'><strong>et</strong></span> <span class='ocrx_word' id='word_1_12' title='bbox 1082 409 1486 465; x_wconf 78' lang='lat' dir='ltr'><strong>similitudinem</strong></span> <span class='ocrx_word' id='word_1_13' title='bbox 1514 409 1608 466; x_wconf 87' lang='lat' dir='ltr'><strong>Dei</strong></span> <span class='ocrx_word' id='word_1_14' title='bbox 1635 409 1761 465; x_wconf 88' lang='lat' dir='ltr'><strong>facti</strong></span> <span class='ocrx_word' id='word_1_15' title='bbox 1791 411 1843 474; x_wconf 78' lang='grc' dir='ltr'>Α</span> <span class='ocrx_word' id='word_1_16' title='bbox 1868 409 1998 466; x_wconf 91' lang='lat' dir='ltr'><strong>mini</strong></span> <span class='ocrx_word' id='word_1_17' title='bbox 2045 411 2403 481; x_wconf 69' lang='lat' dir='ltr'><strong>praedixerat:</strong></span> <span class='ocrx_word' id='word_1_18' title='bbox 2430 411 2752 484; x_wconf 66' lang='lat' dir='ltr'><strong>Quantaque</strong></span> <span class='ocrx_word' id='word_1_19' title='bbox 2798 413 2882 468; x_wconf 84' lang='lat' dir='ltr'><strong>die</strong></span> <span class='ocrx_word' id='word_1_20' title='bbox 2928 414 3209 472; x_wconf 82' lang='lat' dir='ltr'><strong>comederis</strong></span> <span class='ocrx_word' id='word_1_21' title='bbox 3252 433 3318 472; x_wconf 66' lang='lat' dir='ltr'><strong>ea</strong></span> <span class='ocrx_word' id='word_1_22' title='bbox 3358 431 3443 488; x_wconf 76' lang='lat' dir='ltr'><strong>eo,</strong></span> 
     </span>
    </p>
   </div>
   <div class='ocr_carea' id='block_1_5' title="bbox 173 498 1804 566">
    <p class='ocr_par' dir='ltr' id='par_1_5' title="bbox 173 498 1804 566">
     <span class='ocr_line' id='line_1_5' title="bbox 173 498 1804 566; baseline 0.001 -12"><span class='ocrx_word' id='word_1_23' title='bbox 173 508 334 563; x_wconf 89' lang='lat' dir='ltr'><strong>sunt,</strong></span> <span class='ocrx_word' id='word_1_24' title='bbox 365 507 508 554; x_wconf 87' lang='lat' dir='ltr'><strong>recte</strong></span> <span class='ocrx_word' id='word_1_25' title='bbox 551 498 818 556; x_wconf 79' lang='lat' dir='ltr'><strong>diceretur</strong></span> <span class='ocrx_word' id='word_1_26' title='bbox 856 500 1100 556; x_wconf 83' lang='lat' dir='ltr'><strong>habitare</strong></span> <span class='ocrx_word' id='word_1_27' title='bbox 1139 499 1280 555; x_wconf 92' lang='lat' dir='ltr'><strong>Deus</strong></span> <span class='ocrx_word' id='word_1_28' title='bbox 1307 499 1490 566; x_wconf 88' lang='lat' dir='ltr'><strong>Pater,</strong></span> <span class='ocrx_word' id='word_1_29' title='bbox 1517 502 1764 558; x_wconf 83' lang='lat' dir='ltr'><strong>habitare</strong></span> <span class='ocrx_word' id='word_1_30' title='bbox 1794 516 1804 526; x_wconf 86' lang='lat'><strong>&#39;</strong></span> 
     </span>
    </p>
   </div>
   <div class='ocr_carea' id='block_1_6' title="bbox 171 589 1768 659">
    <p class='ocr_par' dir='ltr' id='par_1_6' title="bbox 171 589 1768 659">
     <span class='ocr_line' id='line_1_6' title="bbox 171 589 1768 659; baseline 0.001 -13"><span class='ocrx_word' id='word_1_31' title='bbox 171 589 730 654; x_wconf 88' lang='lat' dir='ltr'><strong>Christus,.habitare</strong></span> <span class='ocrx_word' id='word_1_32' title='bbox 760 590 922 644; x_wconf 89' lang='lat' dir='ltr'><strong>etiam</strong></span> <span class='ocrx_word' id='word_1_33' title='bbox 954 590 1185 659; x_wconf 86' lang='lat' dir='ltr'><strong>Spiritus</strong></span> <span class='ocrx_word' id='word_1_34' title='bbox 1211 600 1447 647; x_wconf 90' lang='lat' dir='ltr'><strong>sanctus.</strong></span> <span class='ocrx_word' id='word_1_35' title='bbox 1482 591 1548 646; x_wconf 87' lang='lat' dir='ltr'><strong>Et</strong></span> <span class='ocrx_word' id='word_1_36' title='bbox 1577 592 1768 647; x_wconf 87' lang='lat' dir='ltr'><strong>simili-</strong></span> 
     </span>
    </p>
   </div>
   <div class='ocr_carea' id='block_1_7' title="bbox 176 683 1764 755">
    <p class='ocr_par' dir='ltr' id='par_1_7' title="bbox 176 683 1764 755">
     <span class='ocr_line' id='line_1_7' title="bbox 176 683 1764 755; baseline 0.001 -16"><span class='ocrx_word' id='word_1_37' title='bbox 176 693 273 739; x_wconf 89' lang='lat' dir='ltr'><strong>ter</strong></span> <span class='ocrx_word' id='word_1_38' title='bbox 297 684 362 738; x_wconf 89' lang='lat' dir='ltr'><strong>de</strong></span> <span class='ocrx_word' id='word_1_39' title='bbox 391 683 493 738; x_wconf 88' lang='lat' dir='ltr'><strong>illis</strong></span> <span class='ocrx_word' id='word_1_40' title='bbox 521 692 718 740; x_wconf 65' lang='lat' dir='ltr'><strong>atterna</strong></span> <span class='ocrx_word' id='word_1_41' title='bbox 732 683 1073 740; x_wconf 88' lang='lat' dir='ltr'><strong>damnatione</strong></span> <span class='ocrx_word' id='word_1_42' title='bbox 1095 685 1318 755; x_wconf 87' lang='lat' dir='ltr'><strong>perditis</strong></span> <span class='ocrx_word' id='word_1_43' title='bbox 1347 686 1489 755; x_wconf 91' lang='lat' dir='ltr'><strong>quod</strong></span> <span class='ocrx_word' id='word_1_44' title='bbox 1515 685 1678 740; x_wconf 90' lang='lat' dir='ltr'><strong>etiam</strong></span> <span class='ocrx_word' id='word_1_45' title='bbox 1709 685 1764 740; x_wconf 93' lang='lat' dir='ltr'><strong>in</strong></span> 
     </span>
    </p>
   </div>
   <div class='ocr_carea' id='block_1_8' title="bbox 178 775 1766 846">
    <p class='ocr_par' dir='ltr' id='par_1_8' title="bbox 178 775 1766 846">
     <span class='ocr_line' id='line_1_8' title="bbox 178 775 1766 846; baseline 0 -16"><span class='ocrx_word' id='word_1_46' title='bbox 178 777 319 846; x_wconf 88' lang='lat' dir='ltr'><strong>ipsis</strong></span> <span class='ocrx_word' id='word_1_47' title='bbox 367 775 706 832; x_wconf 85' lang='lat' dir='ltr'><strong>habitaturus</strong></span> <span class='ocrx_word' id='word_1_48' title='bbox 736 776 806 831; x_wconf 90' lang='lat' dir='ltr'><strong>sit</strong></span> <span class='ocrx_word' id='word_1_49' title='bbox 847 779 987 832; x_wconf 90' lang='lat' dir='ltr'><strong>Deus</strong></span> <span class='ocrx_word' id='word_1_50' title='bbox 1012 775 1190 842; x_wconf 88' lang='lat' dir='ltr'><strong>Pater,</strong></span> <span class='ocrx_word' id='word_1_51' title='bbox 1243 777 1583 832; x_wconf 91' lang='lat' dir='ltr'><strong>habitaturus</strong></span> <span class='ocrx_word' id='word_1_52' title='bbox 1611 776 1766 832; x_wconf 88' lang='lat' dir='ltr'><strong>Chri-</strong></span> 
     </span>
    </p>
   </div>
   <div class='ocr_carea' id='block_1_9' title="bbox 176 867 1763 940">
    <p class='ocr_par' dir='ltr' id='par_1_9' title="bbox 176 867 1763 940">
     <span class='ocr_line' id='line_1_9' title="bbox 176 867 1763 940; baseline -0.001 -17"><span class='ocrx_word' id='word_1_53' title='bbox 176 877 324 932; x_wconf 90' lang='lat' dir='ltr'><strong>stus,</strong></span> <span class='ocrx_word' id='word_1_54' title='bbox 356 868 694 924; x_wconf 86' lang='lat' dir='ltr'><strong>habitaturus</strong></span> <span class='ocrx_word' id='word_1_55' title='bbox 724 867 958 936; x_wconf 81' lang='lat' dir='ltr'><strong>Spiritus</strong></span> <span class='ocrx_word' id='word_1_56' title='bbox 985 879 1223 925; x_wconf 90' lang='lat' dir='ltr'><strong>sanctus.</strong></span> <span class='ocrx_word' id='word_1_57' title='bbox 1264 868 1381 936; x_wconf 87' lang='lat' dir='ltr'><strong>Quo</strong></span> <span class='ocrx_word' id='word_1_58' title='bbox 1411 883 1572 926; x_wconf 89' lang='lat' dir='ltr'><strong>sensu</strong></span> <span class='ocrx_word' id='word_1_59' title='bbox 1599 868 1763 940; x_wconf 92' lang='lat' dir='ltr'><strong>impio</strong></span> 
     </span>
    </p>
   </div>
   <div class='ocr_carea' id='block_1_10' title="bbox 178 961 1826 1032">
    <p class='ocr_par' dir='ltr' id='par_1_10' title="bbox 178 961 1826 1032">
     <span class='ocr_line' id='line_1_10' title="bbox 178 961 1826 1032; baseline -0.001 -16"><span class='ocrx_word' id='word_1_60' title='bbox 178 969 238 1016; x_wconf 89' lang='lat' dir='ltr'><strong>et</strong></span> <span class='ocrx_word' id='word_1_61' title='bbox 287 961 597 1016; x_wconf 81' lang='lat' dir='ltr'><strong>detestanda</strong></span> <span class='ocrx_word' id='word_1_62' title='bbox 631 961 756 1032; x_wconf 90' lang='lat' dir='ltr'><strong>quid</strong></span> <span class='ocrx_word' id='word_1_63' title='bbox 788 961 1095 1018; x_wconf 87' lang='lat' dir='ltr'><strong>horribilius</strong></span> <span class='ocrx_word' id='word_1_64' title='bbox 1124 961 1229 1017; x_wconf 88' lang='lat' dir='ltr'><strong>dici</strong></span> <span class='ocrx_word' id='word_1_65' title='bbox 1261 970 1354 1016; x_wconf 90' lang='lat' dir='ltr'><strong>aut</strong></span> <span class='ocrx_word' id='word_1_66' title='bbox 1394 961 1616 1031; x_wconf 86' lang='lat' dir='ltr'><strong>cogitari</strong></span> <span class='ocrx_word' id='word_1_67' title='bbox 1661 975 1761 1031; x_wconf 88' lang='lat' dir='ltr'><strong>po-</strong></span> <span class='ocrx_word' id='word_1_68' title='bbox 1823 1023 1826 1026; x_wconf 33' lang='lat'><strong>,</strong></span> 
     </span>
    </p>
   </div>
   <div class='ocr_carea' id='block_1_11' title="bbox 179 1050 1764 1122">
    <p class='ocr_par' dir='ltr' id='par_1_11' title="bbox 179 1050 1764 1122">
     <span class='ocr_line' id='line_1_11' title="bbox 179 1050 1764 1122; baseline -0.002 -14"><span class='ocrx_word' id='word_1_69' title='bbox 179 1052 333 1108; x_wconf 85' lang='lat' dir='ltr'><strong>test?</strong></span> <span class='ocrx_word' id='word_1_70' title='bbox 359 1050 523 1108; x_wconf 79' lang='lat' dir='ltr'><strong>istam</strong></span> <span class='ocrx_word' id='word_1_71' title='bbox 556 1067 786 1122; x_wconf 84' lang='lat' dir='ltr'><strong>namque</strong></span> <span class='ocrx_word' id='word_1_72' title='bbox 819 1052 1204 1110; x_wconf 90' lang='lat' dir='ltr'><strong>absurditatem</strong></span> <span class='ocrx_word' id='word_1_73' title='bbox 1232 1052 1395 1108; x_wconf 93' lang='lat' dir='ltr'><strong>etiam</strong></span> <span class='ocrx_word' id='word_1_74' title='bbox 1425 1053 1552 1107; x_wconf 92' lang='lat' dir='ltr'><strong>illud</strong></span> <span class='ocrx_word' id='word_1_75' title='bbox 1581 1051 1764 1122; x_wconf 85' lang='lat' dir='ltr'><strong>sequi-</strong></span> 
     </span>
    </p>
   </div>
   <div class='ocr_carea' id='block_1_12' title="bbox 178 1143 1766 1222">
    <p class='ocr_par' dir='ltr' id='par_1_12' title="bbox 178 1143 1766 1222">
     <span class='ocr_line' id='line_1_12' title="bbox 178 1143 1766 1222; baseline -0.001 -22"><span class='ocrx_word' id='word_1_76' title='bbox 178 1154 299 1212; x_wconf 89' lang='lat' dir='ltr'><strong>tur,</strong></span> <span class='ocrx_word' id='word_1_77' title='bbox 331 1153 391 1200; x_wconf 90' lang='lat' dir='ltr'><strong>ut</strong></span> <span class='ocrx_word' id='word_1_78' title='bbox 413 1144 459 1222; x_wconf 73' lang='lat' dir='ltr'><strong>si</strong></span> <span class='ocrx_word' id='word_1_79' title='bbox 486 1143 677 1216; x_wconf 89' lang='lat' dir='ltr'><strong>angeli,</strong></span> <span class='ocrx_word' id='word_1_80' title='bbox 708 1143 798 1214; x_wconf 89' lang='lat' dir='ltr'><strong>qui</strong></span> <span class='ocrx_word' id='word_1_81' title='bbox 831 1151 957 1199; x_wconf 88' lang='lat' dir='ltr'><strong>sunt</strong></span> <span class='ocrx_word' id='word_1_82' title='bbox 986 1144 1172 1214; x_wconf 89' lang='lat' dir='ltr'><strong>utique</strong></span> <span class='ocrx_word' id='word_1_83' title='bbox 1199 1143 1569 1214; x_wconf 90' lang='lat' dir='ltr'><strong>principaliter</strong></span> <span class='ocrx_word' id='word_1_84' title='bbox 1597 1143 1766 1198; x_wconf 87' lang='lat' dir='ltr'><strong>ratio-</strong></span> 
     </span>
    </p>
   </div>
   <div class='ocr_carea' id='block_1_13' title="bbox 177 1235 1767 1316">
    <p class='ocr_par' dir='ltr' id='par_1_13' title="bbox 177 1235 1767 1316">
     <span class='ocr_line' id='line_1_13' title="bbox 177 1235 1767 1316; baseline -0.003 -22"><span class='ocrx_word' id='word_1_85' title='bbox 177 1238 328 1294; x_wconf 86' lang='lat' dir='ltr'><strong>nalis</strong></span> <span class='ocrx_word' id='word_1_86' title='bbox 353 1246 620 1302; x_wconf 88' lang='lat' dir='ltr'><strong>creatura,</strong></span> <span class='ocrx_word' id='word_1_87' title='bbox 647 1244 794 1292; x_wconf 90' lang='lat' dir='ltr'><strong>recte</strong></span> <span class='ocrx_word' id='word_1_88' title='bbox 815 1236 1106 1292; x_wconf 90' lang='lat' dir='ltr'><strong>creduntur</strong></span> <span class='ocrx_word' id='word_1_89' title='bbox 1130 1236 1197 1316; x_wconf 78' lang='lat' dir='ltr'><strong>ad</strong></span> <span class='ocrx_word' id='word_1_90' title='bbox 1220 1235 1506 1307; x_wconf 82' lang='lat' dir='ltr'><strong>imaginem</strong></span> <span class='ocrx_word' id='word_1_91' title='bbox 1535 1243 1590 1291; x_wconf 90' lang='lat' dir='ltr'><strong>et</strong></span> <span class='ocrx_word' id='word_1_92' title='bbox 1621 1235 1767 1291; x_wconf 85' lang='lat' dir='ltr'><strong>simi-</strong></span> 
     </span>
    </p>
   </div>
   <div class='ocr_carea' id='block_1_14' title="bbox 174 1327 1764 1404">
    <p class='ocr_par' dir='ltr' id='par_1_14' title="bbox 174 1327 1764 1404">
     <span class='ocr_line' id='line_1_14' title="bbox 174 1327 1764 1404; baseline -0.001 -20"><span class='ocrx_word' id='word_1_93' title='bbox 174 1329 466 1404; x_wconf 81' lang='lat' dir='ltr'><strong>litudinem</strong></span> <span class='ocrx_word' id='word_1_94' title='bbox 500 1329 591 1384; x_wconf 90' lang='lat' dir='ltr'><strong>Dei</strong></span> <span class='ocrx_word' id='word_1_95' title='bbox 633 1328 867 1394; x_wconf 90' lang='lat' dir='ltr'><strong>conditi;</strong></span> <span class='ocrx_word' id='word_1_96' title='bbox 917 1343 1091 1400; x_wconf 88' lang='lat' dir='ltr'><strong>neque</strong></span> <span class='ocrx_word' id='word_1_97' title='bbox 1134 1329 1276 1384; x_wconf 92' lang='lat' dir='ltr'><strong>enim</strong></span> <span class='ocrx_word' id='word_1_98' title='bbox 1333 1328 1514 1384; x_wconf 88' lang='lat' dir='ltr'><strong>minus</strong></span> <span class='ocrx_word' id='word_1_99' title='bbox 1563 1327 1764 1398; x_wconf 90' lang='lat' dir='ltr'><strong>aliquid</strong></span> 
     </span>
    </p>
   </div>
   <div class='ocr_carea' id='block_1_15' title="bbox 175 1422 1765 1494">
    <p class='ocr_par' dir='ltr' id='par_1_15' title="bbox 175 1422 1765 1494">
     <span class='ocr_line' id='line_1_15' title="bbox 175 1422 1765 1494; baseline -0.003 -14"><span class='ocrx_word' id='word_1_100' title='bbox 175 1423 492 1480; x_wconf 88' lang='lat' dir='ltr'><strong>hominibus</strong></span> <span class='ocrx_word' id='word_1_101' title='bbox 524 1425 576 1478; x_wconf 91' lang='lat' dir='ltr'><strong>in</strong></span> <span class='ocrx_word' id='word_1_102' title='bbox 609 1439 704 1494; x_wconf 86' lang='lat' dir='ltr'><strong>sua</strong></span> <span class='ocrx_word' id='word_1_103' title='bbox 733 1433 927 1478; x_wconf 88' lang='lat' dir='ltr'><strong>natura</strong></span> <span class='ocrx_word' id='word_1_104' title='bbox 967 1431 1321 1494; x_wconf 88' lang='lat' dir='ltr'><strong>acceperunt;</strong></span> <span class='ocrx_word' id='word_1_105' title='bbox 1355 1422 1517 1477; x_wconf 92' lang='lat' dir='ltr'><strong>etiam</strong></span> <span class='ocrx_word' id='word_1_106' title='bbox 1557 1422 1609 1477; x_wconf 93' lang='lat' dir='ltr'><strong>in</strong></span> <span class='ocrx_word' id='word_1_107' title='bbox 1649 1423 1765 1477; x_wconf 88' lang='lat' dir='ltr'><strong>dia-</strong></span> 
     </span>
    </p>
   </div>
   <div class='ocr_carea' id='block_1_16' title="bbox 175 1515 1764 1589">
    <p class='ocr_par' dir='ltr' id='par_1_16' title="bbox 175 1515 1764 1589">
     <span class='ocr_line' id='line_1_16' title="bbox 175 1515 1764 1589; baseline -0.002 -17"><span class='ocrx_word' id='word_1_108' title='bbox 175 1517 308 1572; x_wconf 87' lang='lat' dir='ltr'><strong>bolo</strong></span> <span class='ocrx_word' id='word_1_109' title='bbox 339 1525 389 1572; x_wconf 82' lang='lat' dir='ltr'><strong>et</strong></span> <span class='ocrx_word' id='word_1_110' title='bbox 419 1517 624 1589; x_wconf 82' lang='lat' dir='ltr'><strong>angelis</strong></span> <span class='ocrx_word' id='word_1_111' title='bbox 665 1515 799 1589; x_wconf 83' lang='lat' dir='ltr'><strong>ejus,</strong></span> <span class='ocrx_word' id='word_1_112' title='bbox 847 1517 936 1588; x_wconf 87' lang='lat' dir='ltr'><strong>qui</strong></span> <span class='ocrx_word' id='word_1_113' title='bbox 967 1517 1128 1573; x_wconf 89' lang='lat' dir='ltr'><strong>unius</strong></span> <span class='ocrx_word' id='word_1_114' title='bbox 1174 1525 1379 1572; x_wconf 85' lang='lat' dir='ltr'><strong>naturae</strong></span> <span class='ocrx_word' id='word_1_115' title='bbox 1405 1530 1526 1570; x_wconf 90' lang='lat' dir='ltr'><strong>cum</strong></span> <span class='ocrx_word' id='word_1_116' title='bbox 1561 1515 1764 1571; x_wconf 87' lang='lat' dir='ltr'><strong>sanctis</strong></span> 
     </span>
    </p>
   </div>
   <div class='ocr_carea' id='block_1_17' title="bbox 174 1604 1763 1678">
    <p class='ocr_par' dir='ltr' id='par_1_17' title="bbox 174 1604 1763 1678">
     <span class='ocr_line' id='line_1_17' title="bbox 174 1604 1763 1678; baseline -0.001 -18"><span class='ocrx_word' id='word_1_117' title='bbox 174 1607 387 1678; x_wconf 77' lang='lat' dir='ltr'><strong>angelis</strong></span> <span class='ocrx_word' id='word_1_118' title='bbox 411 1608 668 1673; x_wconf 80' lang='lat' dir='ltr'><strong>existunt,</strong></span> <span class='ocrx_word' id='word_1_119' title='bbox 702 1617 754 1664; x_wconf 89' lang='lat' dir='ltr'><strong>et</strong></span> <span class='ocrx_word' id='word_1_120' title='bbox 790 1609 931 1663; x_wconf 90' lang='lat' dir='ltr'><strong>Deus</strong></span> <span class='ocrx_word' id='word_1_121' title='bbox 955 1607 1134 1670; x_wconf 89' lang='lat' dir='ltr'><strong>Pater,</strong></span> <span class='ocrx_word' id='word_1_122' title='bbox 1166 1605 1307 1678; x_wconf 84' lang='lat' dir='ltr'><strong>quod</strong></span> <span class='ocrx_word' id='word_1_123' title='bbox 1331 1605 1490 1670; x_wconf 88' lang='lat' dir='ltr'><strong>absit,</strong></span> <span class='ocrx_word' id='word_1_124' title='bbox 1524 1614 1578 1660; x_wconf 84' lang='lat' dir='ltr'><strong>et</strong></span> <span class='ocrx_word' id='word_1_125' title='bbox 1609 1604 1763 1661; x_wconf 90' lang='lat' dir='ltr'><strong>Chri-</strong></span> 
     </span>
    </p>
   </div>
   <div class='ocr_carea' id='block_1_18' title="bbox 173 1695 1757 1777">
    <p class='ocr_par' dir='ltr' id='par_1_18' title="bbox 173 1695 1757 1777">
     <span class='ocr_line' id='line_1_18' title="bbox 173 1695 1757 1777; baseline -0.004 -24"><span class='ocrx_word' id='word_1_126' title='bbox 173 1707 301 1754; x_wconf 87' lang='lat' dir='ltr'><strong>stus</strong></span> <span class='ocrx_word' id='word_1_127' title='bbox 330 1697 462 1765; x_wconf 86' lang='lat' dir='ltr'><strong>ejus,</strong></span> <span class='ocrx_word' id='word_1_128' title='bbox 496 1708 549 1754; x_wconf 89' lang='lat' dir='ltr'><strong>et</strong></span> <span class='ocrx_word' id='word_1_129' title='bbox 576 1698 808 1769; x_wconf 89' lang='lat' dir='ltr'><strong>Spiritus</strong></span> <span class='ocrx_word' id='word_1_130' title='bbox 837 1707 1057 1754; x_wconf 90' lang='lat' dir='ltr'><strong>sanctus</strong></span> <span class='ocrx_word' id='word_1_131' title='bbox 1087 1699 1332 1754; x_wconf 87' lang='lat' dir='ltr'><strong>habitare</strong></span> <span class='ocrx_word' id='word_1_132' title='bbox 1357 1695 1612 1752; x_wconf 82' lang='lat' dir='ltr'><strong>dicendus</strong></span> <span class='ocrx_word' id='word_1_133' title='bbox 1647 1695 1718 1777; x_wconf 73' lang='lat' dir='ltr'><strong>sit</strong></span> <span class='ocrx_word' id='word_1_134' title='bbox 1744 1711 1757 1748; x_wconf 92' lang='lat'><strong>:</strong></span> 
     </span>
    </p>
   </div>
   <div class='ocr_carea' id='block_1_19' title="bbox 1866 500 3445 574">
    <p class='ocr_par' dir='ltr' id='par_1_19' title="bbox 1866 500 3445 574">
     <span class='ocr_line' id='line_1_19' title="bbox 1866 500 3445 574; baseline 0.008 -18"><span class='ocrx_word' id='word_1_135' title='bbox 1866 509 2029 556; x_wconf 82' lang='lat' dir='ltr'><strong>morte</strong></span> <span class='ocrx_word' id='word_1_136' title='bbox 2068 503 2346 557; x_wconf 83' lang='lat' dir='ltr'><strong>morieris?</strong></span> <span class='ocrx_word' id='word_1_137' title='bbox 2387 500 2539 574; x_wconf 81' lang='lat' dir='ltr'><strong>(Gen.</strong></span> <span class='ocrx_word' id='word_1_138' title='bbox 2600 519 2657 564; x_wconf 85' lang='lat' dir='ltr'><strong>tt.</strong></span> <span class='ocrx_word' id='word_1_139' title='bbox 2693 503 2802 574; x_wconf 73' lang='grc'><strong>12.)</strong></span> <span class='ocrx_word' id='word_1_140' title='bbox 2847 503 2980 573; x_wconf 87' lang='lat' dir='ltr'><strong>Quia</strong></span> <span class='ocrx_word' id='word_1_141' title='bbox 3041 508 3327 565; x_wconf 82' lang='lat' dir='ltr'><strong>comedere</strong></span> <span class='ocrx_word' id='word_1_142' title='bbox 3374 524 3445 569; x_wconf 77' lang='lat' dir='ltr'><strong>ex</strong></span> 
     </span>
    </p>
   </div>
   <div class='ocr_carea' id='block_1_20' title="bbox 1866 589 3446 668">
    <p class='ocr_par' dir='ltr' id='par_1_20' title="bbox 1866 589 3446 668">
     <span class='ocr_line' id='line_1_20' title="bbox 1866 589 3446 668; baseline 0.008 -24"><span class='ocrx_word' id='word_1_143' title='bbox 1866 589 1956 645; x_wconf 90' lang='lat' dir='ltr'><strong>illo</strong></span> <span class='ocrx_word' id='word_1_144' title='bbox 1979 591 2123 663; x_wconf 81' lang='lat' dir='ltr'><strong>ligno</strong></span> <span class='ocrx_word' id='word_1_145' title='bbox 2145 591 2331 658; x_wconf 88' lang='lat' dir='ltr'><strong>vetito,</strong></span> <span class='ocrx_word' id='word_1_146' title='bbox 2357 593 2458 647; x_wconf 91' lang='lat' dir='ltr'><strong>hoc</strong></span> <span class='ocrx_word' id='word_1_147' title='bbox 2482 593 2581 648; x_wconf 90' lang='lat' dir='ltr'><strong>fuit</strong></span> <span class='ocrx_word' id='word_1_148' title='bbox 2600 595 2784 664; x_wconf 84' lang='lat' dir='ltr'><strong>utique</strong></span> <span class='ocrx_word' id='word_1_149' title='bbox 2805 603 3109 666; x_wconf 88' lang='lat' dir='ltr'><strong>peccatum,</strong></span> <span class='ocrx_word' id='word_1_150' title='bbox 3133 611 3291 668; x_wconf 61' lang='lat' dir='ltr'><strong>paena</strong></span> <span class='ocrx_word' id='word_1_151' title='bbox 3315 613 3446 658; x_wconf 82' lang='lat' dir='ltr'><strong>vero</strong></span> 
     </span>
    </p>
   </div>
   <div class='ocr_carea' id='block_1_21' title="bbox 1865 683 3445 756">
    <p class='ocr_par' dir='ltr' id='par_1_21' title="bbox 1865 683 3445 756">
     <span class='ocr_line' id='line_1_21' title="bbox 1865 683 3445 756; baseline 0.005 -19"><span class='ocrx_word' id='word_1_152' title='bbox 1865 684 2069 754; x_wconf 90' lang='lat' dir='ltr'><strong>peccati</strong></span> <span class='ocrx_word' id='word_1_153' title='bbox 2094 683 2195 738; x_wconf 93' lang='lat' dir='ltr'><strong>hoc</strong></span> <span class='ocrx_word' id='word_1_154' title='bbox 2215 684 2354 753; x_wconf 89' lang='lat' dir='ltr'><strong>quod</strong></span> <span class='ocrx_word' id='word_1_155' title='bbox 2379 693 2770 756; x_wconf 91' lang='lat' dir='ltr'><strong>consequenter</strong></span> <span class='ocrx_word' id='word_1_156' title='bbox 2804 686 3114 756; x_wconf 90' lang='lat' dir='ltr'><strong>adjunctum</strong></span> <span class='ocrx_word' id='word_1_157' title='bbox 3136 697 3238 754; x_wconf 88' lang='lat' dir='ltr'><strong>est,</strong></span> <span class='ocrx_word' id='word_1_158' title='bbox 3279 700 3445 746; x_wconf 84' lang='lat' dir='ltr'><strong>morte</strong></span> 
     </span>
    </p>
   </div>
   <div class='ocr_carea' id='block_1_22' title="bbox 1867 772 3445 849">
    <p class='ocr_par' dir='ltr' id='par_1_22' title="bbox 1867 772 3445 849">
     <span class='ocr_line' id='line_1_22' title="bbox 1867 772 3445 849; baseline 0.006 -21"><span class='ocrx_word' id='word_1_159' title='bbox 1867 774 2121 844; x_wconf 85' lang='lat' dir='ltr'><strong>morieris.</strong></span> <span class='ocrx_word' id='word_1_160' title='bbox 2153 772 2305 841; x_wconf 83' lang='lat' dir='ltr'><strong>Quod</strong></span> <span class='ocrx_word' id='word_1_161' title='bbox 2331 775 2513 846; x_wconf 84' lang='lat' dir='ltr'><strong>utique</strong></span> <span class='ocrx_word' id='word_1_162' title='bbox 2549 791 2655 830; x_wconf 89' lang='lat' dir='ltr'><strong>non</strong></span> <span class='ocrx_word' id='word_1_163' title='bbox 2685 778 2750 832; x_wconf 90' lang='lat' dir='ltr'><strong>de</strong></span> <span class='ocrx_word' id='word_1_164' title='bbox 2779 777 2891 832; x_wconf 84' lang='lat' dir='ltr'><strong>sola</strong></span> <span class='ocrx_word' id='word_1_165' title='bbox 2924 778 3022 833; x_wconf 90' lang='lat' dir='ltr'><strong>ista</strong></span> <span class='ocrx_word' id='word_1_166' title='bbox 3054 780 3224 849; x_wconf 90' lang='lat' dir='ltr'><strong>prima</strong></span> <span class='ocrx_word' id='word_1_167' title='bbox 3267 790 3445 838; x_wconf 83' lang='lat' dir='ltr'><strong>morte</strong></span> 
     </span>
    </p>
   </div>
   <div class='ocr_carea' id='block_1_23' title="bbox 1865 868 3446 946">
    <p class='ocr_par' dir='ltr' id='par_1_23' title="bbox 1865 868 3446 946">
     <span class='ocr_line' id='line_1_23' title="bbox 1865 868 3446 946; baseline 0.004 -23"><span class='ocrx_word' id='word_1_168' title='bbox 1865 868 2106 939; x_wconf 89' lang='lat' dir='ltr'><strong>corporis</strong></span> <span class='ocrx_word' id='word_1_169' title='bbox 2132 868 2180 923; x_wconf 93' lang='lat' dir='ltr'><strong>ei</strong></span> <span class='ocrx_word' id='word_1_170' title='bbox 2211 869 2569 924; x_wconf 88' lang='lat' dir='ltr'><strong>comminatus</strong></span> <span class='ocrx_word' id='word_1_171' title='bbox 2611 870 2878 936; x_wconf 83' lang='lat' dir='ltr'><strong>est’Deus,</strong></span> <span class='ocrx_word' id='word_1_172' title='bbox 2909 871 3001 926; x_wconf 89' lang='lat' dir='ltr'><strong>sed</strong></span> <span class='ocrx_word' id='word_1_173' title='bbox 3028 880 3082 927; x_wconf 92' lang='lat' dir='ltr'><strong>et</strong></span> <span class='ocrx_word' id='word_1_174' title='bbox 3108 873 3174 928; x_wconf 90' lang='lat' dir='ltr'><strong>de</strong></span> <span class='ocrx_word' id='word_1_175' title='bbox 3205 873 3294 928; x_wconf 89' lang='lat' dir='ltr'><strong>illa</strong></span> <span class='ocrx_word' id='word_1_176' title='bbox 3324 889 3446 946; x_wconf 78' lang='lat' dir='ltr'><strong>qua:</strong></span> 
     </span>
    </p>
   </div>
   <div class='ocr_carea' id='block_1_24' title="bbox 1865 959 3445 1036">
    <p class='ocr_par' dir='ltr' id='par_1_24' title="bbox 1865 959 3445 1036">
     <span class='ocr_line' id='line_1_24' title="bbox 1865 959 3445 1036; baseline 0.004 -22"><span class='ocrx_word' id='word_1_177' title='bbox 1865 959 2135 1028; x_wconf 90' lang='lat' dir='ltr'><strong>peccando</strong></span> <span class='ocrx_word' id='word_1_178' title='bbox 2165 959 2302 1014; x_wconf 83' lang='lat' dir='ltr'><strong>facta</strong></span> <span class='ocrx_word' id='word_1_179' title='bbox 2327 968 2408 1014; x_wconf 89' lang='lat' dir='ltr'><strong>est</strong></span> <span class='ocrx_word' id='word_1_180' title='bbox 2439 959 2488 1014; x_wconf 94' lang='lat' dir='ltr'><strong>in</strong></span> <span class='ocrx_word' id='word_1_181' title='bbox 2517 961 2716 1026; x_wconf 87' lang='lat' dir='ltr'><strong>anima,</strong></span> <span class='ocrx_word' id='word_1_182' title='bbox 2750 963 2874 1032; x_wconf 88' lang='lat' dir='ltr'><strong>quia</strong></span> <span class='ocrx_word' id='word_1_183' title='bbox 2910 964 3085 1018; x_wconf 90' lang='lat' dir='ltr'><strong>anima</strong></span> <span class='ocrx_word' id='word_1_184' title='bbox 3114 981 3231 1036; x_wconf 80' lang='lat' dir='ltr'><strong>qua:</strong></span> <span class='ocrx_word' id='word_1_185' title='bbox 3261 982 3445 1036; x_wconf 85' lang='lat' dir='ltr'><strong>pecca-</strong></span> 
     </span>
    </p>
   </div>
   <div class='ocr_carea' id='block_1_25' title="bbox 1867 1049 3444 1124">
    <p class='ocr_par' dir='ltr' id='par_1_25' title="bbox 1867 1049 3444 1124">
     <span class='ocr_line' id='line_1_25' title="bbox 1867 1049 3444 1124; baseline 0.004 -21"><span class='ocrx_word' id='word_1_186' title='bbox 1867 1050 2013 1115; x_wconf 95' lang='lat' dir='ltr'><strong>verit,</strong></span> <span class='ocrx_word' id='word_1_187' title='bbox 2037 1060 2082 1103; x_wconf 91' lang='lat' dir='ltr'><strong>et</strong></span> <span class='ocrx_word' id='word_1_188' title='bbox 2109 1051 2221 1121; x_wconf 86' lang='lat' dir='ltr'><strong>ipsa</strong></span> <span class='ocrx_word' id='word_1_189' title='bbox 2247 1051 2498 1104; x_wconf 88' lang='lat' dir='ltr'><strong>morietur</strong></span> <span class='ocrx_word' id='word_1_190' title='bbox 2520 1049 2734 1120; x_wconf 79' lang='lat' dir='ltr'><strong>(Ezeclt.</strong></span> <span class='ocrx_word' id='word_1_191' title='bbox 2762 1067 2916 1118; x_wconf 81' lang='lat' dir='ltr'><strong>xvttt,</strong></span> <span class='ocrx_word' id='word_1_192' title='bbox 2938 1051 3022 1124; x_wconf 68' lang='lat'><strong>4);</strong></span> <span class='ocrx_word' id='word_1_193' title='bbox 3048 1054 3186 1108; x_wconf 89' lang='lat' dir='ltr'><strong>etde</strong></span> <span class='ocrx_word' id='word_1_194' title='bbox 3210 1056 3444 1111; x_wconf 91' lang='lat' dir='ltr'><strong>secunda</strong></span> 
     </span>
    </p>
   </div>
   <div class='ocr_carea' id='block_1_26' title="bbox 1865 1140 3445 1212">
    <p class='ocr_par' dir='ltr' id='par_1_26' title="bbox 1865 1140 3445 1212">
     <span class='ocr_line' id='line_1_26' title="bbox 1865 1140 3445 1212; baseline 0.006 -18"><span class='ocrx_word' id='word_1_195' title='bbox 1865 1140 2028 1195; x_wconf 90' lang='lat' dir='ltr'><strong>etiam</strong></span> <span class='ocrx_word' id='word_1_196' title='bbox 2078 1149 2270 1206; x_wconf 90' lang='lat' dir='ltr'><strong>morte,</strong></span> <span class='ocrx_word' id='word_1_197' title='bbox 2315 1156 2433 1212; x_wconf 68' lang='lat' dir='ltr'><strong>qum</strong></span> <span class='ocrx_word' id='word_1_198' title='bbox 2480 1141 2584 1197; x_wconf 89' lang='lat' dir='ltr'><strong>erit</strong></span> <span class='ocrx_word' id='word_1_199' title='bbox 2631 1142 2685 1197; x_wconf 91' lang='lat' dir='ltr'><strong>in</strong></span> <span class='ocrx_word' id='word_1_200' title='bbox 2731 1141 3072 1200; x_wconf 88' lang='lat' dir='ltr'><strong>damnatione</strong></span> <span class='ocrx_word' id='word_1_201' title='bbox 3115 1154 3334 1212; x_wconf 82' lang='lat' dir='ltr'><strong>aeterna,</strong></span> <span class='ocrx_word' id='word_1_202' title='bbox 3377 1147 3445 1203; x_wconf 87' lang='lat' dir='ltr'><strong>ad</strong></span> 
     </span>
    </p>
   </div>
   <div class='ocr_carea' id='block_1_27' title="bbox 1827 1232 3444 1314">
    <p class='ocr_par' dir='ltr' id='par_1_27' title="bbox 1827 1232 3444 1314">
     <span class='ocr_line' id='line_1_27' title="bbox 1827 1232 3444 1314; baseline 0.006 -28"><span class='ocrx_word' id='word_1_203' title='bbox 1827 1309 1830 1314; x_wconf 84' lang='lat'><em>_</em></span> <span class='ocrx_word' id='word_1_204' title='bbox 1867 1248 2025 1306; x_wconf 90' lang='lat' dir='ltr'><strong>quam</strong></span> <span class='ocrx_word' id='word_1_205' title='bbox 2057 1241 2239 1288; x_wconf 86' lang='lat' dir='ltr'><strong>reatus</strong></span> <span class='ocrx_word' id='word_1_206' title='bbox 2265 1232 2407 1288; x_wconf 90' lang='lat' dir='ltr'><strong>illius</strong></span> <span class='ocrx_word' id='word_1_207' title='bbox 2438 1233 2592 1304; x_wconf 90' lang='lat' dir='ltr'><strong>primi</strong></span> <span class='ocrx_word' id='word_1_208' title='bbox 2623 1235 2828 1305; x_wconf 86' lang='lat' dir='ltr'><strong>peccati</strong></span> <span class='ocrx_word' id='word_1_209' title='bbox 2855 1235 3075 1290; x_wconf 91' lang='lat' dir='ltr'><strong>omnino</strong></span> <span class='ocrx_word' id='word_1_210' title='bbox 3103 1249 3318 1292; x_wconf 90' lang='lat' dir='ltr'><strong>omnem</strong></span> <span class='ocrx_word' id='word_1_211' title='bbox 3349 1237 3444 1295; x_wconf 81' lang='lat' dir='ltr'><strong>bo-</strong></span> 
     </span>
    </p>
   </div>
   <div class='ocr_carea' id='block_1_28' title="bbox 1866 1324 3155 1400">
    <p class='ocr_par' dir='ltr' id='par_1_28' title="bbox 1866 1324 3155 1400">
     <span class='ocr_line' id='line_1_28' title="bbox 1866 1324 3155 1400; baseline 0.002 -20"><span class='ocrx_word' id='word_1_212' title='bbox 1866 1326 2064 1381; x_wconf 92' lang='lat' dir='ltr'><strong>minem</strong></span> <span class='ocrx_word' id='word_1_213' title='bbox 2094 1326 2278 1392; x_wconf 89' lang='lat' dir='ltr'><strong>trahit,</strong></span> <span class='ocrx_word' id='word_1_214' title='bbox 2310 1325 2412 1380; x_wconf 90' lang='lat' dir='ltr'><strong>nisi</strong></span> <span class='ocrx_word' id='word_1_215' title='bbox 2438 1324 2640 1382; x_wconf 86' lang='lat' dir='ltr'><strong>Christi</strong></span> <span class='ocrx_word' id='word_1_216' title='bbox 2673 1327 2846 1400; x_wconf 89' lang='lat' dir='ltr'><strong>gratia</strong></span> <span class='ocrx_word' id='word_1_217' title='bbox 2875 1327 3155 1384; x_wconf 88' lang='lat' dir='ltr'><strong>liberetur.</strong></span> 
     </span>
    </p>
   </div>
   <div class='ocr_carea' id='block_1_29' title="bbox 1935 1405 3448 1486">
    <p class='ocr_par' dir='ltr' id='par_1_29' title="bbox 1935 1405 3448 1486">
     <span class='ocr_line' id='line_1_29' title="bbox 1935 1405 3448 1486; baseline 0.005 -18"><span class='ocrx_word' id='word_1_218' title='bbox 1935 1415 2067 1469; x_wconf 89' lang='lat' dir='ltr'><strong>Cum</strong></span> <span class='ocrx_word' id='word_1_219' title='bbox 2103 1430 2232 1486; x_wconf 90' lang='lat' dir='ltr'><strong>ergo</strong></span> <span class='ocrx_word' id='word_1_220' title='bbox 2258 1415 2372 1470; x_wconf 70' lang='lat' dir='ltr'><strong>hrec</strong></span> <span class='ocrx_word' id='word_1_221' title='bbox 2399 1417 2540 1471; x_wconf 87' lang='lat' dir='ltr'><strong>Deus</strong></span> <span class='ocrx_word' id='word_1_222' title='bbox 2574 1416 2734 1482; x_wconf 78' lang='lat' dir='ltr'><strong>dixit,</strong></span> <span class='ocrx_word' id='word_1_223' title='bbox 2768 1405 2874 1474; x_wconf 86' lang='lat' dir='ltr'><strong>non</strong></span> <span class='ocrx_word' id='word_1_224' title='bbox 2907 1418 3241 1474; x_wconf 87' lang='lat' dir='ltr'><strong>solummodo</strong></span> <span class='ocrx_word' id='word_1_225' title='bbox 3272 1427 3448 1476; x_wconf 80' lang='lat' dir='ltr'><strong>terro-</strong></span> 
     </span>
    </p>
   </div>
   <div class='ocr_carea' id='block_1_30' title="bbox 1867 1507 3446 1580">
    <p class='ocr_par' dir='ltr' id='par_1_30' title="bbox 1867 1507 3446 1580">
     <span class='ocr_line' id='line_1_30' title="bbox 1867 1507 3446 1580; baseline 0.003 -18"><span class='ocrx_word' id='word_1_226' title='bbox 1867 1523 1979 1562; x_wconf 90' lang='lat' dir='ltr'><strong>rem</strong></span> <span class='ocrx_word' id='word_1_227' title='bbox 2008 1508 2244 1562; x_wconf 88' lang='lat' dir='ltr'><strong>audienti</strong></span> <span class='ocrx_word' id='word_1_228' title='bbox 2278 1509 2516 1566; x_wconf 82' lang='lat' dir='ltr'><strong>incutere</strong></span> <span class='ocrx_word' id='word_1_229' title='bbox 2546 1507 2747 1574; x_wconf 83' lang='lat' dir='ltr'><strong>voluit,’</strong></span> <span class='ocrx_word' id='word_1_230' title='bbox 2766 1509 2859 1570; x_wconf 84' lang='lat' dir='ltr'><strong>sed</strong></span> <span class='ocrx_word' id='word_1_231' title='bbox 2888 1511 3030 1580; x_wconf 89' lang='lat' dir='ltr'><strong>quod</strong></span> <span class='ocrx_word' id='word_1_232' title='bbox 3055 1509 3256 1580; x_wconf 87' lang='lat' dir='ltr'><strong>justum</strong></span> <span class='ocrx_word' id='word_1_233' title='bbox 3286 1519 3446 1567; x_wconf 74' lang='lat' dir='ltr'><strong>teter-</strong></span> 
     </span>
    </p>
   </div>
   <div class='ocr_carea' id='block_1_31' title="bbox 1866 1597 3446 1667">
    <p class='ocr_par' dir='ltr' id='par_1_31' title="bbox 1866 1597 3446 1667">
     <span class='ocr_line' id='line_1_31' title="bbox 1866 1597 3446 1667; baseline 0.004 -13"><span class='ocrx_word' id='word_1_234' title='bbox 1866 1613 1936 1654; x_wconf 91' lang='lat' dir='ltr'><strong>no</strong></span> <span class='ocrx_word' id='word_1_235' title='bbox 1959 1597 2162 1667; x_wconf 89' lang='lat' dir='ltr'><strong>judicio</strong></span> <span class='ocrx_word' id='word_1_236' title='bbox 2189 1613 2286 1653; x_wconf 92' lang='lat' dir='ltr'><strong>suo</strong></span> <span class='ocrx_word' id='word_1_237' title='bbox 2316 1599 2540 1666; x_wconf 88' lang='lat' dir='ltr'><strong>statuit,</strong></span> <span class='ocrx_word' id='word_1_238' title='bbox 2569 1599 2654 1654; x_wconf 86' lang='lat' dir='ltr'><strong>illa</strong></span> <span class='ocrx_word' id='word_1_239' title='bbox 2684 1602 3103 1656; x_wconf 88' lang='lat' dir='ltr'><strong>comminatione</strong></span> <span class='ocrx_word' id='word_1_240' title='bbox 3133 1600 3446 1659; x_wconf 83' lang='lat' dir='ltr'><strong>manifesta-</strong></span> 
     </span>
    </p>
   </div>
   <div class='ocr_carea' id='block_1_32' title="bbox 1864 1675 3444 1762">
    <p class='ocr_par' dir='ltr' id='par_1_32' title="bbox 1864 1675 3444 1762">
     <span class='ocr_line' id='line_1_32' title="bbox 1864 1675 3444 1762; baseline 0.004 -19"><span class='ocrx_word' id='word_1_241' title='bbox 1864 1688 1961 1754; x_wconf 82' lang='lat' dir='ltr'><strong>vit,</strong></span> <span class='ocrx_word' id='word_1_242' title='bbox 1986 1697 2045 1742; x_wconf 91' lang='lat' dir='ltr'><strong>ut</strong></span> <span class='ocrx_word' id='word_1_243' title='bbox 2065 1675 2472 1758; x_wconf 86' lang='lat' dir='ltr'><strong>videlicetjusto</strong></span> <span class='ocrx_word' id='word_1_244' title='bbox 2501 1698 2556 1745; x_wconf 92' lang='lat' dir='ltr'><strong>ct</strong></span> <span class='ocrx_word' id='word_1_245' title='bbox 2577 1699 2781 1746; x_wconf 62' lang='lat' dir='ltr'><strong>aeterno</strong></span> <span class='ocrx_word' id='word_1_246' title='bbox 2806 1691 2922 1760; x_wconf 92' lang='lat' dir='ltr'><strong>ejus</strong></span> <span class='ocrx_word' id='word_1_247' title='bbox 2950 1683 3171 1762; x_wconf 84' lang='lat' dir='ltr'><strong>judicio,</strong></span> <span class='ocrx_word' id='word_1_248' title='bbox 3207 1692 3251 1749; x_wconf 88' lang='lat' dir='ltr'><strong>si</strong></span> <span class='ocrx_word' id='word_1_249' title='bbox 3275 1691 3444 1750; x_wconf 82' lang='lat' dir='ltr'><strong>homo</strong></span> 
     </span>
    </p>
   </div>
   <div class='ocr_carea' id='block_1_33' title="bbox 174 1759 3445 1860">
    <p class='ocr_par' dir='ltr' id='par_1_33' title="bbox 174 1759 3445 1860">
     <span class='ocr_line' id='line_1_33' title="bbox 174 1759 3445 1860; baseline -0 -17"><span class='ocrx_word' id='word_1_250' title='bbox 174 1803 307 1843; x_wconf 88' lang='lat' dir='ltr'><strong>cum</strong></span> <span class='ocrx_word' id='word_1_251' title='bbox 334 1759 434 1844; x_wconf 81' lang='lat' dir='ltr'><strong>hoc</strong></span> <span class='ocrx_word' id='word_1_252' title='bbox 454 1759 658 1843; x_wconf 83' lang='lat' dir='ltr'><strong>donum</strong></span> <span class='ocrx_word' id='word_1_253' title='bbox 690 1790 859 1844; x_wconf 58' lang='lat' dir='ltr'><strong>beata:</strong></span> <span class='ocrx_word' id='word_1_254' title='bbox 886 1797 941 1844; x_wconf 91' lang='lat' dir='ltr'><strong>et</strong></span> <span class='ocrx_word' id='word_1_255' title='bbox 968 1789 1213 1860; x_wconf 84' lang='lat' dir='ltr'><strong>benignae</strong></span> <span class='ocrx_word' id='word_1_256' title='bbox 1256 1788 1605 1844; x_wconf 86' lang='lat' dir='ltr'><strong>habitationis</strong></span> <span class='ocrx_word' id='word_1_257' title='bbox 1652 1767 1764 1842; x_wconf 62' lang='lat' dir='ltr'><strong>suae</strong></span> <span class='ocrx_word' id='word_1_258' title='bbox 1794 1759 1839 1821; x_wconf 75' lang='grc' dir='ltr'><strong>Β</strong></span> <span class='ocrx_word' id='word_1_259' title='bbox 1869 1781 1994 1835; x_wconf 84' lang='lat' dir='ltr'><strong>illud</strong></span> <span class='ocrx_word' id='word_1_260' title='bbox 2047 1790 2328 1852; x_wconf 78' lang='lat' dir='ltr'><strong>peccatum</strong></span> <span class='ocrx_word' id='word_1_261' title='bbox 2373 1782 2720 1851; x_wconf 79' lang='lat' dir='ltr'><strong>admitteret,</strong></span> <span class='ocrx_word' id='word_1_262' title='bbox 2774 1785 2948 1856; x_wconf 87' lang='lat' dir='ltr'><strong>primo</strong></span> <span class='ocrx_word' id='word_1_263' title='bbox 2987 1786 3180 1844; x_wconf 85' lang='lat' dir='ltr'><strong>animae</strong></span> <span class='ocrx_word' id='word_1_264' title='bbox 3213 1796 3445 1845; x_wconf 89' lang='lat' dir='ltr'><strong>mortem</strong></span> 
     </span>
    </p>
   </div>
   <div class='ocr_carea' id='block_1_34' title="bbox 169 1878 1762 1951">
    <p class='ocr_par' dir='ltr' id='par_1_34' title="bbox 169 1878 1762 1951">
     <span class='ocr_line' id='line_1_34' title="bbox 169 1878 1762 1951; baseline -0.001 -13"><span class='ocrx_word' id='word_1_265' title='bbox 169 1878 280 1938; x_wconf 69' lang='lat' dir='ltr'><strong>noli</strong></span> <span class='ocrx_word' id='word_1_266' title='bbox 311 1880 493 1937; x_wconf 72' lang='lat' dir='ltr'><strong>elcctze</strong></span> <span class='ocrx_word' id='word_1_267' title='bbox 513 1888 568 1936; x_wconf 90' lang='lat' dir='ltr'><strong>et</strong></span> <span class='ocrx_word' id='word_1_268' title='bbox 609 1881 749 1936; x_wconf 89' lang='lat' dir='ltr'><strong>lldeli</strong></span> <span class='ocrx_word' id='word_1_269' title='bbox 778 1880 1022 1937; x_wconf 91' lang='lat' dir='ltr'><strong>rationali</strong></span> <span class='ocrx_word' id='word_1_270' title='bbox 1040 1891 1317 1948; x_wconf 72' lang='lat' dir='ltr'><strong>creaturae,</strong></span> <span class='ocrx_word' id='word_1_271' title='bbox 1351 1884 1490 1937; x_wconf 88' lang='lat' dir='ltr'><strong>sicut</strong></span> <span class='ocrx_word' id='word_1_272' title='bbox 1513 1897 1672 1951; x_wconf 89' lang='lat' dir='ltr'><strong>supra</strong></span> <span class='ocrx_word' id='word_1_273' title='bbox 1695 1897 1762 1937; x_wconf 75' lang='lat' dir='ltr'><strong>ex</strong></span> 
     </span>
    </p>
   </div>
   <div class='ocr_carea' id='block_1_35' title="bbox 174 1969 1762 2045">
    <p class='ocr_par' dir='ltr' id='par_1_35' title="bbox 174 1969 1762 2045">
     <span class='ocr_line' id='line_1_35' title="bbox 174 1969 1762 2045; baseline 0.003 -20"><span class='ocrx_word' id='word_1_274' title='bbox 174 1969 478 2041; x_wconf 88' lang='lat' dir='ltr'><strong>Scripturis</strong></span> <span class='ocrx_word' id='word_1_275' title='bbox 529 1974 880 2037; x_wconf 90' lang='lat' dir='ltr'><strong>ostendimus,</strong></span> <span class='ocrx_word' id='word_1_276' title='bbox 931 1974 1112 2045; x_wconf 84' lang='lat' dir='ltr'><strong>largiri</strong></span> <span class='ocrx_word' id='word_1_277' title='bbox 1160 1974 1459 2030; x_wconf 88' lang='lat' dir='ltr'><strong>credendus</strong></span> <span class='ocrx_word' id='word_1_278' title='bbox 1507 1975 1597 2030; x_wconf 91' lang='lat' dir='ltr'><strong>sit.</strong></span> <span class='ocrx_word' id='word_1_279' title='bbox 1654 1975 1762 2030; x_wconf 88' lang='lat' dir='ltr'><strong>Piis</strong></span> 
     </span>
    </p>
   </div>
   <div class='ocr_carea' id='block_1_36' title="bbox 177 2063 1762 2142">
    <p class='ocr_par' dir='ltr' id='par_1_36' title="bbox 177 2063 1762 2142">
     <span class='ocr_line' id='line_1_36' title="bbox 177 2063 1762 2142; baseline 0.001 -25"><span class='ocrx_word' id='word_1_280' title='bbox 177 2076 421 2134; x_wconf 87' lang='lat' dir='ltr'><strong>namque</strong></span> <span class='ocrx_word' id='word_1_281' title='bbox 448 2072 503 2120; x_wconf 89' lang='lat' dir='ltr'><strong>et</strong></span> <span class='ocrx_word' id='word_1_282' title='bbox 532 2063 781 2120; x_wconf 82' lang='lat' dir='ltr'><strong>ﬁdelibus</strong></span> <span class='ocrx_word' id='word_1_283' title='bbox 811 2065 1070 2122; x_wconf 91' lang='lat' dir='ltr'><strong>Dominus</strong></span> <span class='ocrx_word' id='word_1_284' title='bbox 1096 2065 1360 2136; x_wconf 86' lang='lat' dir='ltr'><strong>promittit</strong></span> <span class='ocrx_word' id='word_1_285' title='bbox 1401 2067 1582 2121; x_wconf 91' lang='lat' dir='ltr'><strong>dicens</strong></span> <span class='ocrx_word' id='word_1_286' title='bbox 1609 2084 1622 2120; x_wconf 90' lang='lat'><strong>:</strong></span> <span class='ocrx_word' id='word_1_287' title='bbox 1647 2065 1762 2142; x_wconf 83' lang='lat' dir='ltr'><strong>Ego</strong></span> 
     </span>
    </p>
   </div>
   <div class='ocr_carea' id='block_1_37' title="bbox 171 2151 1760 2226">
    <p class='ocr_par' dir='ltr' id='par_1_37' title="bbox 171 2151 1760 2226">
     <span class='ocr_line' id='line_1_37' title="bbox 171 2151 1760 2226; baseline 0.001 -18"><span class='ocrx_word' id='word_1_288' title='bbox 171 2164 226 2209; x_wconf 83' lang='lat' dir='ltr'><strong>et</strong></span> <span class='ocrx_word' id='word_1_289' title='bbox 259 2151 421 2224; x_wconf 75' lang='lat' dir='ltr'><strong>Pater</strong></span> <span class='ocrx_word' id='word_1_290' title='bbox 448 2155 516 2208; x_wconf 81' lang='lat' dir='ltr'><strong>ad</strong></span> <span class='ocrx_word' id='word_1_291' title='bbox 559 2172 677 2209; x_wconf 91' lang='lat' dir='ltr'><strong>eum</strong></span> <span class='ocrx_word' id='word_1_292' title='bbox 730 2157 1008 2220; x_wconf 82' lang='lat' dir='ltr'><strong>veniemus,</strong></span> <span class='ocrx_word' id='word_1_293' title='bbox 1051 2166 1098 2211; x_wconf 87' lang='lat' dir='ltr'><strong>et</strong></span> <span class='ocrx_word' id='word_1_294' title='bbox 1130 2156 1451 2212; x_wconf 78' lang='lat' dir='ltr'><strong>mansionem</strong></span> <span class='ocrx_word' id='word_1_295' title='bbox 1481 2155 1620 2226; x_wconf 85' lang='lat' dir='ltr'><strong>apud</strong></span> <span class='ocrx_word' id='word_1_296' title='bbox 1642 2172 1760 2210; x_wconf 88' lang='lat' dir='ltr'><strong>eum</strong></span> 
     </span>
    </p>
   </div>
   <div class='ocr_carea' id='block_1_38' title="bbox 171 2245 1761 2319">
    <p class='ocr_par' dir='ltr' id='par_1_38' title="bbox 171 2245 1761 2319">
     <span class='ocr_line' id='line_1_38' title="bbox 171 2245 1761 2319; baseline 0.004 -21"><span class='ocrx_word' id='word_1_297' title='bbox 171 2245 434 2312; x_wconf 73' lang='lat' dir='ltr'><strong>faciemus</strong></span> <span class='ocrx_word' id='word_1_298' title='bbox 473 2245 652 2316; x_wconf 85' lang='lat' dir='ltr'><strong>(Joan.</strong></span> <span class='ocrx_word' id='word_1_299' title='bbox 690 2263 797 2311; x_wconf 80' lang='lat' dir='ltr'><strong>xw,</strong></span> <span class='ocrx_word' id='word_1_300' title='bbox 827 2246 940 2319; x_wconf 72' lang='lat'><strong>23).</strong></span> <span class='ocrx_word' id='word_1_301' title='bbox 973 2247 1177 2315; x_wconf 88' lang='lat' dir='ltr'><strong>Quibus</strong></span> <span class='ocrx_word' id='word_1_302' title='bbox 1202 2255 1257 2304; x_wconf 90' lang='lat' dir='ltr'><strong>et</strong></span> <span class='ocrx_word' id='word_1_303' title='bbox 1282 2248 1347 2304; x_wconf 92' lang='lat' dir='ltr'><strong>de</strong></span> <span class='ocrx_word' id='word_1_304' title='bbox 1381 2247 1612 2319; x_wconf 88' lang='lat' dir='ltr'><strong>Spiritus</strong></span> <span class='ocrx_word' id='word_1_305' title='bbox 1636 2263 1761 2304; x_wconf 88' lang='lat' dir='ltr'><strong>san-</strong></span> 
     </span>
    </p>
   </div>
   <div class='ocr_carea' id='block_1_39' title="bbox 174 2335 1759 2416">
    <p class='ocr_par' dir='ltr' id='par_1_39' title="bbox 174 2335 1759 2416">
     <span class='ocr_line' id='line_1_39' title="bbox 174 2335 1759 2416; baseline 0.004 -28"><span class='ocrx_word' id='word_1_306' title='bbox 174 2336 252 2388; x_wconf 90' lang='lat' dir='ltr'><strong>cti</strong></span> <span class='ocrx_word' id='word_1_307' title='bbox 305 2335 636 2416; x_wconf 82' lang='lat' dir='ltr'><strong>habitatione</strong></span> <span class='ocrx_word' id='word_1_308' title='bbox 672 2338 921 2416; x_wconf 89' lang='lat' dir='ltr'><strong>similiter</strong></span> <span class='ocrx_word' id='word_1_309' title='bbox 966 2339 1292 2408; x_wconf 88' lang='lat' dir='ltr'><strong>repromittit</strong></span> <span class='ocrx_word' id='word_1_310' title='bbox 1321 2340 1504 2395; x_wconf 84' lang='lat' dir='ltr'><strong>dicens</strong></span> <span class='ocrx_word' id='word_1_311' title='bbox 1531 2358 1544 2394; x_wconf 89' lang='lat'><strong>:</strong></span> <span class='ocrx_word' id='word_1_312' title='bbox 1571 2338 1640 2394; x_wconf 83' lang='lat' dir='ltr'><strong>Et</strong></span> <span class='ocrx_word' id='word_1_313' title='bbox 1665 2355 1759 2414; x_wconf 87' lang='lat' dir='ltr'><strong>ego</strong></span> 
     </span>
    </p>
   </div>
   <div class='ocr_carea' id='block_1_40' title="bbox 172 2413 1759 2502">
    <p class='ocr_par' dir='ltr' id='par_1_40' title="bbox 172 2413 1759 2502">
     <span class='ocr_line' id='line_1_40' title="bbox 172 2413 1759 2502; baseline 0.004 -25"><span class='ocrx_word' id='word_1_314' title='bbox 172 2425 375 2494; x_wconf 82' lang='lat' dir='ltr'><strong>rogabo</strong></span> <span class='ocrx_word' id='word_1_315' title='bbox 424 2413 658 2493; x_wconf 77' lang='lat' dir='ltr'><strong>Patrem,</strong></span> <span class='ocrx_word' id='word_1_316' title='bbox 701 2413 750 2482; x_wconf 80' lang='lat' dir='ltr'><strong>et</strong></span> <span class='ocrx_word' id='word_1_317' title='bbox 779 2429 938 2483; x_wconf 86' lang='lat' dir='ltr'><strong>alium</strong></span> <span class='ocrx_word' id='word_1_318' title='bbox 969 2431 1280 2499; x_wconf 72' lang='lat' dir='ltr'><strong>parat-litum</strong></span> <span class='ocrx_word' id='word_1_319' title='bbox 1313 2430 1455 2485; x_wconf 82' lang='lat' dir='ltr'><strong>dabit</strong></span> <span class='ocrx_word' id='word_1_320' title='bbox 1486 2431 1627 2484; x_wconf 90' lang='lat' dir='ltr'><strong>vobis</strong></span> <span class='ocrx_word' id='word_1_321' title='bbox 1670 2413 1759 2502; x_wconf 88' lang='lat' dir='ltr'><strong>qui</strong></span> 
     </span>
    </p>
   </div>
   <div class='ocr_carea' id='block_1_41' title="bbox 170 2519 1760 2592">
    <p class='ocr_par' dir='ltr' id='par_1_41' title="bbox 170 2519 1760 2592">
     <span class='ocr_line' id='line_1_41' title="bbox 170 2519 1760 2592; baseline 0.004 -22"><span class='ocrx_word' id='word_1_322' title='bbox 170 2527 391 2572; x_wconf 85' lang='lat' dir='ltr'><strong>maneat</strong></span> <span class='ocrx_word' id='word_1_323' title='bbox 414 2519 672 2574; x_wconf 77' lang='lat' dir='ltr'><strong>vobiscum</strong></span> <span class='ocrx_word' id='word_1_324' title='bbox 702 2521 756 2574; x_wconf 91' lang='lat' dir='ltr'><strong>in</strong></span> <span class='ocrx_word' id='word_1_325' title='bbox 788 2531 1037 2576; x_wconf 72' lang='lat' dir='ltr'><strong>(utentum</strong></span> <span class='ocrx_word' id='word_1_326' title='bbox 1074 2519 1254 2590; x_wconf 84' lang='lat' dir='ltr'><strong>(Joan.</strong></span> <span class='ocrx_word' id='word_1_327' title='bbox 1287 2537 1400 2585; x_wconf 67' lang='grc' dir='ltr'><strong>κη’,</strong></span> <span class='ocrx_word' id='word_1_328' title='bbox 1430 2521 1517 2587; x_wconf 77' lang='grc'><strong>16,</strong></span> <span class='ocrx_word' id='word_1_329' title='bbox 1551 2521 1660 2592; x_wconf 82' lang='grc'><strong>17).</strong></span> <span class='ocrx_word' id='word_1_330' title='bbox 1685 2521 1760 2577; x_wconf 90' lang='lat' dir='ltr'><strong>De</strong></span> 
     </span>
    </p>
   </div>
   <div class='ocr_carea' id='block_1_42' title="bbox 168 2607 1759 2682">
    <p class='ocr_par' dir='ltr' id='par_1_42' title="bbox 168 2607 1759 2682">
     <span class='ocr_line' id='line_1_42' title="bbox 168 2607 1759 2682; baseline 0.004 -23"><span class='ocrx_word' id='word_1_331' title='bbox 168 2621 290 2676; x_wconf 87' lang='lat' dir='ltr'><strong>quo</strong></span> <span class='ocrx_word' id='word_1_332' title='bbox 319 2608 478 2663; x_wconf 88' lang='lat' dir='ltr'><strong>etiam</strong></span> <span class='ocrx_word' id='word_1_333' title='bbox 510 2607 666 2678; x_wconf 89' lang='lat' dir='ltr'><strong>paulo</strong></span> <span class='ocrx_word' id='word_1_334' title='bbox 692 2617 812 2680; x_wconf 90' lang='lat' dir='ltr'><strong>post</strong></span> <span class='ocrx_word' id='word_1_335' title='bbox 843 2609 1115 2682; x_wconf 82' lang='lat' dir='ltr'><strong>subjungit</strong></span> <span class='ocrx_word' id='word_1_336' title='bbox 1156 2625 1170 2665; x_wconf 89' lang='lat'><strong>:</strong></span> <span class='ocrx_word' id='word_1_337' title='bbox 1209 2608 1311 2665; x_wconf 83' lang='lat' dir='ltr'><strong>Vos</strong></span> <span class='ocrx_word' id='word_1_338' title='bbox 1361 2619 1532 2665; x_wconf 85' lang='lat' dir='ltr'><strong>autem</strong></span> <span class='ocrx_word' id='word_1_339' title='bbox 1577 2627 1759 2682; x_wconf 81' lang='lat' dir='ltr'><strong>cogno-</strong></span> 
     </span>
    </p>
   </div>
   <div class='ocr_carea' id='block_1_43' title="bbox 167 2699 1758 2772">
    <p class='ocr_par' dir='ltr' id='par_1_43' title="bbox 167 2699 1758 2772">
     <span class='ocr_line' id='line_1_43' title="bbox 167 2699 1758 2772; baseline 0.004 -21"><span class='ocrx_word' id='word_1_340' title='bbox 167 2699 332 2752; x_wconf 69' lang='lat' dir='ltr'><strong>acetis</strong></span> <span class='ocrx_word' id='word_1_341' title='bbox 356 2715 492 2772; x_wconf 81' lang='lat' dir='ltr'><strong>eum,</strong></span> <span class='ocrx_word' id='word_1_342' title='bbox 515 2701 639 2771; x_wconf 83' lang='lat' dir='ltr'><strong>quia</strong></span> <span class='ocrx_word' id='word_1_343' title='bbox 660 2699 802 2770; x_wconf 80' lang='lat' dir='ltr'><strong>apud</strong></span> <span class='ocrx_word' id='word_1_344' title='bbox 830 2717 919 2755; x_wconf 89' lang='lat' dir='ltr'><strong>vos</strong></span> <span class='ocrx_word' id='word_1_345' title='bbox 949 2700 1174 2755; x_wconf 87' lang='lat' dir='ltr'><strong>manebit</strong></span> <span class='ocrx_word' id='word_1_346' title='bbox 1207 2710 1255 2755; x_wconf 85' lang='lat' dir='ltr'><strong>et</strong></span> <span class='ocrx_word' id='word_1_347' title='bbox 1285 2701 1339 2755; x_wconf 91' lang='lat' dir='ltr'><strong>in</strong></span> <span class='ocrx_word' id='word_1_348' title='bbox 1369 2701 1507 2756; x_wconf 85' lang='lat' dir='ltr'><strong>vobis</strong></span> <span class='ocrx_word' id='word_1_349' title='bbox 1537 2702 1653 2756; x_wconf 89' lang='lat' dir='ltr'><strong>erit.</strong></span> <span class='ocrx_word' id='word_1_350' title='bbox 1683 2701 1758 2758; x_wconf 90' lang='lat' dir='ltr'><strong>De</strong></span> 
     </span>
    </p>
   </div>
   <div class='ocr_carea' id='block_1_44' title="bbox 167 2788 1758 2862">
    <p class='ocr_par' dir='ltr' id='par_1_44' title="bbox 167 2788 1758 2862">
     <span class='ocr_line' id='line_1_44' title="bbox 167 2788 1758 2862; baseline 0.004 -18"><span class='ocrx_word' id='word_1_351' title='bbox 167 2788 377 2846; x_wconf 83' lang='lat' dir='ltr'><strong>talibus</strong></span> <span class='ocrx_word' id='word_1_352' title='bbox 407 2791 522 2862; x_wconf 89' lang='lat' dir='ltr'><strong>ipse</strong></span> <span class='ocrx_word' id='word_1_353' title='bbox 566 2794 707 2850; x_wconf 92' lang='lat' dir='ltr'><strong>Deus</strong></span> <span class='ocrx_word' id='word_1_354' title='bbox 735 2795 867 2852; x_wconf 84' lang='lat' dir='ltr'><strong>dicit</strong></span> <span class='ocrx_word' id='word_1_355' title='bbox 890 2814 902 2850; x_wconf 93' lang='lat'>:</span> <span class='ocrx_word' id='word_1_356' title='bbox 930 2795 996 2851; x_wconf 86' lang='lat' dir='ltr'><strong>Et</strong></span> <span class='ocrx_word' id='word_1_357' title='bbox 1024 2795 1323 2851; x_wconf 85' lang='lat' dir='ltr'><strong>inhabitabo</strong></span> <span class='ocrx_word' id='word_1_358' title='bbox 1353 2806 1399 2850; x_wconf 88' lang='lat' dir='ltr'><strong>et</strong></span> <span class='ocrx_word' id='word_1_359' title='bbox 1426 2795 1758 2850; x_wconf 88' lang='lat' dir='ltr'><strong>inambulabo</strong></span> 
     </span>
    </p>
   </div>
   <div class='ocr_carea' id='block_1_45' title="bbox 165 2883 1758 2959">
    <p class='ocr_par' dir='ltr' id='par_1_45' title="bbox 165 2883 1758 2959">
     <span class='ocr_line' id='line_1_45' title="bbox 165 2883 1758 2959; baseline 0.001 -21"><span class='ocrx_word' id='word_1_360' title='bbox 165 2886 228 2938; x_wconf 86' lang='lat' dir='ltr'><strong>in</strong></span> <span class='ocrx_word' id='word_1_361' title='bbox 267 2883 371 2940; x_wconf 81' lang='lat' dir='ltr'><strong>illis</strong></span> <span class='ocrx_word' id='word_1_362' title='bbox 415 2884 500 2957; x_wconf 91' lang='lat' dir='ltr'><strong>(II</strong></span> <span class='ocrx_word' id='word_1_363' title='bbox 530 2886 650 2942; x_wconf 83' lang='lat' dir='ltr'><strong>Cor.</strong></span> <span class='ocrx_word' id='word_1_364' title='bbox 688 2903 761 2952; x_wconf 78' lang='lat' dir='ltr'><strong>vr,</strong></span> <span class='ocrx_word' id='word_1_365' title='bbox 812 2888 920 2959; x_wconf 84' lang='grc'><strong>16).</strong></span> <span class='ocrx_word' id='word_1_366' title='bbox 952 2887 1018 2944; x_wconf 83' lang='grc' dir='ltr'><strong>Ει</strong></span> <span class='ocrx_word' id='word_1_367' title='bbox 1058 2887 1340 2944; x_wconf 88' lang='lat' dir='ltr'><strong>Psalmista</strong></span> <span class='ocrx_word' id='word_1_368' title='bbox 1373 2889 1486 2942; x_wconf 89' lang='lat' dir='ltr'><strong>ait:</strong></span> <span class='ocrx_word' id='word_1_369' title='bbox 1513 2887 1579 2942; x_wconf 88' lang='lat' dir='ltr'><strong>In</strong></span> <span class='ocrx_word' id='word_1_370' title='bbox 1607 2896 1758 2943; x_wconf 69' lang='lat' dir='ltr'><strong>tuter-</strong></span> 
     </span>
    </p>
   </div>
   <div class='ocr_carea' id='block_1_46' title="bbox 164 2978 1756 3054">
    <p class='ocr_par' dir='ltr' id='par_1_46' title="bbox 164 2978 1756 3054">
     <span class='ocr_line' id='line_1_46' title="bbox 164 2978 1756 3054; baseline 0.004 -24"><span class='ocrx_word' id='word_1_371' title='bbox 164 2994 302 3031; x_wconf 84' lang='lat' dir='ltr'><strong>mtm</strong></span> <span class='ocrx_word' id='word_1_372' title='bbox 331 2979 683 3046; x_wconf 74' lang='lat' dir='ltr'><strong>exsultabant,</strong></span> <span class='ocrx_word' id='word_1_373' title='bbox 707 2991 754 3036; x_wconf 86' lang='lat' dir='ltr'><strong>et</strong></span> <span class='ocrx_word' id='word_1_374' title='bbox 783 2981 1034 3036; x_wconf 82' lang='lat' dir='ltr'><strong>habitabit</strong></span> <span class='ocrx_word' id='word_1_375' title='bbox 1061 2983 1114 3036; x_wconf 91' lang='lat' dir='ltr'><strong>in</strong></span> <span class='ocrx_word' id='word_1_376' title='bbox 1137 2983 1210 3038; x_wconf 87' lang='lat' dir='ltr'><strong>eis</strong></span> <span class='ocrx_word' id='word_1_377' title='bbox 1237 2978 1407 3054; x_wconf 87' lang='lat' dir='ltr'><strong>(Psal.</strong></span> <span class='ocrx_word' id='word_1_378' title='bbox 1440 2997 1490 3046; x_wconf 86' lang='lat' dir='ltr'><strong>v,</strong></span> <span class='ocrx_word' id='word_1_379' title='bbox 1518 2981 1624 3052; x_wconf 73' lang='lat'><strong>12).</strong></span> <span class='ocrx_word' id='word_1_380' title='bbox 1656 2979 1756 3049; x_wconf 87' lang='lat' dir='ltr'><strong>Qui</strong></span> 
     </span>
    </p>
   </div>
   <div class='ocr_carea' id='block_1_47' title="bbox 163 3070 1756 3147">
    <p class='ocr_par' dir='ltr' id='par_1_47' title="bbox 163 3070 1756 3147">
     <span class='ocr_line' id='line_1_47' title="bbox 163 3070 1756 3147; baseline 0.002 -25"><span class='ocrx_word' id='word_1_381' title='bbox 163 3070 336 3124; x_wconf 86' lang='lat' dir='ltr'><strong>etiam</strong></span> <span class='ocrx_word' id='word_1_382' title='bbox 360 3070 486 3126; x_wconf 89' lang='lat' dir='ltr'><strong>alibi</strong></span> <span class='ocrx_word' id='word_1_383' title='bbox 514 3070 732 3127; x_wconf 92' lang='lat' dir='ltr'><strong>dicunt:</strong></span> <span class='ocrx_word' id='word_1_384' title='bbox 760 3070 813 3126; x_wconf 88' lang='grc' dir='ltr'><em>Ν</em></span> <span class='ocrx_word' id='word_1_385' title='bbox 817 3073 879 3147; x_wconf 75' lang='lat' dir='ltr'><strong>isi</strong></span> <span class='ocrx_word' id='word_1_386' title='bbox 901 3073 1022 3144; x_wconf 86' lang='lat' dir='ltr'><strong>quia</strong></span> <span class='ocrx_word' id='word_1_387' title='bbox 1039 3072 1292 3127; x_wconf 86' lang='lat' dir='ltr'><strong>Dominus</strong></span> <span class='ocrx_word' id='word_1_388' title='bbox 1314 3083 1423 3127; x_wconf 88' lang='lat' dir='ltr'><strong>erat</strong></span> <span class='ocrx_word' id='word_1_389' title='bbox 1439 3071 1491 3125; x_wconf 91' lang='lat' dir='ltr'><strong>in</strong></span> <span class='ocrx_word' id='word_1_390' title='bbox 1514 3071 1658 3125; x_wconf 87' lang='lat' dir='ltr'><strong>nobis</strong></span> <span class='ocrx_word' id='word_1_391' title='bbox 1676 3072 1756 3134; x_wconf 81' lang='lat' dir='ltr'><strong>di-</strong></span> 
     </span>
    </p>
   </div>
   <div class='ocr_carea' id='block_1_48' title="bbox 1863 1872 3445 1952">
    <p class='ocr_par' dir='ltr' id='par_1_48' title="bbox 1863 1872 3445 1952">
     <span class='ocr_line' id='line_1_48' title="bbox 1863 1872 3445 1952; baseline 0.004 -28"><span class='ocrx_word' id='word_1_392' title='bbox 1863 1872 2149 1936; x_wconf 84' lang='lat' dir='ltr'><strong>incuteret,</strong></span> <span class='ocrx_word' id='word_1_393' title='bbox 2180 1873 2418 1928; x_wconf 89' lang='lat' dir='ltr'><strong>secundo</strong></span> <span class='ocrx_word' id='word_1_394' title='bbox 2446 1874 2607 1952; x_wconf 89' lang='lat' dir='ltr'><strong>etiam</strong></span> <span class='ocrx_word' id='word_1_395' title='bbox 2641 1875 2886 1945; x_wconf 90' lang='lat' dir='ltr'><strong>corporis</strong></span> <span class='ocrx_word' id='word_1_396' title='bbox 2912 1883 3086 1930; x_wconf 90' lang='lat' dir='ltr'><strong>morte</strong></span> <span class='ocrx_word' id='word_1_397' title='bbox 3121 1875 3445 1948; x_wconf 80' lang='lat' dir='ltr'><strong>dissolvere-</strong></span> 
     </span>
    </p>
   </div>
   <div class='ocr_carea' id='block_1_49' title="bbox 1863 1968 3442 2048">
    <p class='ocr_par' dir='ltr' id='par_1_49' title="bbox 1863 1968 3442 2048">
     <span class='ocr_line' id='line_1_49' title="bbox 1863 1968 3442 2048; baseline 0.004 -24"><span class='ocrx_word' id='word_1_398' title='bbox 1863 1979 1966 2035; x_wconf 90' lang='lat' dir='ltr'><strong>tur,</strong></span> <span class='ocrx_word' id='word_1_399' title='bbox 2003 1968 2161 2025; x_wconf 85' lang='lat' dir='ltr'><strong>tertio</strong></span> <span class='ocrx_word' id='word_1_400' title='bbox 2181 1969 2342 2023; x_wconf 86' lang='lat' dir='ltr'><strong>etiam</strong></span> <span class='ocrx_word' id='word_1_401' title='bbox 2373 1970 2605 2026; x_wconf 91' lang='lat' dir='ltr'><strong>secunda</strong></span> <span class='ocrx_word' id='word_1_402' title='bbox 2628 1979 2801 2025; x_wconf 92' lang='lat' dir='ltr'><strong>morte</strong></span> <span class='ocrx_word' id='word_1_403' title='bbox 2831 1969 3198 2048; x_wconf 85' lang='lat' dir='ltr'><strong>damnaretur.</strong></span> <span class='ocrx_word' id='word_1_404' title='bbox 3234 1969 3303 2028; x_wconf 88' lang='lat' dir='ltr'><strong>Et</strong></span> <span class='ocrx_word' id='word_1_405' title='bbox 3327 1973 3442 2030; x_wconf 62' lang='lat' dir='ltr'><strong>haec</strong></span> 
     </span>
    </p>
   </div>
   <div class='ocr_carea' id='block_1_50' title="bbox 1862 2059 3448 2140">
    <p class='ocr_par' dir='ltr' id='par_1_50' title="bbox 1862 2059 3448 2140">
     <span class='ocr_line' id='line_1_50' title="bbox 1862 2059 3448 2140; baseline 0.004 -24"><span class='ocrx_word' id='word_1_406' title='bbox 1862 2071 1971 2117; x_wconf 89' lang='lat' dir='ltr'><strong>tota</strong></span> <span class='ocrx_word' id='word_1_407' title='bbox 1999 2062 2268 2116; x_wconf 90' lang='lat' dir='ltr'><strong>damnatio</strong></span> <span class='ocrx_word' id='word_1_408' title='bbox 2299 2069 2356 2117; x_wconf 88' lang='lat' dir='ltr'><strong>et</strong></span> <span class='ocrx_word' id='word_1_409' title='bbox 2394 2060 2448 2118; x_wconf 89' lang='lat' dir='ltr'><strong>in</strong></span> <span class='ocrx_word' id='word_1_410' title='bbox 2489 2059 2667 2116; x_wconf 91' lang='lat' dir='ltr'><strong>anima</strong></span> <span class='ocrx_word' id='word_1_411' title='bbox 2696 2062 2900 2140; x_wconf 86' lang='lat' dir='ltr'><strong>scilicet</strong></span> <span class='ocrx_word' id='word_1_412' title='bbox 2932 2071 2988 2118; x_wconf 88' lang='lat' dir='ltr'><strong>et</strong></span> <span class='ocrx_word' id='word_1_413' title='bbox 3018 2063 3072 2122; x_wconf 90' lang='lat' dir='ltr'><strong>iu</strong></span> <span class='ocrx_word' id='word_1_414' title='bbox 3108 2077 3357 2139; x_wconf 87' lang='lat' dir='ltr'><strong>corpore,</strong></span> <span class='ocrx_word' id='word_1_415' title='bbox 3385 2075 3448 2123; x_wconf 89' lang='lat' dir='ltr'><strong>et</strong></span> 
     </span>
    </p>
   </div>
   <div class='ocr_carea' id='block_1_51' title="bbox 1859 2139 3442 2228">
    <p class='ocr_par' dir='ltr' id='par_1_51' title="bbox 1859 2139 3442 2228">
     <span class='ocr_line' id='line_1_51' title="bbox 1859 2139 3442 2228; baseline 0.005 -22"><span class='ocrx_word' id='word_1_416' title='bbox 1859 2162 1980 2224; x_wconf 88' lang='lat' dir='ltr'><strong>post</strong></span> <span class='ocrx_word' id='word_1_417' title='bbox 2029 2161 2238 2223; x_wconf 86' lang='lat' dir='ltr'><strong>tempus</strong></span> <span class='ocrx_word' id='word_1_418' title='bbox 2282 2167 2403 2208; x_wconf 92' lang='lat' dir='ltr'><strong>cum</strong></span> <span class='ocrx_word' id='word_1_419' title='bbox 2450 2152 2566 2224; x_wconf 89' lang='lat' dir='ltr'><strong>ipso</strong></span> <span class='ocrx_word' id='word_1_420' title='bbox 2614 2139 2843 2226; x_wconf 9' lang='lat' dir='ltr'><strong>peccator</strong></span> <span class='ocrx_word' id='word_1_421' title='bbox 2876 2139 2932 2211; x_wconf 83' lang='lat' dir='ltr'><strong>in</strong></span> <span class='ocrx_word' id='word_1_422' title='bbox 2965 2168 3155 2212; x_wconf 89' lang='lat' dir='ltr'><strong>omnes</strong></span> <span class='ocrx_word' id='word_1_423' title='bbox 3194 2146 3442 2228; x_wconf 85' lang='lat' dir='ltr'><strong>posteros</strong></span> 
     </span>
    </p>
   </div>
   <div class='ocr_carea' id='block_1_52' title="bbox 1862 2233 3444 2313">
    <p class='ocr_par' dir='ltr' id='par_1_52' title="bbox 1862 2233 3444 2313">
     <span class='ocr_line' id='line_1_52' title="bbox 1862 2233 3444 2313; baseline 0.006 -17"><span class='ocrx_word' id='word_1_424' title='bbox 1862 2240 2347 2299; x_wconf 86' lang='lat' dir='ltr'><strong>transfunderetur.</strong></span> <span class='ocrx_word' id='word_1_425' title='bbox 2388 2243 2455 2299; x_wconf 86' lang='lat' dir='ltr'><strong>Et</strong></span> <span class='ocrx_word' id='word_1_426' title='bbox 2483 2243 2603 2300; x_wconf 90' lang='lat' dir='ltr'><strong>ideo</strong></span> <span class='ocrx_word' id='word_1_427' title='bbox 2626 2243 2888 2313; x_wconf 85' lang='lat' dir='ltr'><strong>judicium</strong></span> <span class='ocrx_word' id='word_1_428' title='bbox 2919 2233 3110 2304; x_wconf 55' lang='lat' dir='ltr'><strong>ademi</strong></span> <span class='ocrx_word' id='word_1_429' title='bbox 3140 2245 3348 2304; x_wconf 75' lang='lat' dir='ltr'><strong>censilii</strong></span> <span class='ocrx_word' id='word_1_430' title='bbox 3385 2257 3444 2305; x_wconf 83' lang='lat' dir='ltr'><strong>et</strong></span> 
     </span>
    </p>
   </div>
   <div class='ocr_carea' id='block_1_53' title="bbox 1852 2335 3444 2418">
    <p class='ocr_par' dir='ltr' id='par_1_53' title="bbox 1852 2335 3444 2418">
     <span class='ocr_line' id='line_1_53' title="bbox 1852 2335 3444 2418; baseline 0.006 -30"><span class='ocrx_word' id='word_1_431' title='bbox 1852 2335 2078 2408; x_wconf 72' lang='lat' dir='ltr'><strong>justitia:</strong></span> <span class='ocrx_word' id='word_1_432' title='bbox 2117 2350 2227 2391; x_wconf 83' lang='lat' dir='ltr'><strong>suae</strong></span> <span class='ocrx_word' id='word_1_433' title='bbox 2247 2375 2262 2402; x_wconf 92' lang='lat'><strong>,</strong></span> <span class='ocrx_word' id='word_1_434' title='bbox 2305 2336 2447 2408; x_wconf 90' lang='lat' dir='ltr'><strong>quod</strong></span> <span class='ocrx_word' id='word_1_435' title='bbox 2476 2336 2526 2392; x_wconf 93' lang='lat' dir='ltr'><strong>in</strong></span> <span class='ocrx_word' id='word_1_436' title='bbox 2559 2336 2649 2418; x_wconf 79' lang='lat' dir='ltr'><strong>illo</strong></span> <span class='ocrx_word' id='word_1_437' title='bbox 2676 2337 2854 2408; x_wconf 91' lang='lat' dir='ltr'><strong>primo</strong></span> <span class='ocrx_word' id='word_1_438' title='bbox 2875 2347 2932 2394; x_wconf 88' lang='lat' dir='ltr'><strong>et</strong></span> <span class='ocrx_word' id='word_1_439' title='bbox 2963 2352 3072 2394; x_wconf 90' lang='lat' dir='ltr'><strong>uno</strong></span> <span class='ocrx_word' id='word_1_440' title='bbox 3105 2338 3328 2418; x_wconf 83' lang='lat' dir='ltr'><strong>homine</strong></span> <span class='ocrx_word' id='word_1_441' title='bbox 3359 2338 3444 2396; x_wconf 81' lang='lat' dir='ltr'><strong>in-</strong></span> 
     </span>
    </p>
   </div>
   <div class='ocr_carea' id='block_1_54' title="bbox 1859 2409 3446 2502">
    <p class='ocr_par' dir='ltr' id='par_1_54' title="bbox 1859 2409 3446 2502">
     <span class='ocr_line' id='line_1_54' title="bbox 1859 2409 3446 2502; baseline 0.004 -20"><span class='ocrx_word' id='word_1_442' title='bbox 1859 2425 2161 2482; x_wconf 89' lang='lat' dir='ltr'><strong>choandnm</strong></span> <span class='ocrx_word' id='word_1_443' title='bbox 2172 2424 2455 2497; x_wconf 85' lang='lat' dir='ltr'><strong>judicavit,</strong></span> <span class='ocrx_word' id='word_1_444' title='bbox 2474 2427 2524 2482; x_wconf 94' lang='lat' dir='ltr'><strong>in</strong></span> <span class='ocrx_word' id='word_1_445' title='bbox 2550 2409 2765 2483; x_wconf 73' lang='lat' dir='ltr'><strong>omnem</strong></span> <span class='ocrx_word' id='word_1_446' title='bbox 2787 2427 2904 2498; x_wconf 85' lang='lat' dir='ltr'><strong>ejus</strong></span> <span class='ocrx_word' id='word_1_447' title='bbox 2923 2415 3237 2502; x_wconf 78' lang='lat' dir='ltr'><strong>progeniem</strong></span> <span class='ocrx_word' id='word_1_448' title='bbox 3265 2439 3446 2488; x_wconf 73' lang='lat' dir='ltr'><strong>trans-</strong></span> 
     </span>
    </p>
   </div>
   <div class='ocr_carea' id='block_1_55' title="bbox 1859 2507 3443 2594">
    <p class='ocr_par' dir='ltr' id='par_1_55' title="bbox 1859 2507 3443 2594">
     <span class='ocr_line' id='line_1_55' title="bbox 1859 2507 3443 2594; baseline 0.005 -20"><span class='ocrx_word' id='word_1_449' title='bbox 1859 2517 2006 2574; x_wconf 91' lang='lat' dir='ltr'><strong>misit</strong></span> <span class='ocrx_word' id='word_1_450' title='bbox 2030 2536 2043 2572; x_wconf 91' lang='lat'><strong>:</strong></span> <span class='ocrx_word' id='word_1_451' title='bbox 2074 2526 2133 2573; x_wconf 89' lang='lat' dir='ltr'><strong>ut</strong></span> <span class='ocrx_word' id='word_1_452' title='bbox 2162 2519 2252 2574; x_wconf 90' lang='lat' dir='ltr'><strong>illo</strong></span> <span class='ocrx_word' id='word_1_453' title='bbox 2273 2517 2420 2587; x_wconf 93' lang='lat' dir='ltr'><strong>justo</strong></span> <span class='ocrx_word' id='word_1_454' title='bbox 2446 2517 2561 2588; x_wconf 93' lang='lat' dir='ltr'><strong>ejus</strong></span> <span class='ocrx_word' id='word_1_455' title='bbox 2583 2517 2790 2588; x_wconf 90' lang='lat' dir='ltr'><strong>judicio</strong></span> <span class='ocrx_word' id='word_1_456' title='bbox 2819 2511 3128 2594; x_wconf 83' lang='lat' dir='ltr'><strong>quicunque</strong></span> <span class='ocrx_word' id='word_1_457' title='bbox 3155 2507 3222 2580; x_wconf 81' lang='lat' dir='ltr'><strong>ex</strong></span> <span class='ocrx_word' id='word_1_458' title='bbox 3257 2521 3348 2580; x_wconf 83' lang='lat' dir='ltr'><strong>illa</strong></span> <span class='ocrx_word' id='word_1_459' title='bbox 3383 2523 3443 2582; x_wconf 90' lang='lat' dir='ltr'><strong>in</strong></span> 
     </span>
    </p>
   </div>
   <div class='ocr_carea' id='block_1_56' title="bbox 1856 2605 3445 2681">
    <p class='ocr_par' dir='ltr' id='par_1_56' title="bbox 1856 2605 3445 2681">
     <span class='ocr_line' id='line_1_56' title="bbox 1856 2605 3445 2681; baseline 0.005 -19"><span class='ocrx_word' id='word_1_460' title='bbox 1856 2607 2026 2663; x_wconf 91' lang='lat' dir='ltr'><strong>Adam</strong></span> <span class='ocrx_word' id='word_1_461' title='bbox 2077 2624 2254 2664; x_wconf 89' lang='lat' dir='ltr'><strong>massa</strong></span> <span class='ocrx_word' id='word_1_462' title='bbox 2281 2609 2529 2664; x_wconf 88' lang='lat' dir='ltr'><strong>damnata</strong></span> <span class='ocrx_word' id='word_1_463' title='bbox 2562 2609 2759 2666; x_wconf 89' lang='lat' dir='ltr'><strong>Christi</strong></span> <span class='ocrx_word' id='word_1_464' title='bbox 2791 2612 2963 2681; x_wconf 87' lang='lat' dir='ltr'><strong>gratia</strong></span> <span class='ocrx_word' id='word_1_465' title='bbox 2994 2628 3100 2669; x_wconf 94' lang='lat' dir='ltr'><strong>non</strong></span> <span class='ocrx_word' id='word_1_466' title='bbox 3139 2605 3328 2669; x_wconf 81' lang='lat' dir='ltr'><strong>fuisset</strong></span> <span class='ocrx_word' id='word_1_467' title='bbox 3360 2614 3445 2670; x_wconf 82' lang='lat' dir='ltr'><strong>di-</strong></span> 
     </span>
    </p>
   </div>
   <div class='ocr_carea' id='block_1_57' title="bbox 1857 2699 3442 2772">
    <p class='ocr_par' dir='ltr' id='par_1_57' title="bbox 1857 2699 3442 2772">
     <span class='ocr_line' id='line_1_57' title="bbox 1857 2699 3442 2772; baseline 0.006 -19"><span class='ocrx_word' id='word_1_468' title='bbox 1857 2699 2300 2770; x_wconf 89' lang='lat' dir='ltr'><strong>scretns,prima</strong></span> <span class='ocrx_word' id='word_1_469' title='bbox 2347 2699 2436 2755; x_wconf 89' lang='lat' dir='ltr'><strong>illa</strong></span> <span class='ocrx_word' id='word_1_470' title='bbox 2484 2700 2647 2755; x_wconf 85' lang='lat' dir='ltr'><strong>divini</strong></span> <span class='ocrx_word' id='word_1_471' title='bbox 2691 2701 2880 2772; x_wconf 91' lang='lat' dir='ltr'><strong>judicii</strong></span> <span class='ocrx_word' id='word_1_472' title='bbox 2929 2703 3196 2759; x_wconf 88' lang='lat' dir='ltr'><strong>sententia</strong></span> <span class='ocrx_word' id='word_1_473' title='bbox 3223 2713 3442 2762; x_wconf 57' lang='lat' dir='ltr'><strong>aeterna</strong></span> 
     </span>
    </p>
   </div>
   <div class='ocr_carea' id='block_1_58' title="bbox 1857 2775 3440 2868">
    <p class='ocr_par' dir='ltr' id='par_1_58' title="bbox 1857 2775 3440 2868">
     <span class='ocr_line' id='line_1_58' title="bbox 1857 2775 3440 2868; baseline 0.006 -26"><span class='ocrx_word' id='word_1_474' title='bbox 1857 2787 2187 2843; x_wconf 90' lang='lat' dir='ltr'><strong>damnationi</strong></span> <span class='ocrx_word' id='word_1_475' title='bbox 2218 2797 2493 2845; x_wconf 87' lang='lat' dir='ltr'><strong>teneretur</strong></span> <span class='ocrx_word' id='word_1_476' title='bbox 2511 2777 2942 2860; x_wconf 77' lang='lat' dir='ltr'><strong>praedestinatus.</strong></span> <span class='ocrx_word' id='word_1_477' title='bbox 3001 2791 3070 2849; x_wconf 87' lang='lat' dir='ltr'><strong>Et</strong></span> <span class='ocrx_word' id='word_1_478' title='bbox 3103 2793 3230 2868; x_wconf 84' lang='lat' dir='ltr'><strong>ideo</strong></span> <span class='ocrx_word' id='word_1_479' title='bbox 3252 2775 3440 2866; x_wconf 76' lang='lat' dir='ltr'><strong>repro-</strong></span> 
     </span>
    </p>
   </div>
   <div class='ocr_carea' id='block_1_59' title="bbox 1856 2879 3439 2954">
    <p class='ocr_par' dir='ltr' id='par_1_59' title="bbox 1856 2879 3439 2954">
     <span class='ocr_line' id='line_1_59' title="bbox 1856 2879 3439 2954; baseline 0.005 -21"><span class='ocrx_word' id='word_1_480' title='bbox 1856 2879 1955 2933; x_wconf 91' lang='lat' dir='ltr'><strong>bos</strong></span> <span class='ocrx_word' id='word_1_481' title='bbox 2003 2893 2108 2934; x_wconf 92' lang='lat' dir='ltr'><strong>non</strong></span> <span class='ocrx_word' id='word_1_482' title='bbox 2160 2879 2376 2952; x_wconf 85' lang='lat' dir='ltr'><strong>reliquit</strong></span> <span class='ocrx_word' id='word_1_483' title='bbox 2423 2879 2797 2936; x_wconf 86' lang='lat' dir='ltr'><strong>tantummodo</strong></span> <span class='ocrx_word' id='word_1_484' title='bbox 2844 2881 2898 2937; x_wconf 91' lang='lat' dir='ltr'><strong>in</strong></span> <span class='ocrx_word' id='word_1_485' title='bbox 2943 2897 3122 2939; x_wconf 87' lang='lat' dir='ltr'><strong>massa</strong></span> <span class='ocrx_word' id='word_1_486' title='bbox 3159 2883 3439 2954; x_wconf 70' lang='lat' dir='ltr'><strong>originalis</strong></span> 
     </span>
    </p>
   </div>
   <div class='ocr_carea' id='block_1_60' title="bbox 1857 2961 3437 3054">
    <p class='ocr_par' dir='ltr' id='par_1_60' title="bbox 1857 2961 3437 3054">
     <span class='ocr_line' id='line_1_60' title="bbox 1857 2961 3437 3054; baseline 0.005 -31"><span class='ocrx_word' id='word_1_487' title='bbox 1857 2969 2083 3040; x_wconf 86' lang='lat' dir='ltr'><strong>peccati,</strong></span> <span class='ocrx_word' id='word_1_488' title='bbox 2115 2969 2266 3041; x_wconf 88' lang='lat' dir='ltr'><strong>quasi</strong></span> <span class='ocrx_word' id='word_1_489' title='bbox 2308 2968 2440 3024; x_wconf 88' lang='lat' dir='ltr'><strong>nihil</strong></span> <span class='ocrx_word' id='word_1_490' title='bbox 2468 2970 2534 3025; x_wconf 90' lang='lat' dir='ltr'><strong>de</strong></span> <span class='ocrx_word' id='word_1_491' title='bbox 2573 2969 2652 3025; x_wconf 89' lang='lat' dir='ltr'><strong>eis</strong></span> <span class='ocrx_word' id='word_1_492' title='bbox 2693 2961 2937 3028; x_wconf 88' lang='lat' dir='ltr'><strong>statuens</strong></span> <span class='ocrx_word' id='word_1_493' title='bbox 2962 2979 3125 3054; x_wconf 79' lang='lat' dir='ltr'><strong>atque</strong></span> <span class='ocrx_word' id='word_1_494' title='bbox 3148 2969 3437 3052; x_wconf 70' lang='lat' dir='ltr'><strong>deﬁniens,</strong></span> 
     </span>
    </p>
   </div>
   <div class='ocr_carea' id='block_1_61' title="bbox 1857 3049 3444 3139">
    <p class='ocr_par' dir='ltr' id='par_1_61' title="bbox 1857 3049 3444 3139">
     <span class='ocr_line' id='line_1_61' title="bbox 1857 3049 3444 3139; baseline 0.005 -24"><span class='ocrx_word' id='word_1_495' title='bbox 1857 3060 1949 3115; x_wconf 91' lang='lat' dir='ltr'><strong>sed</strong></span> <span class='ocrx_word' id='word_1_496' title='bbox 1976 3061 2136 3116; x_wconf 88' lang='lat' dir='ltr'><strong>etiam</strong></span> <span class='ocrx_word' id='word_1_497' title='bbox 2163 3059 2421 3130; x_wconf 86' lang='lat' dir='ltr'><strong>judicavit</strong></span> <span class='ocrx_word' id='word_1_498' title='bbox 2448 3101 2463 3128; x_wconf 86' lang='lat'><strong>,</strong></span> <span class='ocrx_word' id='word_1_499' title='bbox 2511 3069 2571 3117; x_wconf 91' lang='lat' dir='ltr'><strong>ut</strong></span> <span class='ocrx_word' id='word_1_500' title='bbox 2599 3070 2860 3118; x_wconf 83' lang='lat' dir='ltr'><strong>aeternum</strong></span> <span class='ocrx_word' id='word_1_501' title='bbox 2899 3071 2953 3120; x_wconf 92' lang='lat' dir='ltr'><strong>et</strong></span> <span class='ocrx_word' id='word_1_502' title='bbox 2984 3049 3188 3134; x_wconf 82' lang='lat' dir='ltr'><strong>justum</strong></span> <span class='ocrx_word' id='word_1_503' title='bbox 3213 3049 3330 3138; x_wconf 82' lang='lat' dir='ltr'><strong>ejus</strong></span> <span class='ocrx_word' id='word_1_504' title='bbox 3352 3065 3444 3139; x_wconf 79' lang='lat' dir='ltr'><strong>ju-</strong></span> 
     </span>
    </p>
   </div>
   <div class='ocr_carea' id='block_1_62' title="bbox 161 3134 1753 3236">
    <p class='ocr_par' dir='ltr' id='par_1_62' title="bbox 161 3159 1747 3233">
     <span class='ocr_line' id='line_1_62' title="bbox 161 3159 1747 3233; baseline 0.001 -19"><span class='ocrx_word' id='word_1_505' title='bbox 161 3168 252 3214; x_wconf 82' lang='lat' dir='ltr'><strong>cat</strong></span> <span class='ocrx_word' id='word_1_506' title='bbox 277 3176 415 3213; x_wconf 86' lang='lat' dir='ltr'><strong>nunc</strong></span> <span class='ocrx_word' id='word_1_507' title='bbox 435 3159 626 3226; x_wconf 84' lang='lat' dir='ltr'><strong>Israel,</strong></span> <span class='ocrx_word' id='word_1_508' title='bbox 648 3162 748 3216; x_wconf 85' lang='lat' dir='ltr'><strong>nisi</strong></span> <span class='ocrx_word' id='word_1_509' title='bbox 766 3162 888 3233; x_wconf 86' lang='lat' dir='ltr'><strong>quia</strong></span> <span class='ocrx_word' id='word_1_510' title='bbox 910 3162 1164 3217; x_wconf 88' lang='lat' dir='ltr'><strong>Dominus</strong></span> <span class='ocrx_word' id='word_1_511' title='bbox 1187 3171 1296 3217; x_wconf 86' lang='lat' dir='ltr'><strong>erat</strong></span> <span class='ocrx_word' id='word_1_512' title='bbox 1323 3161 1375 3216; x_wconf 88' lang='lat' dir='ltr'><strong>in</strong></span> <span class='ocrx_word' id='word_1_513' title='bbox 1403 3161 1547 3216; x_wconf 87' lang='lat' dir='ltr'><strong>nobis</strong></span> <span class='ocrx_word' id='word_1_514' title='bbox 1574 3159 1747 3232; x_wconf 83' lang='lat' dir='ltr'><strong>(Psal.</strong></span> 
     </span>
    </p>
   </div>
   <div class='ocr_carea' id='block_1_63' title="bbox 1856 3134 3438 3236">
    <p class='ocr_par' dir='ltr' id='par_1_63' title="bbox 1858 3134 3438 3236">
     <span class='ocr_line' id='line_1_63' title="bbox 1858 3134 3438 3236; baseline 0.004 -30"><span class='ocrx_word' id='word_1_515' title='bbox 1858 3151 2078 3216; x_wconf 84' lang='lat' dir='ltr'><strong>(licium,</strong></span> <span class='ocrx_word' id='word_1_516' title='bbox 2108 3151 2248 3222; x_wconf 88' lang='lat' dir='ltr'><strong>quod</strong></span> <span class='ocrx_word' id='word_1_517' title='bbox 2277 3151 2552 3223; x_wconf 70' lang='lat' dir='ltr'><strong>prrecessit</strong></span> <span class='ocrx_word' id='word_1_518' title='bbox 2581 3151 2632 3208; x_wconf 91' lang='lat' dir='ltr'><strong>in</strong></span> <span class='ocrx_word' id='word_1_519' title='bbox 2659 3153 2864 3220; x_wconf 88' lang='lat' dir='ltr'><strong>radice,</strong></span> <span class='ocrx_word' id='word_1_520' title='bbox 2886 3145 3203 3227; x_wconf 86' lang='lat' dir='ltr'><strong>sequeretur</strong></span> <span class='ocrx_word' id='word_1_521' title='bbox 3231 3134 3284 3236; x_wconf 78' lang='lat' dir='ltr'><strong>in</strong></span> <span class='ocrx_word' id='word_1_522' title='bbox 3314 3134 3438 3228; x_wconf 63' lang='lat' dir='ltr'><strong>gero</strong></span> 
     </span>
    </p>
   </div>
   <div class='ocr_carea' id='block_1_64' title="bbox 161 3251 1751 3325">
    <p class='ocr_par' dir='ltr' id='par_1_64' title="bbox 161 3251 1751 3325">
     <span class='ocr_line' id='line_1_64' title="bbox 161 3251 1751 3325; baseline 0 -20"><span class='ocrx_word' id='word_1_523' title='bbox 161 3265 365 3316; x_wconf 76' lang='lat' dir='ltr'><strong>cnttt,</strong></span> <span class='ocrx_word' id='word_1_524' title='bbox 403 3252 476 3323; x_wconf 80' lang='lat' dir='ltr'><strong>l).</strong></span> <span class='ocrx_word' id='word_1_525' title='bbox 511 3251 663 3308; x_wconf 87' lang='lat' dir='ltr'><strong>Unde</strong></span> <span class='ocrx_word' id='word_1_526' title='bbox 690 3262 742 3308; x_wconf 91' lang='lat' dir='ltr'><strong>et</strong></span> <span class='ocrx_word' id='word_1_527' title='bbox 772 3253 960 3309; x_wconf 90' lang='lat' dir='ltr'><strong>beatus</strong></span> <span class='ocrx_word' id='word_1_528' title='bbox 983 3251 1218 3308; x_wconf 83' lang='lat' dir='ltr'><strong>Joannes</strong></span> <span class='ocrx_word' id='word_1_529' title='bbox 1257 3251 1530 3325; x_wconf 90' lang='lat' dir='ltr'><strong>apostolus</strong></span> <span class='ocrx_word' id='word_1_530' title='bbox 1557 3251 1751 3306; x_wconf 85' lang='lat' dir='ltr'><strong>distin-</strong></span> 
     </span>
    </p>
   </div>
   <div class='ocr_carea' id='block_1_65' title="bbox 161 3342 1749 3414">
    <p class='ocr_par' dir='ltr' id='par_1_65' title="bbox 161 3342 1749 3414">
     <span class='ocr_line' id='line_1_65' title="bbox 161 3342 1749 3414; baseline 0.001 -20"><span class='ocrx_word' id='word_1_531' title='bbox 161 3355 344 3412; x_wconf 83' lang='lat' dir='ltr'><strong>guens</strong></span> <span class='ocrx_word' id='word_1_532' title='bbox 371 3343 512 3398; x_wconf 91' lang='lat' dir='ltr'><strong>inter</strong></span> <span class='ocrx_word' id='word_1_533' title='bbox 538 3344 894 3400; x_wconf 83' lang='lat' dir='ltr'><strong>habitatorem</strong></span> <span class='ocrx_word' id='word_1_534' title='bbox 937 3343 1147 3414; x_wconf 89' lang='lat' dir='ltr'><strong>piorum</strong></span> <span class='ocrx_word' id='word_1_535' title='bbox 1181 3342 1367 3409; x_wconf 91' lang='lat' dir='ltr'><strong>Deum,</strong></span> <span class='ocrx_word' id='word_1_536' title='bbox 1399 3355 1453 3397; x_wconf 89' lang='lat' dir='ltr'><strong>et</strong></span> <span class='ocrx_word' id='word_1_537' title='bbox 1483 3342 1749 3397; x_wconf 84' lang='lat' dir='ltr'><strong>habitato-</strong></span> 
     </span>
    </p>
   </div>
   <div class='ocr_carea' id='block_1_66' title="bbox 164 3431 1750 3503">
    <p class='ocr_par' dir='ltr' id='par_1_66' title="bbox 164 3431 1750 3503">
     <span class='ocr_line' id='line_1_66' title="bbox 164 3431 1750 3503; baseline -0.002 -15"><span class='ocrx_word' id='word_1_538' title='bbox 164 3449 285 3489; x_wconf 88' lang='lat' dir='ltr'><strong>rem</strong></span> <span class='ocrx_word' id='word_1_539' title='bbox 325 3433 607 3503; x_wconf 89' lang='lat' dir='ltr'><strong>impiorum</strong></span> <span class='ocrx_word' id='word_1_540' title='bbox 638 3434 928 3500; x_wconf 88' lang='lat' dir='ltr'><strong>diabolum,</strong></span> <span class='ocrx_word' id='word_1_541' title='bbox 958 3434 1089 3490; x_wconf 89' lang='lat' dir='ltr'><strong>dicit</strong></span> <span class='ocrx_word' id='word_1_542' title='bbox 1121 3433 1400 3489; x_wconf 86' lang='lat' dir='ltr'><strong>lidelibus:</strong></span> <span class='ocrx_word' id='word_1_543' title='bbox 1434 3431 1537 3487; x_wconf 86' lang='lat' dir='ltr'><strong>Vos</strong></span> <span class='ocrx_word' id='word_1_544' title='bbox 1559 3447 1621 3486; x_wconf 76' lang='lat' dir='ltr'><strong>ex</strong></span> <span class='ocrx_word' id='word_1_545' title='bbox 1641 3431 1750 3486; x_wconf 88' lang='lat' dir='ltr'><strong>Deo</strong></span> 
     </span>
    </p>
   </div>
   <div class='ocr_carea' id='block_1_67' title="bbox 159 3525 1750 3598">
    <p class='ocr_par' dir='ltr' id='par_1_67' title="bbox 159 3525 1750 3598">
     <span class='ocr_line' id='line_1_67' title="bbox 159 3525 1750 3598; baseline -0.003 -16"><span class='ocrx_word' id='word_1_546' title='bbox 159 3526 318 3590; x_wconf 82' lang='lat' dir='ltr'><strong>estis,</strong></span> <span class='ocrx_word' id='word_1_547' title='bbox 339 3525 513 3594; x_wconf 74' lang='lat' dir='ltr'><strong>filioli,</strong></span> <span class='ocrx_word' id='word_1_548' title='bbox 535 3535 583 3581; x_wconf 90' lang='lat' dir='ltr'><strong>et</strong></span> <span class='ocrx_word' id='word_1_549' title='bbox 613 3527 804 3582; x_wconf 85' lang='lat' dir='ltr'><strong>vicistis</strong></span> <span class='ocrx_word' id='word_1_550' title='bbox 824 3543 928 3592; x_wconf 85' lang='lat' dir='ltr'><strong>eos,</strong></span> <span class='ocrx_word' id='word_1_551' title='bbox 969 3525 1215 3597; x_wconf 87' lang='lat' dir='ltr'><strong>quoniam</strong></span> <span class='ocrx_word' id='word_1_552' title='bbox 1254 3525 1426 3598; x_wconf 86' lang='lat' dir='ltr'><strong>major</strong></span> <span class='ocrx_word' id='word_1_553' title='bbox 1465 3534 1539 3579; x_wconf 87' lang='lat' dir='ltr'><strong>est</strong></span> <span class='ocrx_word' id='word_1_554' title='bbox 1580 3525 1669 3597; x_wconf 89' lang='lat' dir='ltr'><strong>qui</strong></span> <span class='ocrx_word' id='word_1_555' title='bbox 1697 3525 1750 3577; x_wconf 87' lang='lat' dir='ltr'><strong>in</strong></span> 
     </span>
    </p>
   </div>
   <div class='ocr_carea' id='block_1_68' title="bbox 158 3617 1750 3692">
    <p class='ocr_par' dir='ltr' id='par_1_68' title="bbox 158 3617 1750 3692">
     <span class='ocr_line' id='line_1_68' title="bbox 158 3617 1750 3692; baseline 0.001 -20"><span class='ocrx_word' id='word_1_556' title='bbox 158 3618 313 3672; x_wconf 78' lang='lat' dir='ltr'><strong>vobis</strong></span> <span class='ocrx_word' id='word_1_557' title='bbox 337 3627 410 3672; x_wconf 81' lang='lat' dir='ltr'><strong>est</strong></span> <span class='ocrx_word' id='word_1_558' title='bbox 433 3635 589 3690; x_wconf 89' lang='lat' dir='ltr'><strong>quam</strong></span> <span class='ocrx_word' id='word_1_559' title='bbox 617 3620 706 3690; x_wconf 85' lang='lat' dir='ltr'><strong>qui</strong></span> <span class='ocrx_word' id='word_1_560' title='bbox 729 3620 783 3675; x_wconf 86' lang='lat' dir='ltr'><strong>in</strong></span> <span class='ocrx_word' id='word_1_561' title='bbox 805 3620 998 3674; x_wconf 87' lang='lat' dir='ltr'><strong>mundo</strong></span> <span class='ocrx_word' id='word_1_562' title='bbox 1030 3619 1081 3692; x_wconf 90' lang='lat' dir='ltr'><strong>(I</strong></span> <span class='ocrx_word' id='word_1_563' title='bbox 1110 3617 1268 3674; x_wconf 86' lang='lat' dir='ltr'><strong>Joan.</strong></span> <span class='ocrx_word' id='word_1_564' title='bbox 1299 3634 1370 3682; x_wconf 78' lang='lat' dir='ltr'><strong>tv,</strong></span> <span class='ocrx_word' id='word_1_565' title='bbox 1401 3619 1478 3690; x_wconf 68' lang='grc'><strong>4).</strong></span> <span class='ocrx_word' id='word_1_566' title='bbox 1503 3618 1625 3673; x_wconf 61' lang='lat' dir='ltr'><strong>“(BC</strong></span> <span class='ocrx_word' id='word_1_567' title='bbox 1650 3619 1750 3674; x_wconf 91' lang='lat' dir='ltr'><strong>isle</strong></span> 
     </span>
    </p>
   </div>
   <div class='ocr_carea' id='block_1_69' title="bbox 161 3707 1751 3779">
    <p class='ocr_par' dir='ltr' id='par_1_69' title="bbox 161 3707 1751 3779">
     <span class='ocr_line' id='line_1_69' title="bbox 161 3707 1751 3779; baseline -0.001 -15"><span class='ocrx_word' id='word_1_568' title='bbox 161 3709 212 3764; x_wconf 82' lang='lat' dir='ltr'><strong>si</strong></span> <span class='ocrx_word' id='word_1_569' title='bbox 241 3708 440 3779; x_wconf 83' lang='lat' dir='ltr'><strong>corrigi</strong></span> <span class='ocrx_word' id='word_1_570' title='bbox 469 3708 759 3774; x_wconf 88' lang='lat' dir='ltr'><strong>desiderat,</strong></span> <span class='ocrx_word' id='word_1_571' title='bbox 792 3709 1022 3764; x_wconf 86' lang='lat' dir='ltr'><strong>fideliter</strong></span> <span class='ocrx_word' id='word_1_572' title='bbox 1051 3725 1117 3764; x_wconf 81' lang='lat' dir='ltr'><strong>ex</strong></span> <span class='ocrx_word' id='word_1_573' title='bbox 1147 3709 1442 3778; x_wconf 90' lang='lat' dir='ltr'><strong>Scripturis</strong></span> <span class='ocrx_word' id='word_1_574' title='bbox 1471 3707 1667 3775; x_wconf 90' lang='lat' dir='ltr'><strong>discat,</strong></span> <span class='ocrx_word' id='word_1_575' title='bbox 1696 3715 1751 3762; x_wconf 94' lang='lat' dir='ltr'><strong>et</strong></span> 
     </span>
    </p>
   </div>
   <div class='ocr_carea' id='block_1_70' title="bbox 159 3797 1748 3874">
    <p class='ocr_par' dir='ltr' id='par_1_70' title="bbox 159 3797 1748 3874">
     <span class='ocr_line' id='line_1_70' title="bbox 159 3797 1748 3874; baseline 0.001 -22"><span class='ocrx_word' id='word_1_576' title='bbox 159 3813 276 3852; x_wconf 91' lang='lat' dir='ltr'><strong>non</strong></span> <span class='ocrx_word' id='word_1_577' title='bbox 311 3797 560 3854; x_wconf 88' lang='lat' dir='ltr'><strong>humanis</strong></span> <span class='ocrx_word' id='word_1_578' title='bbox 587 3807 643 3853; x_wconf 92' lang='lat' dir='ltr'><strong>et</strong></span> <span class='ocrx_word' id='word_1_579' title='bbox 679 3799 831 3854; x_wconf 88' lang='lat' dir='ltr'><strong>vanis</strong></span> <span class='ocrx_word' id='word_1_580' title='bbox 857 3799 1411 3874; x_wconf 78' lang='lat' dir='ltr'><strong>argumentationibus</strong></span> <span class='ocrx_word' id='word_1_581' title='bbox 1441 3807 1628 3854; x_wconf 88' lang='lat' dir='ltr'><strong>contra</strong></span> <span class='ocrx_word' id='word_1_582' title='bbox 1655 3815 1748 3854; x_wconf 88' lang='lat' dir='ltr'><strong>ve-</strong></span> 
     </span>
    </p>
   </div>
   <div class='ocr_carea' id='block_1_71' title="bbox 160 3873 1746 3960">
    <p class='ocr_par' dir='ltr' id='par_1_71' title="bbox 160 3873 1746 3960">
     <span class='ocr_line' id='line_1_71' title="bbox 160 3873 1746 3960; baseline 0 -18"><span class='ocrx_word' id='word_1_583' title='bbox 160 3888 387 3943; x_wconf 85' lang='lat' dir='ltr'><strong>ritatem</strong></span> <span class='ocrx_word' id='word_1_584' title='bbox 416 3887 508 3943; x_wconf 92' lang='lat' dir='ltr'><strong>Dei</strong></span> <span class='ocrx_word' id='word_1_585' title='bbox 532 3887 720 3959; x_wconf 83' lang='lat' dir='ltr'><strong>litiget,</strong></span> <span class='ocrx_word' id='word_1_586' title='bbox 755 3890 845 3944; x_wconf 90' lang='lat' dir='ltr'><strong>sed</strong></span> <span class='ocrx_word' id='word_1_587' title='bbox 871 3905 927 3944; x_wconf 90' lang='lat' dir='ltr'><strong>se</strong></span> <span class='ocrx_word' id='word_1_588' title='bbox 958 3875 1038 3943; x_wconf 43' lang='lat' dir='ltr'><strong>illi.</strong></span> <span class='ocrx_word' id='word_1_589' title='bbox 1062 3887 1177 3944; x_wconf 91' lang='lat' dir='ltr'><strong>miti</strong></span> <span class='ocrx_word' id='word_1_590' title='bbox 1219 3873 1418 3960; x_wconf 84' lang='lat' dir='ltr'><strong>pietate</strong></span> <span class='ocrx_word' id='word_1_591' title='bbox 1447 3888 1746 3942; x_wconf 83' lang='lat' dir='ltr'><strong>submittat.</strong></span> 
     </span>
    </p>
   </div>
   <div class='ocr_carea' id='block_1_72' title="bbox 236 3976 1752 4051">
    <p class='ocr_par' dir='ltr' id='par_1_72' title="bbox 236 3976 1752 4051">
     <span class='ocr_line' id='line_1_72' title="bbox 236 3976 1752 4051; baseline 0.001 -20"><span class='ocrx_word' id='word_1_592' title='bbox 236 3976 346 4032; x_wconf 90' lang='lat' dir='ltr'><strong>Sed</strong></span> <span class='ocrx_word' id='word_1_593' title='bbox 372 3979 495 4048; x_wconf 89' lang='lat' dir='ltr'><strong>quia</strong></span> <span class='ocrx_word' id='word_1_594' title='bbox 521 3988 688 4034; x_wconf 87' lang='lat' dir='ltr'><strong>totum</strong></span> <span class='ocrx_word' id='word_1_595' title='bbox 719 3981 817 4034; x_wconf 89' lang='lat' dir='ltr'><strong>hoc</strong></span> <span class='ocrx_word' id='word_1_596' title='bbox 833 3982 973 4050; x_wconf 88' lang='lat' dir='ltr'><strong>quod</strong></span> <span class='ocrx_word' id='word_1_597' title='bbox 987 3980 1052 4036; x_wconf 85' lang='lat' dir='ltr'><strong>de</strong></span> <span class='ocrx_word' id='word_1_598' title='bbox 1077 3979 1177 4035; x_wconf 86' lang='lat' dir='ltr'><strong>illis</strong></span> <span class='ocrx_word' id='word_1_599' title='bbox 1201 3980 1290 4051; x_wconf 88' lang='lat' dir='ltr'><strong>qui</strong></span> <span class='ocrx_word' id='word_1_600' title='bbox 1321 3979 1372 4033; x_wconf 90' lang='lat' dir='ltr'><strong>in</strong></span> <span class='ocrx_word' id='word_1_601' title='bbox 1391 3996 1562 4034; x_wconf 91' lang='lat' dir='ltr'><strong>massa</strong></span> <span class='ocrx_word' id='word_1_602' title='bbox 1590 3979 1752 4050; x_wconf 86' lang='lat' dir='ltr'><strong>origi-</strong></span> 
     </span>
    </p>
   </div>
   <div class='ocr_carea' id='block_1_73' title="bbox 158 4070 1747 4144">
    <p class='ocr_par' dir='ltr' id='par_1_73' title="bbox 158 4070 1747 4144">
     <span class='ocr_line' id='line_1_73' title="bbox 158 4070 1747 4144; baseline -0.001 -20"><span class='ocrx_word' id='word_1_603' title='bbox 158 4070 529 4142; x_wconf 83' lang='lat' dir='ltr'><strong>nalispeccati</strong></span> <span class='ocrx_word' id='word_1_604' title='bbox 565 4071 732 4125; x_wconf 88' lang='lat' dir='ltr'><strong>relicti</strong></span> <span class='ocrx_word' id='word_1_605' title='bbox 763 4071 1073 4139; x_wconf 91' lang='lat' dir='ltr'><strong>sunt,dicit,</strong></span> <span class='ocrx_word' id='word_1_606' title='bbox 1102 4087 1205 4126; x_wconf 91' lang='lat' dir='ltr'><strong>non</strong></span> <span class='ocrx_word' id='word_1_607' title='bbox 1242 4072 1310 4126; x_wconf 94' lang='lat' dir='ltr'><strong>ob</strong></span> <span class='ocrx_word' id='word_1_608' title='bbox 1336 4071 1478 4144; x_wconf 72' lang='lat' dir='ltr'><strong>aliud</strong></span> <span class='ocrx_word' id='word_1_609' title='bbox 1508 4071 1747 4142; x_wconf 85' lang='lat' dir='ltr'><strong>replicat,</strong></span> 
     </span>
    </p>
   </div>
   <div class='ocr_carea' id='block_1_74' title="bbox 155 4160 1752 4232">
    <p class='ocr_par' dir='ltr' id='par_1_74' title="bbox 155 4160 1752 4232">
     <span class='ocr_line' id='line_1_74' title="bbox 155 4160 1752 4232; baseline 0.004 -19"><span class='ocrx_word' id='word_1_610' title='bbox 155 4160 268 4213; x_wconf 90' lang='lat' dir='ltr'><strong>nisi</strong></span> <span class='ocrx_word' id='word_1_611' title='bbox 296 4168 354 4212; x_wconf 90' lang='lat' dir='ltr'><strong>ut</strong></span> <span class='ocrx_word' id='word_1_612' title='bbox 381 4174 475 4214; x_wconf 89' lang='lat' dir='ltr'><strong>eos</strong></span> <span class='ocrx_word' id='word_1_613' title='bbox 491 4161 861 4216; x_wconf 88' lang='lat' dir='ltr'><strong>tantummodo</strong></span> <span class='ocrx_word' id='word_1_614' title='bbox 890 4162 1094 4232; x_wconf 89' lang='lat' dir='ltr'><strong>peccati</strong></span> <span class='ocrx_word' id='word_1_615' title='bbox 1123 4161 1399 4232; x_wconf 80' lang='lat' dir='ltr'><strong>originalis</strong></span> <span class='ocrx_word' id='word_1_616' title='bbox 1424 4161 1639 4218; x_wconf 81' lang='lat' dir='ltr'><strong>vinculo</strong></span> <span class='ocrx_word' id='word_1_617' title='bbox 1657 4164 1752 4219; x_wconf 85' lang='lat' dir='ltr'><strong>ob—</strong></span> 
     </span>
    </p>
   </div>
   <div class='ocr_carea' id='block_1_75' title="bbox 156 4249 1749 4323">
    <p class='ocr_par' dir='ltr' id='par_1_75' title="bbox 156 4249 1749 4323">
     <span class='ocr_line' id='line_1_75' title="bbox 156 4249 1749 4323; baseline 0.003 -20"><span class='ocrx_word' id='word_1_618' title='bbox 156 4249 407 4316; x_wconf 67' lang='lat' dir='ltr'><strong>strictos,</strong></span> <span class='ocrx_word' id='word_1_619' title='bbox 432 4249 576 4305; x_wconf 90' lang='lat' dir='ltr'><strong>nullo</strong></span> <span class='ocrx_word' id='word_1_620' title='bbox 593 4249 684 4305; x_wconf 87' lang='lat' dir='ltr'><strong>Dei</strong></span> <span class='ocrx_word' id='word_1_621' title='bbox 699 4251 900 4323; x_wconf 90' lang='lat' dir='ltr'><strong>judicio</strong></span> <span class='ocrx_word' id='word_1_622' title='bbox 922 4261 1127 4306; x_wconf 88' lang='lat' dir='ltr'><strong>asserat</strong></span> <span class='ocrx_word' id='word_1_623' title='bbox 1151 4254 1216 4308; x_wconf 90' lang='lat' dir='ltr'><strong>ad</strong></span> <span class='ocrx_word' id='word_1_624' title='bbox 1238 4267 1449 4322; x_wconf 69' lang='lat' dir='ltr'><strong>poenam</strong></span> <span class='ocrx_word' id='word_1_625' title='bbox 1472 4255 1749 4323; x_wconf 84' lang='lat' dir='ltr'><strong>praedesti-</strong></span> 
     </span>
    </p>
   </div>
   <div class='ocr_carea' id='block_1_76' title="bbox 157 4327 1748 4412">
    <p class='ocr_par' dir='ltr' id='par_1_76' title="bbox 157 4327 1748 4412">
     <span class='ocr_line' id='line_1_76' title="bbox 157 4327 1748 4412; baseline 0.003 -18"><span class='ocrx_word' id='word_1_626' title='bbox 157 4327 346 4404; x_wconf 75' lang='lat' dir='ltr'><strong>tiatos,</strong></span> <span class='ocrx_word' id='word_1_627' title='bbox 395 4339 740 4410; x_wconf 64' lang='lat' dir='ltr'><strong>quaerendum</strong></span> <span class='ocrx_word' id='word_1_628' title='bbox 784 4341 852 4396; x_wconf 89' lang='lat' dir='ltr'><strong>ab</strong></span> <span class='ocrx_word' id='word_1_629' title='bbox 900 4355 965 4396; x_wconf 90' lang='lat' dir='ltr'><strong>eo</strong></span> <span class='ocrx_word' id='word_1_630' title='bbox 1010 4353 1092 4396; x_wconf 92' lang='lat' dir='ltr'><strong>cst</strong></span> <span class='ocrx_word' id='word_1_631' title='bbox 1133 4349 1186 4396; x_wconf 92' lang='lat' dir='ltr'><strong>et</strong></span> <span class='ocrx_word' id='word_1_632' title='bbox 1226 4356 1257 4396; x_wconf 91' lang='lat' dir='ltr'><strong>a</strong></span> <span class='ocrx_word' id='word_1_633' title='bbox 1301 4343 1512 4398; x_wconf 69' lang='lat' dir='ltr'><strong>caneris</strong></span> <span class='ocrx_word' id='word_1_634' title='bbox 1545 4342 1633 4412; x_wconf 90' lang='lat' dir='ltr'><strong>qui</strong></span> <span class='ocrx_word' id='word_1_635' title='bbox 1678 4343 1748 4398; x_wconf 90' lang='lat' dir='ltr'><strong>ita</strong></span> 
     </span>
    </p>
   </div>
   <div class='ocr_carea' id='block_1_77' title="bbox 157 4434 1744 4508">
    <p class='ocr_par' dir='ltr' id='par_1_77' title="bbox 157 4434 1744 4508">
     <span class='ocr_line' id='line_1_77' title="bbox 157 4434 1744 4508; baseline 0.001 -17"><span class='ocrx_word' id='word_1_636' title='bbox 157 4435 425 4498; x_wconf 81' lang='lat' dir='ltr'><strong>sentiunt,</strong></span> <span class='ocrx_word' id='word_1_637' title='bbox 453 4443 630 4491; x_wconf 92' lang='lat' dir='ltr'><strong>utrum</strong></span> <span class='ocrx_word' id='word_1_638' title='bbox 656 4434 834 4508; x_wconf 91' lang='lat' dir='ltr'><strong>aliquo</strong></span> <span class='ocrx_word' id='word_1_639' title='bbox 858 4436 949 4491; x_wconf 87' lang='lat' dir='ltr'><strong>Dei</strong></span> <span class='ocrx_word' id='word_1_640' title='bbox 973 4437 1176 4508; x_wconf 89' lang='lat' dir='ltr'><strong>judicio</strong></span> <span class='ocrx_word' id='word_1_641' title='bbox 1198 4435 1395 4492; x_wconf 76' lang='lat' dir='ltr'><strong>factum</strong></span> <span class='ocrx_word' id='word_1_642' title='bbox 1421 4437 1488 4492; x_wconf 90' lang='lat' dir='ltr'><strong>sit</strong></span> <span class='ocrx_word' id='word_1_643' title='bbox 1515 4445 1571 4492; x_wconf 91' lang='lat' dir='ltr'><strong>ut</strong></span> <span class='ocrx_word' id='word_1_644' title='bbox 1599 4446 1744 4493; x_wconf 79' lang='lat' dir='ltr'><strong>tanta</strong></span> 
     </span>
    </p>
   </div>
   <div class='ocr_carea' id='block_1_78' title="bbox 160 4517 1744 4604">
    <p class='ocr_par' dir='ltr' id='par_1_78' title="bbox 160 4517 1744 4604">
     <span class='ocr_line' id='line_1_78' title="bbox 160 4517 1744 4604; baseline 0.004 -22"><span class='ocrx_word' id='word_1_645' title='bbox 160 4517 452 4596; x_wconf 84' lang='lat' dir='ltr'><strong>multitudo</strong></span> <span class='ocrx_word' id='word_1_646' title='bbox 477 4528 690 4599; x_wconf 81' lang='lat' dir='ltr'><strong>generis</strong></span> <span class='ocrx_word' id='word_1_647' title='bbox 717 4529 936 4584; x_wconf 90' lang='lat' dir='ltr'><strong>humani</strong></span> <span class='ocrx_word' id='word_1_648' title='bbox 961 4529 1034 4584; x_wconf 90' lang='lat' dir='ltr'><strong>illi</strong></span> <span class='ocrx_word' id='word_1_649' title='bbox 1061 4538 1282 4602; x_wconf 87' lang='lat' dir='ltr'><strong>peccato</strong></span> <span class='ocrx_word' id='word_1_650' title='bbox 1316 4530 1561 4604; x_wconf 83' lang='lat' dir='ltr'><strong>originali</strong></span> <span class='ocrx_word' id='word_1_651' title='bbox 1590 4531 1744 4589; x_wconf 81' lang='lat' dir='ltr'><strong>ﬁeret</strong></span> 
     </span>
    </p>
   </div>
   <div class='ocr_carea' id='block_1_79' title="bbox 159 4617 1745 4696">
    <p class='ocr_par' dir='ltr' id='par_1_79' title="bbox 159 4617 1745 4696">
     <span class='ocr_line' id='line_1_79' title="bbox 159 4617 1745 4696; baseline 0.004 -24"><span class='ocrx_word' id='word_1_652' title='bbox 159 4617 418 4696; x_wconf 77' lang='lat' dir='ltr'><strong>obnoxia,</strong></span> <span class='ocrx_word' id='word_1_653' title='bbox 447 4633 512 4673; x_wconf 90' lang='lat' dir='ltr'><strong>ac</strong></span> <span class='ocrx_word' id='word_1_654' title='bbox 539 4633 635 4690; x_wconf 88' lang='lat' dir='ltr'><strong>per</strong></span> <span class='ocrx_word' id='word_1_655' title='bbox 663 4618 763 4674; x_wconf 87' lang='lat' dir='ltr'><strong>hoc</strong></span> <span class='ocrx_word' id='word_1_656' title='bbox 791 4619 952 4673; x_wconf 89' lang='lat' dir='ltr'><strong>etiam</strong></span> <span class='ocrx_word' id='word_1_657' title='bbox 998 4629 1214 4674; x_wconf 75' lang='lat' dir='ltr'><strong>teternae</strong></span> <span class='ocrx_word' id='word_1_658' title='bbox 1247 4621 1408 4674; x_wconf 80' lang='lat' dir='ltr'><strong>morti</strong></span> <span class='ocrx_word' id='word_1_659' title='bbox 1436 4620 1635 4687; x_wconf 77' lang='lat' dir='ltr'><strong>debita,</strong></span> <span class='ocrx_word' id='word_1_660' title='bbox 1675 4636 1745 4678; x_wconf 88' lang='lat' dir='ltr'><strong>an</strong></span> 
     </span>
    </p>
   </div>
   <div class='ocr_carea' id='block_1_80' title="bbox 160 4709 1744 4782">
    <p class='ocr_par' dir='ltr' id='par_1_80' title="bbox 160 4709 1744 4782">
     <span class='ocr_line' id='line_1_80' title="bbox 160 4709 1744 4782; baseline 0.003 -16"><span class='ocrx_word' id='word_1_661' title='bbox 160 4710 316 4766; x_wconf 74' lang='lat' dir='ltr'><strong>non?</strong></span> <span class='ocrx_word' id='word_1_662' title='bbox 350 4709 408 4766; x_wconf 92' lang='lat' dir='ltr'><strong>Si</strong></span> <span class='ocrx_word' id='word_1_663' title='bbox 447 4712 589 4767; x_wconf 88' lang='lat' dir='ltr'><strong>enim</strong></span> <span class='ocrx_word' id='word_1_664' title='bbox 635 4711 780 4767; x_wconf 89' lang='lat' dir='ltr'><strong>nullo</strong></span> <span class='ocrx_word' id='word_1_665' title='bbox 832 4711 923 4766; x_wconf 87' lang='lat' dir='ltr'><strong>Dei</strong></span> <span class='ocrx_word' id='word_1_666' title='bbox 963 4710 1190 4782; x_wconf 88' lang='lat' dir='ltr'><strong>judicio,</strong></span> <span class='ocrx_word' id='word_1_667' title='bbox 1235 4712 1334 4768; x_wconf 78' lang='lat' dir='ltr'><strong>sed</strong></span> <span class='ocrx_word' id='word_1_668' title='bbox 1372 4715 1744 4771; x_wconf 86' lang='lat' dir='ltr'><strong>tantummodo</strong></span> 
     </span>
    </p>
   </div>
   <div class='ocr_carea' id='block_1_81' title="bbox 158 4803 1743 4877">
    <p class='ocr_par' dir='ltr' id='par_1_81' title="bbox 158 4803 1743 4877">
     <span class='ocr_line' id='line_1_81' title="bbox 158 4803 1743 4877; baseline 0.003 -21"><span class='ocrx_word' id='word_1_669' title='bbox 158 4803 394 4858; x_wconf 87' lang='lat' dir='ltr'><strong>naturali</strong></span> <span class='ocrx_word' id='word_1_670' title='bbox 425 4818 582 4860; x_wconf 90' lang='lat' dir='ltr'><strong>cursu</strong></span> <span class='ocrx_word' id='word_1_671' title='bbox 613 4803 814 4859; x_wconf 64' lang='lat' dir='ltr'><strong>vitiata:</strong></span> <span class='ocrx_word' id='word_1_672' title='bbox 840 4803 1065 4875; x_wconf 79' lang='lat' dir='ltr'><strong>originis</strong></span> <span class='ocrx_word' id='word_1_673' title='bbox 1092 4804 1194 4860; x_wconf 91' lang='lat' dir='ltr'><strong>hoc</strong></span> <span class='ocrx_word' id='word_1_674' title='bbox 1237 4803 1432 4861; x_wconf 87' lang='lat' dir='ltr'><strong>factum</strong></span> <span class='ocrx_word' id='word_1_675' title='bbox 1463 4814 1566 4872; x_wconf 89' lang='lat' dir='ltr'><strong>est,</strong></span> <span class='ocrx_word' id='word_1_676' title='bbox 1615 4820 1743 4877; x_wconf 82' lang='lat' dir='ltr'><strong>ergo</strong></span> 
     </span>
    </p>
   </div>
   <div class='ocr_carea' id='block_1_82' title="bbox 157 4893 1742 4972">
    <p class='ocr_par' dir='ltr' id='par_1_82' title="bbox 157 4893 1742 4972">
     <span class='ocr_line' id='line_1_82' title="bbox 157 4893 1742 4972; baseline 0.003 -24"><span class='ocrx_word' id='word_1_677' title='bbox 157 4893 241 4949; x_wconf 86' lang='lat' dir='ltr'><strong>sic</strong></span> <span class='ocrx_word' id='word_1_678' title='bbox 286 4903 568 4964; x_wconf 89' lang='lat' dir='ltr'><strong>peccatum</strong></span> <span class='ocrx_word' id='word_1_679' title='bbox 602 4896 970 4972; x_wconf 85' lang='lat' dir='ltr'><strong>tantummodo</strong></span> <span class='ocrx_word' id='word_1_680' title='bbox 1011 4894 1062 4949; x_wconf 93' lang='lat' dir='ltr'><strong>in</strong></span> <span class='ocrx_word' id='word_1_681' title='bbox 1090 4908 1182 4951; x_wconf 91' lang='lat' dir='ltr'><strong>eos</strong></span> <span class='ocrx_word' id='word_1_682' title='bbox 1210 4894 1528 4952; x_wconf 89' lang='lat' dir='ltr'><strong>naturaliter</strong></span> <span class='ocrx_word' id='word_1_683' title='bbox 1551 4909 1617 4950; x_wconf 85' lang='lat' dir='ltr'><strong>ex</strong></span> <span class='ocrx_word' id='word_1_684' title='bbox 1651 4893 1742 4952; x_wconf 92' lang='lat' dir='ltr'><strong>illo</strong></span> 
     </span>
    </p>
   </div>
   <div class='ocr_carea' id='block_1_83' title="bbox 154 4973 1745 5062">
    <p class='ocr_par' dir='ltr' id='par_1_83' title="bbox 154 4973 1745 5062">
     <span class='ocr_line' id='line_1_83' title="bbox 154 4973 1745 5062; baseline 0 -18"><span class='ocrx_word' id='word_1_685' title='bbox 154 4988 339 5062; x_wconf 90' lang='lat' dir='ltr'><strong>primo</strong></span> <span class='ocrx_word' id='word_1_686' title='bbox 364 4989 580 5044; x_wconf 90' lang='lat' dir='ltr'><strong>homine</strong></span> <span class='ocrx_word' id='word_1_687' title='bbox 623 4973 946 5044; x_wconf 81' lang='lat' dir='ltr'><strong>transfusum</strong></span> <span class='ocrx_word' id='word_1_688' title='bbox 980 4998 1085 5054; x_wconf 89' lang='lat' dir='ltr'><strong>est,</strong></span> <span class='ocrx_word' id='word_1_689' title='bbox 1131 4997 1189 5042; x_wconf 92' lang='lat' dir='ltr'><strong>ut</strong></span> <span class='ocrx_word' id='word_1_690' title='bbox 1217 4988 1361 5043; x_wconf 89' lang='lat' dir='ltr'><strong>nulla</strong></span> <span class='ocrx_word' id='word_1_691' title='bbox 1389 4988 1598 5059; x_wconf 88' lang='lat' dir='ltr'><strong>peccati</strong></span> <span class='ocrx_word' id='word_1_692' title='bbox 1628 4988 1745 5060; x_wconf 90' lang='lat' dir='ltr'><strong>ejus</strong></span> 
     </span>
    </p>
   </div>
   <div class='ocr_carea' id='block_1_84' title="bbox 154 5077 1738 5146">
    <p class='ocr_par' dir='ltr' id='par_1_84' title="bbox 154 5077 1738 5146">
     <span class='ocr_line' id='line_1_84' title="bbox 154 5077 1738 5146; baseline 0.001 -12"><span class='ocrx_word' id='word_1_693' title='bbox 154 5079 436 5136; x_wconf 89' lang='lat' dir='ltr'><strong>damnatio</strong></span> <span class='ocrx_word' id='word_1_694' title='bbox 461 5077 512 5135; x_wconf 93' lang='lat' dir='ltr'><strong>in</strong></span> <span class='ocrx_word' id='word_1_695' title='bbox 528 5095 621 5135; x_wconf 91' lang='lat' dir='ltr'><strong>eos</strong></span> <span class='ocrx_word' id='word_1_696' title='bbox 645 5079 1130 5146; x_wconf 81' lang='lat' dir='ltr'><strong>transfunderetur,</strong></span> <span class='ocrx_word' id='word_1_697' title='bbox 1147 5088 1201 5135; x_wconf 91' lang='lat' dir='ltr'><strong>et</strong></span> <span class='ocrx_word' id='word_1_698' title='bbox 1224 5081 1464 5136; x_wconf 88' lang='lat' dir='ltr'><strong>cucurrit</strong></span> <span class='ocrx_word' id='word_1_699' title='bbox 1483 5080 1536 5136; x_wconf 93' lang='lat' dir='ltr'><strong>in</strong></span> <span class='ocrx_word' id='word_1_700' title='bbox 1562 5096 1656 5135; x_wconf 91' lang='lat' dir='ltr'><strong>eos</strong></span> <span class='ocrx_word' id='word_1_701' title='bbox 1675 5096 1738 5136; x_wconf 79' lang='lat' dir='ltr'><strong>ex</strong></span> 
     </span>
    </p>
   </div>
   <div class='ocr_carea' id='block_1_85' title="bbox 153 5171 1741 5245">
    <p class='ocr_par' dir='ltr' id='par_1_85' title="bbox 153 5171 1741 5245">
     <span class='ocr_line' id='line_1_85' title="bbox 153 5171 1741 5245; baseline 0.002 -19"><span class='ocrx_word' id='word_1_702' title='bbox 153 5172 329 5227; x_wconf 88' lang='lat' dir='ltr'><strong>Adam</strong></span> <span class='ocrx_word' id='word_1_703' title='bbox 357 5171 470 5228; x_wconf 88' lang='lat' dir='ltr'><strong>sola</strong></span> <span class='ocrx_word' id='word_1_704' title='bbox 494 5174 646 5244; x_wconf 87' lang='lat' dir='ltr'><strong>origo</strong></span> <span class='ocrx_word' id='word_1_705' title='bbox 673 5175 898 5245; x_wconf 90' lang='lat' dir='ltr'><strong>peccati,</strong></span> <span class='ocrx_word' id='word_1_706' title='bbox 931 5189 1036 5228; x_wconf 92' lang='lat' dir='ltr'><strong>non</strong></span> <span class='ocrx_word' id='word_1_707' title='bbox 1072 5173 1236 5229; x_wconf 89' lang='lat' dir='ltr'><strong>etiam</strong></span> <span class='ocrx_word' id='word_1_708' title='bbox 1257 5173 1401 5245; x_wconf 88' lang='lat' dir='ltr'><strong>justa</strong></span> <span class='ocrx_word' id='word_1_709' title='bbox 1427 5187 1589 5244; x_wconf 72' lang='lat' dir='ltr'><strong>poena</strong></span> <span class='ocrx_word' id='word_1_710' title='bbox 1618 5189 1741 5244; x_wconf 89' lang='lat' dir='ltr'><strong>pec-</strong></span> 
     </span>
    </p>
   </div>
   <div class='ocr_carea' id='block_1_86' title="bbox 154 5265 1736 5338">
    <p class='ocr_par' dir='ltr' id='par_1_86' title="bbox 154 5265 1736 5338">
     <span class='ocr_line' id='line_1_86' title="bbox 154 5265 1736 5338; baseline 0 -17"><span class='ocrx_word' id='word_1_711' title='bbox 154 5265 286 5331; x_wconf 74' lang='lat' dir='ltr'><strong>sati,</strong></span> <span class='ocrx_word' id='word_1_712' title='bbox 320 5269 414 5321; x_wconf 89' lang='lat' dir='ltr'><strong>sed</strong></span> <span class='ocrx_word' id='word_1_713' title='bbox 445 5265 731 5321; x_wconf 81' lang='lat' dir='ltr'><strong>manifeste</strong></span> <span class='ocrx_word' id='word_1_714' title='bbox 758 5265 1044 5337; x_wconf 85' lang='lat' dir='ltr'><strong>Apostolus</strong></span> <span class='ocrx_word' id='word_1_715' title='bbox 1074 5265 1203 5321; x_wconf 90' lang='lat' dir='ltr'><strong>dicit</strong></span> <span class='ocrx_word' id='word_1_716' title='bbox 1251 5265 1392 5336; x_wconf 88' lang='lat' dir='ltr'><strong>quod</strong></span> <span class='ocrx_word' id='word_1_717' title='bbox 1433 5282 1527 5338; x_wconf 85' lang='lat' dir='ltr'><strong>per</strong></span> <span class='ocrx_word' id='word_1_718' title='bbox 1575 5283 1736 5321; x_wconf 87' lang='lat' dir='ltr'><strong>unum</strong></span> 
     </span>
    </p>
   </div>
   <div class='ocr_carea' id='block_1_87' title="bbox 152 5355 1738 5428">
    <p class='ocr_par' dir='ltr' id='par_1_87' title="bbox 152 5355 1738 5428">
     <span class='ocr_line' id='line_1_87' title="bbox 152 5355 1738 5428; baseline 0.001 -18"><span class='ocrx_word' id='word_1_719' title='bbox 152 5355 418 5414; x_wconf 62' lang='lat' dir='ltr'><strong>hominem</strong></span> <span class='ocrx_word' id='word_1_720' title='bbox 439 5366 705 5426; x_wconf 82' lang='lat' dir='ltr'><strong>peccatum</strong></span> <span class='ocrx_word' id='word_1_721' title='bbox 729 5357 939 5410; x_wconf 84' lang='lat' dir='ltr'><strong>intravit</strong></span> <span class='ocrx_word' id='word_1_722' title='bbox 971 5356 1025 5411; x_wconf 90' lang='lat' dir='ltr'><strong>in</strong></span> <span class='ocrx_word' id='word_1_723' title='bbox 1049 5356 1323 5420; x_wconf 87' lang='lat' dir='ltr'><strong>mundum,</strong></span> <span class='ocrx_word' id='word_1_724' title='bbox 1357 5365 1402 5410; x_wconf 90' lang='lat' dir='ltr'><strong>et</strong></span> <span class='ocrx_word' id='word_1_725' title='bbox 1431 5373 1524 5428; x_wconf 84' lang='lat' dir='ltr'><strong>per</strong></span> <span class='ocrx_word' id='word_1_726' title='bbox 1555 5373 1738 5428; x_wconf 82' lang='lat' dir='ltr'><strong>pecca-</strong></span> 
     </span>
    </p>
   </div>
   <div class='ocr_carea' id='block_1_88' title="bbox 149 5449 1734 5521">
    <p class='ocr_par' dir='ltr' id='par_1_88' title="bbox 149 5449 1734 5521">
     <span class='ocr_line' id='line_1_88' title="bbox 149 5449 1734 5521; baseline 0.001 -16"><span class='ocrx_word' id='word_1_727' title='bbox 149 5460 265 5505; x_wconf 80' lang='lat' dir='ltr'><strong>tum</strong></span> <span class='ocrx_word' id='word_1_728' title='bbox 291 5466 453 5514; x_wconf 85' lang='lat' dir='ltr'><strong>mors.</strong></span> <span class='ocrx_word' id='word_1_729' title='bbox 483 5459 530 5504; x_wconf 87' lang='lat' dir='ltr'><strong>et</strong></span> <span class='ocrx_word' id='word_1_730' title='bbox 555 5449 628 5503; x_wconf 86' lang='lat' dir='ltr'><strong>ita</strong></span> <span class='ocrx_word' id='word_1_731' title='bbox 670 5467 724 5504; x_wconf 79' lang='lat' dir='ltr'><strong>in</strong></span> <span class='ocrx_word' id='word_1_732' title='bbox 749 5467 924 5504; x_wconf 85' lang='lat' dir='ltr'><strong>omnes</strong></span> <span class='ocrx_word' id='word_1_733' title='bbox 953 5450 1186 5504; x_wconf 77' lang='lat' dir='ltr'><strong>homines</strong></span> <span class='ocrx_word' id='word_1_734' title='bbox 1214 5450 1514 5520; x_wconf 87' lang='lat' dir='ltr'><strong>pertransiit</strong></span> <span class='ocrx_word' id='word_1_735' title='bbox 1555 5449 1734 5521; x_wconf 85' lang='lat' dir='ltr'><strong>(Rom.</strong></span> 
     </span>
    </p>
   </div>
   <div class='ocr_carea' id='block_1_89' title="bbox 149 5539 1736 5618">
    <p class='ocr_par' dir='ltr' id='par_1_89' title="bbox 149 5539 1736 5618">
     <span class='ocr_line' id='line_1_89' title="bbox 149 5539 1736 5618; baseline 0.001 -24"><span class='ocrx_word' id='word_1_736' title='bbox 149 5557 203 5618; x_wconf 57' lang='grc' dir='ltr'><strong>γ,</strong></span> <span class='ocrx_word' id='word_1_737' title='bbox 239 5541 347 5612; x_wconf 75' lang='lat' dir='ltr'><strong>l2).</strong></span> <span class='ocrx_word' id='word_1_738' title='bbox 379 5539 521 5595; x_wconf 75' lang='lat' dir='ltr'><strong>Vere</strong></span> <span class='ocrx_word' id='word_1_739' title='bbox 546 5555 674 5612; x_wconf 83' lang='lat' dir='ltr'><strong>ergo</strong></span> <span class='ocrx_word' id='word_1_740' title='bbox 697 5554 763 5595; x_wconf 82' lang='lat' dir='ltr'><strong>ex</strong></span> <span class='ocrx_word' id='word_1_741' title='bbox 791 5557 896 5594; x_wconf 91' lang='lat' dir='ltr'><strong>uno</strong></span> <span class='ocrx_word' id='word_1_742' title='bbox 921 5549 975 5595; x_wconf 91' lang='lat' dir='ltr'><strong>et</strong></span> <span class='ocrx_word' id='word_1_743' title='bbox 1002 5556 1100 5610; x_wconf 90' lang='lat' dir='ltr'><strong>per</strong></span> <span class='ocrx_word' id='word_1_744' title='bbox 1126 5557 1288 5594; x_wconf 92' lang='lat' dir='ltr'><strong>unum</strong></span> <span class='ocrx_word' id='word_1_745' title='bbox 1319 5540 1594 5594; x_wconf 87' lang='lat' dir='ltr'><strong>hominem</strong></span> <span class='ocrx_word' id='word_1_746' title='bbox 1629 5555 1736 5596; x_wconf 91' lang='lat' dir='ltr'><strong>non</strong></span> 
     </span>
    </p>
   </div>
   <div class='ocr_carea' id='block_1_90' title="bbox 146 5632 1736 5708">
    <p class='ocr_par' dir='ltr' id='par_1_90' title="bbox 146 5632 1736 5708">
     <span class='ocr_line' id='line_1_90' title="bbox 146 5632 1736 5708; baseline 0.001 -18"><span class='ocrx_word' id='word_1_747' title='bbox 146 5632 326 5690; x_wconf 86' lang='lat' dir='ltr'><strong>solum</strong></span> <span class='ocrx_word' id='word_1_748' title='bbox 365 5645 653 5700; x_wconf 66' lang='lat' dir='ltr'><strong>peccatum,</strong></span> <span class='ocrx_word' id='word_1_749' title='bbox 686 5634 779 5690; x_wconf 88' lang='lat' dir='ltr'><strong>sed</strong></span> <span class='ocrx_word' id='word_1_750' title='bbox 809 5636 970 5694; x_wconf 88' lang='lat' dir='ltr'><strong>etiam</strong></span> <span class='ocrx_word' id='word_1_751' title='bbox 1025 5650 1181 5708; x_wconf 76' lang='lat' dir='ltr'><strong>poena</strong></span> <span class='ocrx_word' id='word_1_752' title='bbox 1217 5643 1423 5708; x_wconf 77' lang='lat' dir='ltr'><strong>peccati</strong></span> <span class='ocrx_word' id='word_1_753' title='bbox 1457 5650 1604 5690; x_wconf 88' lang='lat' dir='ltr'><strong>mors</strong></span> <span class='ocrx_word' id='word_1_754' title='bbox 1653 5635 1736 5693; x_wconf 84' lang='lat' dir='ltr'><strong>in-</strong></span> 
     </span>
    </p>
   </div>
   <div class='ocr_carea' id='block_1_91' title="bbox 146 5722 1734 5816">
    <p class='ocr_par' dir='ltr' id='par_1_91' title="bbox 146 5722 1734 5816">
     <span class='ocr_line' id='line_1_91' title="bbox 146 5722 1734 5816; baseline 0.002 -36"><span class='ocrx_word' id='word_1_755' title='bbox 146 5725 306 5800; x_wconf 70' lang='lat' dir='ltr'><strong>trarit</strong></span> <span class='ocrx_word' id='word_1_756' title='bbox 353 5725 406 5790; x_wconf 82' lang='lat' dir='ltr'><strong>in</strong></span> <span class='ocrx_word' id='word_1_757' title='bbox 455 5725 726 5796; x_wconf 73' lang='lat' dir='ltr'><strong>mundum,</strong></span> <span class='ocrx_word' id='word_1_758' title='bbox 761 5724 924 5806; x_wconf 63' lang='lat' dir='ltr'><strong>Cujus</strong></span> <span class='ocrx_word' id='word_1_759' title='bbox 947 5722 1170 5808; x_wconf 69' lang='lat' dir='ltr'><strong>judicio,</strong></span> <span class='ocrx_word' id='word_1_760' title='bbox 1202 5723 1302 5780; x_wconf 85' lang='lat' dir='ltr'><strong>nisi</strong></span> <span class='ocrx_word' id='word_1_761' title='bbox 1338 5723 1478 5784; x_wconf 89' lang='lat' dir='ltr'><strong>illius</strong></span> <span class='ocrx_word' id='word_1_762' title='bbox 1512 5725 1602 5816; x_wconf 84' lang='lat' dir='ltr'><strong>qui</strong></span> <span class='ocrx_word' id='word_1_763' title='bbox 1634 5725 1734 5784; x_wconf 82' lang='lat' dir='ltr'><strong>h0-</strong></span> 
     </span>
    </p>
   </div>
   <div class='ocr_carea' id='block_1_92' title="bbox 1855 3241 3439 3318">
    <p class='ocr_par' dir='ltr' id='par_1_92' title="bbox 1855 3241 3439 3318">
     <span class='ocr_line' id='line_1_92' title="bbox 1855 3241 3439 3318; baseline 0.004 -23"><span class='ocrx_word' id='word_1_764' title='bbox 1855 3242 2031 3306; x_wconf 87' lang='lat' dir='ltr'><strong>mine;</strong></span> <span class='ocrx_word' id='word_1_765' title='bbox 2066 3250 2120 3295; x_wconf 91' lang='lat' dir='ltr'><strong>et</strong></span> <span class='ocrx_word' id='word_1_766' title='bbox 2158 3241 2301 3311; x_wconf 92' lang='lat' dir='ltr'><strong>quod</strong></span> <span class='ocrx_word' id='word_1_767' title='bbox 2342 3243 2505 3312; x_wconf 72' lang='lat' dir='ltr'><strong>ccepit</strong></span> <span class='ocrx_word' id='word_1_768' title='bbox 2538 3243 2590 3297; x_wconf 93' lang='lat' dir='ltr'><strong>in</strong></span> <span class='ocrx_word' id='word_1_769' title='bbox 2621 3251 2874 3314; x_wconf 89' lang='lat' dir='ltr'><strong>parente,</strong></span> <span class='ocrx_word' id='word_1_770' title='bbox 2917 3245 3224 3302; x_wconf 90' lang='lat' dir='ltr'><strong>necessario</strong></span> <span class='ocrx_word' id='word_1_771' title='bbox 3249 3245 3439 3318; x_wconf 86' lang='lat' dir='ltr'><strong>imple-</strong></span> 
     </span>
    </p>
   </div>
   <div class='ocr_carea' id='block_1_93' title="bbox 1854 3332 3439 3407">
    <p class='ocr_par' dir='ltr' id='par_1_93' title="bbox 1854 3332 3439 3407">
     <span class='ocr_line' id='line_1_93' title="bbox 1854 3332 3439 3407; baseline 0.005 -19"><span class='ocrx_word' id='word_1_772' title='bbox 1854 3338 2003 3388; x_wconf 88' lang='lat' dir='ltr'><strong>retur</strong></span> <span class='ocrx_word' id='word_1_773' title='bbox 2027 3333 2081 3387; x_wconf 92' lang='lat' dir='ltr'><strong>in</strong></span> <span class='ocrx_word' id='word_1_774' title='bbox 2110 3333 2311 3389; x_wconf 88' lang='lat' dir='ltr'><strong>sobole.</strong></span> <span class='ocrx_word' id='word_1_775' title='bbox 2353 3332 2488 3388; x_wconf 89' lang='lat' dir='ltr'><strong>Nam</strong></span> <span class='ocrx_word' id='word_1_776' title='bbox 2523 3334 2668 3389; x_wconf 91' lang='lat' dir='ltr'><strong>nulla</strong></span> <span class='ocrx_word' id='word_1_777' title='bbox 2705 3335 2928 3392; x_wconf 91' lang='lat' dir='ltr'><strong>omnino</strong></span> <span class='ocrx_word' id='word_1_778' title='bbox 2955 3335 3098 3407; x_wconf 88' lang='lat' dir='ltr'><strong>apud</strong></span> <span class='ocrx_word' id='word_1_779' title='bbox 3125 3335 3309 3394; x_wconf 78' lang='lat' dir='ltr'><strong>ﬁdeles</strong></span> <span class='ocrx_word' id='word_1_780' title='bbox 3338 3339 3439 3396; x_wconf 79' lang='lat' dir='ltr'><strong>du-</strong></span> 
     </span>
    </p>
   </div>
   <div class='ocr_carea' id='block_1_94' title="bbox 1850 3417 3438 3506">
    <p class='ocr_par' dir='ltr' id='par_1_94' title="bbox 1850 3417 3438 3506">
     <span class='ocr_line' id='line_1_94' title="bbox 1850 3417 3438 3506; baseline 0.006 -26"><span class='ocrx_word' id='word_1_781' title='bbox 1850 3426 2041 3481; x_wconf 90' lang='lat' dir='ltr'><strong>bitatio</strong></span> <span class='ocrx_word' id='word_1_782' title='bbox 2060 3436 2142 3481; x_wconf 89' lang='lat' dir='ltr'><strong>est</strong></span> <span class='ocrx_word' id='word_1_783' title='bbox 2167 3427 2311 3498; x_wconf 89' lang='lat' dir='ltr'><strong>quod</strong></span> <span class='ocrx_word' id='word_1_784' title='bbox 2330 3427 2674 3500; x_wconf 89' lang='lat' dir='ltr'><strong>omnipotens</strong></span> <span class='ocrx_word' id='word_1_785' title='bbox 2697 3427 2843 3485; x_wconf 90' lang='lat' dir='ltr'><strong>Deus</strong></span> <span class='ocrx_word' id='word_1_786' title='bbox 2868 3437 3155 3502; x_wconf 86' lang='lat' dir='ltr'><strong>antequam</strong></span> <span class='ocrx_word' id='word_1_787' title='bbox 3178 3417 3438 3506; x_wconf 61' lang='lat' dir='ltr'><strong>peccaret</strong></span> 
     </span>
    </p>
   </div>
   <div class='ocr_carea' id='block_1_95' title="bbox 1853 3519 3438 3594">
    <p class='ocr_par' dir='ltr' id='par_1_95' title="bbox 1853 3519 3438 3594">
     <span class='ocr_line' id='line_1_95' title="bbox 1853 3519 3438 3594; baseline 0.004 -19"><span class='ocrx_word' id='word_1_788' title='bbox 1853 3519 2012 3575; x_wconf 93' lang='lat' dir='ltr'><strong>homo</strong></span> <span class='ocrx_word' id='word_1_789' title='bbox 2035 3559 2049 3584; x_wconf 94' lang='lat'><strong>,</strong></span> <span class='ocrx_word' id='word_1_790' title='bbox 2097 3520 2368 3590; x_wconf 85' lang='lat' dir='ltr'><strong>praescivit</strong></span> <span class='ocrx_word' id='word_1_791' title='bbox 2406 3536 2529 3577; x_wconf 90' lang='lat' dir='ltr'><strong>eum</strong></span> <span class='ocrx_word' id='word_1_792' title='bbox 2565 3521 2751 3592; x_wconf 89' lang='lat' dir='ltr'><strong>utique</strong></span> <span class='ocrx_word' id='word_1_793' title='bbox 2794 3530 3145 3594; x_wconf 89' lang='lat' dir='ltr'><strong>peccaturum</strong></span> <span class='ocrx_word' id='word_1_794' title='bbox 3171 3539 3187 3580; x_wconf 92' lang='lat'><strong>:</strong></span> <span class='ocrx_word' id='word_1_795' title='bbox 3210 3531 3267 3580; x_wconf 91' lang='lat' dir='ltr'><strong>et</strong></span> <span class='ocrx_word' id='word_1_796' title='bbox 3293 3523 3438 3582; x_wconf 87' lang='lat' dir='ltr'><strong>sicut</strong></span> 
     </span>
    </p>
   </div>
   <div class='ocr_carea' id='block_1_96' title="bbox 1849 3601 3430 3692">
    <p class='ocr_par' dir='ltr' id='par_1_96' title="bbox 1849 3601 3430 3692">
     <span class='ocr_line' id='line_1_96' title="bbox 1849 3601 3430 3692; baseline 0.004 -27"><span class='ocrx_word' id='word_1_797' title='bbox 1849 3611 2120 3682; x_wconf 68' lang='lat' dir='ltr'><strong>praescivit</strong></span> <span class='ocrx_word' id='word_1_798' title='bbox 2166 3621 2480 3681; x_wconf 89' lang='lat' dir='ltr'><strong>peccatum,</strong></span> <span class='ocrx_word' id='word_1_799' title='bbox 2529 3613 2600 3669; x_wconf 90' lang='lat' dir='ltr'><strong>ita</strong></span> <span class='ocrx_word' id='word_1_800' title='bbox 2647 3601 2813 3669; x_wconf 82' lang='lat' dir='ltr'><strong>etiam</strong></span> <span class='ocrx_word' id='word_1_801' title='bbox 2860 3614 3266 3692; x_wconf 68' lang='lat' dir='ltr'><strong>praedestinavit</strong></span> <span class='ocrx_word' id='word_1_802' title='bbox 3299 3617 3430 3688; x_wconf 88' lang='lat' dir='ltr'><strong>quid</strong></span> 
     </span>
    </p>
   </div>
   <div class='ocr_carea' id='block_1_97' title="bbox 1843 3693 3432 3776">
    <p class='ocr_par' dir='ltr' id='par_1_97' title="bbox 1843 3693 3432 3776">
     <span class='ocr_line' id='line_1_97' title="bbox 1843 3693 3432 3776; baseline 0.005 -23"><span class='ocrx_word' id='word_1_803' title='bbox 1843 3693 1990 3771; x_wconf 79' lang='lat' dir='ltr'><strong>justo</strong></span> <span class='ocrx_word' id='word_1_804' title='bbox 2020 3699 2136 3770; x_wconf 87' lang='lat' dir='ltr'><strong>ejus</strong></span> <span class='ocrx_word' id='word_1_805' title='bbox 2159 3700 2361 3771; x_wconf 89' lang='lat' dir='ltr'><strong>judicio</strong></span> <span class='ocrx_word' id='word_1_806' title='bbox 2385 3710 2529 3758; x_wconf 89' lang='lat' dir='ltr'><strong>esset</strong></span> <span class='ocrx_word' id='word_1_807' title='bbox 2548 3715 2848 3774; x_wconf 87' lang='lat' dir='ltr'><strong>passurus:</strong></span> <span class='ocrx_word' id='word_1_808' title='bbox 2881 3711 2936 3758; x_wconf 90' lang='lat' dir='ltr'><strong>et</strong></span> <span class='ocrx_word' id='word_1_809' title='bbox 2960 3702 3102 3776; x_wconf 91' lang='lat' dir='ltr'><strong>quod</strong></span> <span class='ocrx_word' id='word_1_810' title='bbox 3135 3703 3189 3758; x_wconf 94' lang='lat' dir='ltr'><strong>in</strong></span> <span class='ocrx_word' id='word_1_811' title='bbox 3221 3703 3314 3760; x_wconf 89' lang='lat' dir='ltr'><strong>illo</strong></span> <span class='ocrx_word' id='word_1_812' title='bbox 3337 3706 3432 3775; x_wconf 86' lang='lat' dir='ltr'><strong>ju-</strong></span> 
     </span>
    </p>
   </div>
   <div class='ocr_carea' id='block_1_98' title="bbox 1851 3789 3431 3865">
    <p class='ocr_par' dir='ltr' id='par_1_98' title="bbox 1851 3789 3431 3865">
     <span class='ocr_line' id='line_1_98' title="bbox 1851 3789 3431 3865; baseline 0.004 -20"><span class='ocrx_word' id='word_1_813' title='bbox 1851 3798 1934 3845; x_wconf 90' lang='lat' dir='ltr'><strong>ste</strong></span> <span class='ocrx_word' id='word_1_814' title='bbox 1971 3789 2262 3862; x_wconf 88' lang='lat' dir='ltr'><strong>jndicando</strong></span> <span class='ocrx_word' id='word_1_815' title='bbox 2305 3791 2486 3862; x_wconf 62' lang='lat' dir='ltr'><strong>coepit,</strong></span> <span class='ocrx_word' id='word_1_816' title='bbox 2533 3793 2587 3848; x_wconf 90' lang='lat' dir='ltr'><strong>in</strong></span> <span class='ocrx_word' id='word_1_817' title='bbox 2636 3800 2747 3847; x_wconf 86' lang='lat' dir='ltr'><strong>tota</strong></span> <span class='ocrx_word' id='word_1_818' title='bbox 2784 3792 2927 3848; x_wconf 89' lang='lat' dir='ltr'><strong>illius</strong></span> <span class='ocrx_word' id='word_1_819' title='bbox 2964 3794 3221 3865; x_wconf 89' lang='lat' dir='ltr'><strong>progenie</strong></span> <span class='ocrx_word' id='word_1_820' title='bbox 3242 3797 3431 3851; x_wconf 89' lang='lat' dir='ltr'><strong>eadem</strong></span> 
     </span>
    </p>
   </div>
   <div class='ocr_carea' id='block_1_99' title="bbox 1848 3877 3433 3954">
    <p class='ocr_par' dir='ltr' id='par_1_99' title="bbox 1848 3877 3433 3954">
     <span class='ocr_line' id='line_1_99' title="bbox 1848 3877 3433 3954; baseline 0.006 -19"><span class='ocrx_word' id='word_1_821' title='bbox 1848 3879 2186 3950; x_wconf 69' lang='lat' dir='ltr'><strong>prtescientia</strong></span> <span class='ocrx_word' id='word_1_822' title='bbox 2210 3920 2225 3947; x_wconf 89' lang='lat'><strong>,</strong></span> <span class='ocrx_word' id='word_1_823' title='bbox 2275 3877 2478 3937; x_wconf 45' lang='lat' dir='ltr'><strong>eadem&quot;</strong></span> <span class='ocrx_word' id='word_1_824' title='bbox 2513 3882 2983 3954; x_wconf 67' lang='lat' dir='ltr'><strong>praedestinatione</strong></span> <span class='ocrx_word' id='word_1_825' title='bbox 3005 3883 3216 3954; x_wconf 89' lang='lat' dir='ltr'><strong>judicii,</strong></span> <span class='ocrx_word' id='word_1_826' title='bbox 3244 3887 3433 3945; x_wconf 89' lang='lat' dir='ltr'><strong>eadem</strong></span> 
     </span>
    </p>
   </div>
   <div class='ocr_carea' id='block_1_100' title="bbox 1843 3967 3436 4046">
    <p class='ocr_par' dir='ltr' id='par_1_100' title="bbox 1843 3967 3436 4046">
     <span class='ocr_line' id='line_1_100' title="bbox 1843 3967 3436 4046; baseline 0.005 -19"><span class='ocrx_word' id='word_1_827' title='bbox 1843 3971 2053 4042; x_wconf 89' lang='lat' dir='ltr'><strong>justitia</strong></span> <span class='ocrx_word' id='word_1_828' title='bbox 2079 3974 2443 4031; x_wconf 88' lang='lat' dir='ltr'><strong>damnationis</strong></span> <span class='ocrx_word' id='word_1_829' title='bbox 2487 3974 2748 4046; x_wconf 90' lang='lat' dir='ltr'><strong>implevit.</strong></span> <span class='ocrx_word' id='word_1_830' title='bbox 2809 3975 2916 4033; x_wconf 91' lang='lat' dir='ltr'><strong>Sed</strong></span> <span class='ocrx_word' id='word_1_831' title='bbox 2947 3975 3066 4035; x_wconf 64' lang='lat' dir='ltr'><strong>haec</strong></span> <span class='ocrx_word' id='word_1_832' title='bbox 3092 3979 3255 4036; x_wconf 90' lang='lat' dir='ltr'><strong>verba</strong></span> <span class='ocrx_word' id='word_1_833' title='bbox 3286 3967 3436 4036; x_wconf 80' lang='lat' dir='ltr'><strong>nulla</strong></span> 
     </span>
    </p>
   </div>
   <div class='ocr_carea' id='block_1_101' title="bbox 1853 4068 3432 4142">
    <p class='ocr_par' dir='ltr' id='par_1_101' title="bbox 1853 4068 3432 4142">
     <span class='ocr_line' id='line_1_101' title="bbox 1853 4068 3432 4142; baseline 0.003 -18"><span class='ocrx_word' id='word_1_834' title='bbox 1853 4070 2060 4125; x_wconf 90' lang='lat' dir='ltr'><strong>ratione</strong></span> <span class='ocrx_word' id='word_1_835' title='bbox 2084 4068 2232 4135; x_wconf 89' lang='lat' dir='ltr'><strong>fulta,</strong></span> <span class='ocrx_word' id='word_1_836' title='bbox 2262 4070 2402 4142; x_wconf 90' lang='lat' dir='ltr'><strong>quod</strong></span> <span class='ocrx_word' id='word_1_837' title='bbox 2426 4071 2567 4126; x_wconf 92' lang='lat' dir='ltr'><strong>Deus</strong></span> <span class='ocrx_word' id='word_1_838' title='bbox 2595 4071 2852 4142; x_wconf 88' lang='lat' dir='ltr'><strong>reprobos</strong></span> <span class='ocrx_word' id='word_1_839' title='bbox 2877 4071 2930 4127; x_wconf 93' lang='lat' dir='ltr'><strong>in</strong></span> <span class='ocrx_word' id='word_1_840' title='bbox 2961 4087 3137 4129; x_wconf 88' lang='lat' dir='ltr'><strong>massa</strong></span> <span class='ocrx_word' id='word_1_841' title='bbox 3159 4071 3247 4129; x_wconf 92' lang='lat' dir='ltr'><strong>illa</strong></span> <span class='ocrx_word' id='word_1_842' title='bbox 3278 4076 3432 4129; x_wconf 83' lang='lat' dir='ltr'><strong>dam-</strong></span> 
     </span>
    </p>
   </div>
   <div class='ocr_carea' id='block_1_102' title="bbox 1851 4160 3435 4236">
    <p class='ocr_par' dir='ltr' id='par_1_102' title="bbox 1851 4160 3435 4236">
     <span class='ocr_line' id='line_1_102' title="bbox 1851 4160 3435 4236; baseline 0.003 -21"><span class='ocrx_word' id='word_1_843' title='bbox 1851 4161 2085 4217; x_wconf 89' lang='lat' dir='ltr'><strong>nationis</strong></span> <span class='ocrx_word' id='word_1_844' title='bbox 2115 4161 2412 4232; x_wconf 87' lang='lat' dir='ltr'><strong>reliquerit,</strong></span> <span class='ocrx_word' id='word_1_845' title='bbox 2450 4176 2549 4217; x_wconf 92' lang='lat' dir='ltr'><strong>nec</strong></span> <span class='ocrx_word' id='word_1_846' title='bbox 2574 4161 2773 4232; x_wconf 89' lang='lat' dir='ltr'><strong>aliquid</strong></span> <span class='ocrx_word' id='word_1_847' title='bbox 2823 4162 2890 4217; x_wconf 92' lang='lat' dir='ltr'><strong>de</strong></span> <span class='ocrx_word' id='word_1_848' title='bbox 2920 4177 3108 4220; x_wconf 91' lang='lat' dir='ltr'><strong>eorum</strong></span> <span class='ocrx_word' id='word_1_849' title='bbox 3155 4160 3435 4236; x_wconf 68' lang='lat' dir='ltr'><strong>prredesti-</strong></span> 
     </span>
    </p>
   </div>
   <div class='ocr_carea' id='block_1_103' title="bbox 1852 4250 3433 4326">
    <p class='ocr_par' dir='ltr' id='par_1_103' title="bbox 1852 4250 3433 4326">
     <span class='ocr_line' id='line_1_103' title="bbox 1852 4250 3433 4326; baseline 0.003 -19"><span class='ocrx_word' id='word_1_850' title='bbox 1852 4252 2063 4308; x_wconf 86' lang='lat' dir='ltr'><strong>naverit</strong></span> <span class='ocrx_word' id='word_1_851' title='bbox 2086 4253 2451 4319; x_wconf 85' lang='lat' dir='ltr'><strong>damnatione,</strong></span> <span class='ocrx_word' id='word_1_852' title='bbox 2474 4267 2539 4308; x_wconf 81' lang='lat' dir='ltr'><strong>ex</strong></span> <span class='ocrx_word' id='word_1_853' title='bbox 2562 4251 2742 4308; x_wconf 90' lang='lat' dir='ltr'><strong>libello</strong></span> <span class='ocrx_word' id='word_1_854' title='bbox 2769 4267 2931 4325; x_wconf 91' lang='lat' dir='ltr'><strong>quem</strong></span> <span class='ocrx_word' id='word_1_855' title='bbox 2951 4250 3125 4310; x_wconf 60' lang='lat' dir='ltr'><strong>Graeci</strong></span> <span class='ocrx_word' id='word_1_856' title='bbox 3144 4251 3433 4326; x_wconf 82' lang='lat' dir='ltr'><strong>Hypogno-</strong></span> 
     </span>
    </p>
   </div>
   <div class='ocr_carea' id='block_1_104' title="bbox 1852 4345 3440 4419">
    <p class='ocr_par' dir='ltr' id='par_1_104' title="bbox 1852 4345 3440 4419">
     <span class='ocr_line' id='line_1_104' title="bbox 1852 4345 3440 4419; baseline 0.003 -17"><span class='ocrx_word' id='word_1_857' title='bbox 1852 4347 2022 4402; x_wconf 88' lang='lat' dir='ltr'><strong>sticon</strong></span> <span class='ocrx_word' id='word_1_858' title='bbox 2047 4345 2336 4416; x_wconf 89' lang='lat' dir='ltr'><strong>appellant,</strong></span> <span class='ocrx_word' id='word_1_859' title='bbox 2361 4361 2520 4416; x_wconf 88' lang='lat' dir='ltr'><strong>quem</strong></span> <span class='ocrx_word' id='word_1_860' title='bbox 2561 4345 2723 4401; x_wconf 88' lang='lat' dir='ltr'><strong>etiam</strong></span> <span class='ocrx_word' id='word_1_861' title='bbox 2749 4361 2814 4402; x_wconf 82' lang='lat' dir='ltr'><strong>ex</strong></span> <span class='ocrx_word' id='word_1_862' title='bbox 2845 4345 2979 4402; x_wconf 87' lang='lat' dir='ltr'><strong>falso</strong></span> <span class='ocrx_word' id='word_1_863' title='bbox 3009 4346 3165 4402; x_wconf 89' lang='lat' dir='ltr'><strong>titulo</strong></span> <span class='ocrx_word' id='word_1_864' title='bbox 3187 4345 3440 4419; x_wconf 81' lang='lat' dir='ltr'><strong>plerique</strong></span> 
     </span>
    </p>
   </div>
   <div class='ocr_carea' id='block_1_105' title="bbox 1852 4437 3438 4510">
    <p class='ocr_par' dir='ltr' id='par_1_105' title="bbox 1852 4437 3438 4510">
     <span class='ocr_line' id='line_1_105' title="bbox 1852 4437 3438 4510; baseline 0.002 -16"><span class='ocrx_word' id='word_1_865' title='bbox 1852 4439 2022 4494; x_wconf 78' lang='lat' dir='ltr'><strong>sancti</strong></span> <span class='ocrx_word' id='word_1_866' title='bbox 2063 4438 2344 4510; x_wconf 83' lang='lat' dir='ltr'><strong>Augustini</strong></span> <span class='ocrx_word' id='word_1_867' title='bbox 2383 4451 2503 4494; x_wconf 88' lang='lat' dir='ltr'><strong>esse</strong></span> <span class='ocrx_word' id='word_1_868' title='bbox 2540 4446 2772 4510; x_wconf 91' lang='lat' dir='ltr'><strong>putant,</strong></span> <span class='ocrx_word' id='word_1_869' title='bbox 2813 4437 3171 4509; x_wconf 88' lang='lat' dir='ltr'><strong>assumpsisse</strong></span> <span class='ocrx_word' id='word_1_870' title='bbox 3196 4437 3438 4498; x_wconf 84' lang='lat' dir='ltr'><strong>videtur.</strong></span> 
     </span>
    </p>
   </div>
   <div class='ocr_carea' id='block_1_106' title="bbox 1851 4526 3437 4600">
    <p class='ocr_par' dir='ltr' id='par_1_106' title="bbox 1851 4526 3437 4600">
     <span class='ocr_line' id='line_1_106' title="bbox 1851 4526 3437 4600; baseline 0.001 -16"><span class='ocrx_word' id='word_1_871' title='bbox 1851 4531 2020 4599; x_wconf 84' lang='lat' dir='ltr'><strong>Quem</strong></span> <span class='ocrx_word' id='word_1_872' title='bbox 2049 4529 2286 4586; x_wconf 89' lang='lat' dir='ltr'><strong>libellum</strong></span> <span class='ocrx_word' id='word_1_873' title='bbox 2319 4545 2422 4586; x_wconf 93' lang='lat' dir='ltr'><strong>non</strong></span> <span class='ocrx_word' id='word_1_874' title='bbox 2446 4544 2567 4586; x_wconf 91' lang='lat' dir='ltr'><strong>esse</strong></span> <span class='ocrx_word' id='word_1_875' title='bbox 2595 4529 2837 4600; x_wconf 90' lang='lat' dir='ltr'><strong>ejusdem</strong></span> <span class='ocrx_word' id='word_1_876' title='bbox 2867 4527 3040 4586; x_wconf 81' lang='lat' dir='ltr'><strong>sancti</strong></span> <span class='ocrx_word' id='word_1_877' title='bbox 3063 4526 3344 4600; x_wconf 79' lang='lat' dir='ltr'><strong>Augustini</strong></span> <span class='ocrx_word' id='word_1_878' title='bbox 3375 4537 3437 4586; x_wconf 82' lang='lat' dir='ltr'><strong>et.</strong></span> 
     </span>
    </p>
   </div>
   <div class='ocr_carea' id='block_1_107' title="bbox 1850 4607 3434 4692">
    <p class='ocr_par' dir='ltr' id='par_1_107' title="bbox 1850 4607 3434 4692">
     <span class='ocr_line' id='line_1_107' title="bbox 1850 4607 3434 4692; baseline -0.001 -16"><span class='ocrx_word' id='word_1_879' title='bbox 1850 4620 2020 4692; x_wconf 82' lang='lat' dir='ltr'><strong>stylus</strong></span> <span class='ocrx_word' id='word_1_880' title='bbox 2052 4619 2166 4691; x_wconf 90' lang='lat' dir='ltr'><strong>ipse</strong></span> <span class='ocrx_word' id='word_1_881' title='bbox 2191 4607 2530 4675; x_wconf 12' lang='lat' dir='ltr'><strong>demonstrati</strong></span> <span class='ocrx_word' id='word_1_882' title='bbox 2553 4627 2607 4676; x_wconf 91' lang='lat' dir='ltr'><strong>et</strong></span> <span class='ocrx_word' id='word_1_883' title='bbox 2637 4634 2826 4675; x_wconf 90' lang='lat' dir='ltr'><strong>sensus</strong></span> <span class='ocrx_word' id='word_1_884' title='bbox 2851 4635 2865 4674; x_wconf 88' lang='lat'><strong>:</strong></span> <span class='ocrx_word' id='word_1_885' title='bbox 2897 4634 3006 4676; x_wconf 92' lang='lat' dir='ltr'><strong>non</strong></span> <span class='ocrx_word' id='word_1_886' title='bbox 3034 4618 3204 4674; x_wconf 92' lang='lat' dir='ltr'><strong>solum</strong></span> <span class='ocrx_word' id='word_1_887' title='bbox 3230 4615 3288 4674; x_wconf 92' lang='lat' dir='ltr'><strong>S.</strong></span> <span class='ocrx_word' id='word_1_888' title='bbox 3322 4619 3434 4675; x_wconf 75' lang='grc' dir='ltr'><strong>Διιο</strong></span> 
     </span>
    </p>
   </div>
   <div class='ocr_carea' id='block_1_108' title="bbox 1851 4709 3431 4784">
    <p class='ocr_par' dir='ltr' id='par_1_108' title="bbox 1851 4709 3431 4784">
     <span class='ocr_line' id='line_1_108' title="bbox 1851 4709 3431 4784; baseline -0.002 -18"><span class='ocrx_word' id='word_1_889' title='bbox 1851 4710 2048 4784; x_wconf 84' lang='lat' dir='ltr'><strong>gustini</strong></span> <span class='ocrx_word' id='word_1_890' title='bbox 2071 4711 2320 4782; x_wconf 85' lang='lat' dir='ltr'><strong>scriptis,</strong></span> <span class='ocrx_word' id='word_1_891' title='bbox 2355 4711 2450 4766; x_wconf 89' lang='lat' dir='ltr'><strong>sed</strong></span> <span class='ocrx_word' id='word_1_892' title='bbox 2480 4710 2643 4766; x_wconf 90' lang='lat' dir='ltr'><strong>etiam</strong></span> <span class='ocrx_word' id='word_1_893' title='bbox 2677 4710 2800 4767; x_wconf 83' lang='lat' dir='ltr'><strong>lidei</strong></span> <span class='ocrx_word' id='word_1_894' title='bbox 2831 4709 3162 4777; x_wconf 87' lang='lat' dir='ltr'><strong>contrarius,</strong></span> <span class='ocrx_word' id='word_1_895' title='bbox 3192 4719 3248 4764; x_wconf 90' lang='lat' dir='ltr'><strong>et</strong></span> <span class='ocrx_word' id='word_1_896' title='bbox 3274 4709 3431 4766; x_wconf 85' lang='lat' dir='ltr'><strong>testi-</strong></span> 
     </span>
    </p>
   </div>
   <div class='ocr_carea' id='block_1_109' title="bbox 1849 4802 3430 4880">
    <p class='ocr_par' dir='ltr' id='par_1_109' title="bbox 1849 4802 3430 4880">
     <span class='ocr_line' id='line_1_109' title="bbox 1849 4802 3430 4880; baseline -0.002 -19"><span class='ocrx_word' id='word_1_897' title='bbox 1849 4806 2029 4862; x_wconf 89' lang='lat' dir='ltr'><strong>monia</strong></span> <span class='ocrx_word' id='word_1_898' title='bbox 2059 4820 2125 4860; x_wconf 79' lang='lat' dir='ltr'><strong>ex</strong></span> <span class='ocrx_word' id='word_1_899' title='bbox 2176 4819 2311 4859; x_wconf 88' lang='lat' dir='ltr'><strong>nova</strong></span> <span class='ocrx_word' id='word_1_900' title='bbox 2357 4805 2460 4859; x_wconf 88' lang='lat' dir='ltr'><strong>ista</strong></span> <span class='ocrx_word' id='word_1_901' title='bbox 2506 4802 2747 4862; x_wconf 90' lang='lat' dir='ltr'><strong>editione</strong></span> <span class='ocrx_word' id='word_1_902' title='bbox 2773 4845 2789 4872; x_wconf 94' lang='lat'><strong>,</strong></span> <span class='ocrx_word' id='word_1_903' title='bbox 2838 4818 2944 4874; x_wconf 89' lang='lat' dir='ltr'><strong>qua</strong></span> <span class='ocrx_word' id='word_1_904' title='bbox 2982 4817 3082 4858; x_wconf 88' lang='lat' dir='ltr'><strong>nos</strong></span> <span class='ocrx_word' id='word_1_905' title='bbox 3109 4802 3315 4880; x_wconf 88' lang='lat' dir='ltr'><strong>utimur</strong></span> <span class='ocrx_word' id='word_1_906' title='bbox 3337 4815 3430 4858; x_wconf 86' lang='lat' dir='ltr'><strong>as-</strong></span> 
     </span>
    </p>
   </div>
   <div class='ocr_carea' id='block_1_110' title="bbox 1849 4891 3432 4966">
    <p class='ocr_par' dir='ltr' id='par_1_110' title="bbox 1849 4891 3432 4966">
     <span class='ocr_line' id='line_1_110' title="bbox 1849 4891 3432 4966; baseline -0.003 -12"><span class='ocrx_word' id='word_1_907' title='bbox 1849 4905 2058 4966; x_wconf 89' lang='lat' dir='ltr'><strong>sumpta</strong></span> <span class='ocrx_word' id='word_1_908' title='bbox 2087 4937 2103 4961; x_wconf 90' lang='lat'><strong>,</strong></span> <span class='ocrx_word' id='word_1_909' title='bbox 2147 4911 2267 4952; x_wconf 91' lang='lat' dir='ltr'><strong>cum</strong></span> <span class='ocrx_word' id='word_1_910' title='bbox 2309 4895 2397 4951; x_wconf 90' lang='lat' dir='ltr'><strong>ille</strong></span> <span class='ocrx_word' id='word_1_911' title='bbox 2439 4903 2628 4955; x_wconf 83' lang='lat' dir='ltr'><strong>contra</strong></span> <span class='ocrx_word' id='word_1_912' title='bbox 2661 4895 2947 4951; x_wconf 60' lang='lat' dir='ltr'><strong>hereticos</strong></span> <span class='ocrx_word' id='word_1_913' title='bbox 2973 4893 3252 4965; x_wconf 87' lang='lat' dir='ltr'><strong>disputans</strong></span> <span class='ocrx_word' id='word_1_914' title='bbox 3279 4900 3336 4950; x_wconf 88' lang='lat' dir='ltr'><strong>et</strong></span> <span class='ocrx_word' id='word_1_915' title='bbox 3363 4891 3432 4950; x_wconf 83' lang='lat' dir='ltr'><strong>de</strong></span> 
     </span>
    </p>
   </div>
   <div class='ocr_carea' id='block_1_111' title="bbox 1849 4984 3430 5058">
    <p class='ocr_par' dir='ltr' id='par_1_111' title="bbox 1849 4984 3430 5058">
     <span class='ocr_line' id='line_1_111' title="bbox 1849 4984 3430 5058; baseline -0.003 -14"><span class='ocrx_word' id='word_1_916' title='bbox 1849 4987 2027 5044; x_wconf 90' lang='lat' dir='ltr'><strong>causis</strong></span> <span class='ocrx_word' id='word_1_917' title='bbox 2061 4985 2183 5042; x_wconf 82' lang='lat' dir='ltr'><strong>ﬁdei</strong></span> <span class='ocrx_word' id='word_1_918' title='bbox 2208 5002 2373 5058; x_wconf 88' lang='lat' dir='ltr'><strong>agens</strong></span> <span class='ocrx_word' id='word_1_919' title='bbox 2395 4987 2651 5042; x_wconf 89' lang='lat' dir='ltr'><strong>continue</strong></span> <span class='ocrx_word' id='word_1_920' title='bbox 2675 5001 2743 5042; x_wconf 79' lang='lat' dir='ltr'><strong>ex</strong></span> <span class='ocrx_word' id='word_1_921' title='bbox 2783 4985 3005 5056; x_wconf 87' lang='lat' dir='ltr'><strong>antiqua</strong></span> <span class='ocrx_word' id='word_1_922' title='bbox 3037 4984 3275 5041; x_wconf 89' lang='lat' dir='ltr'><strong>editione</strong></span> <span class='ocrx_word' id='word_1_923' title='bbox 3299 4998 3430 5041; x_wconf 84' lang='lat' dir='ltr'><strong>con-</strong></span> 
     </span>
    </p>
   </div>
   <div class='ocr_carea' id='block_1_112' title="bbox 1846 5068 3320 5149">
    <p class='ocr_par' dir='ltr' id='par_1_112' title="bbox 1846 5068 3320 5149">
     <span class='ocr_line' id='line_1_112' title="bbox 1846 5068 3320 5149; baseline -0.003 -15"><span class='ocrx_word' id='word_1_924' title='bbox 1846 5079 2030 5135; x_wconf 86' lang='lat' dir='ltr'><strong>vincat</strong></span> <span class='ocrx_word' id='word_1_925' title='bbox 2053 5077 2511 5143; x_wconf 90' lang='lat' dir='ltr'><strong>contradicentes,</strong></span> <span class='ocrx_word' id='word_1_926' title='bbox 2541 5085 2595 5134; x_wconf 90' lang='lat' dir='ltr'><strong>et</strong></span> <span class='ocrx_word' id='word_1_927' title='bbox 2617 5068 2684 5133; x_wconf 77' lang='lat' dir='ltr'><strong>ex</strong></span> <span class='ocrx_word' id='word_1_928' title='bbox 2710 5078 2826 5149; x_wconf 89' lang='lat' dir='ltr'><strong>ipsa</strong></span> <span class='ocrx_word' id='word_1_929' title='bbox 2857 5075 3089 5132; x_wconf 86' lang='lat' dir='ltr'><strong>instruat</strong></span> <span class='ocrx_word' id='word_1_930' title='bbox 3113 5075 3320 5132; x_wconf 72' lang='lat' dir='ltr'><strong>fideles.</strong></span> 
     </span>
    </p>
   </div>
   <div class='ocr_carea' id='block_1_113' title="bbox 1915 5166 3435 5240">
    <p class='ocr_par' dir='ltr' id='par_1_113' title="bbox 1915 5166 3435 5240">
     <span class='ocr_line' id='line_1_113' title="bbox 1915 5166 3435 5240; baseline -0.003 -14"><span class='ocrx_word' id='word_1_931' title='bbox 1915 5169 2078 5226; x_wconf 90' lang='lat' dir='ltr'><strong>Addit</strong></span> <span class='ocrx_word' id='word_1_932' title='bbox 2105 5168 2281 5224; x_wconf 90' lang='lat' dir='ltr'><strong>adhuc</strong></span> <span class='ocrx_word' id='word_1_933' title='bbox 2303 5180 2360 5226; x_wconf 88' lang='lat' dir='ltr'><strong>et</strong></span> <span class='ocrx_word' id='word_1_934' title='bbox 2385 5169 2515 5224; x_wconf 89' lang='lat' dir='ltr'><strong>dicit</strong></span> <span class='ocrx_word' id='word_1_935' title='bbox 2539 5186 2551 5224; x_wconf 93' lang='lat'><strong>:</strong></span> <span class='ocrx_word' id='word_1_936' title='bbox 2583 5167 2680 5222; x_wconf 89' lang='lat' dir='ltr'><strong>Dei</strong></span> <span class='ocrx_word' id='word_1_937' title='bbox 2702 5166 3010 5240; x_wconf 84' lang='lat' dir='ltr'><strong>sapientiam</strong></span> <span class='ocrx_word' id='word_1_938' title='bbox 3031 5166 3435 5239; x_wconf 69' lang='lat' dir='ltr'><strong>prwdestinasse</strong></span> 
     </span>
    </p>
   </div>
   <div class='ocr_carea' id='block_1_114' title="bbox 1843 5257 3429 5331">
    <p class='ocr_par' dir='ltr' id='par_1_114' title="bbox 1843 5257 3429 5331">
     <span class='ocr_line' id='line_1_114' title="bbox 1843 5257 3429 5331; baseline -0.001 -17"><span class='ocrx_word' id='word_1_939' title='bbox 1843 5260 1898 5315; x_wconf 90' lang='lat' dir='ltr'><strong>in</strong></span> <span class='ocrx_word' id='word_1_940' title='bbox 1935 5261 2045 5315; x_wconf 89' lang='lat' dir='ltr'><strong>suis</strong></span> <span class='ocrx_word' id='word_1_941' title='bbox 2083 5259 2283 5330; x_wconf 76' lang='lat' dir='ltr'><strong>legibus</strong></span> <span class='ocrx_word' id='word_1_942' title='bbox 2321 5259 2504 5316; x_wconf 83' lang='lat' dir='ltr'><strong>modos</strong></span> <span class='ocrx_word' id='word_1_943' title='bbox 2547 5258 2687 5314; x_wconf 87' lang='lat' dir='ltr'><strong>ultra</strong></span> <span class='ocrx_word' id='word_1_944' title='bbox 2734 5273 2862 5331; x_wconf 90' lang='lat' dir='ltr'><strong>quos</strong></span> <span class='ocrx_word' id='word_1_945' title='bbox 2899 5257 3181 5329; x_wconf 87' lang='lat' dir='ltr'><strong>impiorum</strong></span> <span class='ocrx_word' id='word_1_946' title='bbox 3221 5257 3429 5312; x_wconf 78' lang='lat' dir='ltr'><strong>malitia</strong></span> 
     </span>
    </p>
   </div>
   <div class='ocr_carea' id='block_1_115' title="bbox 1842 5347 3428 5423">
    <p class='ocr_par' dir='ltr' id='par_1_115' title="bbox 1842 5347 3428 5423">
     <span class='ocr_line' id='line_1_115' title="bbox 1842 5347 3428 5423; baseline -0.003 -17"><span class='ocrx_word' id='word_1_947' title='bbox 1842 5350 2081 5422; x_wconf 81' lang='lat' dir='ltr'><strong>progredi</strong></span> <span class='ocrx_word' id='word_1_948' title='bbox 2125 5366 2230 5406; x_wconf 82' lang='lat' dir='ltr'><strong>non</strong></span> <span class='ocrx_word' id='word_1_949' title='bbox 2272 5351 2453 5423; x_wconf 85' lang='lat' dir='ltr'><strong>possit,</strong></span> <span class='ocrx_word' id='word_1_950' title='bbox 2495 5360 2623 5414; x_wconf 90' lang='lat' dir='ltr'><strong>etc.,</strong></span> <span class='ocrx_word' id='word_1_951' title='bbox 2670 5364 2843 5420; x_wconf 90' lang='lat' dir='ltr'><strong>usque</strong></span> <span class='ocrx_word' id='word_1_952' title='bbox 2869 5348 2960 5404; x_wconf 88' lang='lat' dir='ltr'><strong>ubi</strong></span> <span class='ocrx_word' id='word_1_953' title='bbox 2985 5348 3136 5416; x_wconf 89' lang='lat' dir='ltr'><strong>dicit,</strong></span> <span class='ocrx_word' id='word_1_954' title='bbox 3167 5347 3428 5420; x_wconf 79' lang='lat' dir='ltr'><strong>cupidinis</strong></span> 
     </span>
    </p>
   </div>
   <div class='ocr_carea' id='block_1_116' title="bbox 1834 5440 3427 5513">
    <p class='ocr_par' dir='ltr' id='par_1_116' title="bbox 1834 5440 3427 5513">
     <span class='ocr_line' id='line_1_116' title="bbox 1834 5440 3427 5513; baseline -0.001 -18"><span class='ocrx_word' id='word_1_955' title='bbox 1834 5442 2190 5513; x_wconf 80' lang='lat' dir='ltr'><strong>justissimum</strong></span> <span class='ocrx_word' id='word_1_956' title='bbox 2234 5443 2540 5497; x_wconf 80' lang='lat' dir='ltr'><strong>cruciatum.</strong></span> <span class='ocrx_word' id='word_1_957' title='bbox 2603 5441 2659 5498; x_wconf 84' lang='lat' dir='ltr'><strong>In</strong></span> <span class='ocrx_word' id='word_1_958' title='bbox 2702 5442 2790 5498; x_wconf 91' lang='lat' dir='ltr'><strong>his</strong></span> <span class='ocrx_word' id='word_1_959' title='bbox 2818 5441 2998 5498; x_wconf 86' lang='lat' dir='ltr'><strong>verbis</strong></span> <span class='ocrx_word' id='word_1_960' title='bbox 3023 5440 3270 5512; x_wconf 67' lang='lat' dir='ltr'><strong>quaedam</strong></span> <span class='ocrx_word' id='word_1_961' title='bbox 3295 5453 3427 5496; x_wconf 70' lang='lat' dir='ltr'><strong>vera</strong></span> 
     </span>
    </p>
   </div>
   <div class='ocr_carea' id='block_1_117' title="bbox 1843 5531 3426 5604">
    <p class='ocr_par' dir='ltr' id='par_1_117' title="bbox 1843 5531 3426 5604">
     <span class='ocr_line' id='line_1_117' title="bbox 1843 5531 3426 5604; baseline -0.001 -17"><span class='ocrx_word' id='word_1_962' title='bbox 1843 5534 2124 5604; x_wconf 75' lang='lat' dir='ltr'><strong>prtemissa</strong></span> <span class='ocrx_word' id='word_1_963' title='bbox 2149 5541 2292 5596; x_wconf 88' lang='lat' dir='ltr'><strong>sttnt,</strong></span> <span class='ocrx_word' id='word_1_964' title='bbox 2326 5542 2467 5590; x_wconf 81' lang='lat' dir='ltr'><strong>utex</strong></span> <span class='ocrx_word' id='word_1_965' title='bbox 2493 5535 2574 5591; x_wconf 90' lang='lat' dir='ltr'><strong>eis</strong></span> <span class='ocrx_word' id='word_1_966' title='bbox 2599 5534 2733 5590; x_wconf 86' lang='lat' dir='ltr'><strong>falsa</strong></span> <span class='ocrx_word' id='word_1_967' title='bbox 2763 5532 3040 5590; x_wconf 88' lang='lat' dir='ltr'><strong>conclusio</strong></span> <span class='ocrx_word' id='word_1_968' title='bbox 3064 5531 3426 5588; x_wconf 80' lang='lat' dir='ltr'><strong>concinnare-</strong></span> 
     </span>
    </p>
   </div>
   <div class='ocr_carea' id='block_1_118' title="bbox 1843 5623 3426 5699">
    <p class='ocr_par' dir='ltr' id='par_1_118' title="bbox 1843 5623 3426 5699">
     <span class='ocr_line' id='line_1_118' title="bbox 1843 5623 3426 5699; baseline -0.003 -17"><span class='ocrx_word' id='word_1_969' title='bbox 1843 5634 1948 5682; x_wconf 90' lang='lat' dir='ltr'><strong>tur.</strong></span> <span class='ocrx_word' id='word_1_970' title='bbox 1989 5627 2122 5680; x_wconf 85' lang='lat' dir='ltr'><strong>Nam</strong></span> <span class='ocrx_word' id='word_1_971' title='bbox 2153 5627 2294 5696; x_wconf 90' lang='lat' dir='ltr'><strong>quod</strong></span> <span class='ocrx_word' id='word_1_972' title='bbox 2339 5627 2434 5683; x_wconf 90' lang='lat' dir='ltr'><strong>Dei</strong></span> <span class='ocrx_word' id='word_1_973' title='bbox 2462 5628 2725 5699; x_wconf 89' lang='lat' dir='ltr'><strong>sapientia</strong></span> <span class='ocrx_word' id='word_1_974' title='bbox 2753 5627 2806 5683; x_wconf 91' lang='lat' dir='ltr'><strong>in</strong></span> <span class='ocrx_word' id='word_1_975' title='bbox 2829 5625 3055 5682; x_wconf 89' lang='lat' dir='ltr'><strong>occultis</strong></span> <span class='ocrx_word' id='word_1_976' title='bbox 3083 5623 3287 5698; x_wconf 88' lang='lat' dir='ltr'><strong>legibus</strong></span> <span class='ocrx_word' id='word_1_977' title='bbox 3314 5636 3426 5678; x_wconf 65' lang='lat' dir='ltr'><strong>sua</strong></span> 
     </span>
    </p>
   </div>
   <div class='ocr_carea' id='block_1_119' title="bbox 1843 5714 3396 5818">
    <p class='ocr_par' dir='ltr' id='par_1_119' title="bbox 1843 5714 3396 5818">
     <span class='ocr_line' id='line_1_119' title="bbox 1843 5714 3396 5818; baseline 0.008 -44"><span class='ocrx_word' id='word_1_978' title='bbox 1843 5717 2214 5801; x_wconf 81' lang='lat' dir='ltr'><strong>dispositionis</strong></span> <span class='ocrx_word' id='word_1_979' title='bbox 2259 5719 2724 5818; x_wconf 69' lang='lat' dir='ltr'><strong>prtedestinaverit</strong></span> <span class='ocrx_word' id='word_1_980' title='bbox 2783 5727 2945 5804; x_wconf 68' lang='lat' dir='ltr'><strong>atque</strong></span> <span class='ocrx_word' id='word_1_981' title='bbox 2970 5714 3265 5805; x_wconf 64' lang='grc' dir='ltr'><strong>ρτωιῑκοτιι</strong></span> <span class='ocrx_word' id='word_1_982' title='bbox 3303 5725 3396 5802; x_wconf 70' lang='lat' dir='ltr'><strong>m9</strong></span> 
     </span>
    </p>
   </div>
  </div>
