3970 6306
683 411 788 473 259

1773 411 1974 469 FLORI
2014 407 2288 469 DIACONI
2322 409 2806 470 LUGDUNENSIS
3781 429 3840 480 eu.

685 523 812 578 dum
857 531 1020 592 atque
1046 535 1350 579 mensuram
1379 523 1594 580 malitiae
1627 524 1951 596 impiorum,
1991 525 2072 581 vel
2099 541 2260 596 ange-
2288 527 2339 588 Α
2365 525 2466 581 ista
2490 527 2836 596 praemiserit,
2868 528 3142 601 subiungit
3185 531 3237 586 in
3269 530 3374 589 fine
3415 544 3468 590 et
3510 535 3660 604 dicit,
3690 545 3790 611 quod
3809 564 3840 597 τι

683 615 856 670 lorum
877 656 890 681 ,
913 614 996 669 vel
1045 614 1322 670 hominum
1348 657 1362 680 ,
1407 631 1473 670 ne
1504 616 1709 672 scilicet
1749 619 1801 672 in
1849 626 2056 672 tantum
2090 618 2261 688 possit

683 703 978 776 procedere
1016 711 1070 757 et
1101 703 1332 786 extendi
1370 719 1555 757 eorum
1601 705 1803 758 malitia
1852 714 2109 774 quantum
2155 705 2258 776 ipsi

684 794 1030 858 desiderant,
1063 795 1105 850 si
1138 795 1237 850 sub
1273 795 1502 850 occultis
1545 797 1636 851 Dei
1687 797 1892 868 legibus
1931 806 2078 852 certa
2109 813 2258 852 men.

685 901 812 943 sura
839 895 894 942 et
921 886 1167 941 terminis
1206 895 1589 950 coerceantur,
1619 903 1705 941 ma
1750 887 1904 941 ifeste
1949 903 2133 942 verum
2177 895 2261 942 est

632 968 640 976 ’
681 978 807 1048 quia
842 986 898 1033 et
931 976 1175 1032 diabolus
1218 985 1274 1032 et
1311 977 1556 1032 homines
1584 977 1801 1050 maligni
1834 993 2048 1048 semper
2072 979 2260 1049 utique

681 1069 881 1125 habent
902 1070 1040 1125 male
1068 1070 1260 1140 agendi
1281 1072 1363 1128 vel
1393 1073 1618 1128 nocendi
1645 1074 1995 1138 voluntatem,
2027 1075 2120 1130 sed
2150 1089 2257 1129 non

677 1179 895 1233 semper
921 1165 1123 1220 habent
1154 1174 1506 1236 potestatem,
1541 1167 1640 1222 nisi
1669 1177 1928 1239 quantum
1966 1177 2023 1222 et
2043 1166 2258 1237 quando

635 1243 642 1247 ’
673 1271 704 1311 a
734 1255 844 1310 Deo
865 1259 1272 1327 permittuntur.
1315 1257 1448 1314 Nam
1469 1269 1524 1316 et
1550 1261 1767 1317 diabolo
1787 1261 2054 1317 malitiose
2081 1270 2136 1316 et
2163 1275 2260 1315 ne-

671 1348 852 1422 quitur
877 1349 1035 1405 beato
1055 1348 1156 1407 Job
1180 1365 1379 1408 nocere
1415 1351 1684 1423 cupienti,
1717 1351 1933 1408 modum
1979 1351 2253 1422 imposuit,

629 1517 636 1522 _
673 1458 774 1501 nec
821 1453 1082 1516 quantum
1127 1444 1334 1514 voluit,
1383 1447 1476 1502 sed
1524 1455 1786 1517 quantum
1827 1447 2125 1516 permissus
2152 1455 2254 1512 est,

581 1561 591 1580 ί
630 1548 866 1615 ἠοοετε
893 1535 1196 1606 praevaluit.
1237 1535 1304 1592 Et
1349 1537 1416 1594 de
1461 1537 1642 1608 impiis
1682 1537 1988 1592 hominibus
2020 1536 2256 1607 maligna

665 1635 723 1683 et
761 1641 926 1697 prava
967 1629 1286 1684 conantibus
1305 1669 1320 1695 ,
1352 1639 1408 1684 et
1438 1639 1640 1695 tamen,
1673 1630 1782 1684 Deo
1807 1629 2022 1684 modum
2045 1628 2126 1684 eis
2156 1628 2256 1683 im-

631 1701 902 1789 'ponente
927 1760 942 1785 ,
991 1735 1333 1790 nequaquam
1374 1721 1639 1792 perficere
1678 1721 2020 1782 valentibus.
2066 1729 2255 1790 aperte

628 1805 634 1884 ξ
666 1806 945 1880 Scriptura
975 1811 1103 1866 dicit
1133 1829 1147 1865 :
1183 1807 1551 1883 Cogitaverunt
1591 1813 1810 1867 consilia
1857 1829 1974 1884 qua:
2013 1829 2116 1866 non
2159 1829 2255 1883 po-

629 1909 878 1974 _tuerunt
922 1901 1156 1957 stabilire
1199 1900 1374 1973 (Psal.
1417 1902 1648 1975 xx,12).
1723 1903 1788 1959 Et
1826 1903 2018 1957 iterum
2063 1922 2076 1957 :
2114 1902 2252 1969 Quia

633 1990 889 2062 ,dissipat
931 1992 1273 2062 cogitationes
1315 1992 1686 2064 malignorum,
1739 2011 1801 2048 ne
1819 1994 2016 2065 possint
2039 1994 2253 2066 implere

664 2098 854 2136 manus
891 2099 1071 2137 eorum
1111 2085 1250 2154 quod
1303 2095 1559 2155 coeperant
1608 2084 1730 2157 (Job
1761 2103 1823 2150 v,
1855 2087 1966 2158 η).
2008 2087 2070 2141 Et
2109 2087 2251 2156 quod

661 2171 936 2244 subiungit
961 2176 1063 2228 iste
1097 2182 1154 2232 et
1199 2173 1368 2230 dicit:
1395 2173 1548 2230 Nihil
1571 2186 1808 2246 appetere
1847 2176 2100 2230 malitiam
2130 2177 2249 2229 dia-

629 2267 640 2344 '_
661 2264 766 2320 boli
789 2275 837 2320 et
867 2268 1098 2321 omnium
1124 2268 1404 2338 impiorum
1427 2308 1444 2334 ,
1493 2269 1593 2324 nisi
1619 2280 1673 2324 ut
1702 2270 1969 2340 peccando
2000 2257 2250 2339 etinique

625 2345 898 2430 'agendo,
938 2377 972 2414 α
1003 2358 1135 2422 Deo.
1183 2361 1274 2432 qui
1307 2377 1512 2416 summa
1559 2364 1783 2418 essentia
1830 2373 1929 2427 est,
1985 2363 2246 2429 recedant,

624 2437 632 2444 ’
662 2450 949 2508 manifeste
975 2467 1161 2508 verum
1187 2463 1299 2522 est,
1331 2454 1459 2525 quia
1477 2495 1493 2520 ,
1519 2463 1578 2509 ut
1607 2456 1806 2511 dictum
1831 2466 1945 2522 est,
1977 2457 2251 2527 peccando

627 2545 631 2548 ’
658 2553 716 2602 et
741 2545 924 2616 inique
965 2546 1171 2617 agendo
1202 2546 1332 2617 quid
1361 2546 1506 2602 aliud
1547 2556 1712 2618 agunt
1740 2548 1842 2602 nisi
1871 2558 1930 2602 ut
1973 2564 2002 2602 a
2032 2549 2138 2603 Deo
2169 2565 2250 2604 re-

622 2623 632 2712 :
665 2635 882 2701 cedant,
914 2645 970 2690 et
995 2635 1152 2708 longe
1173 2636 1242 2690 ab
1263 2651 1328 2691 eo
1357 2635 1488 2691 fiant
1515 2645 1572 2691 et
1600 2637 1858 2706 pereant?
1891 2636 2043 2692 Sicut
2080 2637 2146 2692 de
2169 2638 2250 2694 eis

666 2727 929 2799 scriptum
971 2736 1092 2786 est:
1131 2727 1394 2795 Quoniam
1439 2729 1530 2801 qui
1578 2728 1823 2802 elongant
1863 2747 1917 2785 se
1948 2749 1980 2786 a
2015 2741 2082 2795 te,
2127 2747 2246 2802 per-

627 2805 632 2884 ί
661 2817 808 2875 ibunt
837 2817 1010 2891 (Psal.
1041 2836 1211 2888 LXXI],
1237 2821 1350 2894 27).

623 2898 630 2908 ’
731 2910 801 2966 Et
822 2912 963 2982 quod
989 2911 1266 2985 subiungit
1293 2915 1395 2970 iste
1423 2915 1600 2970 adhuc
1628 2915 1845 2980 dicens,
1881 2916 2020 2988 quod
2049 2917 2104 2970 in
2132 2925 2251 2971 tan-

625 2999 764 3057 'tum
789 3013 836 3059 et
866 3004 1063 3060 diaboli
1095 3015 1145 3060 et
1178 3006 1450 3061 hominum
1493 3008 1771 3079 impiorum
1812 3011 2021 3080 iniquus
2050 3009 2250 3081 appeti-

659 3105 744 3151 tus
765 3111 961 3165 pronus
994 3105 1043 3150 et
1071 3096 1257 3151 avidus
1299 3097 1364 3152 sit
1410 3098 1478 3152 ad
1521 3098 1718 3154 malum
1744 3141 1757 3163 ,
1806 3111 1859 3155 ut
1886 3101 1933 3154 si
1964 3118 2049 3156 eos
2070 3101 2248 3157 divina

651 3193 882 3254 potestas
909 3187 1228 3255 permitteret
1251 3228 1267 3254 ,
1311 3196 1513 3242 tantum
1533 3204 1587 3242 se
1611 3192 1836 3259 peccatis
1857 3190 2240 3261 immergerent,

650 3286 708 3331 ut
731 3279 785 3330 in
807 3279 882 3331 eis
905 3279 1062 3332 etiam
1082 3280 1196 3350 ipsa
1222 3288 1413 3335 natura
1439 3283 1624 3336 merito
1653 3281 1815 3337 deleri
1841 3294 2045 3354 posset,
2083 3284 2244 3340 nimis

647 3368 868 3439 quidem
903 3377 1147 3426 coactum
1176 3411 1191 3437 ,
1238 3371 1330 3426 sed
1379 3371 1606 3428 forsitan
1644 3389 1750 3428 non
1799 3389 1866 3429 ex
1908 3384 2020 3428 toto
2048 3374 2237 3430 falsum

648 3467 752 3513 est.
789 3457 1050 3514 Similiter
1074 3461 1216 3530 quod
1248 3460 1510 3533 adiungit,
1541 3465 1664 3534 quia
1688 3480 1753 3519 ex
1777 3481 1836 3518 ea
1858 3465 2156 3536 diﬂicultate
2191 3476 2239 3521 et

653 3550 1070 3620 impossibilitate
1083 3570 1185 3622 qua
1212 3554 1267 3607 in
1294 3555 1370 3608 eis
1393 3555 1570 3609 divina
1591 3556 1821 3626 potentia
1847 3567 1892 3610 et
1917 3557 2238 3624 providentia

629 3641 894 3717 imponit,
918 3659 980 3697 ne
1009 3643 1062 3698 in
1092 3654 1294 3700 tantam
1318 3655 1474 3701 ruant
1505 3649 1799 3718 voraginem
1826 3648 2044 3704 malitia:
2072 3667 2241 3721 quan-

650 3743 760 3790 tam
799 3735 1117 3803 desiderant,
1151 3739 1218 3793 sit
1263 3739 1318 3794 in
1349 3741 1526 3795 animo
1563 3757 1764 3807 eorum,
1798 3742 1851 3798 id
1878 3750 1962 3798 est
1995 3750 2052 3798 et
2086 3742 2242 3799 mali-

651 3843 880 3899 gnorum
908 3829 1196 3900 spirituum
1227 3840 1282 3888 et
1300 3832 1576 3888 hominum
1599 3834 1958 3905 pessimorum
1974 3833 2129 3892 labor
2150 3852 2242 3892 co-

649 3922 839 3989 nandi,
891 3931 948 3978 et
995 3925 1268 3980 cruciatus
1316 3926 1688 3996 multipliciter
1727 3928 2038 4000 cogitandi,
2094 3929 2239 3999 quod

656 4012 882 4082 implere
912 4029 1020 4069 non
1048 4025 1294 4086 possunt.
1323 4015 1390 4072 Et
1420 4017 1542 4072 talis
1573 4017 1726 4074 labor
1746 4019 1806 4073 lit
1831 4019 2018 4088 utique
2042 4019 2238 4075 animis

650 4119 844 4160 eorum
891 4113 1241 4173 tormentum,
1292 4109 1521 4178 punitio,
1567 4111 1862 4176 cruciatus,
1890 4118 1950 4165 ut
1986 4110 2102 4181 ipsa
2141 4125 2238 4167 sua

625 4193 892 4267 ,maligna
932 4196 1209 4254 voluntate
1255 4208 1608 4270 torqueantur
1643 4212 1698 4256 et
1739 4202 2052 4272 puniantur.
2085 4201 2237 4270 Quod

649 4305 784 4347 vero
811 4301 934 4364 post
959 4293 1073 4350 haac
1114 4296 1292 4352 omnia
1315 4296 1592 4368 subiungit
1633 4308 1687 4354 et
1716 4299 1874 4367 dicit,
1917 4301 2152 4358 videlicet
2176 4320 2241 4360 ex

619 4385 747 4466 _hoc
773 4384 980 4440 interno
1011 4388 1247 4442 cruciatu
1282 4396 1330 4443 et
1373 4389 1641 4459 punitione
1669 4392 1854 4457 animi,
1886 4394 2010 4447 dum
2037 4395 2240 4466 cupidi-

645 4487 778 4534 tates
796 4495 922 4534 suas
944 4478 1052 4535 Deo
1074 4480 1352 4537 obsistente
1374 4481 1585 4553 implere
1605 4500 1708 4538 non
1729 4493 1913 4553 potest,
1944 4486 2038 4556 ﬁat
2061 4487 2239 4542 anima

2365 617 2652 687 difﬁcultas
2679 628 2726 672 et
2751 620 3140 682 impossibilitas
3165 641 3268 694 qua
3296 625 3440 695 impii
3467 628 3629 697 angeli
3663 631 3723 684 rel
3744 634 3841 686 homi-

2364 725 2452 763 nes
2484 709 2588 763 Deo
2615 710 2889 765 obsistente
2934 712 3276 781 prohibentur
3313 719 3571 784 pervenire
3608 720 3668 773 ad
3702 739 3748 774 ca
3775 742 3840 792 qua

2317 795 2324 799 ’
2363 801 2550 872 cupide
2576 811 2623 855 et
2649 819 2891 871 perverse
2911 815 3186 875 appetunt,
3220 806 3331 860 hrrc
3363 807 3434 860 eis
3455 814 3770 864 tantummodo
3791 816 3841 879 ﬁn

2361 896 2416 948 in
2441 895 2532 948 illa
2560 907 2754 950 interna
2778 895 3114 951 damnatione
3136 899 3354 967 poenalis
3382 901 3615 955 interitus
3632 912 3672 955 et
3697 905 3844 958 mitem;

2363 1000 2461 1038 mre
2483 985 2782 1052 cupiditatis
2795 986 3123 1056 justissimus
3165 990 3444 1050 cruciatus,
3488 1001 3540 1043 ut
3562 991 3684 1046 hunc
3701 1005 3845 1048 tantun-

2362 1080 2516 1128 modo
2537 1075 2607 1128 ibi
2617 1076 2887 1146 patiantur
2905 1076 2958 1129 in
2978 1075 3152 1130 animo
3173 1095 3268 1131 suo
3289 1078 3551 1132 interitum
3566 1088 3610 1133 et
3622 1082 3841 1146 crudum,

2361 1167 2483 1236 quia
2501 1165 2618 1235 jam
2653 1167 2790 1238 quod
2828 1183 3062 1237 perverse
3089 1167 3540 1234 desideraverant,
3584 1170 3759 1235 implere
3787 1190 3844 1226 nos

2360 1257 2622 1324 sinantur,
2650 1274 2741 1313 nec
2767 1258 2934 1313 ullum
2972 1261 3046 1314 eis
3073 1261 3391 1316 extrinsecus
3421 1278 3487 1317 ex
3508 1262 3596 1316 illo
3615 1264 3707 1334 igni
3725 1274 3844 1319 atem

2359 1350 2670 1405 adhibeatur
2682 1351 2993 1422 supplicium
3015 1362 3063 1407 et
3085 1361 3396 1407 tormentum
3412 1370 3431 1419 ;
3446 1353 3844 1410 manifestissimum

2361 1446 2701 1501 mendacium
2735 1455 2838 1512 est,
2886 1447 3011 1502 ﬁdei
3057 1462 3119 1504 ac
3157 1448 3371 1503 veritati
3419 1449 3743 1515 contrarium,
3761 1450 3845 1506 sicut

2351 1535 2464 1607 iam
2482 1552 2642 1607 supra
2671 1536 2980 1609 frequenter
2999 1545 3274 1593 ostensum
3297 1546 3400 1594 est.

2430 1629 2515 1684 10.
2547 1629 2674 1684 Post
2694 1630 2810 1685 haec
2835 1630 3110 1702 subiungit
3133 1639 3188 1684 et
3211 1630 3361 1695 dicit,
3399 1630 3585 1685 invitos
3604 1629 3700 1685 Deo
3722 1633 3843 1685 servin

2355 1719 2574 1791 impios:
2600 1736 2703 1774 non
2730 1729 2974 1773 naturam
3011 1736 3167 1790 quam
3203 1720 3256 1773 in
3284 1720 3358 1773 eis
3380 1718 3523 1788 fecit,
3558 1728 3605 1773 et
3628 1719 3675 1773 in
3701 1720 3758 1773 eis
3784 1736 3842 1771 ποι

2357 1812 2525 1882 punit,
2548 1810 2639 1864 sed
2670 1811 2863 1864 malam
2887 1809 3223 1874 voluntatem,
3251 1825 3407 1879 quam
3433 1809 3493 1862 in
3513 1809 3582 1863 eis
3599 1825 3689 1862 non
3708 1807 3842 1877 {scitu

2285 1883 2332 1944 Β
2357 1905 2412 1958 in
2440 1906 2514 1959 eis
2535 1905 2685 1975 punit
2709 1920 2726 1958 :
2754 1904 2970 1974 ideoque
3000 1919 3134 1975 quoa
3169 1904 3218 1957 ei
3246 1903 3392 1957 inviti
3428 1903 3648 1957 serviunt
3667 1901 3842 1972 punitiia

2356 1995 2538 2065 seipsis
2573 2011 2670 2048 sua
2704 2010 2854 2065 poena
2879 2035 2894 2060 ,
2934 1993 2997 2048 de
3031 2010 3136 2064 qua
3157 2009 3285 2064 quos
3320 1993 3489 2064 justef
3509 2008 3609 2046 non
3631 1991 3785 2054 liberet,
3805 1991 3842 2042 ul

2354 2102 2469 2139 eam
2509 2084 2627 2138 illos
2669 2084 3051 2157 quodammodo
3091 2093 3371 2154 prteparet,
3407 2083 3536 2136 dum
3582 2099 3660 2138 eos
3698 2081 3751 2135 all
3774 2097 3841 2134 εει

2355 2180 2548 2250 seipsos
2574 2194 2873 2249 praeparare
2894 2178 3174 2247 permittat.
3206 2175 3410 2231 Similis
3431 2184 3521 2231 est
3541 2183 3592 2230 et
3617 2175 3665 2229 in
3688 2173 3754 2228 his
3771 2187 3841 2226 rer-

2353 2269 2437 2324 bis
2465 2268 2582 2339 eius
2627 2269 2875 2324 intentio.
2911 2267 3053 2323 Dicit
3080 2283 3311 2339 namque
3340 2267 3486 2338 quod
3513 2280 3689 2322 omnes
3720 2263 3839 2334 impii.

2354 2363 2406 2418 id
2436 2375 2518 2418 est
2544 2372 2600 2418 et
2629 2361 2803 2435 angeli
2845 2371 2900 2418 et
2941 2361 3186 2418 homines
3215 2361 3473 2432 maligni,
3517 2361 3571 2416 in
3614 2358 3692 2414 illa
3727 2356 3839 2426 subie-

2353 2455 2530 2511 ctione
2570 2471 2678 2527 qua
2726 2453 3077 2525 subjicieutur
3116 2455 3372 2525 potestati
3413 2462 3472 2509 et
3504 2452 3692 2522 iudicio
3729 2449 3839 2505 Deiin

2352 2554 2612 2600 aeternum
2653 2546 2924 2612 damnati,
2980 2546 3134 2601 inviti
3177 2545 3416 2601 servient
3459 2544 3646 2602 divinae
3690 2541 3840 2610 dispoli

2354 2638 2506 2694 tioni.
2537 2639 2602 2693 Et
2626 2639 2728 2694 hoc
2755 2639 3048 2694 secundum
3073 2637 3191 2710 eius
3213 2653 3460 2704 sensum,
3488 2648 3548 2693 ut
3577 2633 3779 2692 videlicet
3794 2634 3838 2687 in-

2351 2731 2446 2784 viti
2479 2729 2837 2799 subiiciantur
2861 2729 2972 2785 Deo
3001 2745 3108 2784 non
3137 2737 3329 2784 natura
3358 2728 3412 2784 in
3455 2727 3537 2785 eis
3571 2726 3713 2782 faciet
3740 2737 3837 2794 quam

2352 2821 2495 2877 Deus
2523 2820 2672 2886 fecit,
2703 2831 2776 2886 et,
2807 2821 2944 2878 sicut
2981 2821 3084 2878 iste
3109 2821 3411 2888 contendit,
3449 2833 3700 2890 nunquam
3719 2815 3836 2887 punil;

2350 2913 2442 2968 sed
2472 2913 2608 2967 mala
2649 2911 2898 2968 voluntas
2927 2927 3090 2982 quam
3133 2912 3186 2966 in
3219 2912 3300 2968 eis
3333 2927 3442 2968 non
3487 2911 3627 2974 fecit,
3663 2917 3709 2964 et
3736 2919 3837 2977 quam

2351 3003 2522 3059 solum
2556 3003 2608 3058 in
2639 3003 2718 3059 eis
2748 3003 2922 3074 punit.
2955 3002 3020 3058 Et
3048 3019 3116 3061 ex
3138 3015 3203 3059 eo
3232 3003 3374 3074 quod
3414 3002 3568 3058 inviti
3590 2999 3780 3056 servient
3794 2994 3837 3047 di-

2350 3095 2476 3151 vino
2514 3095 2721 3165 iudicio
2749 3135 2762 3160 ,
2798 3095 3102 3166 puniendos
3139 3109 3234 3151 eos
3277 3110 3401 3151 esse
3448 3112 3553 3152 non
3591 3092 3835 3148 extrinsecus

2351 3187 2531 3257 aliquo
2567 3196 2834 3242 tormento
2857 3186 3117 3254 adhibito,
3149 3186 3243 3243 sed
3278 3183 3643 3240 tantummodo
3668 3179 3835 3235 intrinse

2350 3295 2447 3336 cus
2493 3280 2546 3334 in
2573 3280 2687 3350 ipsa
2718 3279 2994 3334 voluntate
3016 3318 3032 3344 ,
3063 3278 3190 3334 dum
3231 3278 3286 3333 in
3314 3277 3396 3332 eis
3436 3277 3674 3332 voluntas
3709 3271 3751 3325 tit
3780 3279 3834 3320 tu

2351 3386 2508 3443 pcena
2536 3371 2636 3427 sibi
2664 3372 2799 3442 ipsa,
2826 3371 2954 3426 dum
2999 3378 3055 3428 et
3091 3382 3210 3427 esse
3251 3368 3436 3439 cupiet
3476 3367 3613 3424 male
3648 3364 3835 3422 libera,et

2350 3473 2531 3518 tamen
2577 3464 2759 3518 divina
2805 3470 3070 3534 potestate
3119 3460 3188 3517 ab
3232 3459 3320 3516 illa
3369 3473 3624 3532 perversa
3669 3455 3833 3510 libertate

2348 3567 2631 3613 coercetur
2661 3555 2847 3616 invita.
2879 3553 3030 3610 Hanc
3060 3554 3242 3624 itaque
3281 3554 3456 3609 solam
3500 3551 3625 3607 dicit
3660 3556 3833 3613 esset»

2349 3662 2476 3703 nam
2521 3656 2576 3702 et
2615 3646 2926 3720 angelorum
2966 3654 3022 3701 et
3070 3644 3349 3700 hominum
3379 3642 3675 3714 impiorum,
3712 3644 3754 3690 ut
3775 3633 3832 3686 hoc

2348 3739 2508 3796 modo
2527 3739 2791 3811 cupiendo
2810 3739 3010 3794 habere
3031 3751 3130 3792 nec
3154 3735 3380 3791 valendo
3402 3733 3612 3804 assequi
3631 3726 3831 3802 pessimam

2346 3830 2566 3886 malitiae
2597 3830 2898 3887 libertatem
2924 3871 2940 3897 ,
2973 3831 3026 3886 in
3066 3828 3179 3886 sola
3208 3836 3264 3885 et
3288 3842 3355 3884 ex
3385 3826 3504 3882 sola
3534 3823 3618 3881 tali
3642 3820 3832 3877 voluntate

2346 3922 2677 3978 crucientur.
2717 3919 2921 3976 Natura
2965 3935 3094 3976 vero
3141 3933 3330 3975 eorum
3379 3932 3492 3988 qua
3528 3913 3775 3970 subsistunt
3803 3903 3830 3955 in

2345 4016 2540 4088 spiritu
2565 4014 2652 4072 vel
2675 4029 2923 4086 corpore,
2969 4014 3094 4086 quia
3137 4028 3169 4068 a
3199 4011 3310 4067 Deo
3341 4009 3486 4066 facta
3513 4017 3612 4074 est,
3635 4013 3682 4061 et
3709 4010 3831 4056 secuit

2345 4110 2472 4164 dum
2523 4109 2686 4164 istum
2733 4123 3008 4179 nunquam
3052 4114 3262 4178 peccat,
3317 4117 3592 4174 nunquam
3641 4095 3828 4171 punietur.

2302 4274 2310 4280 _
2345 4217 2618 4273 nunquam
2642 4201 2818 4272 aliqua
2851 4209 3115 4257 tormenta
3145 4199 3399 4270 patietur.

2414 4295 2490 4352 De
2511 4295 2707 4366 quibus
2737 4294 2985 4350 omnibus
3007 4291 3119 4363 iam
3151 4308 3336 4365 supra,
3362 4300 3528 4364 prout
3545 4286 3759 4346 Dominus
3776 4277 3830 4332 de

2341 4389 2442 4455 dit,
2493 4388 2624 4444 satis
2673 4401 2990 4457 responsum
3029 4394 3128 4442 est.
3184 4385 3361 4440 Unum
3410 4374 3746 4439 tantummodo
3767 4368 3828 4471 “hic

2341 4479 2690 4552 pr0pouimus
2733 4477 2984 4533 omnibus
3039 4474 3531 4539 considerandum,
3585 4472 3680 4528 imo
3727 4471 3828 4517 ειιίω

646 4570 861 4637 misera,
888 4572 1152 4628 sustinens
1179 4574 1417 4628 inanium
1446 4574 1768 4646 voluptatum
1787 4592 2007 4631 suarum
2039 4588 2236 4648 egesta-
2260 4613 2314 4674 Β
2342 4569 2756 4635 exsecrandum,
2782 4567 3052 4639 quomodo
3088 4567 3190 4621 iste
3234 4575 3421 4621 contra
3449 4565 3715 4620 humanum
3752 4564 3828 4607 ειη·

643 4672 782 4730 tem;
811 4680 1002 4722 verum
1023 4666 1239 4738 quidem
1273 4676 1375 4731 est,
1408 4668 1550 4738 quod
1596 4669 1712 4724 haec
1757 4683 2010 4739 perversa
2061 4670 2228 4726 animi

642 4754 931 4826 cupiditas,
955 4764 1010 4812 et
1038 4771 1162 4812 cum
1188 4755 1456 4828 expletur,
1484 4765 1540 4814 et
1572 4772 1696 4814 cum
1726 4757 1931 4828 expleri
1964 4774 2070 4814 non
2101 4773 2226 4830 per-

619 4886 624 4892 .
647 4848 904 4914 mittitur,
932 4849 1189 4905 miserum
1211 4850 1462 4905 eumdem
1489 4850 1728 4905 animum
1749 4848 1901 4905 facit.
1932 4849 2040 4906 Sed
2061 4849 2229 4906 multo

643 4949 731 4998 est
757 4942 1005 4999 miserior
1030 4944 1262 5013 animus,
1296 4960 1420 5000 cum
1449 4944 1516 5000 ad
1546 4944 1672 5000 talia
1703 4945 2037 5016 permittitur
2065 4960 2228 5016 quam

644 5047 769 5091 cum
799 5048 831 5088 a
860 5035 1057 5092 talibus
1077 5036 1260 5092 divina
1288 5043 1559 5108 potestate
1585 5037 1935 5108 prohibetur:
1963 5036 2230 5094 infelicius

613 5140 882 5196 .namque
919 5127 1060 5183 mala
1087 5129 1286 5198 possit,
1323 5144 1485 5200 quam
1511 5128 1642 5184 velit
1684 5129 2055 5184 tantummodo
2077 5169 2092 5195 ,
2127 5144 2227 5185 nec

647 5220 836 5292 possit.
892 5221 1042 5278 Unde
1077 5230 1132 5278 et
1181 5222 1458 5279 stecularis
1502 5221 1804 5293 philosophi
1841 5236 1968 5276 vera
2010 5231 2093 5277 est
2136 5221 2222 5276 illa

645 5310 912 5367 sententia
943 5311 1010 5369 de
1033 5315 1265 5384 quodam
1292 5331 1304 5367 :
1331 5312 1375 5367 0
1398 5313 1645 5368 miserum
1672 5312 1756 5367 cui
1777 5328 1991 5383 peccare
2019 5311 2228 5366 licebat!

645 5400 847 5458 Verum
875 5420 1106 5477 namque
1134 5407 1273 5463 dixit
1296 5408 1386 5477 qui
1418 5408 1522 5462 hoc
1555 5407 1708 5470 dixit,
1742 5406 1867 5476 quia
1910 5405 1955 5461 si
1984 5405 2228 5474 prohibe-

648 5502 796 5550 retur
837 5511 1061 5567 peccare
1108 5498 1198 5552 ille
1243 5497 1309 5552 de
1357 5512 1464 5566 quo
1513 5499 1616 5553 hoc
1649 5497 1850 5552 dictum
1894 5505 1998 5560 est,
2050 5496 2227 5552 minus

610 5620 618 5628 -
647 5583 832 5655 utique
881 5587 1045 5642 miser
1089 5596 1273 5650 esset,
1306 5586 1420 5642 sola
1465 5586 1742 5643 voluntate
1768 5586 2025 5656 peccandi
2057 5604 2069 5641 :
2102 5601 2222 5642 cum

643 5683 824 5734 autem
846 5677 896 5733 ei
919 5692 1148 5748 peccare
1170 5677 1387 5743 licebat,
1404 5677 1774 5734 infelicissima
1796 5678 2040 5743 licentia,
2059 5678 2226 5734 multo

643 5768 894 5831 miserior
916 5780 1034 5826 erat
1063 5777 1117 5825 et
1144 5770 1384 5841 appetitu
1412 5770 1564 5825 malae
1596 5769 1890 5826 voluntatis
1919 5781 1973 5826 et
2005 5771 2221 5826 atl‘ectu.

711 5859 868 5936 Quod
899 5875 1026 5917 vero
1057 5860 1160 5916 iste
1197 5861 1448 5936 aperiens
1493 5869 1548 5916 et
1591 5874 1867 5936 exponens
1909 5877 2006 5916 cur
2045 5861 2224 5921 omnia

2339 4677 2460 4717 sum
2484 4671 2539 4717 et
2565 4668 2754 4716 contra
2781 4658 3132 4728 apostolicam
3171 4658 3460 4714 veritatem
3489 4657 3626 4714 dicat
3662 4657 3829 4740 nonth

2338 4769 2458 4808 care
2496 4761 2773 4818 naturam,
2817 4750 2909 4805 sed
2953 4748 3121 4804 solam
3156 4748 3473 4804 voluntatem
3521 4755 3718 4802 natura.
3749 4734 3827 4802 Quis

2339 4843 2483 4900 enim
2512 4856 2751 4912 unquam
2779 4841 3056 4898 hominum
3100 4839 3200 4896 fuit
3244 4849 3337 4895 aut
3375 4848 3460 4896 est
3486 4839 3575 4909 qui
3602 4836 3720 4891 dicat
3738 4819 3826 4912 quod

2339 4950 2460 4992 cum
2510 4908 2706 5003 aliquis
2750 4931 3104 4999 adulterium,
3157 4939 3250 4986 aut
3300 4928 3744 4988 comessationes].
3779 4908 3826 4965 ’τί

2337 5027 2651 5084 ebrietatem
2693 5034 3001 5098 perpetrat,
3044 5023 3155 5079 sola
3197 5024 3250 5078 in
3280 5023 3371 5079 illo
3399 5030 3585 5093 peccet
3620 5016 3825 5098 voluntas:

2309 5113 2390 5176 'et
2438 5118 2571 5174 nihil
2627 5092 2712 5172 ibi
2743 5092 2932 5186 peccet
2983 5118 3196 5181 anima,
3251 5092 3622 5185 nihilipeccet
3661 5092 3826 5172 corpus?

2335 5229 2458 5269 cum
2504 5227 2535 5266 e
2575 5210 2878 5276 contrario,
2925 5211 3222 5266 secundum
3269 5208 3394 5265 fidei
3445 5204 3707 5264 catholicae
3739 5188 3826 5246 γετί·

2309 5315 2532 5382 _tatem,
2581 5315 2870 5376 propterea
2929 5304 3258 5360 adducendae
3317 5304 3426 5359 sint
3479 5314 3657 5358 omnes
3699 5288 3825 5382 anim?

2334 5417 2457 5459 cum
2485 5374 2800 5470 corporibus
2825 5399 2940 5453 suis
2978 5398 3044 5452 ad
3082 5396 3347 5466 iudicium
3388 5374 3822 5474 omnipotentis

2334 5503 2394 5548 ut
2418 5492 2558 5548 sicut
2585 5494 2638 5546 in
2670 5499 2899 5560 utroque
2919 5498 2973 5545 et
2996 5506 3062 5546 ex
3092 5499 3321 5561 utroque
3344 5489 3701 5560 peccaverunt,
3728 5474 3777 5526 ita
3792 5477 3822 5517 in

2305 5593 2560 5660 _utroque
2604 5583 2914 5655 iudicentur
2941 5591 3102 5654 atque
3131 5583 3443 5652 puniantur.
3472 5577 3602 5634 Nam
3624 5571 3662 5628 si
3699 5568 3822 5660 natura

2329 5678 2572 5748 corporis
2604 5678 2890 5746 impiorum
2923 5676 3143 5731 omnino
3193 5675 3447 5731 immunis
3479 5680 3561 5727 est
3585 5684 3611 5722 a
3639 5662 3820 5755 peculis

2329 5772 2458 5840 quid
2483 5785 2707 5826 necesse
2730 5778 2813 5824 est
2837 5777 2895 5824 ut
2927 5777 3190 5840 resurgat,
3220 5783 3339 5840 qum
3370 5765 3564 5822 nullam
3601 5757 3820 5815 damna"?

2331 5877 2450 5916 nem
2502 5861 2773 5916 meretur?
2799 5869 2890 5914 aut
2919 5861 3188 5932 quomodo
3233 5860 3378 5931 iuste
3417 5871 3538 5917 cum
3581 5852 3730 5908 anima
3763 5843 3822 5890 ξοδ
