3970 6306
62 446 179 501 241

1055 440 1257 496 LIBER
1294 439 1667 498 ADVERSUS
1706 438 2030 498 JOANNEM
2069 439 2371 498 SCOTUM.

3242 431 3353 494 842

61 559 552 620 condemnabitur,
584 572 705 628 quae
730 571 853 612 cum
893 571 956 613 ea
1011 555 1218 612 nullum
1251 557 1510 627 peccandi
1545 572 1676 614 con-
1700 559 1754 622 Α
1779 573 1881 614 nec
1907 557 2191 614 veritatem
2222 557 2392 612 divini
2414 554 2605 626 judicii
2633 563 2689 613 et
2731 554 2918 612 aeterni
2956 553 3227 625 supplicii,
3261 567 3362 624 nec

64 653 312 709 sortium
360 650 571 717 habuit,
598 649 801 705 nullum
833 649 1038 721 peccati
1067 650 1322 706 meritum
1362 650 1666 718 contraxit;

65 758 206 798 nam
239 743 284 798 si
330 743 432 798 hoc
462 742 534 797 ita
574 749 741 807 esset,
792 740 1089 798 subiciebat
1135 741 1305 797 solam
1338 742 1575 798 animam
1616 743 1670 798 in

54 836 281 907 judicio
305 835 645 906 praesentari,
694 843 749 890 et
797 834 996 889 malam
1045 833 1397 901 voluntatem,
1437 836 1564 907 quia
1619 836 1670 892 in

61 928 195 999 ipsa
234 928 519 993 inhabitat,
547 943 709 998 quam
735 927 837 983 iste
858 927 1178 984 dicitsolam
1202 944 1454 1000 peccare,
1501 931 1556 985 in
1601 946 1664 986 ea

58 1020 294 1090 puniri?
324 1020 400 1074 lta
431 1018 738 1088 hujusmodi
773 1019 1068 1090 impietatis
1096 1020 1323 1076 assertio
1352 1036 1458 1076 non
1497 1020 1670 1077 solum

61 1112 241 1168 ﬁdem
268 1112 534 1178 veritatis,
565 1113 658 1167 sed
688 1111 853 1169 etiam
899 1112 1059 1168 iidem
1112 1112 1531 1169 resurrectionis
1571 1113 1672 1168 im-

57 1214 303 1277 pugnat.
333 1203 622 1275 Apostolus
656 1203 826 1260 dicit:
863 1202 985 1258 Non
1023 1220 1144 1275 ergo
1184 1214 1360 1276 regnet
1402 1215 1671 1276 peccatum

56 1295 121 1349 in
155 1306 324 1352 vestro
358 1295 570 1350 mortali
595 1313 830 1366 corpore,
856 1305 910 1350 ut
937 1296 1189 1351 obediatis
1213 1296 1489 1352 desideriis
1521 1297 1670 1368 ejus:

54 1389 164 1444 sed
189 1406 356 1460 neque
397 1387 684 1442 exhibeatis
711 1388 939 1443 membra
977 1398 1144 1443 vestra
1184 1406 1334 1444 arma
1380 1391 1670 1462 iniquitatis

53 1482 326 1551 peccato?
365 1480 470 1538 Sed
499 1479 734 1536 exhibete
760 1497 846 1535 vos
892 1480 1022 1548 Deo,
1054 1490 1302 1553 tanquam
1342 1499 1408 1537 ea:
1445 1483 1695 1559 mortuis.

53 1577 322 1642 viventes,
349 1585 397 1631 et
422 1576 650 1632 membra
693 1585 860 1631 vestra
884 1593 1034 1632 arma
1067 1577 1292 1648 justitite
1344 1578 1454 1634 Deo
1483 1578 1664 1650 (Rom.

52 1683 140 1730 vr,
192 1666 283 1730 l2,
322 1666 431 1736 l3).
468 1665 526 1722 Si
571 1682 700 1738 ergo
738 1664 891 1736 juxta
921 1667 1035 1723 haec
1074 1669 1239 1724 verba
1292 1669 1562 1741 loquentis
1613 1671 1668 1726 in

53 1758 336 1829 Apostolo
359 1757 565 1832 Christi
597 1766 788 1828 regnat
815 1767 1095 1829 peccatum
1138 1761 1192 1816 in
1231 1769 1420 1817 nostro
1456 1762 1668 1818 mortali

51 1865 328 1922 corpore,
358 1860 412 1906 et
443 1860 571 1907 tunc
599 1866 824 1921 regnum
858 1851 932 1907 ibi
967 1851 1176 1908 obtinet
1221 1870 1342 1910 cum
1387 1855 1668 1914 obedimus

53 1941 359 1997 desideriis
411 1940 546 2010 ejus,
591 1941 664 1996 ita
709 1949 768 1995 ut
821 1940 1124 1998 eﬂiciantur
1175 1944 1420 2000 membra
1481 1956 1664 2002 nostra

49 2045 223 2088 arma
279 2032 576 2104 iniquitatis
621 2041 866 2103 peccato,
898 2033 1094 2104 quibus
1135 2037 1370 2090 animam
1422 2046 1664 2094 uestram

52 2124 308 2181 debellet
329 2133 384 2180 et
401 2126 633 2190 occidat,
668 2126 940 2196 quomodo
968 2142 1076 2181 non
1105 2142 1304 2198 corpus
1331 2137 1540 2198 peccat,
1567 2145 1666 2186 nec

51 2225 355 2288 peccatum
395 2219 461 2272 ad
491 2217 664 2288 ipsum
691 2217 947 2287 pertinet,
989 2217 1040 2272 in
1071 2234 1179 2289 quo
1209 2227 1263 2274 et
1302 2222 1510 2290 peccati
1543 2238 1664 2292 reg-

52 2325 198 2366 num
228 2309 498 2366 inhabitat
527 2318 584 2366 et
617 2311 824 2381 peccati
866 2309 1057 2365 militia
1097 2313 1419 2368 exercetur?

665 2439 893 2498 CAPUT
932 2439 1076 2496 XIX.

129 2571 301 2629 Nono
327 2572 556 2639 decimo,
586 2572 640 2628 id
665 2580 752 2628 est
776 2581 1020 2629 extremo
1046 2574 1306 2645 capitulo,
1341 2574 1415 2632 ita
1447 2576 1577 2633 dicit
1603 2595 1615 2631 :

129 2665 194 2721 l.
236 2664 424 2737 Ignem
453 2673 706 2721 teternum
757 2666 916 2720 istum
963 2667 1136 2738 ipsum
1180 2679 1427 2740 quartum
1483 2670 1668 2725 mundi

50 2764 408 2828 elementum,
437 2762 526 2816 ubi
552 2778 773 2834 corpora
811 2773 1113 2817 sanctorum
1143 2764 1198 2819 in
1228 2766 1506 2819 tethereant
1555 2782 1669 2820 ntu—

50 2866 250 2910 tentur
276 2854 599 2926 qualitatem,
631 2855 911 2926 impiorum
958 2873 1075 2912 vero
1122 2874 1342 2929 corpora
1372 2858 1425 2912 in
1457 2876 1666 2913 aeream

49 2945 402 3017 qualitatem,
434 2944 714 3016 impiorum
746 2963 864 3002 vero
906 2963 1127 3019 corpora
1153 2949 1210 3002 in
1250 2965 1457 3003 aeream
1491 2950 1667 3021 quali-

52 3049 232 3094 tatem
263 3039 576 3093 transitura.

125 3131 191 3186 2.
235 3128 308 3184 In
325 3147 485 3202 eoque
507 3140 820 3185 naturarum
841 3131 980 3186 intra
1002 3148 1056 3188 se
1078 3131 1317 3188 mirabile
1339 3135 1520 3204 perﬁci
1541 3151 1671 3206 gau-

52 3224 241 3288 dium,
295 3221 554 3277 malarum
601 3238 717 3278 vero
758 3222 1085 3280 voluntatum
1124 3223 1392 3294 ineffabile
1439 3236 1668 3282 tormen-

53 3326 202 3371 tum.

126 3407 194 3464 '5.
239 3404 316 3462 Et
341 3408 415 3462 ita
441 3406 719 3480 impiorum
741 3411 974 3465 omniunt
1024 3410 1329 3483 angelorum
1375 3412 1672 3468 hominum-

51 3521 159 3574 que
195 3519 423 3570 corpora
449 3504 705 3574 supplicia
731 3505 865 3575 ignis
894 3506 1078 3560 wterni
1113 3523 1446 3579 perpessum,
1481 3519 1538 3562 ut
1590 3508 1672 3563 in-

54 3596 319 3670 tegritate
356 3613 536 3652 eorum
585 3598 890 3653 substantia:
919 3599 1063 3654 nullo
1097 3601 1251 3654 modo
1289 3603 1547 3673 peritura,
1583 3620 1672 3657 eo-

54 3704 180 3744 rum
210 3686 607 3758 pulchritudine
639 3688 784 3743 nullo
812 3691 967 3744 modo
1002 3690 1274 3760 defutura,
1303 3709 1483 3747 eorum
1521 3704 1676 3748 natu-

57 3785 164 3838 rali
202 3782 569 3840 incolumitate
593 3802 963 3856 permansura,
991 3787 1229 3842 omnibus
1259 3788 1447 3843 deinde
1472 3799 1676 3842 natura:

55 3882 217 3936 bonis
241 3880 320 3934 ad
342 3881 699 3936 universitatis
733 3895 1097 3939 ornamentum
1126 3885 1354 3939 mirabili
1381 3885 1564 3939 ordine
1598 3902 1676 3939 re-

55 3973 322 4043 fulsuris,
348 3983 562 4044 excepta
584 3974 932 4041 beatitudine,
962 3993 1067 4047 qua
1092 3977 1459 4047 privabantur.

130 4071 192 4123 4.
242 4067 552 4124 Superioris
599 4069 735 4142 ignis
785 4072 1018 4141 corporei
1049 4089 1168 4126 cum
1218 4071 1485 4142 inferioris
1537 4074 1675 4128 aeris

56 4159 382 4230 corporibus
415 4159 668 4228 qualitate
711 4161 1047 4229 colluctante,
1082 4166 1314 4218 naturali
1366 4165 1415 4218 vi
1470 4175 1675 4220 serrata

54 4253 367 4321 infelicium
390 4254 690 4308 animarum
717 4255 936 4309 intentio
968 4256 1031 4311 de
1059 4257 1365 4328 corporibus
1390 4258 1502 4312 suis
1524 4268 1676 4313 αἰετ-

58 4362 161 4400 nas
187 4349 438 4417 patiatur
459 4362 748 4402 wrumnas.

129 4437 189 4493 5.
236 4435 332 4491 Ita
359 4437 597 4493 videlicet
631 4450 686 4494 ut
723 4439 860 4496 idem
897 4443 1006 4513 ipse
1045 4443 1181 4514 ignis
1221 4445 1461 4500 omnibus
1493 4462 1676 4516 corpo-

59 4534 216 4588 ribus
238 4532 342 4602 ﬁat
367 4532 561 4604 gloria,
583 4551 685 4606 quo
707 4535 1024 4591 damnandis
1054 4538 1331 4594 animabus
1360 4539 1674 4594 intrinsecus

57 4627 356 4694 iniquitate
385 4627 620 4698 propria,
653 4629 976 4683 extrinsecus
1004 4630 1361 4686 cumulabitur
1391 4650 1562 4703 paena.

130 4717 199 4773 In
244 4716 332 4772 his
359 4717 538 4772 verbis
569 4718 925 4788 phantasticis
946 4729 1000 4775 et
1025 4720 1172 4776 omni
1221 4721 1444 4777 insaniae
1475 4721 1672 4778 delira.

57 4819 261 4866 mento
289 4809 482 4880 plenis,
512 4811 876 4882 prtetermissa
918 4811 1263 4883 simplicitate
1301 4813 1423 4870 fidei
1452 4825 1506 4869 et
1541 4829 1670 4870 con-

59 4903 337 4960 fessionis
385 4904 718 4975 apostolicae,
763 4920 868 4976 qua
903 4906 1082 4962 omnis
1124 4905 1367 4962 Ecclesia
1416 4907 1589 4962 credit
1627 4915 1682 4961 et

57 4997 374 5052 confitetur
423 4995 707 5051 Dominum
743 5007 990 5052 nostrum
1034 4996 1215 5052 Jesum
1269 4996 1544 5052 Christum
1595 4997 1681 5054 die

61 5093 242 5148 tertia
283 5107 313 5145 a
355 5089 586 5145 mortuis
636 5091 1002 5146 resurrexisse
1040 5099 1096 5144 et
1135 5089 1446 5144 ascendisse
1475 5090 1544 5144 ad
1574 5105 1684 5145 coc-

59 5183 171 5248 los,
212 5189 274 5236 et
298 5181 490 5235 sedere
525 5179 593 5234 ad
622 5179 904 5236 dexteram
936 5180 1209 5248 Patris,ct
1241 5179 1362 5235 inde
1391 5189 1678 5235 venturum

59 5290 194 5330 esse
223 5273 294 5328 ad
329 5270 681 5341 judicandum
711 5273 862 5328 vivos
890 5281 946 5328 et
988 5281 1252 5338 mortuos,
1286 5281 1446 5342 atque
1475 5273 1528 5328 in
1565 5272 1680 5342 ejus

61 5371 321 5426 adventu
365 5367 603 5423 futuram
633 5368 814 5423 carnis
847 5368 1326 5434 resurrectionem,
1380 5376 1434 5423 et
1477 5368 1681 5423 donan-

61 5464 202 5517 dam
241 5461 448 5516 sanctis
469 5459 635 5515 vitam
660 5469 920 5516 aeternam
955 5478 969 5515 :
1020 5461 1408 5532 praetermissa,
1439 5459 1676 5532 inquam,

65 5560 178 5616 ista
211 5555 618 5627 simplicissima
651 5563 706 5610 et
738 5554 1026 5626 purissima
1064 5553 1406 5611 confessione
1435 5555 1675 5626 pietatis,

63 5665 354 5722 nusquam
390 5647 676 5704 nominans
699 5646 898 5704 Christi
928 5648 1220 5703 adventum
1252 5648 1319 5704 de
1341 5648 1519 5712 ccelis,
1550 5664 1682 5704 nus-

65 5758 249 5815 quam
288 5755 724 5797 commemoraus
754 5739 1206 5796 resurrectionem
1234 5755 1301 5795 ex
1330 5740 1578 5804 mortuis,
1610 5739 1682 5794 ita

65 5834 271 5894 omnia
308 5831 592 5888 confundit
619 5839 673 5886 et
706 5831 1026 5902 quibusdam
1078 5831 1550 5887 adiuventionibus
1584 5831 1684 5886 ob-

65 5938 314 5985 scurare
365 5929 618 5988 conatur,
664 5930 725 5978 ut
769 5937 870 5978 nec
909 5922 1194 5980 veritatem
1245 5922 1680 5987 resurrectionis,

1777 650 2107 705 mentionem
2148 648 2386 720 aliquam
2416 648 2614 706 futura:
2644 649 3102 712 vitaasanctorum
3127 646 3203 710 _in
3245 644 3363 718 ejus

1776 741 1973 798 litteris
2010 743 2282 814 possimus
2318 759 2631 814 agnoscere.
2665 742 2806 800 Dicit
2840 756 3078 812 namque
3115 738 3257 812 quod
3304 726 3388 794 ini

1774 831 1865 887 illo
1905 834 2012 904 igni
2060 843 2273 900 (eterna,
2324 849 2484 905 quem
2533 833 2676 890 istud
2722 844 2975 906 quartum
3011 832 3196 888 mundi
3249 830 3365 888 ele-

1775 934 2016 980 mentum
2039 933 2212 996 putat,
2245 925 2482 981 naturali
2506 925 2688 981 ordine
2708 943 2864 998 super
2885 934 3178 990 terram,,et
3213 912 3377 998 aquis.

1773 1027 1822 1073 et
1847 1035 2018 1074 aerem
2057 1019 2395 1074 constitutum
2425 1019 2516 1083 ibi,
2550 1018 2603 1074 id
2626 1020 2785 1076 estin
2811 1020 2918 1092 igni
2948 1028 3152 1075 aeterno
3180 1017 3365 1076 mundi

1772 1110 1931 1183 igneo
1975 1111 2260 1179 elemento,
2315 1128 2538 1185 corpora
2588 1123 2890 1168 sanctorum
2920 1093 3395 1191 mutabuntur'in:

1773 1204 2051 1259 wtheream
2078 1205 2406 1276 qualitatem,
2431 1205 2520 1260 ubi
2551 1206 2706 1260 etiam
2753 1205 3033 1274 impiorum
3072 1203 3382 1280 co_rporairt_

1772 1297 1973 1352 aeriam
2000 1299 2309 1370 qualitatem
2339 1299 2441 1354 sint
2479 1301 2801 1365 transitura;
2833 1299 3158 1355 dissentiens
3197 1296 3388 1354 mani?

1771 1389 2066 1448 festissime
2095 1402 2149 1448 et
2196 1392 2488 1449 dissonans
2542 1392 2851 1465 apostolica:
2904 1391 3192 1456 doctrinae,
3249 1406 3370 1462 quae

1772 1483 1956 1539 nonin
1981 1493 2175 1555 quarto
2199 1484 2385 1540 mundi
2419 1484 2706 1552 elemento,
2741 1500 2914 1556 neque
2953 1484 3007 1540 in
3046 1484 3369 1556 igneoiquo-

1771 1575 1895 1630 datu
1926 1575 2264 1644 eoullatorio,
2301 1577 2396 1633 sed
2431 1579 2485 1634 in
2518 1577 2622 1634 isto
2666 1577 2969 1634 habitaculo
3002 1575 3238 1640 terreno,
3273 1575 3364 1632 ubi

1771 1674 1827 1723 et
1851 1667 2105 1723 vixerunt
2150 1677 2206 1724 et
2256 1677 2469 1725 mortua
2513 1679 2641 1725 sunt
2691 1680 2800 1726 tam
2837 1668 3109 1739 justorum
3140 1681 3384 1742 corpora

1770 1773 1934 1828 quam
1959 1760 2296 1830 iniquorum,
2322 1759 2559 1817 futuram
2584 1761 2712 1820 dicit
2740 1762 2980 1818 omnium
3013 1761 3373 1818 resurrectio-

1771 1862 1892 1904 nem
1913 1858 1968 1903 et
1991 1858 2302 1905 sanctorum
2331 1850 2762 1908 immutationem
2785 1851 3021 1908 mirabili
3034 1861 3089 1906 et
3109 1849 3369 1907 ineffabili

1700 1927 1742 1986 Β
1771 1938 2068 2005 celeritate,
2101 1940 2152 1995 id
2182 1949 2286 2005 est,
2313 1942 2456 1998 sicut
2485 1943 2597 2013 ipse
2642 1942 2932 2013 Apostolus
2978 1941 3131 2006 dicit,
3159 1941 3214 1996 in
3259 1956 3372 1996 mo-

1770 2039 1966 2097 mento,
1988 2030 2045 2084 in
2074 2031 2183 2084 ictu
2212 2032 2378 2097 oculi,
2407 2047 2515 2102 quo
2541 2031 2728 2103 utique
2765 2031 2900 2087 nihil
2941 2040 3026 2088 est
3055 2031 3286 2088 celerius
3315 2030 3390 2086 in?

1771 2121 2010 2178 motibus
2049 2122 2443 2194 corporalibus.
2477 2123 2554 2179 lta
2600 2138 2834 2194 namque
2861 2123 2979 2179 ait:
3011 2123 3205 2179 Omnes
3247 2123 3362 2196 qui-

1769 2215 1886 2269 dem
1935 2231 2283 2287 resurgemus,
2331 2216 2423 2272 sed
2474 2232 2577 2272 non
2617 2232 2795 2272 omnes
2845 2216 3258 2272 immutabimur.
3303 2214 3374 2273 In

1769 2317 2049 2373 momento,
2069 2308 2125 2362 in
2155 2309 2263 2363 ictu
2287 2307 2448 2375 oculi,
2473 2309 2528 2364 in
2558 2309 2841 2364 novissima
2869 2308 2994 2363 tuba
3019 2325 3039 2364 :
3063 2318 3212 2386 canet
3230 2309 3371 2364 enim

1769 2399 1915 2464 tuba,
1938 2409 1986 2454 et
2006 2401 2200 2454 mortui
2231 2410 2501 2473 resurgent
2527 2401 2838 2472 incorrupti,
2862 2411 2916 2457 et
2941 2417 3036 2456 nos
3070 2399 3373 2456 immutabi-

1769 2505 1890 2544 mur
1910 2489 1963 2561 (I
1987 2488 2110 2546 Cor.
2141 2507 2234 2560 xv,
2264 2490 2355 2558 Si,
2393 2490 2508 2563 52).
2543 2491 2598 2546 In
2634 2491 2833 2564 quibus
2871 2491 3052 2548 verbis
3081 2489 3372 2547 manifeste

1769 2584 2013 2638 omnium
2050 2584 2358 2654 generalem
2390 2583 2847 2642 resurrectionem
2879 2583 3154 2642 describit.

1843 2674 1950 2730 Sed
1993 2675 2134 2731 hanc
2167 2677 2337 2746 ipsam
2367 2677 2610 2732 omnium
2639 2678 2951 2750 generalem
3002 2678 3368 2735 resurrectio-

1771 2783 1894 2823 nem
1918 2769 2152 2840 quadam
2200 2779 2348 2825 certa
2383 2770 2718 2842 proprietate
2743 2769 3045 2842 distinguit,
3077 2770 3204 2826 dum
3238 2771 3371 2828 dicit

1771 2859 1895 2929 quia
1932 2875 2109 2914 omnes
2153 2876 2502 2930 resurgemus,
2541 2862 2632 2916 sed
2686 2877 2791 2916 non
2831 2877 3009 2917 omnes
3064 2861 3372 2918 immutabi-

1770 2967 1924 3017 mur;
1955 2960 2158 3008 etcum
2190 2953 2466 3024 subjungit
2499 2971 2512 3006 :
2543 2952 2611 3008 Et
2641 2953 2838 3008 mortui
2886 2963 3154 3024 resurgent
3198 2954 3377 3010 incorv

1773 3047 1934 3116 rupti,
1967 3055 2015 3101 et
2057 3063 2151 3101 nos
2184 3045 2614 3114 immutabimar;
2640 3046 2932 3104 ostendens
2961 3046 3211 3104 videlicet
3241 3048 3368 3120 quia

1771 3152 1964 3194 omnes
1985 3147 2268 3211 resurgent
2293 3139 2602 3210 receptione
2628 3153 2940 3210 corporum,
2981 3139 3077 3196 sed
3103 3154 3210 3195 non
3251 3155 3374 3196 om-

1773 3243 1872 3284 nes
1928 3228 2363 3284 immutabuntur
2410 3228 2800 3300 gloriﬁcatioue
2844 3228 3135 3300 justorum.
3196 3229 3372 3302 Iniqui

1696 3297 1742 3360 θ
1776 3323 1920 3378 enim
1951 3331 2237 3395 resurgent
2279 3323 2655 3379 tantummodo
2703 3321 3044 3402 incorrupti,
3069 3337 3177 3378 non
3207 3323 3370 3379 etiam

1777 3415 2111 3486 glorificati:
2163 3423 2217 3472 et
2266 3416 2567 3487 incorrupti
2617 3415 2671 3471 in
2701 3429 2767 3471 eo
2809 3415 3185 3471 tantummodo
3231 3415 3387 3486 quod

1770 3507 1883 3578 jam
1909 3524 2014 3564 uou
2038 3517 2296 3578 poterunt
2319 3517 2493 3564 morte
2517 3508 2770 3575 dissolvi;
2796 3508 2862 3563 ad
2888 3521 3082 3579 poenas
3111 3517 3291 3564 autem
3318 3516 3374 3564 et

1779 3602 1847 3656 ad
1877 3602 2151 3658 cruciatus
2180 3610 2416 3657 aeternos
2458 3601 2770 3657 sentiendos
2813 3609 2975 3670 atque
3021 3598 3376 3670 perferendos

1780 3696 1850 3751 ita
1875 3696 2094 3751 omnino
2117 3695 2496 3765 corruptibiles
2518 3703 2699 3760 erunt,
2723 3703 2777 3748 ct
2806 3693 2880 3748 ita
2920 3692 3051 3762 ipsis
3091 3691 3372 3763 suppliciis

1779 3787 1896 3842 sine
1926 3788 2030 3840 line
2057 3794 2492 3857 corrumpentur,
2525 3793 2586 3839 ut
2613 3784 2858 3848 omuiuo,
2901 3783 3040 3838 sicut
3091 3781 3376 3852 Scriptura

1779 3879 1930 3942 dicit,
1956 3878 2145 3932 dentur
2165 3879 2219 3931 in
2244 3893 2427 3931 carnes
2455 3892 2634 3930 eorum
2661 3875 2796 3946 ignis
2818 3884 2865 3929 et
2889 3890 3104 3938 vermes,
3128 3883 3184 3928 ut
3214 3889 3375 3928 uran-

1779 3983 1866 4028 tur
1887 3985 1932 4028 et
1960 3973 2186 4028 sentiant
2210 3987 2371 4043 usque
2393 3971 2446 4025 in
2477 3971 2845 4041 sempiternum
2867 3967 3072 4038 (Juditlt
3110 3982 3232 4033 xv),
3259 3966 3371 4023 ευ.

1778 4063 1919 4120 Justi
1947 4073 2146 4122 autem.
2177 4078 2240 4118 ex
2279 4077 2512 4134 quorum
2556 4075 2786 4132 persona
2817 4057 3109 4130 Apostolus
3139 4058 3289 4124 dicit,
3327 4069 3373 4113 et

1780 4174 1874 4213 nos
1901 4155 2316 4219 immutabimur,
2357 4164 2410 4209 et
2456 4154 2751 4224 incorrupti
2795 4160 3100 4223 resurgent,
3128 4159 3185 4206 ut
3225 4151 3370 4206 nulla

1779 4249 2008 4304 ulterius
2053 4259 2229 4304 morte
2265 4247 2577 4314 solvantur;
2607 4255 2661 4302 et
2685 4247 2787 4302 hoc
2812 4245 3049 4317 speciale
3098 4244 3380 4301 habebunt

1779 4341 1922 4412 quod
1973 4355 2199 4411 corpora
2235 4357 2423 4397 eorum
2469 4340 2903 4396 immutabuntur
2935 4340 2989 4394 in
3037 4338 3250 4402 melius,
3297 4338 3378 4393 di-

1779 4442 1936 4490 eente
1964 4435 2154 4490 eodem
2187 4433 2462 4506 Apostolo,
2515 4442 2570 4489 et
2617 4442 2802 4505 aperte
2837 4430 3011 4502 qualis
3067 4429 3247 4485 futura
3303 4429 3377 4484 sit

1781 4527 1898 4597 ipsa
1950 4526 2305 4582 commutatio
2351 4534 2655 4597 exponeute
2685 4543 2696 4578 :
2730 4523 2944 4594 Oportet
2977 4521 3131 4584 enim,
3175 4520 3376 4590 inquit,

1784 4618 2120 4691 corruptibile
2149 4621 2245 4674 hoc
2292 4621 2508 4674 induere
2558 4617 3024 4687 incorruptionem,
3064 4624 3112 4667 et
3159 4609 3379 4666 mortale

1779 4715 1876 4768 ltoc
1908 4713 2123 4768 induere
2167 4712 2616 4766 immortalitatem
2647 4707 2698 4780 (1
2727 4707 2848 4763 Cor.
2886 4723 2976 4772 xv,
3009 4704 3132 4770 53);
3169 4703 3378 4758 scilicet

1783 4814 1843 4861 ut
1869 4805 1971 4860 hoc
2004 4804 2178 4875 ipsum
2211 4819 2408 4874 corpus
2436 4803 2581 4872 quod
2627 4817 2770 4856 nunc
2799 4816 2827 4854 a
2874 4798 3077 4854 sanctis
3106 4796 3377 4866 corrupti-

1784 4897 1892 4954 bile
1919 4905 1973 4952 et
2001 4895 2228 4951 mortale
2270 4904 2532 4967 gestator,
2579 4893 2665 4948 illa
2717 4889 3130 4947 resurrectionis
3182 4888 3380 4945 virtute

1786 4993 1882 5050 ﬁat
1924 4991 2332 5064 incorruptibile
2359 5001 2415 5046 et
2444 4987 2766 5051 immortale,
2825 4986 2876 5041 id
2939 4993 3044 5051 est,
3100 4985 3382 5054 incorrup-

1787 5087 1935 5144 tiouc
1986 5097 2042 5144 et
2104 5085 2509 5142 immortalitate
2555 5081 2825 5137 induatur.
2877 5080 3006 5148 Quae
3050 5078 3381 5150 incorruplio

1787 5188 2096 5235 sanctorum
2131 5186 2277 5232 tanta
2324 5193 2388 5233 ac
2425 5174 2548 5229 talis
2577 5173 2703 5238 erit,
2737 5180 2797 5227 ut
2844 5171 2989 5225 nullo
3029 5169 3140 5240 jam
3174 5169 3380 5236 dolore,

1787 5270 1935 5325 nullo
1979 5270 2183 5335 labore,
2234 5266 2380 5323 nulla
2433 5263 2699 5330 molestia,
2728 5262 2871 5317 nulla
2909 5260 3202 5333 indigentia
3235 5261 3384 5332 tangi

1789 5365 1978 5437 possit.
2013 5365 2077 5419 Et
2107 5365 2179 5418 ita
2204 5377 2300 5434 per
2327 5361 2472 5416 illam
2499 5357 2966 5414 immortalitatem
2990 5370 3109 5426 qua:
3128 5355 3208 5410 eis
3232 5353 3383 5409 dabi-

1792 5465 1904 5523 tur,
1931 5453 2311 5512 absorbebitur
2345 5465 2494 5507 mors
2522 5451 2574 5506 in
2605 5449 2923 5520 corporibus
2947 5462 3154 5512 eorum,
3189 5453 3247 5500 ut
3275 5461 3380 5501 non

1790 5549 1964 5604 solum
1989 5548 2100 5617 ipsa
2125 5559 2270 5600 mors
2292 5544 2364 5599 ibi
2386 5542 2784 5614 quodammodo
2804 5540 3069 5604 deleatur,
3093 5537 3188 5593 sed
3217 5537 3382 5593 etiam

1787 5657 1951 5697 causa
1979 5637 2192 5703 mortis,
2211 5636 2264 5692 id
2293 5645 2378 5692 est
2403 5637 2601 5709 peccati
2625 5634 2890 5699 stimulus,
2920 5630 3074 5702 cujus
3092 5629 3386 5701 puuctione

1791 5749 1941 5790 mors
1967 5731 2036 5787 ab
2061 5731 2216 5787 initio
2239 5729 2382 5785 facta
2419 5739 2519 5791 est,
2547 5729 2760 5800 penitus
2781 5736 3112 5783 conteratur.
3145 5720 3246 5790 Qui
3276 5721 3384 5776 uti~

1786 5842 1892 5897 que
1948 5823 2156 5896 peccati
2217 5823 2468 5880 stimulus
2511 5823 2561 5878 in
2626 5819 2942 5891 corporibus
3005 5817 3380 5873 damnatorum

1791 5935 2064 5992 nunquam
2102 5918 2477 5985 evacuabitur,
2533 5923 2586 5972 et
2652 5915 2772 5970 ideo
2834 5924 3106 5983 nunquam
3165 5922 3294 5964 vere
3351 5919 3383 5962 a
