3970 6306
636 558 746 631 s’ts

1626 562 1637 568 ’
1732 569 1935 627 FLOR!
1976 567 2247 626 DlACONl
2281 567 2764 627 LUGDUNENSIS
3744 576 3810 631 Eli

638 686 817 771 morte
857 684 1011 743 liberi
1047 694 1220 771 erunt.
1251 686 1323 740 De
1350 676 1454 771 hac
1480 684 1664 771 itaque
1692 682 2003 739 felicissima
2026 684 2219 771 immu-
2248 689 2294 767 Λ
2320 684 2445 748 erit,
2477 692 2535 738 ιιι
2567 684 2729 740 etiam
2752 683 2888 740 coelo
2917 684 3201 741 incolendo
3229 700 3331 741 non
3355 685 3546 741 amissa
3570 672 3810 753 natumsed

640 766 848 836 tatione
878 768 1148 848 iustorum
1177 753 1449 847 subjuugit’
1470 753 1759 845 Kpostolus
1792 782 1848 831 et
1890 773 2058 830 dicit:
2088 758 2220 828 Cum
2248 764 2249 767 “

640 882 814 953 autem
838 870 1058 953 mortale
1095 870 1191 924 hoc
1215 852 1446 953 indueril
1476 850 1939 953 immortalitatem,
1982 880 2103 924 tunc
2135 868 2223 938 [iet
2252 850 2253 853 η

638 950 808 1035 ﬁnio
835 963 926 1035 qui
964 950 1187 1033 scriptus
1212 942 1290 1018 est.
1325 978 1344 1018 :
1388 942 1650 1035 Absorpla
1684 972 1758 1018 est
1806 946 1945 1018 mors
1984 964 2039 1017 in
2070 962 2227 1016 victo-

774 1044 867 1139 sibi
882 1040 979 1139 est,
1004 1048 1167 1139 mors,
1187 1058 1407 1139 victoria
1427 1068 1519 1114 tua
1582 1040 1670 1114 ubi
1689 1067 1785 1126 est,
1806 1075 1966 1125 mors,
1987 1056 2227 1139 stimulus

638 1128 762 1237 tius
828 1128 1088 1227 Stimulus
1110 1128 1285 1237 autem
1328 1132 1511 1237 mortis
1533 1136 1802 1233 peccatum
1830 1158 1905 1205 est
1932 1161 1951 1201 .'
1983 1147 2088 1204 Deo
2127 1130 2227 1203 au-

609 1220 989 1333 't‘b'lni’p’ratias,
1016 1224 1107 1312 qui
1126 1220 1278 1319 dedi!
1324 1226 1470 1296 nobis
1514 1220 1784 1297 victoriam
1827 1257 1921 1311 per
1947 1226 2226 1296 Dominum

639 1314 1087 1411 noiirum'les'um
1115 1314 1383 1411 Christum
1425 1331 1589 1404 (Ibid.
1622 1346 1658 1388 ν
1691 1330 1908 1404 54-5Ἱ).
1946 1330 2062 1387 Non
2092 1344 2221 1401 ergo

639 1408 791 1503 prius
837 1406 1121 1495 resurgent
1160 1406 1392 1495 corpora
1433 1422 1727 1495 justorum,
1757 1431 1813 1479 et
1841 1430 2048 1493 postea,
2090 1420 2231 1476 sicut

638 1521 744 1571 Iste
771 1512 922 1582 dicit,
968 1510 1022 1571 in
1069 1514 1340 1591 elemento
1389 1515 1567 1589 igneo,
1599 1515 1747 1572 velut
1790 1515 1842 1570 in
1891 1512 2226 1580 conﬂatorio,

640 1594 1073 1681 immutahuntur
1101 1626 1114 1664 :
1157 1609 1253 1666 sed
1277 1609 1332 1665 in
1364 1609 1481 1681 ipso
1519 1618 1775 1665 momento
1798 1618 1846 1663 et
1877 1607 1981 1661 ictu
2013 1606 2150 1662 oculi
2175 1608 2229 1662 in

640 1713 749 1770 quo
772 1678 1060 1773 resurgeni
1088 1699 1269 1756 divina
1296 1678 1497 1757 virtute
1529 1700 1836 1766 immutata,
1872 1697 2229 1770 incorruptio-

641 1794 727 1852 nis
752 1802 810 1851 et
837 1782 1264 1854 immOrtalitatis
1298 1795 1466 1868 gloria
1508 1793 1826 1850 vestientur.

715 1906 793 1975 De
826 1907 1201 1967 immutatione
1228 1916 1410 1965 autem
1441 1905 1748 1977 iniquorum
1775 1912 1832 1960 et
1857 1901 2074 1959 aeternis
2105 1914 2231 1971 sup-

2325 784 2531 831 mutata
2568 775 2845 847 qualitate,
2877 777 3185 832 conveniat.
3230 776 3460 834 Proinde
3495 794 3612 833 cum
3638 781 3719 834 hoc
3737 796 3811 835 cor-

2325 883 2425 939 pus
2446 866 2558 937 jam
2597 883 2701 923 non
2728 868 2980 934 animale,
3013 868 3110 927 sed
3137 868 3317 933 futura
3348 850 3815 942 corntnutationespi-

2324 959 2518 1047 rituale
2541 960 2720 1015 anima
2746 952 3012 1031 receperit
3036 960 3242 1034 angelis
3264 960 3537 1030 adaequata
3553 1001 3568 1026 ,
3597 960 3816 1031 perfectum

2327 1048 2547 1105 habebit
2575 1059 2780 1106 natura:
2800 1066 2910 1105 sua:
2940 1050 3182 1117 modum,
3199 1050 3509 1109 inobediens
3531 1060 3585 1106 et
3602 1052 3814 1123 imperans,

2327 1138 2597 1194 viviticata
2626 1146 2681 1193 et
2707 1137 2986 1195 vivificans
3018 1148 3128 1194 tam
3158 1139 3419 1197 ineffabili
3441 1139 3698 1207 facilitate,
3721 1152 3764 1199 ut
3778 1145 3819 1197 sit

2329 1230 2377 1288 ei
2404 1230 2590 1302 gloria:
2619 1229 2762 1301 quod
2789 1231 3015 1287 sarcinae
3044 1229 3163 1288 fuit.
3197 1232 3216 1304 ]

2402 1320 2689 1399 Subjungit
2728 1326 2833 1381 iste
2856 1337 2912 1382 et
2948 1328 3115 1383 dicit:
3150 1327 3217 1383 In
3243 1345 3402 1402 eoque
3432 1339 3716 1384 naturarum
3733 1331 3821 1385 intra

2329 1438 2383 1503 se
2404 1418 2641 1474 mirabile
2662 1419 2843 1490 perﬁci
2863 1421 3139 1491 gaudium,
3156 1420 3421 1476 malarum
3443 1439 3558 1477 vero
3582 1421 3821 1477 voluntates

2329 1499 2594 1584 ineffabile
2639 1520 2991 1577 tormentum;
3030 1511 3082 1567 id
3121 1520 3223 1579 est,
3269 1523 3329 1567 ut
3349 1499 3508 1581 juxta.
3546 1511 3651 1581 ejus
3674 1527 3821 1567 sensum

2331 1604 2638 1676 loquamur,
2662 1613 2982 1658 naturarum
3010 1602 3080 1658 ibi
3112 1603 3484 1659 tantummodo
3515 1602 3731 1657 mirabile
3748 1618 3822 1672 per-

2332 1696 2545 1753 ﬁciatur
2567 1696 2846 1769 gaudium,
2873 1684 2993 1767 quae
3023 1698 3319 1754 secundum
3350 1698 3516 1753 istum
3542 1698 3731 1753 minime

2332 1798 2613 1845 caverunt.
2645 1788 2716 1846 Ut
2747 1789 2850 1845 hoc
2876 1788 2947 1845 sit
2974 1790 3228 1860 gaudium
3259 1798 3602 1854 naturarum,
3635 1790 3749 1859 quod
3771 1805 3824 1841 na-

2335 1892 2456 1939 tura
2507 1883 2706 1939 terreni
2752 1882 3029 1954 corporis,
3071 1882 3213 1939 sicut
3261 1883 3361 1939 iste
3407 1890 3581 1955 putat,
3623 1883 3669 1936 in
3713 1881 3825 1949 impiis

644 1998 821 2071 pliciis
859 1999 1262 2065 damnatorum,
1293 2013 1523 2069 quorum
1564 1997 1667 2053 iste
1696 2009 1948 2066 corpora,
2001 2006 2138 2048 novo
2176 1998 2235 2046 et

2336 1974 2629 2031 transitura
2655 1983 2739 2031 est
2764 1974 2818 2029 in
2847 1989 3063 2031 aeream
3101 1960 3438 2045 qualitatem",
3470 1974 3521 2028 in
3546 1974 3723 2030 sanctis
3749 1986 3825 2025 vero

643 2088 885 2148 inaudito
909 2107 1104 2164 genere
1127 2090 1753 2162 erroris,§commutanda
1780 2088 1913 2144 dicit
1935 2088 1988 2142 in
2017 2100 2231 2142 aeream

2337 2066 2513 2121 adhuc
2555 2064 2609 2120 in
2647 2065 2998 2121 excelsiorem
3040 2065 3289 2138 gloriam,
3321 2066 3373 2121 id
3408 2075 3495 2121 est
3533 2065 3583 2119 in
3620 2065 3825 2119 {ElilCl'Cillil

644 2183 984 2255 qualitatem,
1010 2184 1144 2241 nihil
1174 2184 1396 2241 omnino
1416 2182 1709 2254 Apostolus
1732 2180 1970 2252 loquitur
1993 2198 2006 2235 :
2030 2187 2085 2234 et
2112 2178 2234 2234 ideo

642 2274 812 2339 etiam
832 2290 931 2331 nos
947 2274 1105 2342 talem
1132 2274 1475 2347 phantasiam
1499 2284 1849 2331 contemnere
1871 2272 2049 2343 potius
2069 2284 2232 2341 quam

647 2366 837 2423 audire
882 2365 1160 2433 debemus,
1198 2381 1267 2423 ne
1305 2366 1476 2425 simus
1501 2366 1795 2437 prurientes
1824 2363 2063 2429 auribus,
2111 2372 2157 2416 et
2200 2379 2233 2416 (ι

644 2459 859 2517 veritate
884 2458 1127 2516 auditum
1154 2468 1461 2526 avertentes,
1486 2458 1556 2513 ad
1585 2457 1794 2526 fabulas
1825 2467 1999 2512 autem
2027 2471 2235 2510 conver-

644 2559 831 2609 tentes.
882 2550 1163 2622 Quomodo
1193 2551 1336 2608 enim
1379 2549 1535 2621 juxta
1591 2551 1764 2622 ipsum
1818 2548 2125 2604 transibunt
2177 2545 2230 2600 in

646 2660 865 2702 aeream
885 2643 1237 2717 qualitatem?
1267 2642 1400 2698 Nam
1428 2643 1475 2699 si
1519 2641 1588 2699 de
1625 2640 1855 2698 terrenis
1885 2652 2045 2694 aerea
2081 2636 2229 2702 fient,

580 2792 599 2799 μ
645 2751 753 2795 non
788 2736 895 2793 erit
933 2752 1061 2793 vera
1100 2736 1449 2802 resurrectio,
1486 2735 1612 2806 quia
1646 2748 1753 2791 non
1787 2732 1979 2789 eadem
2005 2744 2232 2800 corpora

647 2837 1067 2902 resurgentqua:
1089 2844 1188 2901 per
1207 2837 1438 2885 mortem
1459 2816 1802 2893 ceciderunt;
1836 2824 1925 2880 illa
1953 2824 2096 2880 enim
2129 2830 2236 2879 ter-

646 2921 845 2980 restria
876 2930 1054 2990 erant,
1079 2922 1180 2978 ista
1209 2937 1370 2978 aerea
1393 2929 1583 2976 erunt:
1609 2920 1654 2976 si
1690 2928 1868 2973 autem
1902 2917 2015 2987 ipsa
2040 2923 2234 2970 natura

649 3022 987 3072 terrenorum
1021 3028 1310 3086 corporum
1335 3010 1689 3083 permanebit,
1713 3016 1767 3065 et
1802 3017 1981 3063 tamen
2009 3005 2237 3077 qualita-

649 3117 757 3166 tem
790 3109 933 3165 aeris
954 3107 1204 3179 accipiet,
1230 3115 1290 3163 ut
1317 3105 1565 3162 videlicet
1592 3103 1760 3175 ipsius
1786 3100 1930 3157 aeris
1957 3108 2012 3156 et
2044 3107 2235 3154 vento-

648 3214 771 3256 rum
796 3197 1095 3256 subtilitate
1124 3198 1459 3262 immutetur,
1487 3195 1629 3250 hanc
1657 3191 1950 3250 novitatem
1975 3189 2110 3244 fides
2135 3188 2237 3243 Ec-

648 3274 830 3347 clesiae
852 3303 961 3345 non
983 3286 1197 3359 recipit,
1218 3286 1368 3357 quia,
1390 3284 1533 3341 sicut
1552 3281 1667 3354 jam
1696 3281 1896 3337 dictum
1916 3287 2021 3346 est,
2041 3278 2108 3334 de
2137 3277 2237 3332 imo

649 3379 950 3437 mutatione
989 3378 1276 3450 impiorum
1309 3376 1440 3433 nihil
1464 3372 1751 3447 Apostolus
1775 3372 1923 3428 dicit.
1961 3369 2113 3438 Quod
2144 3384 2237 3424 au-

2336 2157 2686 2230 qualitatem;
2715 2157 2985 2215 malarum
3026 2173 3156 2214 vero
3188 2157 3523 2214 voluntatum
3546 2197 3559 2223 ,
3590 2171 3709 2228 quas
3741 2152 3827 2209 solas

2335 2250 2467 2306 dicit
2493 2264 2772 2321 peccasse,
2805 2257 2935 2306 tunc
2960 2248 3204 2305 futurum
3252 2246 3522 2304 ineﬂ‘abile
3556 2254 3827 2303 tormentum.

2335 2357 2458 2399 cum
2478 2357 2548 2398 ex
2570 2341 2684 2412 ipsa
2708 2357 2805 2397 sua
2832 2340 2973 2396 mala
3006 2341 3337 2398 conscientia
3362 2340 3742 2411 torquebuntur.
3761 2336 3825 2391 Sed

2336 2434 2439 2490 hoc
2474 2442 2647 2490 totum
2675 2448 2837 2503 quam
2864 2448 3063 2487 vanum
3093 2440 3147 2503 et
3185 2430 3381 2488 falsum
3411 2432 3505 2498 sit,
3528 2431 3634 2502 jam
3662 2428 3829 2485 satisest

2336 2527 2786 2585 demonstratum.

2407 2621 2460 2675 5.
2501 2620 2665 2676 Addit
2690 2629 2812 2691 post
2836 2620 2940 2676 ista
2982 2628 3039 2677 et
3078 2618 3248 2676 dicit:
3275 2615 3344 2672 Et
3379 2618 3455 2672 ita
3495 2615 3739 2688 impiorum
3765 2625 3829 2664 os-

2337 2714 2500 2779 nium,
2527 2712 2830 2784 angelorum
2850 2712 3238 2785 hominumque,
3269 2726 3491 2780 corpora
3514 2707 3737 2780 supplicia
3750 2702 3828 2774 ignis

2338 2803 2519 2859 ceterni
2558 2820 2889 2875 perpessum,
2932 2812 2987 2858 ut
3025 2803 3321 2875 integritate
3362 2801 3577 2855 illorum
3610 2794 3828 2854 substantia

2341 2895 2483 2952 nullo
2506 2896 2661 2951 modo
2680 2896 2936 2967 peritura,
2967 2911 3147 2950 eorum
3170 2893 3558 2965 pulchritudine
3595 2889 3718 2947 nullo
3736 2884 3828 2942 modo

2340 2988 2607 3059 defutura,
2658 3003 2839 3042 eorum
2887 2985 3118 3042 naturali
3156 2985 3513 3040 incolumitate
3556 2992 3828 3057 permansura.

2339 3078 2574 3132 omnibus
2608 3077 2798 3132 deinde
2838 3085 3042 3131 natura:
3080 3075 3225 3130 bonis
3264 3074 3334 3129 ad
3374 3071 3705 3128 universitatis
3734 3080 3829 3120 OTM'

2339 3176 2568 3223 mentum
2596 3167 2826 3222 mirabili
2867 3166 3049 3222 ordine
3071 3164 3289 3237 fulsuris
3317 3183 3334 3223 :
3365 3174 3579 3237 excepta
3604 3154 3830 3217 beatitudiu

2337 3276 2442 3331 qua
2463 3259 2825 3330 privabantur.
2857 3256 3162 3314 Mirandum
3199 3240 3280 3314 est
3330 3256 3495 3312 nimis
3536 3256 3589 3310 in
3621 3254 3692 3309 his
3718 3245 3829 3303 verbis

2340 3352 2610 3423 quomodo
2638 3353 2783 3409 dicat
2812 3370 2826 3408 :
2851 3350 3101 3407 Omnium
3135 3350 3414 3421 impiorum
3445 3356 3494 3403 et
3529 3342 3830 3417 angelorum

651 3429 947 3437 ---_----_----
989 3429 1275 3450 -__-,__,____-
1465 3429 1567 3447 ,,,,
1973 3429 2008 3438 ἡ

651 3480 762 3528 tem
787 3469 918 3525 dicit
944 3485 1164 3539 corpora
1196 3476 1494 3523 sanctorum
1520 3461 1851 3519 immutanda
1877 3461 1934 3516 in
1960 3461 2238 3516 mtheream

2340 3443 2610 3499 hominum
2632 3460 2853 3517 corpora
2883 3444 3063 3499 wterni
3089 3443 3223 3514 ignis
3244 3438 3559 3511 supplicium
3591 3444 3829 3508 perpessum.

650 3559 981 3634 qualitatem,
1008 3525 1054 3616 si
1074 3558 1234 3617 istam
1258 3555 1689 3612 immutationem
1712 3559 1967 3609 manente
1995 3551 2235 3622 ipsorum
2340 3536 2485 3607 (ιιιοά
2518 3537 2787 3634 ἐυρλετίιξε
2832 3546 2941 3634 iam
2982 3543 3167 3634 ῆρθιξιθ
3211 3541 3266 3634 εξ
3306 3529 3667 3634 ιιιυῑιίνρείιθν
3703 3525 3832 3634 υΡίιίλυξ

654 3610 945 3727 corporum
967 3661 1161 3710 natura
1191 3634 1429 3708 futuram
1454 3647 1648 3714 credit,
1676 3655 1737 3702 ut
1755 3645 1961 3702 scilicet
1992 3645 2104 3716 ipsa
2121 3658 2241 3700 cor-

2341 3625 2603 3715 negavit...
2605 3625 2757 3695 Quod
2786 3625 2973 3697 utique
3002 3626 3056 3680 in
3098 3625 3202 3680 hoc
3238 3622 3360 3703 loco
3382 3630 3481 3676 aut
3510 3616 3625 3675 ﬁcte
3652 3624 3697 3727 cit
3716 3610 3831 3707 dolose

651 3763 784 3823 pora
814 3763 935 3819 qua:
959 3747 1277 3806 ceciderunt
1299 3744 1353 3801 in
1382 3750 1577 3809 morte,
1602 3757 1721 3812 qua:
1750 3740 2007 3797 suscitata
2037 3746 2162 3795 sunt
2183 3737 2235 3792 in

654 3839 1071 3907 resurrectione,
1109 3837 1478 3911 gloriticentur
1523 3833 1732 3891 C(BlCSli
1783 3833 2052 3896 claritate,
2083 3836 2139 3884 et
2174 3828 2240 3883 de

653 3933 904 3990 obscuris
944 3933 1123 3989 lucida
1171 3931 1305 3989 fiant
1370 3929 1566 3987 sutﬁcit
1594 3928 1753 4007 nobis
1789 3927 1855 3983 de
1900 3927 2001 3981 hac
2049 3937 2240 3977 eorum

657 4024 795 4081 mira
823 4023 1209 4081 clarificatione
1233 4022 1362 4078 illud
1396 4010 1581 4077 tenere
1607 4010 1755 4092 quod
1779 4016 2038 4074 Dominus
2069 4014 2125 4068 in
2160 4013 2261 4087 eis

658 4116 901 4173 futurum
929 4115 1059 4171 dicit
1090 4133 1103 4170 :
1132 4114 1275 4170 Tum:
1299 4114 1436 4187 justi
1458 4112 1726 4185 fulgebunt
1755 4110 1888 4166 sicut
1901 4106 1980 4163 sol
2001 4107 2057 4161 in
2085 4122 2242 4176 regno

665 4204 843 4262 Patris
894 4223 1073 4263 eorum
1106 4205 1320 4278 (Matth.
1352 4222 1477 4271 xm,
1519 4203 1632 4274 45).
1676 4199 1735 4256 Si
1775 4209 1954 4255 autem
1997 4198 2070 4252 ita
2112 4195 2247 4251 dicit

659 4298 849 4355 eadem
877 4314 1104 4372 corpora
1132 4298 1186 4355 in
1210 4300 1501 4355 aathercam
1531 4293 1846 4368 qualitatem
1887 4288 2243 4353 immutanda,

661 4406 722 4453 ut
747 4395 1003 4455 amittant
1042 4406 1293 4454 natumut
1314 4411 1468 4453 suam
1493 4405 1549 4451 et
1590 4407 1691 4466 pro
1735 4389 1965 4447 terrenis
2003 4387 2246 4444 cmlcstia

664 4490 818 4558 fiant,
858 4491 1147 4549 manifeste
1192 4476 1406 4549 veritati
1440 4485 1857 4546 resurrectionis
1899 4482 2244 4547 contradicit,

660 4591 717 4639 et
746 4582 867 4641 ideo
904 4581 1213 4645 nullatenus
1254 4582 1553 4639 audiendus
1580 4588 1683 4636 est.
1713 4577 2030 4648 Quicunque
2064 4581 2245 4629 autem

663 4672 933 4731 desiderat
972 4673 1385 4747 simpliciteret
1416 4686 1549 4743 pure
1583 4684 1649 4726 ac
1673 4684 1800 4725 vere
1838 4668 1905 4724 de
1933 4675 2247 4722 sanctorum

666 4766 1064 4825 resurrectione
1096 4774 1152 4824 et
1177 4763 1534 4838 spiritualium
1569 4776 1856 4833 corporum
1888 4765 2084 4814 natura
2125 4771 2250 4813 sen-
2276 4786 2328 4847 Β

598 4912 599 4917 η
666 4856 793 4924 tire,
821 4858 1082 4927 audiatet
1111 4864 1293 4916 teneat
1330 4855 1563 4913 tldeliter
1588 4854 1730 4926 quod
1765 4853 1958 4910 beatus
1992 4848 2250 4922 Augusti-

667 4961 771 5006 nus
789 4948 856 5005 de
870 4949 954 5007 his
974 4949 1342 5009 sincerissime
1365 4947 1543 5015 docet,
1558 4947 1772 5004 dicens:
1793 4944 2040 5020 [Egestas
2058 4940 2249 4997 edendi

665 5052 733 5097 ac
768 5039 991 5117 bibendi
1013 5040 1211 5099 talibus
1232 5040 1549 5114 corporibus
1572 5039 1870 5103 auferetur,
1910 5035 2051 5091 unde
2075 5040 2131 5089 et
2150 5032 2254 5103 spi-

670 5129 883 5188 ritualia
908 5141 1086 5200 erunt,
1119 5146 1225 5189 non
1255 5132 1382 5206 quia
1410 5146 1640 5203 corpora
1676 5142 1799 5184 esse
1840 5123 2124 5187 desistent,
2157 5120 2253 5176 sed

668 5222 796 5294 quia
839 5222 1035 5295 spiritu
1082 5223 1387 5280 viviﬁcante
1425 5222 1741 5279 subsistent.
1783 5215 1920 5271 Nam
1968 5214 2106 5270 sicut
2151 5211 2253 5266 ista

670 5328 791 5387 qua:
813 5314 1013 5373 habent
1040 5314 1274 5371 animam
1302 5315 1596 5377 viventem,
1628 5308 1864 5364 nondum
1898 5304 2148 5376 spiritum
2173 5302 2252 5356 vi-

670 5408 1003 5475 vificantem,
1048 5406 1303 5463 animalia
1346 5404 1597 5460 dicuntur
1624 5414 1883 5471 corpora,
1928 5411 2029 5457 nec
2073 5405 2251 5481 tamen

670 5501 867 5558 anima:
898 5509 1046 5566 sunt,
1074 5501 1171 5556 sed
1193 5492 1419 5569 corpbra
1439 5534 1454 5561 ,
1484 5495 1559 5551 ita
1586 5494 1676 5550 illa
1702 5482 1965 5565 spiritalia
1993 5496 2255 5545 vocantur

669 5606 919 5664 corpora.
943 5590 1100 5647 Absit
1121 5600 1299 5644 tamen
1325 5595 1388 5642 ut
1411 5586 1639 5658 spiritus
1653 5602 1717 5642 ea
1738 5586 2024 5642 credamus
2053 5579 2251 5646 futura,

671 5688 766 5745 sed
789 5700 1019 5757 corpora
1050 5682 1233 5739 carnis
1258 5681 1508 5737 habitura
1533 5680 1911 5745 substantiam,
1934 5675 2030 5734 sed
2056 5674 2257 5731 nullam

676 5779 987 5836 tarditatem
1020 5775 1535 5848 corruptionemque
1564 5771 1836 5829 carnalem
1870 5771 2063 5842 spiritu
2086 5765 2261 5823 viviﬁ-

674 5882 834 5929 cante
869 5886 1112 5943 passura.
1144 5870 1295 5925 Tunc
1322 5868 1436 5941 jam
1473 5883 1579 5924 non
1605 5876 1873 5931 terrenus,
1897 5863 1988 5919 sed
2020 5861 2261 5919 cmlestis

678 5966 843 6023 homo
879 5964 984 6020 erit
1018 5981 1029 6018 :
1069 5979 1173 6020 non
1202 5964 1329 6035 quia
1354 5977 1551 6034 corpus
1572 6002 1585 6027 ,
1618 5957 1762 6031 quod
1794 5957 1861 6012 de
1883 5964 2029 6012 terra
2059 5954 2261 6009 factum

678 6054 786 6129 est,
826 6074 932 6120 non
971 6060 1145 6134 ipsum
1172 6057 1308 6127 erit;
1334 6054 1431 6115 sed
1461 6054 1590 6126 quia
1615 6052 1759 6110 dono
1783 6045 1994 6107 (ταξιοῦιὶ
2014 6046 2128 6119 jam
2157 6043 2261 6100 tale

2341 3701 2624 3773 confessis
2652 3726 2733 3775 est
2754 3727 2810 3775 et
2835 3715 3211 3775 abominabilis
3232 3723 3315 3771 est
3336 3701 3449 3769 Deo
3476 3712 3566 3785 qui
3588 3712 3646 3766 de
3669 3702 3749 3762 ﬁde
3764 3701 3829 3769 eius

2342 3815 2395 3870 in
2428 3810 2593 3869 corde
2622 3818 2767 3866 tenet
2809 3808 3182 3875 mendacium,
3207 3805 3351 3862 etin
3387 3820 3486 3860 ore
3526 3801 3633 3858 vult
3655 3793 3831 3870 puelch

2342 3904 2652 3967 veritatem,
2674 3901 2812 3956 sicut
2834 3902 3093 3971 scriptum
3120 3905 3203 3953 est
3228 3915 3240 3951 :
3278 3892 3476 3951 Perdes
3514 3908 3675 3949 omnes
3697 3886 3764 3959 qui
3789 3880 3832 3932 ω’

2342 3994 2930 4071 quuntur'mendacium
2963 4011 2979 4049 :
3020 3995 3185 4049 virum
3224 3991 3539 4062 sanguinum
3562 4030 3576 4055 ,
3606 3997 3647 4042 et
3672 3980 3831 4038 delostm

2344 4089 2679 4144 abominatur
2702 4086 2955 4142 Dominus
2979 4082 3151 4158 (Psal.
3188 4098 3238 4152 v,
3268 4083 3319 4149 7,
3344 4084 3421 4154 8).
3454 4083 3561 4137 Au‘t
3583 4080 3623 4135 si
3650 4088 3749 4130 vere
3768 4072 3832 4138 ips:

2347 4179 2424 4234 rei
2447 4177 2674 4234 veritate
2702 4186 2757 4234 et
2780 4177 2971 4233 timore
2997 4175 3306 4232 offensionis
3333 4172 3586 4229 Ecclesiae
3612 4170 3831 4237 superatus

2347 4284 2414 4326 ne
2437 4269 2661 4325 omnino
2693 4265 2923 4323 inﬁdelis
2946 4265 3311 4338 judicaretur,
3344 4264 3448 4319 hoc
3481 4260 3730 4318 confessus
3760 4255 3832 4306 est,

2347 4380 2518 4421 vacua
2547 4373 2630 4421 est
2658 4362 2879 4419 omnino
2907 4370 2963 4417 et
2990 4375 3143 4417 cassa
3171 4360 3296 4415 talis
3316 4357 3612 4423 confessio,
3634 4363 3761 4424 quam
3783 4356 3833 4397 su-

2347 4458 2529 4529 perius
2573 4464 2722 4512 tanta
2769 4463 2826 4511 et
2874 4462 2979 4510 tam
3031 4453 3310 4525 multiplex
3359 4451 3632 4524 praecessit
3673 4438 3832 4514 negatio.

2348 4550 2513 4608 Nobis
2547 4558 2727 4606 autem
2752 4564 2861 4605 non
2888 4547 3013 4606 licet
3039 4547 3094 4603 in
3126 4551 3286 4603 rebus
3326 4547 3393 4602 ad
3429 4547 3588 4603 fidem
3617 4541 3698 4599 Dei
3728 4529 3833 4608 perti-

2349 4643 2604 4702 nentlbus
2631 4642 2776 4698 aliud
2803 4641 2981 4707 modo,
3012 4640 3155 4696 aliud
3184 4647 3367 4711 postea
3399 4639 3578 4696 dicere
3611 4655 3622 4690 :
3649 4631 3727 4689 sed
3746 4618 3833 4696 quod

2353 4733 2521 4790 semel
2545 4747 2612 4789 ex
2632 4732 2748 4806 ipso
2766 4744 2860 4789 ore
2882 4730 3094 4789 Domini
3114 4739 3169 4786 et
3191 4730 3554 4802 apostolorum
3576 4726 3680 4797 ejus
3700 4713 3834 4806 accciif

2353 4825 2613 4890 Ecclesia,
2645 4801 2971 4881 credendum
3010 4831 3067 4880 et
3097 4801 3490 4888 confitendum;
3524 4821 3593 4876 ita
3627 4801 3832 4872 inviolabiﬁ

2355 4929 2410 4978 et
2432 4920 2752 4977 immutabili
2778 4920 3009 4977 veritate
3035 4920 3299 4984 retinere,
3320 4904 3381 4972 ut
3401 4917 3493 4972 ﬁat
3512 4918 3563 4972 in
3587 4910 3719 4970 nobis
3738 4899 3837 4959 veris

2357 5002 2493 5073 sime
2528 5014 2670 5086 quod
2716 5013 2976 5070 Dominus
3018 5012 3292 5085 praecepit,
3344 5012 3528 5067 dicens
3565 5026 3579 5064 :
3624 5005 3695 5062 Sit
3728 5003 3835 5086 aut“

2355 5124 2523 5165 sermo
2543 5083 2727 5173 uester,
2754 5114 2850 5173 est,
2868 5116 2940 5161 est
2966 5122 2983 5162 :
3015 5083 3135 5171 non,
3170 5083 3274 5159 non
3297 5101 3510 5177 (Matth.
3543 5116 3594 5166 v,
3622 5093 3726 5167 '57);
3750 5083 3836 5177 ε’ίξίθ

2357 5202 2484 5257 licet
2512 5208 2570 5255 ut
2609 5198 2872 5255 immobili
2917 5199 3145 5254 veritate
3183 5205 3239 5253 et
3272 5174 3475 5253 veritas
3504 5199 3676 5250 nostra
3709 5174 3837 5238 σουἷά

2357 5295 2509 5351 sione
2552 5294 2933 5361 confirmetur,
2992 5301 3048 5348 et
3097 5292 3306 5348 falsitas
3361 5298 3543 5348 nostra
3595 5270 3838 5342 confessione

2358 5397 2662 5460 respuatur.
2688 5460 2691 5465 ὗ
3088 5460 3093 5463 _

2428 5480 2495 5536 Et
2526 5462 2707 5539 tamen
2744 5480 2847 5536 iste
2880 5492 3039 5551 quam
3074 5462 3308 5537 fideliter
3328 5476 3395 5533 de
3426 5471 3609 5532 aeterni
3638 5462 3838 5551 ignis

2358 5571 2535 5645 pliciis
2554 5562 2762 5638 credat,
2793 5571 2846 5626 in
2871 5548 3225 5641 sequentibus
3252 5562 3535 5625 manifeste
3563 5548 3837 5633 aperitzpos“

2361 5680 2524 5736 quam
2550 5664 2696 5720 enim
2726 5664 2882 5728 dixit,
2912 5663 2988 5717 ita
3009 5663 3287 5735 impiorum
3316 5657 3611 5731 angelorum
3638 5647 3839 5736 honunttﬂr

2362 5773 2459 5827 que
2500 5772 2720 5829 corpora
2772 5754 3029 5826 supplicia
3085 5754 3219 5824 ignis
3281 5750 3460 5807 interni
3512 5747 3775 5829 perpessum

2365 5819 2663 5919 intelligere
2723 5819 3039 5919 [possimus]
3088 5819 3303 5897 modum
3351 5854 3456 5911 quo
3501 5835 3554 5890 id
3592 5824 3740 5887 credi!

2363 5910 2627 6005 futuruvm,
2655 5910 3129 6007 subjunxitstatim
3159 5951 3171 5987 :
3206 5929 3359 5997 Quod
3370 5910 3473 5983 hoc
3495 5925 3569 5980 ita
3584 5921 3681 5992 ﬁet,
3700 5921 3743 5967 ut
3761 5910 3840 6009 in“:

2363 6033 2526 6104 gritas
2552 5999 2860 6087 substantia:
2878 6044 3079 6095 eorum,
3107 6026 3161 6081 id
3180 6033 3259 6081 est
3280 6021 3575 6096 angelorum
3593 6021 3638 6071 et
3661 5999 3839 6065 Iconi!"
