3970 6306
182 443 304 503 2H5

1173 448 1371 506 LIBER
1403 447 1771 513 ADVERSUS
1807 448 2124 513 JOANNEM
2165 451 2467 513 SCOTUM.

3367 462 3473 516 246

180 560 546 647 malignorum
572 560 717 617 nullo
747 561 899 617 modo
940 562 1008 617 sit
1055 554 1311 633 peritura,
1342 572 1399 618 ut
1445 556 1781 647 pulchritudo
1807 565 1861 627 Α
1887 578 2011 647 cum
2034 564 2270 636 diabolo,
2302 582 2478 641 neque
2500 567 2556 633 in
2584 556 2918 627 beatitudine
2947 584 3068 626 cum
3096 574 3228 628 Deo.
3259 572 3327 631 Et
3352 590 3474 633 om-

178 646 264 703 eis
292 647 437 706 nullo
463 652 617 706 modo
656 651 724 706 sit
752 651 1000 722 defutura
1020 693 1036 720 ,
1064 662 1122 708 ut
1149 652 1408 709 naturalis
1445 636 1801 709 incolumitas

176 743 252 799 sit
289 743 347 819 in
374 741 499 814 ipsis
516 760 880 815 permansura.
912 743 1052 803 Ecce
1078 763 1202 818 quae
1223 746 1365 803 bona
1395 747 1477 806 eis
1506 732 1695 805 tribuit
1723 726 1778 804 in

176 840 473 925 suppliciis
506 839 647 914 ignis
679 840 891 908 aeterni,
920 840 1172 900 videlicet
1212 843 1577 916 integritatem
1620 838 1799 925 natujf‘

176 948 288 999 rm,
317 920 791 1004 pulchritudinem,
822 933 1250 994 incolumitatem
1276 954 1290 991 :
1322 945 1383 992 ut
1408 916 1776 1009 integritatem

176 1032 399 1080 natura
451 1038 563 1079 sua:
606 1023 864 1105 habeant,
915 1014 1041 1096 quia
1088 1012 1199 1082 tota
1239 1042 1428 1084 eorum
1483 1012 1676 1085 natura
1722 1010 1801 1104 in:

174 1113 373 1196 anima
403 1120 461 1170 et
485 1128 715 1185 corpore
754 1123 1019 1187 perpetuo
1044 1112 1387 1187 permanebit
1423 1136 1436 1173 :
1477 1117 1778 1189 pulchritu-

174 1198 372 1256 dinem
397 1215 527 1256 vero
549 1199 640 1257 ubi
681 1208 776 1275 aut
808 1203 1077 1273 quomodo
1106 1204 1309 1262 habere
1347 1207 1576 1285 possint,
1606 1207 1776 1263 fidelis

172 1292 416 1379 quisque
441 1292 1149 1379 consideretglpulcbritudo
1187 1312 1422 1368 namque
1448 1308 1543 1354 aut
1573 1298 1771 1355 animae

171 1391 271 1439 est
302 1370 411 1472 aut,
434 1372 697 1472 corporis.
729 1370 861 1452 Quis
891 1386 1098 1472 autem,
1121 1384 1358 1443 ﬁdelium
1389 1389 1578 1446 credat
1608 1372 1801 1447 ullam]

175 1471 258 1530 ibi
309 1462 428 1530 esse
453 1462 610 1546 posse
639 1466 1098 1545 pulchritudinem
1149 1479 1489 1546 animarum,
1536 1479 1628 1536 ubi
1670 1483 1778 1539 erit

1882 644 2011 710 nino
2034 656 2339 714 certissime
2370 660 2818 745 tenet‘neminem
2848 675 2968 719 esse
2990 677 3152 737 posse
3188 674 3313 736 post
3338 666 3474 726 illud

1882 744 2191 828 universale
2209 749 2500 821 judicium,
2526 736 2632 807 nisi
2667 736 2761 808 aut
2788 751 2843 808 in
2867 736 3205 811 beatitudine
3232 765 3433 814 aeterna
3451 800 3469 825 ,

1882 828 1977 919 aut
2004 850 2036 892 e
2061 839 2336 896 contrario
2365 839 2423 923 in
2449 839 2665 923 miseria
2694 842 3046 914 sempiterna.
3076 843 3180 923 Qui
3209 845 3355 903 enim
3382 862 3472 904 se-

1883 927 1991 1011 mel
2027 926 2230 986 fuerint
2275 931 2330 1011 in
2370 922 2460 988 illo
2500 922 2706 1003 judicio
2735 934 2818 991 vel
2845 933 2901 991 in
2930 949 3149 1007 poenam
3178 936 3354 1005 missi,
3385 938 3474 996 vel

1880 1005 1935 1076 in
1962 1020 2086 1076 vita:
2124 1004 2341 1081 aeternae
2377 1025 2633 1096 gaudium
2660 1004 2987 1095 intromissi,
3017 1042 3292 1098 nunquam
3338 1029 3483 1087 ulte:

1880 1111 1994 1168 rius
2030 1112 2157 1169 alibi
2185 1114 2275 1171 vel
2322 1114 2481 1172 aliter
2524 1131 2644 1173 esse
2688 1108 2967 1188 poterunt.
3015 1117 3172 1175 Sicut
3212 1117 3476 1175 Dominus

1881 1203 2185 1262 certissime
2210 1206 2451 1262 ostendit
2494 1207 2561 1263 de
2591 1217 2820 1278 utraque
2849 1215 3035 1279 parte,
3059 1205 3113 1264 id
3138 1216 3222 1264 est
3243 1218 3299 1264 et
3325 1208 3477 1264 dam-

1879 1305 2170 1373 natorum,
2208 1296 2315 1377 qui
2362 1307 2526 1355 erunt
2557 1314 2588 1354 a
2623 1298 2862 1356 sinistris
2888 1339 2902 1365 ,
2934 1307 2990 1356 et
3024 1298 3307 1357 beatorum
3328 1339 3344 1366 ,
3383 1300 3476 1370 qui

1878 1397 2042 1445 erunt
2068 1406 2099 1445 a
2127 1390 2356 1459 dextris,
2386 1391 2799 1469 irrevocabilem
2824 1389 3149 1448 sententiam
3169 1390 3475 1463 proferens,

1880 1493 2003 1535 cum
2047 1481 2219 1537 dicit:
2257 1480 2402 1536 Tunc
2456 1478 2605 1537 ibunt
2657 1481 2714 1536 hi
2758 1480 2815 1537 in
2852 1480 3168 1553 supplicium
3197 1490 3476 1547 teternum,

173 1563 413 1639 amissio
440 1566 682 1622 omnium
715 1566 973 1624 virtutum
1009 1576 1066 1624 et
1095 1568 1313 1626 foeditas
1341 1571 1584 1627 omnium
1615 1560 1797 1629 vitio-1
1871 1572 2009 1643 justi
2037 1580 2212 1626 autem
2255 1571 2312 1626 in
2352 1571 2513 1626 vitam
2551 1580 2802 1627 teternam
2846 1569 3063 1644 (Matth.
3093 1584 3222 1637 xxv,
3266 1568 3381 1641 46).
3417 1564 3477 1626 Si

174 1658 345 1714 rum?
368 1658 549 1715 anima
593 1658 738 1715 enim
777 1669 872 1716 aut
916 1661 1115 1718 virtute
1137 1662 1364 1734 pulchra
1388 1671 1492 1732 est,
1527 1672 1621 1720 aut
1646 1664 1775 1721 vitio
1878 1663 2023 1720 enim
2050 1663 2154 1718 erit
2172 1662 2296 1720 linis
2309 1650 2607 1735 aliquando
2632 1662 2703 1718 illi
2730 1674 2906 1735 paenae
2928 1672 3164 1729 {eterna},
3186 1661 3292 1719 erit
3311 1661 3477 1718 etiam

171 1744 464 1811 deformis.
513 1752 644 1822 Quae
689 1742 872 1810 autem
911 1753 985 1810 ibi
1012 1770 1135 1812 esse
1182 1756 1384 1828 poterit
1430 1756 1774 1829 pulchritudo
1881 1752 2173 1825 aliquando
2214 1754 2381 1826 (quod
2409 1754 2574 1828 absit)
2611 1750 2734 1810 ﬁnis
2764 1756 2890 1810 vitae
2919 1764 3159 1810 aeternae.
3198 1753 3253 1809 Si
3286 1762 3469 1809 autem

171 1857 492 1918 corporum,
521 1832 614 1902 ubi
656 1855 859 1901 aeterno
907 1846 1134 1903 horrore
1178 1847 1433 1914 tristitiae,
1473 1858 1530 1904 et
1569 1834 1771 1906 aeterna
1883 1831 1991 1902 vita
2031 1857 2235 1902 :eterna
2278 1845 2485 1901 nullum
2533 1847 2756 1903 omnino
2797 1846 3018 1902 habebit
3048 1840 3244 1912 ﬁnem,
3281 1845 3493 1923 procul

171 1935 325 2008 ignis
348 1937 651 2004 exustione,
675 1946 879 1993 aeterna
899 1938 1166 1994 vermium
1191 1938 1520 1997 laceratione
1547 1940 1774 1999 oll‘usca-
1800 1932 1849 1994 Β
1880 1936 2043 1993 dubio
2064 1945 2118 1992 et
2144 1951 2300 2009 ptena
2331 1936 2441 2002 illa,
2472 1936 2526 1993 id
2555 1945 2638 1993 est
2665 1922 2988 2007 supplicium
3029 1943 3290 1991 aeternum
3309 1976 3322 2001 ,
3353 1933 3477 1989 nul-

170 2026 334 2084 bitur
366 2035 422 2084 et
463 2026 864 2085 tenebrabitur?
908 2027 1038 2097 Quae
1072 2029 1237 2086 etiam
1281 2030 1335 2086 in
1366 2032 1638 2089 damnatis
1669 2033 1797 2109 illis.
1877 2026 1989 2083 lum
2030 2043 2270 2099 unquam
2313 2020 2514 2085 habere
2544 2014 2960 2107 ﬁne111.poterit.
2993 2014 3110 2081 Non
3151 2039 3279 2098 ergo
3316 2032 3478 2079 erunt

171 2112 395 2191 angelis
427 2129 482 2175 et
528 2118 859 2187 hominibus,
899 2121 1040 2177 sicut
1069 2120 1171 2178 iste
1217 2121 1370 2190 dicit,
1413 2124 1613 2195 poterit
1656 2140 1778 2182 esse

168 2208 447 2267 naturalis
471 2209 835 2279 incolumitas,
863 2227 986 2268 cum
1016 2221 1209 2268 natura
1233 2215 1301 2269 ad
1325 2215 1431 2270 hoc
1458 2215 1540 2271 eis
1568 2216 1775 2289 integra

174 2301 557 2357 tantummodo
607 2309 874 2368 servetur,
923 2311 978 2358 et
1024 2318 1299 2374 nunquam
1331 2320 1362 2358 a
1401 2320 1499 2360 sua
1545 2306 1775 2362 naturali

170 2390 443 2464 compage
470 2390 732 2457 solvatur,
760 2402 819 2448 ut
841 2390 1054 2465 plenius
1077 2384 1186 2449 tota
1209 2392 1326 2450 sine
1349 2393 1454 2451 line
1475 2383 1774 2452 crucietur.

174 2476 295 2539 Sed
336 2480 438 2538 iste
474 2498 580 2539 non
608 2491 893 2540 contentus
932 2491 1081 2540 tanta
1122 2484 1324 2557 ineptia
1354 2496 1410 2542 et
1442 2476 1779 2545 absurditate

171 2570 463 2647 depravati
493 2570 684 2632 sensus
711 2575 817 2642 sui,
848 2575 997 2633 addit
1021 2576 1074 2632 in
1106 2574 1213 2633 fine
1243 2578 1644 2649 apertissimum
1674 2581 1780 2637 ha:-

174 2665 370 2741 reticze
397 2665 686 2738 impietatis
707 2683 970 2735 errorem,
1000 2677 1060 2723 ut
1081 2669 1226 2740 quod
1249 2672 1412 2727 corde
1432 2673 1682 2741 gestabat
1707 2660 1778 2730 ad

174 2738 641 2831 inipugnationetn
656 2759 902 2817 veritatis
916 2770 969 2817 et
985 2738 1395 2819 subversionem
1421 2738 1774 2833 audientium,

172 2852 354 2908 etiam
382 2866 475 2909 ore
499 2859 794 2909 evomeret.

251 2944 417 3002 Addit
446 2960 677 3018 namque
705 2947 888 3004 statim
919 2944 986 3004 de
1019 2947 1224 3005 eisdem
1246 2947 1550 3006 daemonum
1577 2960 1632 3008 ct
1663 2951 1766 3008 ho-

174 3040 393 3097 minum
414 3036 790 3098 damnatorum
812 3041 1040 3109 naturis,
1061 3040 1205 3113 quod
1226 3041 1414 3098 deinde
1433 3042 1510 3116 (id
1539 3052 1622 3100 est
1656 3053 1780 3116 post

172 3128 277 3188 illa
306 3128 491 3189 aeterni
521 3130 662 3206 ignis
690 3126 976 3204 supplicia)
1002 3131 1240 3187 omnibus
1266 3142 1471 3188 natura:
1496 3132 1641 3188 bonis
1679 3135 1778 3188 mi-

174 3214 346 3282 rabili
380 3225 563 3281 ordine
591 3225 961 3297 refulgebunt:
990 3225 1043 3282 id
1071 3234 1158 3283 est
1190 3234 1252 3282 ut
1286 3234 1342 3282 et
1366 3225 1421 3282 in
1453 3227 1634 3283 anima
1664 3227 1776 3284 sint

1878 2119 2071 2193 aliqui,
2099 2129 2159 2175 ut
2180 2120 2284 2177 iste
2310 2120 2527 2188 delirat,
2557 2112 2631 2176 ita
2658 2120 2714 2176 in
2733 2106 2912 2177 medio
2936 2112 3099 2193 positi
3124 2126 3304 2174 utnec
3328 2117 3474 2175 beati

1879 2213 2103 2270 sintnec
2123 2212 2326 2279 miseri,
2342 2221 2396 2267 et
2422 2221 2599 2269 tamen
2619 2221 2773 2268 extra
2795 2198 3014 2268 domum
3037 2210 3217 2266 Patris
3240 2209 3475 2281 aliquam

1878 2305 2124 2378 requiem
2153 2303 2409 2361 habituri.
2436 2304 2695 2361 Dominus
2718 2303 2864 2360 enim
2888 2300 3177 2359 manifeste
3202 2300 3370 2357 dicit:
3402 2299 3470 2356 In

1876 2393 2033 2451 domo
2054 2392 2238 2479 Patris
2264 2397 2364 2450 mei
2385 2397 2565 2451 multa:
2589 2406 2710 2451 sunt
2732 2396 3032 2451 mansiones
3057 2394 3239 2473 (Joan.
3265 2409 3375 2461 xiv,
3395 2393 3478 2475 2),

1878 2489 2172 2546 ostendens
2202 2476 2357 2547 extra
2391 2490 2610 2546 domum
2638 2480 2819 2546 Patris
2851 2490 2959 2555 sui,
2987 2490 3038 2545 id
3079 2497 3163 2547 est
3204 2476 3359 2546 extra
3389 2505 3479 2547 so-

1882 2581 2139 2638 cietatem
2165 2584 2481 2639 sanctorum
2524 2568 2843 2653 angelorum
2868 2590 2922 2638 et
2955 2582 3236 2638 hominum
3269 2581 3475 2637 electo-

1880 2690 2024 2742 rum,
2049 2662 2213 2746 quam
2246 2675 2363 2747 ipse
2400 2675 2452 2730 in
2479 2683 2742 2731 aeternum
2785 2673 3083 2739 inhabitat,
3116 2658 3321 2728 nullum
3352 2688 3476 2730 esse

1878 2756 2089 2834 lacum,
2139 2768 2342 2824 nullam
2383 2768 2719 2823 mansionem
2750 2754 2972 2837 quietis.
3000 2765 3136 2833 Quia
3170 2750 3347 2821 omnis
3378 2764 3467 2820 illa

1881 2855 2172 2914 multitudo
2200 2866 2254 2913 et
2283 2856 2653 2927 multiplicitas
2681 2844 3021 2939 mansionum
3060 2872 3168 2911 non
3209 2863 3328 2923 est,
3368 2854 3473 2911 nisi

1880 2949 1935 3004 in
1977 2951 2137 3008 domo
2183 2960 2441 3022 paterna,
2490 2950 2579 3006 ubi
2626 2950 2769 3006 sicut
2812 2950 2866 3005 in
2900 2966 3008 3007 uno
3038 2948 3175 3007 coelo
3196 2948 3354 3006 stella
3393 2949 3465 3005 ab

1879 3043 2035 3125 stella
2095 3043 2275 3101 differt
2327 3043 2383 3100 in
2430 3042 2712 3125 claritate,
2746 3042 2851 3123 sic
2901 3042 2957 3098 in
3011 3058 3119 3098 una
3170 3042 3472 3112 eademque

1879 3122 2042 3215 domo
2070 3139 2177 3196 erit
2210 3136 2500 3195 diversitas
2525 3122 2869 3194 mansionum
2896 3150 2996 3209 pro
3021 3134 3340 3192 diversitate
3365 3149 3478 3190 me-

1886 3233 2138 3291 ﬁmmm.

176 3304 399 3391 praediti
427 3327 483 3374 et
505 3295 758 3375 illustratﬁi
787 3304 1124 3399 naturalibus
1149 3317 1307 3375 bonis
1345 3320 1651 3387 memorim,
1696 3320 1780 3376 in-
1804 3295 1854 3362 δ
1954 3324 2083 3381 Post
2110 3324 2228 3379 haec
2253 3320 2402 3379 addit
2435 3320 2557 3387 iste,
2584 3328 2639 3377 et
2661 3320 2790 3376 dicit
2826 3296 3171 3393 {Superioris
3200 3316 3334 3389 ignis
3358 3332 3495 3391 εον-ν

180 3398 498 3482 telligentia:
534 3398 591 3467 et
630 3398 814 3468 libera:
840 3409 1168 3478 voluntatis;
1211 3420 1266 3468 et
1302 3412 1358 3469 in
1403 3428 1632 3485 corpore
1671 3413 1780 3469 cla-

179 3505 364 3569 nant,
387 3510 551 3575 atque
569 3500 942 3576 praepolleant,
968 3511 1023 3560 et
1042 3504 1284 3576 quinque
1303 3505 1633 3562 naturalium
1658 3521 1782 3563 sen-

178 3607 347 3649 suum
384 3592 673 3650 vivacitate
719 3600 775 3650 et
818 3592 1006 3650 formae
1049 3593 1307 3666 perfectae
1351 3594 1809 3681 pulphritudinen

179 3683 437 3757 Dicitque
463 3700 559 3742 eos
584 3678 872 3758 propterea
902 3693 1184 3757 exemptos
1214 3685 1515 3759 suppliciis,
1544 3695 1599 3743 et
1621 3678 1809 3760 exor-Z

179 3788 348 3835 natos
394 3793 585 3835 omnes
630 3778 883 3835 omnibus
931 3774 1269 3834 naturalibus
1308 3779 1496 3846 bonis,
1538 3787 1598 3832 ut
1632 3770 1811 3845 tantaf

177 3870 586 3943 pulchritudine
622 3870 950 3945 refulgentes
987 3871 1275 3944 proficiant
1307 3873 1375 3928 ad
1413 3852 1807 3929 universitatis!

176 3970 438 4021 ornatum
467 3983 479 4020 :
510 3962 762 4021 videlicet
789 3972 848 4019 ut
870 3964 1012 4020 inter
1034 3971 1262 4021 caeteras
1285 3963 1472 4021 mundi
1501 3971 1782 4020 creaturas

180 4052 476 4116 terrestres
500 4058 614 4115 sive
642 4057 914 4123 caelestes,
938 4058 1104 4114 etiam
1130 4058 1231 4130 ipsi
1254 4048 1638 4131 permanentes
1667 4056 1781 4114 sint

180 4152 241 4207 in
274 4159 596 4207 ornamento
624 4144 808 4205 mundi
830 4150 923 4222 qui
953 4132 1170 4207 fuerant
1198 4149 1252 4206 in
1285 4149 1633 4206 damnatione
1654 4164 1782 4220 sup-

177 4240 355 4314 plicii.
390 4241 458 4297 Et
488 4241 729 4314 posthzec
747 4257 816 4298 ne
837 4256 904 4297 ex
929 4249 1041 4299 toto
1064 4240 1337 4299 videretur
1381 4240 1569 4298 venire
1591 4224 1777 4299 contra

178 4333 446 4391 Ecclesia:
465 4314 623 4390 fidem
647 4343 703 4390 et
722 4331 1090 4406 evangelicam
1118 4322 1281 4406 atque
1308 4331 1661 4404 apostolicam
1688 4347 1781 4389 ve-

180 4428 443 4495 ritatem,
485 4426 764 4499 subiunxit
807 4414 1024 4494 dicens,
1059 4437 1272 4500 excepta
1299 4426 1645 4494 beatitudine,
1674 4442 1779 4499 qua

174 4523 549 4597 privabantur,
577 4522 632 4580 id
664 4532 749 4580 est
771 4523 915 4595 quod
940 4523 1021 4581 sic
1054 4522 1336 4597 fulgebunt
1354 4521 1608 4579 omnibus
1627 4529 1781 4578 natu-

178 4616 395 4674 ralibus
420 4616 579 4673 bonis
615 4617 890 4674 daemones
923 4624 980 4672 et
1006 4614 1255 4675 homines
1283 4614 1566 4689 suppliciis
1592 4614 1776 4687 exuti,

1881 3415 2026 3488 porci
2051 3430 2171 3470 cum
2202 3412 2467 3483 inferioris
2504 3412 2645 3467 aeris
2676 3411 2981 3491 corporibus
3018 3408 3274 3482 qualitate
3308 3408 3477 3485 collu-

1882 3516 2089 3574 ctante,
2118 3504 2355 3562 naturali
2381 3504 2428 3561 ri
2458 3496 2698 3566 seruata,
2740 3502 3035 3573 infelicium
3065 3503 3366 3558 animarum
3397 3503 3481 3558 in-

1882 3600 2044 3655 tentio
2074 3599 2140 3654 de
2172 3597 2480 3670 corporibus
2513 3596 2625 3652 suis
2664 3605 2888 3651 teternas
2923 3597 3156 3663 patiatur
3185 3611 3471 3650 (erumnas.

1884 3689 2025 3745 Ecce
2043 3686 2314 3759 quomodo
2336 3685 2529 3752 credit,
2555 3685 2599 3740 si
2627 3693 2807 3740 tamen
2835 3682 3029 3748 credit,
3047 3682 3309 3755 supplicia
3335 3682 3475 3754 ignis

1884 3777 2072 3855 retenti
2104 3776 2444 3832 exercenda:
2480 3773 2729 3855 videlicet
2756 3773 2900 3844 quod
2935 3771 3072 3843 ignis
3108 3771 3229 3855 ille,
3262 3771 3357 3843 qui
3396 3780 3482 3829 est

1882 3850 2195 3939 huiusmodi
2225 3866 2475 3939 superius
2505 3850 2859 3932 elementum,
2890 3848 3118 3936 corporei
3146 3848 3480 3933 daemonum,

1884 3976 2004 4031 qua:
2043 3966 2197 4032 putat
2224 3973 2347 4016 esse
2384 3944 2575 4024 aerea,
2608 3966 2663 4013 et
2699 3971 2930 4030 corpora
2961 3942 3242 4037 hominum
3286 3956 3481 4027 impio-

1884 4067 2028 4118 rum,
2058 4066 2179 4122 quze
2206 4051 2455 4122 superius
2484 4049 2621 4106 dixit
2645 4050 2939 4109 transitura
2971 4049 3025 4104 in
3050 4065 3267 4106 aeream
3304 4050 3484 4122 quali-

1886 4152 2077 4223 tatem,
2097 4158 2243 4219 nunc
2264 4152 2447 4201 autem
2470 4150 2659 4221 aperte
2696 4143 2828 4200 dicit
2861 4156 3021 4201 aerea
3052 4143 3195 4201 sicut
3239 4152 3296 4199 et
3342 4142 3485 4216 ipso-

1884 4252 2005 4293 rum
2030 4235 2365 4303 dtemonum,
2393 4235 2518 4292 dum
2542 4235 2826 4308 utriusque
2855 4236 3125 4317 elementi
3146 4244 3342 4293 natura
3362 4277 3377 4304 ,
3425 4236 3481 4309 id

1883 4337 1972 4386 est
1994 4337 2051 4385 et
2072 4328 2237 4402 ignis,
2259 4343 2420 4401 quem
2442 4335 2598 4401 putat
2621 4322 2744 4385 esse
2766 4328 2946 4400 ignem
2964 4310 3241 4409 aeternum
3272 4326 3326 4381 in
3345 4341 3481 4402 sup-

1882 4419 2061 4492 pliciis
2104 4418 2514 4487 damnatarum,
2546 4427 2603 4476 et
2629 4418 2807 4486 aeris,
2848 4433 3011 4489 quem
3059 4416 3247 4499 rgedit
3277 4429 3397 4471 esse
3425 4416 3483 4472 in

1883 4500 2206 4585 corporibus
2249 4513 2555 4569 daemonum
2594 4518 2652 4590 et
2690 4509 2970 4590 hominum
3017 4506 3356 4590 perditorum
3380 4546 3396 4572 ,
3426 4506 3482 4562 in

1883 4584 2366 4662 illodamnationis
2387 4584 2660 4676 ergastulo
2683 4602 2829 4679 inter
2850 4584 2911 4657 se
2932 4584 3296 4679 colluctantur
3319 4603 3483 4667 atque

179 4665 393 4674 -—--——~
420 4665 578 4673 -—---—
618 4665 888 4674 πν---ν--τ-
928 4665 977 4672 --
1006 4665 1253 4675 -ν-η--η-
1283 4665 1563 4689 "nu-u-
1598 4665 1776 4687 τ--η,

176 4718 247 4767 ut
270 4719 487 4782 excepta
513 4709 834 4767 beatitudine
854 4710 1092 4798 visionis
1120 4710 1251 4779 Dei,
1273 4725 1395 4782 quat
1422 4696 1504 4767 eis
1530 4709 1644 4767 sola
1687 4710 1780 4768 de-

1884 4707 2274 4769 compugnant,
2305 4665 2519 4763 ellicia't,
2541 4676 2849 4749 infelicibus
2878 4674 3163 4745 animabus
3200 4695 3256 4771 et
3300 4686 3481 4743 homi-

2111 4793 2121 4798 -
2169 4786 2182 4798 ι
2504 4772 2520 4798 4
2596 4797 2602 4798 ,
2785 4781 2829 4798 ιι,
2860 4796 2901 4798 __
2937 4779 3042 4798 _,,2_
3080 4777 3217 4798 --_2-
3251 4787 3481 4798 “.-.____

178 4800 490 4875 negabitur,
518 4802 652 4859 nihil
675 4803 804 4861 boni
831 4803 912 4860 eis
946 4804 1135 4861 deesse
1162 4802 1432 4860 videatur.
1466 4801 1607 4871 Ecce
1647 4803 1780 4876 quid

176 4892 351 4951 audet
384 4890 620 4962 sentire,
655 4894 786 4966 quid
823 4894 986 4964 audet
1017 4894 1230 4961 dicere,
1261 4894 1391 4965 quid
1417 4894 1580 4952 audet
1612 4894 1778 4952 etiam

174 4986 429 5047 scribere
464 4988 627 5059 homo
667 4988 761 5061 qui
793 4987 908 5057 vult
930 4978 1103 5053 videri
1145 4986 1522 5054 Christianus,
1556 4996 1611 5045 et
1643 4987 1778 5067 nihil

176 5080 330 5136 aliud
360 5079 571 5139 laborat
596 5082 702 5140 nisi
743 5090 803 5139 ut
848 5081 1172 5145 Christianae
1194 5080 1413 5147 veritati
1434 5080 1774 5152 adversetur,

176 5179 238 5227 et
265 5173 647 5231 haereticorum
670 5173 946 5248 dogmata,
968 5174 1172 5247 quibus,
1187 5176 1304 5247 ipse
1330 5172 1621 5233 infeliciter
1640 5188 1773 5232 con-

168 5262 407 5333 junctus
426 5272 531 5332 est,
552 5273 608 5322 et
633 5254 935 5323 sinceritati
966 5265 1223 5325 Ecclesiae
1256 5264 1604 5325 intromittat.
1635 5265 1772 5322 Nam

175 5353 425 5412 Ecclesia
448 5355 657 5421 Christi
684 5367 976 5429 utrumque
1014 5367 1203 5429 negat,
1229 5367 1522 5430 utrumque
1546 5358 1781 5419 detesta-

179 5455 306 5513 tur,
359 5448 487 5520 quia
522 5458 813 5522 utrumque
861 5459 944 5508 est
989 5451 1305 5509 haereticum
1350 5459 1407 5508 et
1450 5450 1780 5508 omnimodis

178 5538 519 5595 contrarium
541 5541 777 5609 veritati,
806 5541 860 5598 id
891 5550 976 5598 est
1004 5551 1062 5598 et
1080 5541 1451 5599 liberationem
1472 5540 1777 5601 damonum
1812 5618 1813 5621 η

179 5638 350 5703 atque
394 5631 675 5689 hominum
720 5649 785 5691 ex
835 5634 942 5690 illis
986 5635 1264 5707 suppliciis
1301 5636 1684 5709 sempiternis,
1723 5644 1780 5692 et

182 5727 423 5801 aliquem
455 5729 693 5813 medium
731 5728 910 5787 locum
937 5744 1059 5787 esse
1085 5730 1176 5787 ubi
1207 5731 1282 5787 ita
1310 5730 1420 5813 sint
1450 5729 1551 5802 ipsi
1578 5730 1780 5809 daemo-

78 5876 85 5879 _
182 5834 285 5876 nes
312 5828 368 5876 et
396 5812 647 5877 homines
665 5820 719 5876 in
748 5822 935 5893 requie
975 5832 1032 5880 et
1058 5822 1321 5880 bonorum
1358 5812 1600 5880 omnium
1620 5823 1778 5895 copia

182 5912 541 5982 otelaritaw,
570 5922 754 5973 utnec
779 5913 838 5975 in
865 5915 1212 5975 damnatione
1254 5911 1396 5989 ignis
1435 5912 1624 5974 sterni
1669 5912 1782 5973 sint

1791 6018 1855 6094 ι

1882 4766 2050 4853 num“,
2074 4766 2130 4844 et
2151 4786 2455 4843 daemonum
2488 4772 2555 4840 de
2581 4781 2906 4854 corporibus
2933 4779 3047 4836 suis
3072 4777 3220 4853 aeris
3247 4766 3484 4834 internas

1881 4864 2168 4952 poenarum
2209 4890 2484 4934 aerumnas
2520 4872 2689 4943 :quia
2729 4860 2937 4957 scilicet
2981 4862 3151 4926 etiam
3182 4869 3237 4927 in
3267 4867 3361 4925 illo
3384 4884 3477 4924 ca-

1885 4960 2036 5029 mino
2063 4969 2204 5045 ignis
2231 4968 2423 5026 aeterni
2454 4964 2891 5047 naturalemyim
2918 4963 3354 5049 servabu‘ntibazc
3375 4962 3482 5019 duo

1885 5066 2155 5126 elementa
2171 5064 2313 5139 ignis
2335 5071 2391 5120 et
2415 5061 2581 5129 aeris,
2608 5068 2667 5117 ut
2692 5059 2834 5118 sicut
2856 5058 2909 5116 in
2935 5059 3039 5117 hoc
3065 5058 3267 5117 mundo
3287 5058 3483 5115 ardore

1885 5162 2029 5236 ignis
2072 5158 2377 5235 superioris
2403 5171 2501 5230 per
2531 5154 2767 5232 calorem
2792 5154 2924 5211 solis
2965 5154 3071 5211 iste
3110 5168 3225 5221 aer,
3269 5150 3362 5229 qui
3401 5157 3485 5217 est

1885 5258 2138 5327 inferior,
2167 5258 2241 5315 ita
2264 5264 2561 5327 vaporatur
2588 5261 2645 5310 et
2672 5251 2865 5319 fervet,
2891 5260 2951 5307 ut
2973 5267 3071 5309 suo
3095 5263 3297 5325 vapore
3318 5255 3486 5321 atque

1889 5340 2106 5412 fervore
2135 5364 2362 5425 corpora
2400 5356 2589 5406 nostra
2611 5348 2852 5422 graviter
2877 5345 3107 5413 alliciat;
3144 5344 3218 5400 ita
3259 5343 3314 5400 in
3357 5340 3484 5409 illo,

1887 5456 1950 5506 ut
1978 5447 2185 5505 dictum
2224 5451 2344 5511 est,
2385 5442 2602 5499 camino
2637 5440 2778 5512 ignis
2819 5437 3071 5511 supplicii
3121 5433 3481 5508 sempiterni,

1888 5539 2019 5595 dum
2060 5536 2201 5609 ignis
2226 5533 2461 5591 naturali
2494 5533 2544 5588 vi
2574 5522 2874 5588 inflammat
2912 5544 3140 5602 corpora
3172 5542 3340 5591 aerea
3378 5525 3484 5597 dte-

1886 5646 2108 5688 monum
2129 5638 2292 5702 atque
2312 5628 2614 5695 hominum,
2640 5641 2710 5683 ex
2731 5626 2850 5698 ipso
2869 5623 3086 5682 fervore
3106 5629 3270 5694 atque
3291 5619 3488 5685 ardore

1886 5740 2181 5797 corporum
2211 5738 2458 5790 suorum,
2490 5720 2687 5786 anima
2715 5735 2838 5792 qua:
2865 5719 2924 5776 in
2945 5718 3029 5776 eis
3057 5711 3491 5793 sunt,sentiant

1887 5825 1945 5875 et
1986 5817 2267 5889 patiantur
2319 5823 2554 5871 aeternas
2613 5809 2919 5867 alliictionis
2982 5820 3276 5864 aerumnas.
3332 5801 3490 5889 Dicat

1888 5923 2034 5967 nunc
2064 5906 2202 5982 ipse,
2229 5903 2324 5979 qui
2346 5905 2449 5965 hoc
2475 5900 2642 5963 sentit
2665 5907 2721 5957 et
2745 5898 2967 5965 scribit,
3008 5893 3282 5970 quomodo
3306 5888 3491 5950 infeli‘

2326 6073 2363 6085 ητα»
