3970 6306
537 362 641 417 247

1634 351 1838 409 FLOR!
1878 346 2155 405 DIACONI
2190 343 2671 404 LUGDUNENSIS
3667 344 3739 400 ιιε

538 487 631 529 ces
660 472 854 528 animae
882 471 1161 541 utriusque
1203 477 1464 525 creatura:
1492 465 1748 537 angelicae
1774 475 1828 520 et
1864 466 2118 519 humana:
2148 466 2198 527 Α
2223 476 2431 530 serpens
2447 456 2828 513 Evamseduxit
2843 456 3038 511 astutia
3054 472 3172 520 sua,
3188 455 3264 509 ita
3279 464 3743 525 corrumpantur”-

537 564 827 635 aliquando
856 564 960 618 illis
1004 561 1281 633 suppliciis
1310 569 1469 615 erunt
1506 568 1739 629 ereptae,
1769 568 1825 613 et
1865 556 2117 612 omnibus

538 663 747 710 naturae
774 654 950 720 bonis,
982 655 1120 709 sicut
1148 654 1261 723 ipse
1287 651 1441 717 dicit,
1476 650 1784 714 refulsurte,
1819 649 1863 704 si
1886 664 1983 719 pcr
2009 646 2119 701 vim

538 743 685 800 illius
728 745 867 815 ignis
900 744 1214 816 corporibus
1242 743 1355 798 suis
1394 742 1570 798 aereis
1611 739 1878 798 atrociter
1912 738 2119 795 inflam-

539 834 701 888 matis
728 842 959 889 aeternas
984 834 1257 904 patientur
1299 832 1606 888 aerumnas?
1643 830 1700 887 Si
1744 832 1887 887 enim
1924 831 2121 886 libera-

538 924 741 980 btmtur
764 924 871 980 illis
905 923 1217 994 suppliciis,
1249 923 1512 979 carebunt
1545 923 1730 992 utique
1757 921 2044 986 aerumnis;
2074 920 2121 975 si

539 1024 719 1071 autem
745 1016 799 1071 in
825 1016 1169 1086 sempiternis
1196 1024 1356 1071 erunt
1373 1015 1651 1079 aerumnis,
1680 1029 1955 1085 nunquam
1983 1012 2147 1068 libo-ﬁ

538 1109 804 1165 rationem
837 1107 1205 1163 merebuntur.

616 1201 722 1258 Sed
768 1217 1045 1273 exponens
1087 1201 1190 1256 iste
1236 1201 1413 1256 adhuc
1461 1198 1678 1255 modum
1717 1198 1950 1270 qualiter
1996 1197 2126 1253 illud

539 1303 649 1351 tam
687 1296 868 1351 fictum
897 1304 951 1350 et
978 1304 1127 1351 tanto
1151 1295 1335 1351 labore
1360 1295 1744 1351 concinnatum
1773 1294 2009 1348 futurum
2030 1306 2128 1361 pu-

538 1397 615 1446 tet
639 1406 759 1446 esse
783 1390 1128 1461 supplicium,
1160 1389 1405 1459 adiungit
1428 1399 1483 1444 et
1508 1390 1637 1445 dicit
1662 1408 1673 1442 :
1701 1388 1789 1442 Ita
1817 1386 2050 1443 videlicet
2072 1395 2129 1440 ut

536 1480 676 1536 idem
716 1481 824 1552 ipse
861 1480 995 1550 ignis
1040 1481 1278 1535 omnibus
1328 1478 1631 1549 corporibus
1670 1478 1765 1548 ﬁat
1805 1477 1997 1549 gloria,
2027 1489 2128 1548 quo

537 1571 855 1627 damnandis
899 1571 1173 1625 animabus
1209 1571 1521 1625 intrinsecus
1560 1570 1837 1641 iniquitate
1883 1569 2127 1639 propria,

536 1663 859 1721 extrinsecus
895 1662 1251 1717 cumnlabitur
1287 1679 1458 1733 paena.
1492 1662 1549 1717 In
1591 1662 1787 1733 quibus
1816 1661 1996 1715 verbis
2027 1660 2129 1714 hoc
2160 1674 2163 1679 '

536 1751 752 1810 videtur
800 1767 1046 1808 asserere
1076 1752 1218 1824 quod
1261 1754 1403 1808 idem
1450 1751 1563 1822 ipse
1610 1750 1749 1821 ignis
1796 1758 2034 1805 aeternus
2075 1755 2130 1804 et

2194 610 2199 617 ,
2222 569 2311 607 sus
2330 551 2505 615 vestri,
2520 560 2569 603 et
2592 550 2835 605 excidant
2858 567 2890 604 a
2911 548 3263 619 simplicitate,
3288 564 3405 618 quae
3427 557 3500 601 est
3522 547 3571 601 in
3593 548 3745 605 Christo

2224 642 2309 717 (fl
2330 641 2455 699 Cor.
2471 628 2676 712 3:135).
2698 641 2848 697 Unde
2868 649 2923 696 et
2944 639 3067 695 alibi
3093 639 3346 694 admonet
3367 636 3747 710 dicenszlneptas

2224 744 2400 789 autem
2430 742 2480 788 et
2518 732 2682 787 aniles
2725 731 2935 802 fabulas
2961 731 3132 785 devita
3169 729 3218 803 (1
3244 729 3378 784 Tim.
3410 745 3484 795 tv,
3510 729 3581 800 7).
3606 730 3660 785 Et
3684 732 3751 787 ite-

2225 836 2344 891 rum
2369 841 2382 876 :
2416 822 2654 892 Profana
2683 832 2857 875 autem
2883 831 2931 876 et
2961 819 3287 891 inaniloquia
3329 821 3503 875 devita
3534 833 3552 871 :
3584 820 3751 875 multa

2225 916 2362 970 enim
2385 913 2663 985 proﬁciunt
2692 912 2762 967 ad
2791 912 3130 983 impietatem,
3150 921 3196 965 et
3219 927 3392 965 sermo
3416 926 3589 964 eorum
3610 923 3657 964 ut
3674 929 3757 966 can-

2227 1021 2314 1060 cer
2357 1004 2516 1076 serpit
2560 1003 2642 1077 (ΙΙ
2691 1003 2827 1059 Tim.
2874 1019 2948 1068 ιι,
2993 1001 3103 1075 17).
3139 999 3293 1057 Unde
3320 1008 3377 1056 et
3410 999 3595 1055 beatus
3618 1000 3758 1058 Pelius

2229 1093 2502 1164 apostolus
2528 1092 2718 1149 eadem
2746 1092 2947 1163 pietate
2967 1130 2983 1158 ,
3020 1091 3210 1146 eadem
3246 1089 3602 1146 sollicitudine
3627 1089 3759 1146 ﬁdeles

2231 1186 2521 1253 admonet,
2574 1186 2796 1241 dicens:
2836 1183 2939 1239 Vos
2979 1184 3175 1255 igitur,
3221 1182 3453 1253 fratres,
3492 1182 3761 1251 prtescientcs

2231 1276 2487 1331 custodite
2545 1276 2911 1347 vosmetipsos,
2969 1291 3033 1329 ne
3096 1273 3460 1344 insipientium
3507 1289 3662 1327 errore
3688 1284 3761 1327 trs-

2232 1368 2401 1434 ducti,
2430 1366 2686 1422 excidatis
2725 1383 2757 1421 a
2792 1364 3004 1437 propria
3037 1363 3309 1435 ﬁrmitate.
3354 1361 3582 1419 Crescite
3605 1379 3701 1418 sero
3726 1365 3764 1417 in

2232 1461 2406 1533 gratia
2434 1468 2482 1513 et
2512 1460 2805 1530 cognitione
2838 1458 3046 1513 Domini
3070 1458 3238 1512 nostri
3257 1454 3391 1511 Iesu
3414 1453 3662 1509 Christiet
3682 1452 3764 1512 Sal-

2233 1553 2428 1608 uatori:
2457 1550 2539 1623 (II
2570 1550 2687 1605 Pet.
2713 1567 2795 1617 ιιι,
2823 1551 2909 1618 l7,
2938 1550 3046 1621 l8).

2306 1641 2424 1697 Non
2456 1641 2610 1697 nobis
2641 1640 2944 1695 efficiantur
2984 1641 3087 1695 ista
3118 1639 3266 1695 velut
3290 1630 3480 1708 iocosa
3509 1643 3559 1693 et
3590 1636 3695 1692 ludo
3716 1635 3766 1692 si-

2236 1732 2408 1799 milia,
2447 1734 2571 1803 quia
2602 1740 2656 1788 et
2684 1733 2871 1786 ludum
2892 1730 3139 1787 lsmaelis
3162 1745 3287 1786 cum
3315 1731 3470 1786 Isaac
3498 1728 3769 1801 persecutio-

539 1843 826 1898 animabus
856 1844 1184 1899 intrinsecus
1210 1858 1276 1898 ex
1308 1842 1637 1897 conscientia
1657 1857 1754 1896 sua
1788 1841 2004 1912 propria
2030 1839 2130 1894 ini-

2238 1842 2360 1882 nem
2388 1836 2550 1882 vacat
2575 1826 2885 1897 Apostolus.
2918 1825 2984 1880 Et
3014 1825 3136 1880 ideo
3164 1825 3475 1895 ubicunque
3505 1823 3621 1879 talia
3643 1837 3767 1891 agno-

539 1934 749 2005 quitate
774 1934 1070 2000 damnatis,
1093 1941 1149 1988 et
1177 1932 1420 1987 exterius
1447 1947 1635 1986 earum
1667 1945 1894 2001 corpora
1922 1927 2131 1984 inflam-

539 2023 738 2078 mando
757 2031 812 2078 et
832 2020 1234 2081 fervefaciendo
1255 2021 1556 2076 accumulet
1579 2035 1817 2090 poenam,
1840 2028 1898 2073 ut
1923 2018 2132 2074 scilicet

540 2132 648 2171 non
704 2115 877 2171 solum
934 2114 1161 2171 interius
1213 2122 1571 2183 torqueantur
1622 2111 1989 2176 conscientia,
2037 2110 2131 2165 sed

538 2206 702 2261 etiam
727 2204 967 2261 exterius
996 2200 1300 2275 afﬂigantur
1326 2217 1484 2273 paena
1518 2202 1685 2273 ignita
1710 2215 1726 2254 :
1755 2209 1808 2254 et
1838 2209 2015 2255 tamen
2038 2214 2132 2254 eo-

540 2313 662 2353 rum
684 2297 1003 2368 corporibus
1028 2297 1171 2352 aeris
1201 2295 1341 2351 idem
1381 2294 1521 2365 ignis
1568 2292 1857 2364 quamdam
1896 2289 2123 2362 gloriam

540 2386 808 2445 conferat.
833 2387 1092 2442 Putamus
1134 2386 1259 2457 quia
1298 2385 1436 2440 sicut
1468 2384 1566 2439 iste
1591 2383 1730 2455 ignis
1766 2382 1859 2451 qui
1891 2381 2036 2435 lueet
2072 2378 2126 2433 in

539 2478 834 2545 sideribus,
861 2477 1152 2534 obscuram
1182 2486 1236 2532 et
1256 2476 1602 2547 caliginosam
1626 2473 1782 2543 hujus
1805 2474 1948 2528 aeris
1977 2479 2133 2527 natu-

541 2585 662 2626 ram
704 2586 802 2627 sua
843 2570 1113 2627 inlusione
1158 2570 1453 2633 illuminat,
1500 2583 1598 2625 suo
1645 2568 1851 2641 fulgore
1897 2565 2131 2622 lucidam

539 2661 752 2728 reddit,
796 2662 891 2733 qui
936 2672 1022 2718 est
1058 2662 1248 2733 utique
1286 2661 1608 2717 naturaliter
1648 2660 1996 2724 tenebrosus,
2026 2656 2131 2712 nisi

539 2758 712 2814 autin
740 2758 827 2813 die
868 2759 1037 2814 radiis
1083 2758 1213 2814 solis
1258 2765 1352 2811 aut
1396 2756 1450 2811 in
1500 2764 1656 2811 nocte
1701 2754 1869 2809 radiis
1907 2753 2048 2808 lunae
2076 2761 2131 2807 et

538 2848 777 2906 uiduam
806 2849 1144 2906 illustretur:
1178 2849 1253 2903 ita
1282 2848 1386 2904 iste
1416 2848 1692 2902 existimat
1724 2845 1812 2900 illa
1835 2830 1994 2899 aerea
2022 2843 2131 2899 dte-

538 2953 765 2994 monum
793 2948 849 2994 et
878 2938 1156 2995 hominum
1191 2953 1421 3008 corpora
1460 2937 1647 2992 aeterni
1678 2936 1823 2990 illius
1854 2934 1993 3005 ignis
2023 2932 2127 2987 ful-

540 3042 673 3099 gore
702 3026 1019 3082 illustranda
1051 3036 1107 3082 et
1131 3026 1479 3082 clarificanda
1497 3066 1511 3090 ,
1543 3026 1683 3080 sicut
1712 3024 1873 3079 etiam
1907 3024 2130 3095 nigredo

540 3118 674 3175 ferri
702 3119 883 3175 calore
913 3118 1151 3175 fornacis
1171 3119 1226 3173 in
1252 3118 1486 3174 lucidam
1515 3119 1748 3173 vertitur
1788 3116 2123 3186 qualitatem.

2235 1918 2458 1983 scimus,
2486 1918 2600 1973 zelo
2625 1917 2744 1973 fidei
2777 1927 2967 1973 contra
3006 1920 3121 1975 haec
3150 1919 3382 1974 excitari
3412 1918 3657 1973 debemus
3676 1932 3688 1969 :
3706 1916 3770 1969 illo

2235 2025 2335 2065 nos
2364 2009 2697 2065 informante
2742 2019 2799 2065 et
2842 2009 3131 2079 adjuvante
3174 2010 3266 2079 qui
3302 2010 3360 2064 in
3400 2008 3601 2079 psalmo
3638 2006 3766 2062 dicit:

2234 2097 2393 2155 Zelus
2422 2101 2608 2154 domus
2639 2110 2743 2155 tute
2769 2101 2990 2155 comedit
3028 2118 3110 2155 me
3131 2099 3306 2172 (Psal.
3341 2116 3543 2167 vaut,
3574 2098 3680 2169 l0);
3702 2098 3769 2167 qui

2234 2194 2400 2248 etiam
2448 2191 2658 2263 ﬂagello
2709 2195 2773 2248 de
2812 2192 3068 2248 funiculis
3113 2192 3288 2260 facto,
3319 2194 3609 2249 violatores
3629 2192 3771 2247 domus
3868 2196 3869 2205 ‘

2234 2285 2330 2340 Dei
2356 2300 2478 2340 cum
2510 2286 2622 2341 suis
2647 2286 2916 2340 mercibus
2949 2286 3138 2357 ejecit,
3169 2300 3235 2342 eo
3277 2287 3425 2358 quod
3452 2286 3681 2342 eamdem
3701 2284 3769 2338 do-

2234 2394 2380 2435 mum
2410 2389 2693 2450 paternam
2721 2379 2951 2435 fecerint
2979 2380 3290 2450 speluncam
3325 2381 3598 2435 latronum
3626 2376 3767 2449 (Jour.

2236 2488 2299 2539 ιι,
2328 2472 2439 2544 15).
2472 2471 2610 2529 Vere
2640 2474 2783 2529 enim
2810 2462 3026 2529 domum
3051 2473 3297 2541 Domini,
3326 2490 3448 2545 qua:
3478 2482 3550 2528 est
3583 2468 3772 2525 Ecclesia

2233 2563 2330 2617 Dei
2366 2565 2496 2630 vivi,
2538 2564 2780 2618 columna
2816 2575 2863 2619 et
2900 2564 3291 2635 ﬁrmamentum
3337 2563 3570 2618 veritatis
3599 2559 3646 2621 (1
3672 2559 3772 2614 Tim.

2234 2671 2318 2721 ιιι,
2344 2654 2431 2727 15)
2462 2656 2513 2710 in
2548 2657 2857 2726 speluncun
2886 2657 3154 2711 latronum
3181 2665 3423 2718 vertunt,
3448 2664 3503 2710 et
3523 2669 3638 2708 vere
3658 2651 3774 2706 latro

2234 2762 2331 2801 nes
2363 2759 2502 2810 sunt,
2537 2749 2628 2817 qui
2657 2757 2755 2802 sun
2783 2757 3047 2817 praetextu
3075 2746 3373 2804 Christiani
3414 2746 3640 2802 nominis
3668 2742 3777 2799 velut

2236 2843 2291 2898 in
2318 2843 2560 2899 Ecclesia
2586 2844 2902 2909 constituti,
2936 2844 3310 2901 infidelitatem
3352 2859 3510 2900 suam
3553 2838 3775 2897 occultare

2233 2948 2526 3002 conantur,
2558 2948 2612 2992 et
2642 2938 2912 2993 insidiosis
2946 2936 3109 2992 etiam
3142 2954 3206 2993 ac
3250 2937 3535 2993 malitiosis
3578 2936 3773 3004 disputa-

2235 3025 2471 3082 tionibus
2497 3028 2621 3082 vitze
2654 3027 2888 3082 fidelium
2920 3028 3261 3083 insidiantur.
3284 3027 3351 3083 Et
3372 3028 3501 3099 quia
3525 3028 3637 3093 iste,
3661 3022 3775 3092 cujus

2234 3118 2448 3182 verbis,
2482 3118 2776 3172 auxiliante
2813 3118 3072 3184 Domino,
3104 3128 3377 3190 utcunque
3419 3117 3773 3190 respondimus,

542 3210 824 3279 Quomodo
851 3225 981 3282 ergo
1013 3210 1264 3280 superius
1289 3209 1424 3264 dixit
1448 3226 1460 3263 :
1489 3208 1807 3279 Angelorum
1836 3208 2134 3261 hominum-
2159 3194 2205 3257 C
2238 3210 2291 3265 in
2321 3210 2708 3281 philosophicis
2733 3210 2933 3282 regulis
2954 3221 3008 3265 et
3034 3210 3380 3282 syllogistieis
3405 3206 3775 3280 argumentatio-

539 3318 643 3374 que
672 3317 894 3372 corpora
932 3317 1089 3355 aerea
1117 3300 1376 3372 supplicia
1405 3301 1542 3371 ignis
1569 3301 1751 3355 aeterni
1788 3300 2135 3370 perpessure?

545 3394 604 3449 Si
633 3394 777 3448 enim
821 3391 1145 3463 supplicium
1185 3392 1266 3447 eis
1296 3391 1400 3446 erit
1427 3391 1517 3445 ille
1560 3391 1702 3462 ignis
1730 3399 1994 3455 aeternus,
2026 3404 2132 3444 non

541 3485 649 3542 erit
681 3485 871 3558 utique
920 3485 1126 3558 gloria;
1180 3484 1226 3540 si
1273 3492 1455 3539 autem
1484 3483 1655 3555 gloria
1684 3483 1765 3538 eis
1807 3481 1996 3549 fuerit,
2025 3496 2132 3538 non

541 3577 651 3633 erit
679 3591 861 3648 paena.

580 3690 585 3695 ·
615 3673 911 3745 Abigentes
937 3672 1121 3743 itaque
1155 3680 1211 3727 et
1251 3670 1439 3742 procul
1469 3667 1790 3741 repellentes
1827 3666 2132 3737 hujusmodi

542 3771 819 3823 tortuosas
844 3774 902 3823 et
928 3766 1178 3838 vipereas
1204 3766 1481 3836 ambages,
1515 3772 1568 3819 et
1597 3764 1873 3817 anfractus
1899 3760 2131 3815 laborio-

542 3858 789 3914 sissimos
829 3873 895 3914 ac
926 3857 1295 3929 perniciosos,
1331 3866 1614 3911 teneamus
1654 3853 1776 3908 fidei
1817 3852 2132 3923 simplicita-

542 3957 693 4005 tem:
723 3962 853 4003 vera
897 3949 1279 4003 damnatorum
1320 3947 1597 4001 hominum
1645 3959 1905 4014 corpora,
1952 3943 2005 3997 id
2050 3948 2134 3997 est

542 4045 784 4104 terrena,
812 4037 1116 4103 credentes,
1136 4045 1191 4092 et
1212 4036 1265 4091 in
1287 4037 1367 4091 eis
1392 4050 1521 4090 vera
1548 4045 1602 4090 et
1623 4043 1824 4088 aeterna
1848 4032 2128 4103 supplicia,

543 4128 640 4200 qui
663 4129 718 4183 in
745 4128 836 4186 illa
855 4127 1059 4184 fuerint
1078 4128 1423 4183 damnatione
1441 4140 1698 4197 passuros
1722 4141 1735 4178 :
1759 4125 1885 4195 quia
1911 4123 2133 4178 verissi-

542 4235 667 4276 mus
687 4227 772 4276 est
788 4234 967 4275 sermo
988 4217 1251 4274 Veritatis
1270 4234 1389 4288 qua:
1412 4217 1468 4272 in
1488 4216 1780 4288 Evangelio
1802 4215 1965 4270 dicit:
1994 4214 2132 4279 Quia

542 4314 710 4369 ueniet
754 4313 886 4367 hora
922 4312 1137 4385 quando
1176 4328 1353 4366 omnes
1395 4313 1485 4385 qui
1521 4314 1576 4365 in
1622 4311 1971 4366 monumentis
2011 4320 2131 4364 sunt

541 4402 758 4458 audient
788 4418 960 4459 uocem
987 4400 1118 4456 Filii
1150 4400 1245 4455 Dei
1273 4414 1290 4452 :
1314 4409 1362 4455 et
1388 4401 1662 4472 procedant
1702 4400 1791 4471 qui
1827 4400 1962 4452 bona
1994 4398 2132 4469 fece-

543 4508 665 4553 runt
691 4498 747 4552 in
773 4497 1205 4552 resurrectionem
1241 4495 1395 4562 uiue;
1431 4496 1535 4567 qui.
1552 4511 1669 4550 vero
1711 4494 1855 4547 mala
1893 4503 2127 4564 egerunt,

2235 3301 2395 3358 nibus
2426 3301 2710 3373 gloriatur,
2757 3303 3039 3357 audiamus
3090 3304 3142 3357 in
3189 3303 3296 3360 fine
3336 3302 3573 3359 fideliter
3596 3312 3646 3358 et
3682 3301 3776 3355 obe-

2236 3394 2446 3450 dienter
2476 3395 2847 3449 beatissimum
2876 3393 3078 3451 Christi
3111 3397 3411 3452 antistitem
3450 3405 3506 3452 et
3548 3393 3775 3452 confesso-

2234 3502 2348 3543 rem
2377 3485 2663 3553 Hilarium,
2695 3487 2767 3541 ita
2795 3487 3102 3542 istiusmodi
3141 3489 3384 3544 homines
3410 3490 3774 3559 redarguentem

2236 3587 2396 3649 atque
2435 3579 2703 3635 dicentem
2747 3597 2760 3634 :
2805 3578 3179 3652 [Oportuerat
3225 3581 3479 3637 homines
3518 3579 3774 3649 religiosam

2235 3670 2538 3725 divinarum
2573 3674 2757 3725 Rarum
2795 3672 3076 3726 scientiam
3113 3672 3505 3745 praeferentes,
3538 3672 3623 3727 ubi
3647 3685 3777 3725 eran-

2235 3765 2419 3837 gelica:
2446 3773 2606 3834 atque
2632 3764 2942 3835 apostolica).
2971 3766 3374 3836 praedicationis
3406 3766 3607 3821 veritas
3631 3759 3778 3834 praefe-

2236 3858 2390 3912 rebat
2409 3898 2423 3924 ,
2459 3857 2649 3913 callide
2671 3858 3025 3929 philosophia:
3066 3867 3339 3915 tortuosas
3366 3859 3683 3930 quaestiones
3713 3852 3779 3907 ab-

2227 3947 2419 4019 jicere,
2450 3959 2504 4005 et
2533 3950 2731 4006 sectari
2761 3951 2941 4021 potius
2968 3950 3152 4017 fidem,
3176 3966 3296 4021 qua:
3320 3951 3372 4005 in
3403 3951 3515 4007 Deo
3540 3957 3618 4005 est
3643 3962 3657 4002 :
3681 3944 3778 4017 quia

2235 4054 2455 4095 sensum
2487 4041 2759 4095 inﬁrmum
2790 4041 2948 4097 facile
2975 4042 3095 4097 fidei
3126 4058 3236 4097 suae
3265 4043 3519 4113 praesidio
3542 4038 3775 4110 sophisma

2236 4130 2578 4202 syllogistiete
2608 4132 3052 4205 interrogationis
3101 4143 3354 4199 exueret,
3406 4149 3532 4189 cum
3574 4129 3775 4201 captiosa

2233 4224 2528 4295 propositio
2560 4226 2966 4297 responsionem
3007 4226 3342 4297 simplicem,
3375 4225 3586 4297 sibique
3621 4234 3778 4278 secun-

2235 4312 2361 4366 dum
2384 4313 2859 4387 interrogationem
2882 4329 3064 4370 rerum
3094 4316 3578 4379 obsecundantem,
3602 4312 3663 4366 ad
3682 4307 3774 4364 ulti-

2235 4419 2383 4459 mum
2421 4402 2534 4473 jam
2583 4421 2775 4461 sensus
2818 4406 2902 4461 sui
2949 4406 3372 4478 interrogatione
3410 4406 3658 4475 spoliaret
3688 4416 3702 4456 :
3732 4404 3778 4450 ιιι

2236 4496 2379 4566 quod
2417 4495 2753 4566 professione
2785 4497 3057 4552 amisisset
3083 4537 3098 4563 ,
3129 4498 3182 4553 id
3203 4496 3316 4567 jam
3345 4496 3667 4554 conscientia
3692 4504 3776 4547 non

542 4590 596 4645 in
634 4590 1065 4646 resurrectionem
1083 4589 1278 4660 judicii
1305 4561 1487 4661 (Joan.
1515 4602 1571 4654 v,
1598 4586 1689 4653 28,
1730 4586 1851 4657 29);
1880 4561 1961 4640 Ad
1988 4585 2131 4640 illam
2161 4561 2215 4622 θ
2239 4561 2504 4659 teneret].
2538 4588 2670 4642 ltem
2702 4588 2842 4643 idem
2884 4561 3152 4659 gloriosius
3181 4561 3463 4644 confessor
3498 4603 3615 4645 cum
3643 4583 3776 4639 verba

544 4696 779 4752 namque
805 4696 995 4737 vocem
1023 4679 1146 4736 Filii
1190 4680 1287 4734 Dei
1328 4693 1518 4735 omnes
1558 4678 1648 4749 qui
1688 4678 1743 4731 in
1787 4678 2171 4732 monumentis

544 4782 664 4826 sunt
695 4774 1012 4843 procedent.‘
1050 4771 1177 4843 quia
1214 4772 1405 4826 eadem
1436 4784 1660 4841 corpora
1702 4784 1821 4840 quae
1858 4770 1912 4824 in
1944 4785 2134 4825 monu-

547 4864 930 4923 mentiserant
968 4865 1146 4935 posita
1193 4862 1487 4933 recipient,
1518 4869 1573 4917 et
1614 4860 1669 4914 in
1698 4861 1903 4916 eisdem
1949 4874 2133 4916 resur-

545 4961 706 5024 gent,
742 4953 798 5007 in
828 4953 1031 5009 eisdem
1061 4952 1296 5010 habituri
1341 4952 1425 5008 vel
1471 4952 1924 5007 resurrectionem
1972 4954 2128 5019 vitae,

545 5042 635 5098 vel
660 5044 1116 5100 resurrectionem
1139 5044 1359 5115 judicii;
1387 5054 1447 5099 ut
1467 5052 1561 5099 aut
1581 5043 1635 5098 in
1656 5043 1788 5114 ipsis
1814 5041 2129 5115 possideant

546 5136 715 5191 vitam
740 5144 1025 5202 sternam,
1051 5148 1145 5191 aut
1169 5137 1223 5191 in
1248 5136 1380 5208 ipsis
1409 5147 1641 5193 mortem
1663 5138 1937 5208 patiantur
1964 5145 2127 5191 aeter-

548 5242 700 5284 nam.
729 5226 938 5283 Bonum
967 5237 1052 5283 est
1086 5228 1262 5294 nobis,
1286 5237 1342 5284 et
1366 5230 1587 5285 omnino
1609 5229 1768 5284 saluti
1791 5238 1987 5285 nostra;
2004 5235 2129 5282 ante

549 5320 734 5376 omnia
776 5319 1178 5385 necessarium,
1209 5328 1268 5373 ut
1297 5320 1350 5374 in
1382 5319 1501 5375 fidei
1531 5320 1759 5375 veritate
1782 5327 1838 5375 et
1865 5317 2126 5388 simplici—

552 5420 666 5467 tate
691 5409 917 5475 fundati,
947 5410 1230 5467 timeamus
1250 5419 1323 5477 et,
1349 5411 1577 5466 Domino
1601 5412 1914 5479 auxiliante,
1938 5424 2127 5465 cavea-

550 5519 674 5560 mus
702 5503 829 5559 illud
873 5502 1075 5561 malum
1110 5505 1250 5575 quod
1289 5503 1578 5574 Apostolus
1617 5503 1870 5559 Ecclesia:
1914 5503 2130 5559 Christo

553 5597 888 5666 desponsata:
915 5603 970 5651 et
1000 5604 1149 5651 easta
1193 5595 1317 5651 fidei
1348 5595 1655 5666 virginitate
1678 5594 1916 5665 praeditte
1940 5595 2129 5649 timere

554 5687 932 5755 sedenuntiat,
960 5689 1147 5744 dicens
1175 5706 1187 5741 :
1218 5687 1482 5757 Despondi
1503 5688 1639 5741 enim
1667 5705 1754 5742 vos
1778 5690 1867 5743 uni
1896 5690 2003 5743 viro
2026 5689 2130 5743 uir-

552 5776 721 5848 ginem
746 5790 946 5835 castam
972 5780 1212 5836 exhibere
1236 5775 1464 5833 Christo.
1493 5776 1669 5833 Timeo
1704 5788 1879 5833 autem
1907 5795 1971 5835 ne
1994 5781 2130 5835 sicut

2234 4675 2480 4745 Apostoli
2505 4687 2801 4746 exponeret
2825 4677 3091 4733 dicentis:
3128 4676 3311 4732 Videte
3347 4695 3410 4733 ne
3435 4679 3550 4748 quis
3578 4692 3657 4731 vos
3680 4687 3763 4742 spo-

2235 4767 2326 4822 liet
2357 4784 2449 4837 per
2466 4768 2848 4838 philosophiam
2876 4778 2923 4822 et
2954 4770 3164 4823 inanem
3191 4768 3497 4838 fallaciam,
3529 4763 3773 4823 secundum

2234 4860 2567 4913 traditionem
2597 4859 2896 4925 hominum,
2928 4862 3211 4914 secundum
3240 4860 3489 4915 elementa
3529 4854 3714 4925 mundi,
3738 4856 3775 4903 τε

2234 4964 2338 5004 non
2362 4949 2645 5004 secundum
2675 4949 2961 5004 Christum.
2994 4948 3325 5023 [Cavendum
3343 4991 3358 5016 ,
3394 4950 3596 5020 inquit,
3618 4945 3774 4999 adven

2230 5056 2324 5098 sus
2353 5040 2747 5111 philosophiam
2795 5051 2912 5109 est,
2959 5050 3017 5097 et
3062 5043 3422 5098 humanarum
3462 5038 3774 5097 traditionum

2230 5151 2337 5191 non
2380 5145 2488 5190 tam
2528 5135 2778 5192 evitanda
2808 5144 2933 5193 sunt
2953 5136 3128 5191 studia
3161 5151 3325 5207 quam
3367 5134 3659 5194 refutanda.
3691 5124 3775 5181 Ne-

2231 5241 2335 5297 que
2371 5230 2514 5283 enim
2560 5228 2644 5283 his
2692 5228 2767 5283 ita
2814 5228 3215 5284 concedendum
3259 5236 3344 5284 est
3392 5229 3543 5298 quasi
3588 5223 3775 5279 vincant

2232 5319 2410 5390 potius
2431 5333 2591 5390 quam
2621 5318 2830 5376 fallant.
2855 5320 2994 5388 Quia
3026 5335 3125 5377 nos
3151 5319 3418 5376 Christum
3446 5320 3541 5374 Dei
3567 5317 3771 5372 virtutem

2233 5420 2284 5464 et
2322 5410 2422 5465 Dei
2453 5412 2762 5482 sapientiam
2799 5412 3143 5482 praedicantes
3190 5427 3401 5483 aequum
3429 5420 3513 5468 est
3543 5409 3772 5465 humanas

2236 5504 2512 5559 doctrinas
2539 5519 2644 5559 non
2672 5513 2782 5558 tam
2810 5503 3066 5575 defugere
3090 5520 3250 5573 quam
3279 5503 3522 5559 refellere
3540 5542 3553 5567 ,
3583 5510 3634 5554 et
3656 5495 3768 5552 sim-

2236 5596 2489 5667 pliciores
2518 5612 2586 5652 ne
2625 5598 2694 5654 ab
2737 5598 2823 5652 his
2874 5596 3172 5667 spolientur
3212 5605 3266 5652 et
3304 5598 3583 5651 obstruere
3625 5599 3674 5647 et
3708 5588 3773 5641 in-

2236 5700 2467 5747 struere.
2501 5691 2636 5745 Nam
2665 5707 2789 5747 eum
2819 5691 2991 5762 possit
3037 5691 3251 5756 omnia,
3285 5700 3341 5746 et
3366 5706 3430 5745 ea
3475 5691 3581 5761 ipsa
3621 5678 3771 5741 omnia

2235 5781 2378 5839 Deus
2401 5783 2577 5853 possit
2603 5784 2900 5854 sapienter,
2930 5792 2987 5839 et
3020 5797 3119 5839 nec
3146 5782 3333 5838 virtuti
3378 5783 3495 5854 ejus
3533 5779 3659 5836 ratio
3692 5784 3773 5832 nec

3863 1954 3867 2115 Κ
