3970 6306
121 373 242 430 949
1484 349 1792 407 CARMINA
1832 347 2063 406 VARIA.
2940 354 2967 389 -l
3298 341 3403 396 9,50

127 480 337 539 rationi
381 478 552 532 virtus
597 472 853 536 obsistat,
904 475 1118 539 oportet
1167 481 1261 522 eos
1308 463 1399 536 qui
1438 462 1712 519 Christum
1742 467 1791 525 Α
1817 462 2102 517 exsecrati:
2138 470 2186 514 et
2221 458 2460 514 omnibus
2492 457 2864 522 mendacibus,
2905 471 3031 527 pars
3059 454 3275 510 illorum
3311 455 3410 510 erit

124 574 436 648 praedicant
459 569 679 631 mundo,
705 566 758 621 in
784 564 1052 635 religiosis
1070 561 1252 617 mundi
1283 556 1720 629 imperfectusque
1818 553 1875 607 in
1906 562 2090 623 stagno
2125 550 2333 606 ardenti
2353 551 2471 648 igne
2494 548 2817 648 tat-sulphure
2837 587 2852 612 ,
2890 546 3029 648 quod
3052 555 3127 601 est
3152 562 3291 648 more
3327 562 3409 600 εις

128 646 404 724 doctrinis
430 677 527 734 per
558 658 843 717 scientiam
872 655 1133 726 sapientis
1155 646 1573 723 omnipotentim'
1590 663 1721 704 con-

129 756 354 831 traice].
386 756 512 811 Haec.
533 753 721 808 beatus
748 749 1005 805 Hilarius.

208 849 421 919 Quanta
447 854 625 900 autem
652 856 810 915 poma
833 848 886 896 et
913 838 1190 893 damnatio
1214 851 1321 891 non
1342 836 1517 893 solum
1539 842 1724 891 aucto-

130 954 255 1005 res,
281 939 375 996 sed
404 932 569 993 etiam
601 933 841 988 fautores
862 929 1130 985 mendacii
1164 936 1399 991 maneat,
1434 935 1490 982 et
1522 933 1722 996 quanta

130 1031 364 1107 pietatis
385 1029 682 1086 intentione
703 1043 731 1079 a
761 1024 957 1079 talibus
977 1022 1337 1081 recedendum
1355 1022 1445 1086 sit,
1468 1030 1531 1075 ut
1554 1033 1725 1075 unus-

131 1128 376 1199 quisque
420 1123 656 1179 lidelium
706 1119 919 1173 ablutus
965 1124 1018 1172 et
1069 1116 1304 1171 mundus
1339 1115 1463 1170 ﬁdei
1490 1114 1727 1184 puritate

130 1224 419 1271 mereatur
449 1213 652 1268 habere
677 1210 1007 1265 consortium
1031 1208 1084 1263 in
1112 1208 1258 1279 ligno
1276 1207 1426 1271 vitm,
1446 1207 1729 1263 audiamus

131 1313 323 1385 ipsum
353 1309 639 1366 Dominum
663 1315 931 1368 nostrum,
957 1315 1066 1358 tam
1090 1302 1403 1358 terribiliter
1422 1317 1585 1373 quam
1606 1302 1730 1356 dul-

132 1402 288 1457 citer
312 1401 365 1456 in
404 1397 725 1470 Apocalypsi
767 1394 1185 1449 comminantem
1235 1393 1437 1463 pariter
1478 1400 1534 1447 et
1577 1391 1734 1462 pollio

133 1501 361 1548 centena
406 1508 421 1544 :
467 1488 573 1555 Qui
607 1487 783 1541 uicerit
808 1484 1086 1554 possidebit
1110 1484 1244 1547 hinc,
1267 1490 1315 1537 et
1347 1499 1435 1536 ero
1460 1481 1541 1535 illi
1570 1481 1728 1547 Deus,

136 1593 192 1639 et
215 1583 309 1638 ille
334 1582 431 1637 erit
455 1580 584 1633 mihi
613 1577 777 1647 filius.
816 1575 1037 1630 Timidis
1055 1583 1233 1629 autem
1261 1582 1313 1627 et
1339 1571 1621 1627 incredulis
1640 1612 1655 1638 ,
1684 1581 1735 1626 et

1821 645 1993 699 cunda
2012 643 2195 714 (Apoc.
2214 658 2326 707 χχι,
2351 643 2405 709 7,
2426 642 2504 715 8).
2534 642 2600 697 Et
2625 642 2820 697 iterum
2848 658 2861 695 :
2893 639 2960 695 Et
2978 648 3144 711 parta:
3163 637 3278 710 ejus
3308 654 3411 694 non

1822 735 2135 791 claudentur
2152 750 2245 805 per
2268 734 2406 788 diem
2430 747 2448 786 :
2477 750 2583 788 nos:
2612 736 2752 789 enim
2786 749 2890 787 non
2917 732 3016 786 erit
3048 729 3147 785 illi.
3187 728 3255 783 Et
3282 729 3414 800 affe-

1825 837 1937 882 rent
1960 824 2182 898 gloriam
2206 837 2252 880 et
2277 826 2526 881 honorem
2560 826 2792 896 gentium
2815 825 2871 879 in
2899 821 3071 877 illam.
3103 819 3217 876 Nec
3247 820 3416 875 intra-

1829 921 1899 975 bit
1927 921 1983 975 in
2021 936 2137 974 eam
2168 918 2369 991 aliquid
2414 919 2809 990 coinquinatum
2836 926 2885 973 et
2911 916 3112 987 faciens
3136 900 3427 968 abomina-l

1828 1011 2023 1066 tionem
2042 1012 2097 1069 in
2116 1010 2373 1081 sanguine
2392 1010 2528 1080 Agni
2549 1019 2595 1065 et
2616 1008 2946 1064 mendacium
2968 1004 3159 1075 (ιδιά,
3174 1001 3417 1060 βενε.ἳὸ-

1827 1104 1942 1177 27).
1976 1106 2045 1160 Et
2090 1104 2284 1161 iterum
2315 1121 2328 1156 :
2361 1102 2511 1158 Beati
2548 1103 2639 1174 qui
2677 1101 2855 1158 lavant
2891 1099 3056 1156 stolas
3094 1114 3220 1154 suas
3258 1106 3314 1152 ut
3349 1096 3419 1151 sit

1830 1208 2059 1269 potestas
2079 1212 2259 1251 eorum
2292 1196 2348 1250 in
2374 1194 2525 1266 ligno
2548 1197 2665 1249 uiue
2686 1234 2700 1260 ,
2726 1204 2774 1248 et
2798 1209 2894 1265 per
2914 1202 3094 1265 portas
3133 1191 3327 1246 intrent
3363 1187 3419 1243 iu

1829 1290 2110 1344 civitatem.
2143 1285 2302 1341 Foris
2326 1303 2503 1352 canes,
2539 1296 2587 1341 et
2608 1286 2845 1355 venefici,
2871 1294 2920 1339 et
2951 1282 3226 1355 impudici,
3250 1286 3302 1337 'c‘t
3325 1280 3414 1336 lto-

1833 1383 2061 1448 micidw,
2096 1391 2145 1437 et
2174 1381 2329 1437 idolis
2349 1382 2649 1447 servientes,
2671 1389 2720 1435 et
2747 1380 2918 1435 omnis
2940 1381 3031 1450 qui
3055 1387 3198 1432 amat
3218 1384 3266 1431 et
3292 1374 3422 1447 facit
3464 1432 3467 1435 .

1834 1475 2191 1531 mendacium.
2214 1472 2330 1545 Ego
2353 1473 2510 1529 Iesus
2539 1474 2658 1528 misi
2685 1471 2930 1542 angelum
2956 1486 3128 1525 meum
3151 1465 3422 1538 testiﬁcari

1835 1569 1980 1624 vobis
2009 1569 2120 1623 lucc
2138 1569 2194 1623 in
2218 1566 2468 1623 Ecclesiis
2497 1568 2682 1639 (Apoc.
2706 1581 2844 1632 χχιι,
2875 1564 3089 1634 14-16).

1064 1880 1633 2050 gnam
1700 1874 2465 2047 DIACONI
3454 1816 3459 1821 ”

732 2089 793 2139 “
850 2118 1769 2286 CARMINA-
1924 2100 2592 2277 VARIA'

1196 2398 1291 2464 (Ex
1318 2393 1572 2447 Aaalectis
1596 2366 1777 2444 Ihbill.
1804 2396 1858 2444 et
1876 2390 2130 2443 Thesauro
2152 2390 2385 2455 Marteu.)

225 2747 263 2792 δ
295 2763 538 2814 annuens
586 2764 653 2804 ne
698 2763 964 2805 DWISIONE
1015 2763 1217 2803 IIIPERII
1267 2762 1398 2805 rosr
1443 2762 1666 2805 MORTEII

750 2835 1001 2877 LUDOVICI
1045 2835 1139 2874 PII.

152 2933 373 2990 Montes
405 2942 459 2990 et
496 2933 678 2998 colles,
706 2933 962 3004 silvzeque
990 2944 1046 2989 et
1070 2930 1311 2997 ﬂumina,
1343 2934 1541 2999 fontes,

152 3027 561 3099 Prmruptthue
592 3042 774 3098 rupes,
798 3027 1001 3099 pariter
1021 3025 1295 3097 vallesque
1324 3027 1603 3097 profunda:
1619 3065 1633 3091 ,

155 3118 495 3175 Francorum
530 3108 705 3190 lugete
735 3134 903 3189 genus
926 3135 940 3173 :
966 3118 1109 3189 quod
1140 3133 1362 3173 munere
1388 3119 1589 3174 Christi

156 3210 399 3282 Imperio
426 3211 630 3267 celsum
650 3251 666 3275 ,
692 3210 838 3282 jacet
878 3225 1006 3267 ecce
1040 3211 1093 3266 in
1134 3210 1355 3281 pulvere
1391 3227 1628 3267 mersum
1658 3221 1705 3265 ο.

159 3302 610 3358 Hunc'elementa
634 3302 736 3357 sibi
767 3313 983 3358 sumant
1007 3312 1327 3374 compuncta
1364 3303 1634 3371 dolorem,

160 3395 459 3451 Terrarum
493 3404 720 3461 tractus,
741 3395 909 3451 maris
935 3410 1174 3467 aequora,
1200 3395 1375 3451 sidera
1403 3395 1546 3461 cteli,

162 3485 467 3543 Ventorum
493 3484 675 3551 llatus‘,
701 3484 1007 3557 pluviarum
1032 3486 1264 3556 denique
1290 3495 1453 3556 gutta;
1480 3504 1493 3540 :

161 3576 238 3632 Et
264 3578 483 3634 doleant
503 3577 749 3633 homines
786 3576 1060 3631 hominum
1089 3578 1216 3647 quia
1247 3578 1411 3633 corda
1448 3577 1743 3650 rigescunt.

163 3667 361 3727 Omnia
392 3671 763 3741 concrepitant
798 3670 994 3725 divinis
1027 3671 1201 3725 cincta
1232 3669 1479 3742 ﬂagellis,

163 3765 364 3823 Omnia
394 3771 673 3819 vastantur
700 3764 982 3819 horrenda:
1006 3762 1175 3818 cladis
1200 3764 1441 3819 erumnis
1471 3782 1481 3817 :

164 3854 344 3913 Omne
363 3853 562 3909 bonum
589 3853 740 3924 pacis
761 3852 901 3908 odiis
935 3852 1167 3908 laniatur
1195 3854 1405 3908 acerbis
1431 3872 1444 3907 :

166 3945 347 4004 Omne
371 3944 538 4000 decus
567 3943 712 4014 regni
745 3942 900 3998 furiis
928 3942 1174 3998 fuscatur
1199 3943 1420 4013 iniquis.

164 4036 429 4094 Ecclesiae
451 4035 703 4105 dejectus'
728 4036 902 4091 honos
924 4034 1072 4105 jacet
1097 4049 1226 4091 ecce
1251 4035 1511 4105 sepultus.

164 4128 302 4185 ,ιω
326 4126 665 4184 sacerdotum
692 4127 905 4196 penitus
929 4140 1117 4182 eversa
1148 4136 1395 4184 ruerunt.

165 4219 379 4277 Divina:
394 4217 508 4289 jam
534 4217 666 4288 legis
697 4232 852 4274 amor
880 4225 1162 4289 terrorque
1188 4219 1433 4284 recessit,

167 4310 242 4368 Et
268 4311 405 4366 scita
427 4310 541 4381 jam
571 4323 836 4365 canonum
868 4319 1183 4366 cunctorum
1213 4310 1363 4367 calce
1392 4320 1664 4367 teruntur.

168 4405 455 4461 Vexantur
480 4402 640 4461 clarae
668 4403 900 4461 assiduis
925 4403 1264 4461 conflictibus
1290 4406 1473 4469 urbes,

168 4495 423 4553 Basilica:
445 4494 646 4553 Christi
675 4496 852 4567 prisco
870 4494 1171 4566 spoliantur
1192 4498 1396 4552 honore
1422 4514 1435 4551 ε

170 4588 506 4661 Martyribus
524 4588 638 4659 jam
667 4589 846 4645 nullus
876 4588 1047 4646 bonos
1075 4604 1090 4643 :
1116 4589 1378 4646 altaribus
1399 4589 1529 4660 ipsis

249 4734 278 4763 ι
310 4720 366 4775 ln
406 4720 493 4776 his
520 4718 665 4776 Flori
714 4719 961 4791 versibus
1007 4721 1241 4791 primum
1291 4721 1467 4777 locum
1517 4722 1763 4778 obtinent

174 4792 421 4852 carmina
451 4792 558 4847 duo
582 4808 704 4862 qua:
734 4790 795 4845 ν.
818 4792 880 4847 C.
914 4790 1186 4848 Adrianus
1213 4792 1490 4858 Valesius,
1520 4793 1766 4849 historio-

173 4862 420 4936 graphus
446 4865 658 4936 regius,
684 4876 751 4918 ex
781 4870 995 4919 vetusto
1039 4865 1226 4936 codice
1268 4863 1562 4936 Petaviano
1599 4880 1760 4920 manu

173 4928 401 5061 [viro—prin
431 4928 698 5004 descripta
724 4949 909 5017 ,.cum
960 4933 1160 4989 uotulis
1206 4934 1319 4989 suis
1361 4934 1491 4990 mihi
1539 4951 1637 5006 pro
1667 4952 1762 4992 sua

199 5003 507 5059 theralttate
530 5013 816 5061 concessu.

199 5003 507 5059 iberalitate
530 5003 816 5061 concessit.

256 5076 284 5115 ι»
311 5072 551 5147 Primum
576 5074 689 5147 agit
711 5076 780 5131 de
806 5074 1241 5147 variisrcladibtts
1263 5089 1476 5147 quaeres
1501 5076 1767 5147 divisione

178 5146 421 5217 imperii,
448 5156 569 5217 post
609 5145 837 5217 mortem
882 5145 1143 5217 Ludovici
1169 5145 1248 5201 Pii
1266 5185 1282 5209 ,
1312 5145 1501 5202 Galliis
1527 5146 1766 5203 obvene-

180 5215 333 5273 runt.
364 5215 594 5274 Carmen
635 5217 779 5272 istud
821 5216 875 5272 in
902 5217 1087 5272 codice
1117 5215 1409 5273 Petaviano
1452 5218 1768 5274 inscribitur

178 5289 238 5343 in
288 5286 434 5342 hunc
482 5288 698 5343 modum
751 5306 764 5341 :
803 5285 934 5342 Volo
981 5287 1128 5342 bonw
1174 5289 1439 5343 memoria:
1484 5287 1766 5344 Mannonis

180 5357 319 5440 liber
346 5357 417 5439 ad
444 5358 740 5430 sepulcrum
764 5359 935 5442 sancti
962 5357 1201 5441 Augendi
1231 5358 1454 5440 adlatus.
1486 5358 1611 5414 Fuit
1638 5375 1766 5485 ergo
1792 5381 1844 5442 ι)

180 5429 327 5484 liber
353 5438 457 5486 Iste
484 5439 814 5487 monaStern
845 5440 1018 5486 sancti
1046 5430 1289 5487 Auucndt
1312 5470 1325 5487 .
1374 5446 1468 5486 seu
1497 5431 1700 5487 Euuent
1725 5433 1764 5487 i.

180 5429 327 5503 liber
353 5428 814 5503 iste-iuonaSterii
845 5430 1018 5503 sancti
1046 5428 1334 5503 Augendi,
1374 5446 1468 5486 seu
1497 5431 1700 5503 Eugent

180 5501 242 5555 in
272 5497 592 5557 Jurcnsibus
636 5500 799 5568 locis,
828 5501 971 5570 quod
1003 5497 1160 5556 ιιιοᾶό
1191 5500 1248 5555 S.
1278 5500 1486 5556 Claudii
1534 5497 1762 5570 dicitur;

181 5578 243 5627 et
260 5570 724 5645 quidemoblatus
749 5588 778 5626 a
808 5570 1088 5645 Manno‘ne,
1114 5571 1353 5645 ejusdem
1375 5573 1605 5645 connubii
1629 5589 1769 5645 prte-

182 5643 388 5714 posito,
420 5642 573 5713 cujus
605 5654 790 5712 rogatu
821 5643 937 5698 Ado
970 5641 1292 5698 Viennensis
1332 5641 1770 5714 archiepiscopus

183 5712 495 5769 ecclesiam
529 5713 845 5771 Vclnensem
911 5714 1088 5769 cidem
1141 5714 1371 5769 abhatitc
1430 5712 1771 5772 confirmavit

176 5798 338 5869 anno
364 5785 513 5869 ἔχει,
553 5794 616 5839 ιιι
657 5794 803 5869 patet
842 5800 909 5842 ex
958 5784 1153 5843 litteris
1191 5785 1351 5842 editis
1394 5786 1446 5842 in
1495 5785 1770 5859 Spicilegii
1805 5859 1816 5869 ν

182 5860 342 5923 tumo
364 5855 477 5925 xu,
505 5872 626 5929 pag.
656 5857 775 5911 iss.

1770 2658 1815 2717 Β
1842 2652 2013 2710 Nemo
2040 2659 2242 2709 metum
2270 2649 2462 2715 defert,
2489 2651 2662 2708 sacris
2687 2651 2991 2709 reverentia
3023 2650 3168 2708 nulla
3199 2659 3303 2710 est.

1847 2746 2131 2803 Continuis
2157 2744 2355 2814 przedis
2378 2743 2563 2814 plebes
2592 2743 2894 2799 miseranda
2916 2743 3129 2799 laborat
3154 2756 3172 2797 :

1847 2834 2112 2892 Nobilitas
2139 2835 2347 2890 discors
2375 2834 2429 2888 in
2460 2844 2645 2888 mutua
2677 2828 2868 2889 funera
2890 2833 3061 2889 smvit.

1847 2928 2126 3001 Sanguine
2152 2935 2295 2983 terra
2321 2927 2523 2993 madet,
2551 2925 2863 2983 fervescunt
2883 2935 3078 2983 cuncta
3100 2925 3331 2999 rapinis.

1848 3025 1916 3080 Et
1940 3024 2119 3079 rabies
2143 3021 2411 3078 scelerum
2440 3023 2613 3094 ruptis
2638 3021 2898 3079 discurrit
2927 3023 3173 3080 habenis.

1847 3118 2066 3190 Flagrat
2097 3117 2443 3181 adulterium,
2473 3116 2711 3188 perjuria
2745 3116 2889 3172 nulla
2915 3116 3192 3174 timentur.

1847 3209 2115 3267 Funditur
2136 3210 2399 3266 innocuus
2426 3209 2572 3265 nullo
2588 3208 2701 3277 jam
2723 3207 2936 3265 vindice
2963 3210 3183 3282 sanguis
3206 3227 3219 3264 :

1768 3314 1771 3315 '
1849 3301 1970 3358 Jam
1999 3318 2183 3374 regum
2209 3302 2496 3371 legumque
2527 3310 2703 3357 metus
2730 3301 2977 3357 mortalia
3008 3301 3184 3372 liquit.

1851 3392 2173 3450 Tartareum
2202 3394 2401 3449 clausis
2432 3393 2605 3449 oculis
2624 3393 2848 3465 jamque
2867 3394 2981 3449 itur
3002 3394 3069 3448 ad
3101 3394 3300 3465 ignem.

1923 3485 2057 3554 Quis
2081 3486 2240 3556 digne
2264 3485 2515 3556 expediat
2540 3486 2927 3541 monachorum
2951 3493 3102 3556 septa
3127 3485 3362 3555 revulsa,

1854 3572 2112 3630 Sacratas
2134 3573 2346 3629 Domini
2371 3573 2601 3630 famulas
2626 3574 2818 3629 laicale
2847 3573 3059 3632 subisse

1851 3666 2045 3722 lufami
2076 3666 2277 3721 ditione
2296 3665 2520 3736 jugum;
2553 3666 2852 3723 rectoribus
2877 3668 3006 3735 ipsis

1854 3758 2113 3814 Ecclesiae
2137 3774 2412 3813 armorum
2440 3758 2748 3828 impositum
2783 3759 3052 3829 credisque
3071 3760 3372 3830 periclum?

1854 3850 2186 3907 Prasulibus
2211 3850 2397 3920 plebes
2423 3849 2618 3915 vidum,
2648 3850 2871 3906 doctore
2905 3853 3176 3909 cathedra:

1857 3943 2108 3999 Pluribus
2132 3952 2187 3998 et
2212 3942 2393 4013 plures
2409 3942 2698 4011 iacuerunt
2724 3943 2968 4001 funditus
2997 3946 3175 4003 annis.

1779 4024 1824 4086 C
1855 4035 2122 4108 Principis
2150 4037 2253 4091 hoc
2280 4043 2455 4091 terror
2484 4036 2684 4092 misera
2713 4048 2841 4095 tunc
2868 4038 3021 4095 clade
3043 4041 3218 4113 coegit
3312 4084 3317 4087 -

1855 4126 2009 4183 Nunc
2040 4128 2107 4183 ad
2137 4126 2240 4183 tale
2267 4127 2467 4183 malum
2494 4128 2758 4197 quosdam
2780 4139 2896 4185 atra
2920 4132 3171 4202 superbia
3200 4134 3367 4193 ducit.

1855 4216 1884 4258 ά
1910 4217 2107 4274 Tristis
2137 4219 2314 4274 adhuc
2336 4218 2507 4273 veteri
2540 4219 2765 4275 tabescit
2789 4220 3011 4276 vulnere
3040 4222 3219 4279 Narbo
3244 4243 3258 4280 :

1863 4319 1888 4347 ο
1912 4307 2110 4363 Tristia
2140 4307 2472 4365 Rhemorum
2515 4316 2722 4380 pariter
2749 4326 2966 4384 quoque
2999 4316 3197 4371 moenia
3236 4317 3432 4391 lugent.

1858 4400 2121 4474 Egregius
2152 4400 2171 4441 ί
2202 4402 2497 4471 doctusque
2526 4401 2674 4459 viros
2696 4403 3001 4460 miseranda
3031 4404 3257 4478 fatigant

1859 4492 2094 4559 Exsilia;
2120 4493 2442 4565 improbitas
2471 4511 2613 4553 saevo
2639 4497 2823 4553 sedem
2844 4497 3055 4553 obtinet
3079 4512 3232 4554 auro.

1933 4585 2145 4642 Flornit
2165 4588 2443 4660 egregium
2470 4588 2618 4645 claro
2646 4589 2956 4645 diademate
2977 4604 3201 4661 regnum
3227 4609 3242 4644 :

1940 4730 1962 4761 ε
2002 4719 2169 4785 Alias,
2195 4738 2398 4775 versum

1934 4789 1960 4831 δ
1992 4790 2130 4864 Quid
2171 4789 2368 4864 funesti
2398 4800 2508 4864 tum
2540 4791 2794 4864 acciderit
2830 4788 3034 4864 civitati
3082 4790 3444 4864 Narbonensi,

1865 4863 2025 4919 silent
2049 4863 2288 4918 Annales
2318 4863 2510 4918 nostri.
2539 4861 2855 4917 Existimem
2896 4862 3037 4918 idem
3081 4863 3155 4918 illi
3186 4861 3450 4923 accidisse

1866 4935 2011 5006 quod
2032 4933 2345 5006 Rhemensi.
2365 4948 2432 4989 eo
2455 4932 2596 5006 quod
2620 4933 3041 5006 Bartholomagus
3060 4943 3247 4991 contra
3270 4935 3448 4994 Ludo-

1865 5003 2045 5061 vicum
2076 5004 2379 5076 Augustum
2408 5003 2917 5076 partihusgLotharii
2946 5003 3169 5072 faveret,
3190 5007 3262 5061 ob
3289 5008 3449 5076 idque

1866 5092 1990 5134 eum
2021 5073 2275 5133 sede'sua
2299 5073 2567 5145 dejectum
2597 5073 2765 5146 fuisse
2799 5092 2812 5128 :
2848 5090 2916 5130 ex
2938 5090 3047 5146 quo
3076 5075 3281 5132 diutina
3307 5073 3452 5134 illius

1867 5148 2112 5204 ecclesia:
2137 5155 2324 5203 secuta
2351 5148 2423 5202 sit
2447 5145 2660 5202 orbatio
2682 5160 2855 5216 usque
2886 5147 2955 5203 ad
2994 5147 3200 5204 Berarii
3229 5149 3448 5205 ordina-

1872 5220 2095 5275 tionem.

1947 5301 1970 5329 θ
1996 5289 2053 5363 Id
2086 5298 2169 5363 est
2193 5288 2447 5345 Ecclesia:
2488 5286 2780 5363 Rhemensi
2805 5289 3197 5363 contigit_post
3241 5291 3452 5361 deposi-

1874 5370 1987 5417 tum
2011 5361 2307 5434 Ehbonem,
2325 5367 2552 5434 vacante
2572 5358 2816 5434 sedeper
2837 5358 3008 5418 annos
3028 5358 3237 5427 decem,
3260 5358 3455 5434 nempe

1872 5446 2043 5503 usque
2068 5433 2135 5487 ad
2163 5448 2372 5503 annum
2394 5430 2521 5495 844,
2544 5445 2651 5500 quo
2677 5430 3001 5490 Hiucmarus
3043 5434 3246 5489 viventi
3283 5430 3451 5490 etiam

1874 5501 1985 5558 tum
2022 5503 2227 5558 Ebboni
2264 5501 2522 5558 sull‘ectus
2541 5510 2643 5558 est.

1952 5574 1971 5613 ί
2012 5571 2214 5649 Nempe
2240 5573 2572 5649 gililduinum
2615 5574 3151 5649 seniorem,7Wal_am
3181 5576 3454 5641 abbatem,

1873 5645 2210 5717 Barnardnm
2239 5645 2618 5717 Viennensem,
2642 5645 3021 5717 Angobardem
3045 5646 3453 5717 Lugdunensem

1874 5715 2178 5788 pontifices,
2219 5726 2271 5772 et
2313 5717 2468 5784 alios,
2517 5716 2609 5789 qui
2650 5715 2706 5772 in
2734 5715 2909 5775 ‘varia
2961 5715 3150 5775 exsilia
3189 5716 3455 5790 deportati

1875 5799 2021 5846 sunt.
