3970 6306
150 1582 191 1699 ἰ

205 549 328 606 255

206 659 356 716 Nam
389 657 511 731 pius
541 653 631 710 ille
651 653 837 718 Pater,
863 652 957 722 qui
980 650 1099 705 fons
1122 645 1381 704 bonitatis
1410 642 1661 706 habetur,

207 751 289 809 Ut
311 748 395 807 sol
427 756 621 818 sponte
642 743 834 810 micat,
869 756 966 799 ceu
994 740 1115 796 fons
1142 732 1418 794 uberrime
1438 734 1659 798 manat,

209 842 397 914 thue
420 838 564 896 ultro
596 836 842 910 placidus
862 840 1016 891 rorat
1045 834 1114 888 de
1145 830 1376 887 nubibus
1399 826 1571 883 imber
1597 842 1610 879 :

212 934 313 992 Sic
340 934 481 990 bona
506 937 700 987 cuncta
733 928 846 984 suis
877 941 1048 999 prono
1074 924 1240 980 donat
1262 920 1483 977 numine
1509 916 1673 981 natis,

212 1025 322 1094 Qui
357 1010 538 1080 tamen
560 1016 708 1076 hunc
733 1033 863 1075 vera
885 1016 1009 1073 fidei
1037 1016 1240 1087 pietate
1262 1010 1550 1082 requirunt
1574 1024 1588 1062 :

211 1117 319 1187 Qui
344 1115 487 1189 quod
515 1098 611 1186 spe
635 1112 847 1177 sitiunt,
871 1124 1009 1182 puro
1034 1106 1433 1179 amplectuntur
1456 1112 1679 1157 amore:

211 1211 321 1281 Qui
347 1211 489 1268 bona
515 1207 630 1265 sive
658 1205 800 1264 mala
826 1203 1088 1259 ﬂuitantis
1117 1210 1361 1255 temnere
1385 1194 1569 1251 mundi

211 1304 452 1372 Norunt,
476 1299 807 1371 instantique
835 1297 1004 1353 Deum
1035 1294 1238 1349 virtute
1268 1295 1589 1360 sequuntur.

287 1399 333 1458 Ο
357 1390 582 1457 Domine
601 1394 966 1466 omnipotens,
993 1390 1059 1446 da
1089 1385 1245 1444 nobis
1272 1392 1454 1440 mente
1480 1379 1666 1435 videre

213 1490 323 1549 Tot
347 1488 511 1556 mala,
537 1494 616 1543 tot
644 1485 857 1549 clades;
884 1489 940 1539 et
968 1488 1047 1537 tot
1072 1475 1421 1550 lacrymanda
1442 1470 1644 1544 pericla

218 1585 299 1642 Da
316 1597 558 1658 gemere,
582 1590 637 1637 et
665 1588 777 1636 toto
806 1577 892 1634 fae
916 1591 1018 1633 nos
1050 1589 1116 1631 ea
1141 1572 1305 1629 corde
1331 1568 1532 1633 dolere,

214 1662 574 1746 Assiduisque
600 1680 751 1728 tuum
772 1669 1025 1743 precibus
1047 1668 1341 1737 deposcere
1367 1674 1587 1717 numen.

217 1769 326 1839 Qui
353 1768 496 1840 regis
518 1764 707 1832 Israel,
733 1764 820 1821 cui
849 1762 959 1818 non’
985 1758 1221 1817 dormiat
1253 1757 1304 1810 in
1334 1768 1509 1811 aevum

216 1860 415 1919 Omnia
447 1858 786 1930 conspiciens
810 1854 1037 1910 oculus:
1063 1850 1154 1923 qui
1186 1849 1304 1920 lege
1331 1843 1560 1918 perenni

217 1953 397 2026 Erigis
426 1953 608 2017 elisos,
646 1947 801 2007 elidis
832 1956 887 2002 et
912 1946 1029 2017 ipse
1052 1942 1343 2014 superbos,

228 2044 575 2120 Supplicibus
597 2043 831 2107 veniam,
862 2038 1083 2097 tinnidis
1107 2033 1448 2108 properando
1467 2030 1702 2087 ruinam.

219 2136 303 2193 Tu
335 2153 453 2205 nos,
482 2145 670 2194 sancte
693 2134 875 2199 Pater,
898 2131 989 2186 hic
1015 2129 1243 2185 verbere
1268 2125 1413 2182 caede
1434 2131 1663 2194 paterno
1687 2138 1699 2174 :

219 2226 304 2283 Tu
332 2228 482 2301 virga
500 2225 801 2296 baculoque
829 2231 921 2278 tuo
952 2236 1050 2277 nos
1074 2219 1309 2290 corripe,
1335 2216 1488 2271 lirma
1513 2230 1528 2269 :

218 2316 396 2377 Omne
429 2319 630 2375 malum
654 2312 837 2372 mundi
870 2314 961 2369 fiat
990 2312 1238 2385 purgatio
1263 2308 1455 2363 nostri.

220 2412 327 2483 Qui
360 2423 411 2470 te
440 2426 655 2483 semper
678 2418 881 2472 amant,
906 2406 1050 2463 omni
1082 2403 1395 2460 discrimine
1420 2407 1670 2457 crcsrant
1691 2439 1705 2466 ,

222 2503 491 2572 Quatinus
516 2502 687 2573 erepti
713 2498 889 2572 pelagi
916 2499 982 2553 de
1006 2496 1257 2552 fluctibus
1286 2494 1443 2559 atris,

224 2594 413 2665 Teque
436 2593 776 2665 gubernante
801 2588 914 2661 jam
937 2597 1150 2662 portum
1174 2585 1324 2659 pacis
1354 2582 1564 2654 adepti,

223 2687 527 2759 Carpamus
559 2685 769 2741 dulcem
803 2683 941 2739 tristi
970 2681 1036 2737 de
1065 2680 1272 2737 semine
1301 2676 1535 2749 frugem,

223 2780 602 2853 Perpetuaque
631 2788 749 2835 tuos
773 2777 1080 2834 recinamus
1104 2772 1263 2829 laude
1288 2769 1612 2842 triumphos.

351 3065 375 3092 “
407 3067 475 3107 AD
515 3066 789 3109 MODUIXU)!
826 3059 1350 3107 AUGUSTODUNENSEM
1386 3056 1699 3100 EPISCOPUII-

378 3187 457 3242 De
487 3186 683 3257 injusla
713 3185 981 3242 vexatione
1008 3182 1260 3240 Ecclesia:
1288 3177 1673 3254 Lugdunensis.

229 3323 480 3395 Egregie,
506 3321 778 3389 Moduinc,
806 3320 923 3378 viro
947 3318 1043 3376 tibi
1075 3318 1232 3375 mitto
1253 3302 1506 3383 salutem,

307 3414 545 3486 Exiguus
577 3428 792 3485 magno,
825 3411 947 3468 vilis
974 3419 1030 3467 et
1056 3408 1276 3467 eximio.

234 3506 369 3564 Sum
399 3507 661 3573 modicus,
690 3506 783 3562 sed
814 3520 1007 3577 magna
1030 3503 1225 3573 loquar
1254 3519 1267 3556 :
1294 3499 1423 3572 quia
1446 3497 1717 3555 maximus
1737 3494 1826 3552 ille

307 3599 473 3671 Cujus
503 3594 589 3656 res
615 3614 783 3670 parvo
810 3597 1053 3654 carmine
1082 3612 1225 3651 nunc
1249 3593 1448 3666 agitur.
1699 3588 1825 3661 [est,

234 3690 347 3748 Res
372 3691 552 3747 divina
582 3689 680 3745 tibi
707 3689 1016 3745 cantabitur
1044 3705 1057 3742 :
1089 3686 1297 3757 arrige,
1323 3692 1539 3755 quasso,

310 3780 585 3839 Sollicitas
616 3796 798 3847 aures,
830 3787 885 3835 et
917 3779 1005 3850 pia
1032 3776 1195 3833 corda
1223 3775 1437 3830 adhibe.

235 3875 370 3932 Esto
401 3888 630 3940 memor,
664 3873 914 3943 quoniam
943 3872 1106 3926 duras
1129 3869 1219 3939 qui
1244 3871 1548 3937 praegravat
1576 3878 1758 3929 aures,

314 3967 397 4023 Ad
424 3965 634 4022 Domini
666 3964 835 4036 legem
859 3970 983 4019 vota
1010 3959 1195 4017 odiosa
1229 3960 1355 4014 facit
1380 3972 1395 4012 :

238 4060 309 4116 Et
336 4074 534 4114 vacuas
561 4057 733 4113 defert
755 4056 821 4110 ad
849 4055 1051 4110 Christi
1071 4052 1261 4108 altaria
1290 4065 1449 4106 voces
1467 4094 1480 4117 ,

312 4151 574 4222 Pauperis
600 4150 666 4205 ad
693 4164 880 4205 vocem
903 4148 1111 4203 viscera
1143 4145 1307 4202 cruda
1335 4157 1552 4215 gerens.

242 4245 408 4315 Quid,
438 4259 639 4316 quceso,
670 4252 1017 4299 sacrosancta
1048 4240 1141 4296 tibi
1170 4238 1437 4296 nutricula
1464 4244 1651 4291 nostra
1674 4275 1688 4301 ,

317 4337 494 4406 Atque
523 4332 709 4390 eadem
740 4333 970 4405 genitrix
1000 4330 1238 4387 Ecclesia
1268 4330 1384 4384 haec
1418 4325 1649 4383 meruit?

245 4428 322 4486 Ut
351 4427 543 4483 furiale
568 4428 750 4484 odium
781 4424 935 4481 ferali
961 4432 1185 4496 pectore
1211 4436 1456 4486 versans,

322 4523 498 4578 Moliri
529 4523 675 4578 hanc;
697 4529 885 4578 contra
920 4518 1047 4575 talia
1077 4532 1184 4573 non
1211 4522 1440 4572 metuas.

240 4616 520 4676 Diseindis
545 4616 711 4688 leges,
739 4628 1004 4671 canonum
1035 4625 1188 4668 sacra
1211 4607 1333 4679 jura
1354 4605 1601 4672 revellis,

320 4708 458 4764 Dum
487 4716 730 4763 materna
756 4706 917 4761 modo
938 4704 1146 4760 viscera
1176 4701 1345 4773 proh!
1372 4698 1594 4772 subigis,

241 4801 365 4861 Nec
394 4802 589 4857 metuis
611 4800 833 4856 demens
861 4797 1037 4854 calces
1066 4795 1273 4851 illidere
1293 4792 1532 4859 Christo,

324 4897 403 4954 De
423 4895 578 4968 cujus
603 4892 821 4952 stimulo
851 4902 995 4963 terga
1022 4897 1248 4947 cruenta
1278 4887 1445 4960 geris.

242 4991 431 5065 Terga
460 4999 685 5048 eruenta
715 4987 859 5059 geris
876 5028 890 5054 ,
916 5000 1018 5042 nec
1043 4983 1250 5041 sulcum
1281 4979 1530 5053 eorrigis,
1557 4986 1613 5035 et
1636 4980 1734 5035 bos

327 5185 354 5215 ι
381 5169 497 5228 Hoc
518 5169 749 5226 alterum
775 5180 996 5224 carmen
1024 5161 1287 5234 scriptum
1318 5165 1402 5215 est
1431 5156 1499 5214 ad
1531 5155 1838 5213 Modoinum

243 5242 797 5333 Augustodunensem
824 5230 1156 5309 episcopum;
1189 5230 1280 5304 qui

474 5326 686 5418 Augusti
709 5352 888 5403 montis
910 5356 1073 5413 pastor
1096 5347 1146 5397 in
1169 5356 1283 5395 arce
1307 5326 1483 5407 potens

249 5451 461 5511 dicitur
498 5450 552 5505 in
585 5447 693 5504 alio
718 5443 864 5501 Flori
898 5442 1162 5507 carmine,
1200 5438 1355 5511 quod
1391 5434 1719 5511 Petavianus
1759 5450 1849 5489 coc

249 5503 583 5580 assiduam
612 5503 924 5575 continebat
951 5513 1085 5586 (vide
1116 5503 1303 5586 έῃρξαι
1323 5508 1425 5586 col.
1456 5506 1616 5586 o_00)._
1638 5503 1737 5560 Hic
1764 5512 1848 5563 est

251 5577 585 5668 illustrius
606 5591 912 5668 βνῖερρριιε»
931 5577 1092 5668 ire"!
1112 5577 1459 5668 .‘V‘a‘afﬁdP-‘z
1475 5577 1703 5668 3.9.39"?
1724 5590 1841 5668 τίεν·

250 5643 666 5731 Eiiiﬁ‘éii’iaéd.‘
684 5643 991 5731 ieelebra'vit
1011 5696 1026 5723 ,
1076 5653 1356 5731 idemque“
1377 5650 1476 5731 cui.
1516 5643 1787 5705 Theodulf
1786 5662 1849 5702 us

250 5721 827 5808 cpiscopus‘in'seribit
853 5729 948 5808 lib.
977 5721 1051 5793 tv,
1080 5721 1300 5808 ear‘men
1325 5721 1376 5805 6.
1412 5721 1515 5808 H'ic
1541 5736 1666 5775 vero
1695 5733 1846 5808 sere:

421 5787 665 5877 carpitur
709 5787 1202 5877 Modpinustquod.
1234 5792 1552 5877 nutriculom
1588 5807 1763 5877 su'ant,
1793 5787 1847 5845 id

255 5861 793 5945 estLugd'unensem
825 5861 1147 5945 EccleSialu,
1165 5866 1421 5945 _in.cuju_s
1443 5866 1564 5945 sinu
1594 5861 1845 5945 adoleve-

256 5933 352 6008 {uti
379 5933 522 6005 male
561 5954 843 6010 tractaret,
876 5943 1018 5998 illius
1055 5936 1311 5995 Ecclesiae
1334 5933 1585 5992 'clericos
1626 5933 1848 6010 trahens

258 6004 347 6081 inth
384 6004 648 6079 saeculare
693 6004 901 6074 storutu
946 6021 1135 6069 contra
1180 6023 1448 6065 canonum
1504 6004 1855 6078 praescriptas

1535 521 1849 584 CARMINA
1892 519 2117 581 VARIA.

1832 635 1886 696 Α
1980 630 2269 701 Cornipeta
2301 630 2355 685 in
2383 627 2671 685 Dominum
2704 624 2918 697 turgida
2944 624 3084 681 colla
3115 623 3316 677 vibres.

1863 4758 1918 4819 D

3391 506 3498 565 253

1906 722 2042 779 Dum
2076 722 2360 794 phrenesis
2388 720 2580 778 furiale
2609 719 2812 776 malum
2841 726 2932 774 tua
2954 718 3166 773 viscera
3199 714 3348 771 ferro

1979 815 2056 871 Te
2083 815 2303 886 proprio
2331 822 2588 885 expetere
2612 812 2777 885 cogit,
2801 820 2857 867 et
2885 811 2999 882 ipse
3026 806 3222 866 neseis.

1906 905 2114 964 lustius
2142 907 2341 963 invidia
2368 906 2502 962 nihil
2527 914 2634 973 est,
2662 919 2786 976 quae
2812 904 3065 976 protinus
3086 902 3263 972 ipsum

1978 1002 2271 1059 Auctorem
2302 1000 2465 1067 rodit,
2499 999 2888 1069 eXcrueiatque
2910 995 3197 1051 animum.‘

1852 1124 1855 1127 -
1908 1096 2168 1153 Ecclesiae
2190 1094 2522 1152 reverendus
2547 1094 2722 1149 honos
2748 1107 2779 1146 a
2806 1098 3052 1161 tempore
3072 1086 3275 1159 prisco.

1979 1185 2321 1258 Principibus
2343 1184 2572 1242 summis
2598 1181 3032 1255 praesulibusque
3052 1178 3187 1250 piis,
3248 1196 3249 1199 η

1909 1279 2194 1337 Curricula
2224 1292 2495 1335 annorum
2524 1275 2725 1332 ﬂoreus
2754 1289 2853 1346 per
2874 1272 3109 1345 plurima
3133 1269 3316 1338 fulsit,

1981 1371 2097 1429 Sub
2118 1372 2324 1443 pietate
2351 1378 2567 1441 patrum
2596 1369 2823 1441 pignora
2852 1367 3018 1423 chara
3039 1363 3264 1419 fovens:

1909 1461 1979 1520 Et
2008 1463 2209 1536 gallina
2230 1463 2349 1535 pios
2380 1474 2684 1534 pennarum
2709 1459 2948 1531 tegmine
2982 1456 3124 1513 fetus

1981 1555 2208 1630 Mystica
2238 1555 2528 1611 mundanis
2561 1553 2696 1610 texit
2716 1552 2785 1608 ab
2809 1549 3040 1607 insidiis.

1909 1650 2197 1724 Agnoscis,
2221 1651 2275 1706 ni
2308 1649 2483 1716 fallor,
2512 1650 2658 1706 enim
2687 1661 2808 1719 quae
2838 1644 3061 1702 nomine
3090 1641 3183 1698 tali

1985 1741 2130 1799 Voce
2154 1742 2464 1814 evangelica
2496 1749 2684 1797 sancta
2715 1747 2938 1794 notetur
2971 1736 3108 1791 avis.

1913 1835 2008 1893 illa
2037 1836 2285 1892 dolenter
2305 1835 2421 1891 avis
2449 1835 2613 1890 etiam
2642 1846 2787 1889 nunc
2813 1830 3030 1905 garrula
3060 1828 3290 1891 clamat,

1985 1929 2054 1985 Et
2081 1938 2269 1986 nostro
2297 1928 2533 2001 gemitus
2558 1927 2759 1998 promit
2785 1924 2853 1980 ab
2883 1937 2977 1980 ore
3003 1922 3144 1993 pios.

1843 2002 1889 2068 Β
1919 2019 2105 2093 Teque
2132 2021 2286 2092 prius
2314 2035 2475 2092 quam
2502 2019 2649 2074 calce
2676 2024 2852 2081 secet,
2890 2028 3052 2086 quam
3084 2010 3336 2067 verberet
3371 2007 3508 2076 alis,

1987 2115 2269 2187 Quamque
2305 2114 2479 2172 oculis
2504 2112 2719 2184 spoliet,
2751 2111 2830 2167 sic
2856 2108 3059 2181 pietate
3088 2110 3267 2164 vocat.

1916 2209 1963 2269 Ο
1985 2210 2061 2266 lili
2090 2208 2359 2274 Moduine,
2391 2206 2486 2262 tibi
2516 2205 2665 2278 (nam
2691 2204 2886 2276 pignus
2910 2209 2965 2257 et
2990 2200 3105 2272 ipse

1987 2302 2060 2358 Es
2095 2308 2363 2366 nostrum,
2395 2309 2584 2353 nostro
2614 2295 2761 2351 fotus
2790 2293 2922 2350 etin
2950 2290 3180 2365 gremio)

1860 2410 1861 2413 ‘
1918 2393 2059 2464 Quid
2082 2408 2212 2462 rogo
2241 2388 2562 2455 commerui,
2589 2384 2740 2443 tanto
2767 2384 2909 2456 quod
2942 2390 3186 2455 tempore
3217 2384 3363 2445 tuta,

1990 2483 2222 2540 Sedibus
2243 2499 2275 2539 e
2300 2480 2529 2554 placidis
2552 2478 2779 2551 pignora
2808 2480 3008 2532 nostra'
3022 2473 3214 2548 fugas?

1918 2572 2057 2643 Quid
2084 2573 2215 2630 mihi
2248 2561 2812 2629 tristitias‘cumulas?
2850 2567 2979 2638 quid
3017 2565 3217 2637 gaudia
3255 2560 3510 2619 truncas?

1990 2666 2100 2724 Cur
2120 2664 2356 2737 gaudere
2390 2679 2509 2720 mea
2542 2676 2629 2718 me
2656 2660 2844 2717 sobole
2868 2659 3009 2714 haud
3038 2654 3277 2728 pateris?

1920 2756 2005 2815 Me
2024 2757 2221 2829 pietas,
2252 2771 2338 2811 me
2360 2755 2537 2827 prisca
2570 2752 2704 2808 fides
2731 2749 3033 2807 munimine
3059 2746 3189 2803 forti

1992 2848 2271 2913 Cinxerat,
2294 2854 2349 2903 et
2366 2845 2534 2902 certis
2555 2849 2802 2914 sepserat
2825 2839 3059 2897 auxiliis.

1923 2940 2136 3011 Quique
2168 2939 2334 2994 etiam
2366 2936 2658 3007 accipitres
2703 2932 2921 2989 fuerant
2958 2930 3216 3000 milvique
3252 2939 3512 2997 rapaces,

1994 3034 2073 3090 Ae
2091 3032 2237 3090 soliti
2265 3039 2425 3087 natos
2454 3029 2718 3087 dilaniare
2742 3040 2922 3092 meos;

1922 3128 1983 3185 In
2014 3128 2258 3203 placidas
2282 3125 2425 3183 versi
2450 3122 2627 3182 subita
2652 3124 2854 3195 pietate
2881 3118 3183 3183 columbas,

1997 3220 2173 3279 Cursu
2195 3221 2354 3277 avido
2382 3212 2600 3276 nostros
2629 3214 2904 3288 expetiere
2925 3214 3076 3270 sinus
3103 3231 3118 3268 :

1860 3338 1891 3386 '_
1927 3313 2292 3386 Depositoque
2318 3312 2457 3370 truci
2490 3309 2708 3385 ingenio
2739 3324 2837 3365 seu
2875 3306 3094 3365 nomine
3124 3310 3299 3369 torvo,

1845 3383 1898 3450 ο
2000 3407 2229 3473 Nomine
2259 3415 2313 3463 et
2335 3383 2963 3477 ingenio'complacuere
2992 3412 3134 3456 meo.

1928 3500 2191 3574 Hospitiis
2220 3501 2424 3556 haesere
2454 3498 2612 3564 meis,
2644 3511 2762 3552 mea
2791 3510 2956 3567 parva
2982 3493 3155 3551 secuti

2002 3595 2227 3662 Pabula,
2255 3603 2310 3650 et
2333 3592 2583 3650 innOcuis
2607 3591 2790 3647 vivere
2821 3586 3047 3645 deliciis.

1932 3689 2130 3745 Rostra
2162 3699 2477 3758 unguesque
2505 3682 2649 3739 feros
2673 3681 2796 3751 quis
2824 3668 2911 3735 nie
2938 3685 3154 3733 vastare
3180 3674 3448 3743 solebant,

2005 3779 2235 3835 Vertere
2262 3778 2316 3831 in
2342 3783 2586 3831 nostrum
2616 3771 2846 3828 dulciter
2872 3767 3216 3839 obsequium.

1933 3872 2205 3929 Adversas
2227 3867 2480 3925 volucres
2506 3866 2708 3920 virtute
2730 3871 2894 3934 atque
2917 3875 3012 3917 ore
3035 3858 3319 3932 repellunt,

2008 3966 2092 4022 Me
2120 3963 2267 4036 vigili
2294 3960 2494 4027 studio,
2527 3975 2613 4016 me
2637 3957 2837 4029 pietate
2869 3955 3070 4011 fovent.

1936 4058 2288 4133 Agnoscisne,
2313 4069 2467 4126 rogo,
2497 4051 2819 4108 venerandae
2844 4049 3129 4120 :enigmala
3157 4043 3380 4101 matris?

2011 4153 2078 4208 Et
2104 4164 2223 4206 mea
2247 4148 2374 4220 quid
2405 4146 2624 4219 signent
2650 4141 2880 4215 mystica
2907 4140 3070 4196 verba
3101 4137 3282 4210 capis?

1936 4244 2019 4301 An
2046 4242 2350 4300 miserande
2382 4253 2556 4295 meam
2584 4250 2684 4291 nec
2710 4235 2793 4291 vis
2814 4245 3141 4306 cognoscere
3172 4246 3379 4294 vocem,

2012 4335 2270 4407 Displicet
2298 4339 2460 4402 atque
2485 4329 2657 4384 oculis
2681 4326 2890 4398 hispida
2924 4322 3098 4379 forma
3123 4322 3265 4377 tuis?

1941 4431 2019 4487 Te
2048 4428 2280 4499 gemitus
2302 4431 2488 4480 noster
2513 4420 2742 4494 peperit,
2772 4427 2824 4473 te
2850 4415 3110 4489 parvulus
3134 4428 3187 4468 or
3202 4422 3311 4467 tum

2014 4520 2242 4578 Nidulus
2269 4516 2505 4589 excepit,
2541 4524 2594 4571 te
2616 4512 2767 4570 calor
2795 4510 2887 4566 hic
2913 4506 3082 4568 aluit;

1942 4615 2001 4671 ln
2025 4613 2312 4684 lucemque
2341 4609 2578 4670 trahens,
2614 4604 2899 4661 tenebrosa
2921 4593 3194 4670 ergastula
3223 4592 3407 4664 rupit:

2016 4708 2193 4779 Atque
2217 4703 2365 4762 dedit
2384 4703 2518 4768 vita,
2541 4696 2680 4763 luce,
2712 4695 2889 4753 saiute
2909 4690 3036 4747 frui.

1948 4803 2107 4861 ﬁxere
2134 4801 2301 4871 igitur
2326 4796 2510 4862 matri,
2543 4792 2735 4871 dulces.
2757 4803 2824 4843 ne
2849 4788 3039 4842 desere
3066 4780 3262 4837 fratres
3287 4793 3303 4833 :

2018 4898 2223 4953 Horum
2253 4892 2400 4951 solus
2428 4903 2584 4946 amor
2605 4893 2688 4942 est
2721 4883 2814 4938 tibi
2843 4887 2992 4936 certa
3021 4876 3183 4933 salus.

1946 4991 2058 5049 Cur
2085 4990 2226 5046 hanc
2248 4980 2616 5059 persequeris,
2653 4991 2751 5033 cur
2783 4972 2957 5031 dulcia
2985 4971 3209 5043 pignora
3241 4962 3460 5037 carpis?

1949 5168 2052 5227 Ubi
2082 5163 2268 5223 mirari
2292 5160 2436 5219 subit
2468 5156 2598 5229 quid
2634 5152 2776 5225 juris
2820 5146 3290 5229 fuerit_l_llodoino.
3322 5140 3538 5214 Lugdu-

1955 5216 2435 5297 Hé'ﬁs'ié"t§¢'ci¢sim
2463 5216 2801 5298 sulfraganeo
2826 5264 2842 5289 ,
2890 5222 2944 5277 in
2994 5216 3534 5298 Metropplimsuam.

1953 5284 2429 5375 iiiiiii'r'uxﬁ"qhi;{'
2450 5284 2682 5375 utag_nav_
2694 5296 2809 5375 ejus
2825 5284 2974 5375 ;e_rat
3010 5284 3183 5375 apud"
3199 5284 3533 5375 Ludovietnlu

1952 5356 2450 5439 auctoritas,
2481 5356 2640 5426 facile
2670 5356 2771 5439 ipsi
2821 5365 2920 5421 fuit
2947 5356 3231 5439 exsulante
3251 5356 3539 5439 _Agoh_ardo

1955 5427 2506 5521 5i£iiie3i§c6ﬁp,"in
2557 5427 3209 5521 jura'jpsius‘lgcclesige
3258 5427 3534 5485 invadere.

1953 5504 2319 5590 Certcvquam:
2330 5504 2467 5590 bene
2498 5504 2764 5590 ,_autlierit'
2788 5508 2934 5580 apud
2977 5504 3331 5590 Dudovicum,
3373 5514 3536 5581 argu-

1955 5571 2807 5651 m‘entvojcvstTheodulli,carmen
2827 5571 3193 5651 'prrecitatun},
3220 5590 3286 5630 ex
3319 5586 3433 5651 quo
3454 5571 3536 5623 in-
3571 5582 3575 5587 '

1956 5641 2249 5735 iéﬁi'éimiis’
2271 5641 2581 5735 Illoduinutn
2609 5641 2906 5735 Tlteo'dull‘o
2936 5646 3264 5730 persuadere
3291 5641 3535 5698 molitum

1957 5719 2126 5792 fuisse
2156 5742 2214 5787 ut
2237 5731 2445 5788 crimen
2472 5727 2571 5783 sibi
2595 5727 2664 5783 ab
2694 5719 3022 5793 imperatam
3045 5719 3357 5793 impositum
3380 5724 3540 5793 agno-

1957 5787 2135 5863 sceret
2164 5787 2531 5870 fatereturun
2566 5813 2580 5852 :
2609 5787 2844 5870 quodiis
2890 5787 3151 5870 innocens
3189 5787 3539 5870 detrectafit.

2274 5851 2530 5929 Ediluini
2561 5851 2937 5924 auctoritatem
2968 5861 3163 5933 probat
3189 5851 3559 5916 Walal‘r'rdus,

1956 5966 2081 6017 eum
2112 5947 2299 6005 Galliae
2328 5952 2592 5999 ororetmn
2613 5936 2888 6009 appellans
