3970 6306
428 343 536 402 255
1528 331 1734 389 FLORI
1772 328 1996 386 ΒΙΑοοΒ

2141 324 2578 383 UGDUNENSIS
3611 316 3705 376 9.50

497 457 617 513 Non
647 455 763 511 hzec
794 463 970 511 rostra
1003 452 1099 508 tibi
1137 460 1320 507 nostra
1351 450 1520 519 figura
1546 449 1712 505 dedit.
2035 453 2089 511 Α
2116 444 2399 500 Infremuit
2428 443 2611 500 mundi
2636 442 2853 498 Christo
2883 442 3130 500 veniente
3157 450 3433 515 potestas,

429 552 620 609 Tunde
647 550 813 621 igitur
835 556 1037 604 tetrum
1064 545 1227 601 rostri
1255 543 1576 600 damnabilis
1600 557 1798 598 uncum
1826 560 1838 596 :
2187 535 2456 593 Gentilem
2484 545 2543 590 ut
2567 535 2777 606 plebem
2807 545 3049 591 nectet-et
3070 535 3183 608 ipse
3205 536 3332 591 sibi.

505 642 572 696 Et
595 640 719 713 fuge
740 654 996 711 germana
1024 638 1204 694 vivere
1227 650 1389 692 carne
1413 634 1584 691 ferox.
2114 628 2397 686 Infremuit
2423 639 2630 684 terrore
2655 629 2836 700 gravi,
2866 629 3122 702 legesque
3147 629 3360 686 feroces

434 732 602 790 Utere
630 730 966 801 simplicibus
987 729 1264 784 nobiseum
1287 725 1519 783 dulciter
1537 726 1705 791 escis,
2004 743 2005 746 η
2188 724 2391 788 Edidit,
2420 739 2484 779 ac
2510 731 2621 790 toto
2646 723 2838 778 terruit
2859 724 2992 778 orbe
3023 723 3158 794 pios.

505 823 573 878 Et
599 822 716 877 miti
746 822 929 877 mitem
957 829 1173 891 pectore
1195 834 1377 889 quaere
1400 819 1602 874 cibum.
2117 813 2177 869 ln
2207 814 2379 869 servis
2407 823 2586 869 tamen
2612 814 2702 869 ille
2729 814 2841 869 suis
2877 814 3080 868 virtute
3106 811 3340 884 potenti,

436 911 576 967 Sunt
599 911 686 982 pia
706 910 827 982 jura
856 911 1082 974 ducum;
1109 909 1195 979 pia
1225 918 1354 964 sunt
1384 919 1651 980 praecepta
1693 914 2012 979 parentum:
2191 906 2328 961 Dum
2360 916 2580 978 superat
2604 906 2886 973 mundum,
2921 907 3114 962 robora
3145 906 3262 961 dira
3284 910 3482 960 necat.

506 1001 640 1070 Quis
667 1017 764 1074 ego
791 1001 860 1055 ab
884 999 1038 1054 initio
1059 1000 1275 1055 munior
1304 1008 1467 1069 atque
1497 1013 1674 1068 regor.
2123 996 2195 1054 Ut
2221 999 2359 1052 male
2387 999 2530 1068 quod
2560 998 2717 1062 vixit,
2747 999 3040 1065 moriatur;
3069 1007 3280 1054 mortua
3305 1011 3491 1068 porro

437 1091 576 1161 Quid
609 1091 860 1149 tenebras
889 1091 1016 1157 luci,
1051 1092 1182 1161 quid
1212 1090 1356 1146 melli
1387 1090 1656 1146 absinthia
1686 1088 1916 1144 misces?
2193 1089 2448 1160 Impietas
2469 1089 2682 1145 dulcem
2715 1100 2928 1160 promat
2957 1091 3023 1145 ab
3045 1106 3141 1146 ore
3171 1090 3330 1144 fidem
3358 1105 3374 1141 :

504 1183 610 1241 lsta
638 1183 733 1238 tibi
761 1198 976 1254 semper
998 1183 1290 1239 dissociata
1322 1190 1561 1238 manent.
2125 1180 2386 1250 Quodque
2415 1180 2542 1236 olim
2573 1181 2762 1236 rabido
2783 1180 2996 1237 fremitu
3023 1181 3230 1236 laniare
3254 1179 3519 1252 parabat,

436 1277 516 1333 Ex
535 1291 644 1346 quo
667 1291 993 1346 conspicuus
1019 1275 1222 1331 Christi
1251 1291 1349 1346 per
1374 1275 1569 1330 saecula
1599 1273 1778 1329 cultus
2197 1271 2311 1326 Hoc
2339 1271 2498 1328 modo
2520 1271 2632 1341 jam
2660 1272 2800 1327 dulci
2833 1273 3092 1344 praedicet
3118 1287 3212 1328 ore
3235 1271 3416 1326 melos
3443 1287 3458 1326 :

505 1365 697 1431 Fulsit,
727 1375 782 1421 et
809 1366 1004 1422 idolica
1035 1366 1172 1438 fugit
1195 1367 1262 1421 ab
1295 1365 1426 1421 urbe
1457 1365 1573 1422 lues
1602 1383 1616 1419 :
2125 1363 2355 1436 Jamque
2376 1366 2560 1422 lizedus
2587 1367 2812 1432 Christi,
2841 1367 2931 1436 qui
2969 1375 3094 1421 tunc
3121 1365 3204 1421 leo
3232 1374 3430 1421 torvus
3454 1363 3656 1431 abibat,

437 1457 722 1531 Nunquam
748 1460 926 1530 prisca
955 1475 1104 1516 meos
1126 1469 1391 1515 vexarunt
1412 1458 1534 1528 jura
1567 1457 1864 1522 ministros,
2198 1454 2462 1513 Peccator
2493 1458 2704 1513 veniam
2730 1458 2967 1528 postulet
2992 1457 3109 1526 ipse
3131 1456 3252 1512 sibi.

509 1550 754 1607 Pondere
781 1567 882 1608 nec
904 1551 1047 1607 saecli
1075 1568 1161 1606 res
1188 1559 1412 1608 onerata
1440 1566 1594 1607 sacra
1623 1559 1726 1606 est.
2131 1543 2226 1603 Sic
2253 1549 2522 1603 mundana
2551 1548 2652 1604 sibi
2683 1546 2911 1617 subjecit
2939 1547 3172 1602 culmina
3201 1545 3484 1610 Christus,

441 1641 669 1714 Semper
689 1642 975 1698 distinctus
1006 1657 1032 1684 ιι
1066 1642 1258 1713 duplex
1288 1643 1374 1700 hic
1397 1643 1532 1698 ordo
1561 1642 1821 1706 cucurrit,
2201 1638 2407 1696 Cuncta
2435 1650 2489 1697 et
2511 1642 2563 1696 in
2591 1641 2908 1711 obsequium
2941 1640 3107 1695 traxit
3135 1639 3335 1710 ubique
3368 1655 3558 1696 suum.

505 1731 890 1803 Judicibusque
917 1733 1030 1788 suis
1055 1743 1283 1804 utraque
1311 1750 1438 1804 pars
1461 1734 1648 1803 viguit.
2132 1731 2203 1786 At
2226 1738 2280 1785 tu
2312 1733 2356 1786 si
2386 1741 2627 1787 veterum
2657 1733 2832 1788 nescis
2856 1732 2941 1802 pia
2964 1730 3086 1800 jura
3107 1733 3347 1803 piorum,

439 1819 732 1880 Ordinibus
760 1825 932 1880 sacris
958 1828 1259 1880 reverentia
1288 1827 1467 1881 debita
1493 1826 1657 1881 cessit
1691 1842 1705 1878 :
2059 1821 2106 1880 B
2207 1820 2402 1877 Desine
2421 1823 2565 1892 quod
2591 1823 2767 1878 nescis
2793 1821 3057 1878 dilaniare
3081 1821 3304 1878 bonum.

513 1913 764 1971 Plebeios
795 1917 934 1971 rexit
958 1916 1043 1972 lex
1067 1933 1163 1972 sua
1187 1931 1458 1987 quemque
1485 1918 1649 1972 viros.
2132 1913 2201 1969 Et
2221 1930 2355 1984 cape
2386 1915 2725 1987 tranquillus,
2755 1917 2972 1972 brevius
3001 1916 3144 1987 quod
3181 1917 3382 1988 pagina
3410 1914 3597 1971 verbis

442 2003 584 2073 Quid
616 2007 749 2062 mihi
775 2023 918 2063 nunc
948 2017 1188 2064 veterem
1222 2017 1276 2062 tu
1302 2008 1383 2065 vis
1411 2011 1727 2064 subvertere
1757 2009 1976 2080 sepem?
2207 2017 2230 2046 ο
2262 2007 2446 2063 Altera
2477 2008 2705 2079 pacifico
2729 2009 2969 2080 suggerit
2994 2024 3061 2064 en
3088 2007 3264 2064 studio
3293 2024 3306 2062 :

514 2096 654 2166 Quid
681 2098 811 2154 mihi
841 2100 1128 2156 maceriam
1153 2100 1324 2155 diruis
1352 2099 1692 2170 Oppositam?
2132 2096 2376 2169 Cumque
2406 2107 2656 2155 serenato
2684 2099 2977 2172 perlegeris
3000 2099 3181 2155 omnia
3210 2098 3394 2166 vultu,

441 2186 553 2244 Cur
580 2197 789 2246 veteres
817 2189 952 2247 fines
981 2201 1166 2246 nostro
1197 2191 1502 2248 convellere
1529 2191 1696 2248 fundo
2204 2193 2273 2248 Et
2302 2208 2466 2262 quam
2492 2209 2598 2248 non
2629 2208 2790 2248 noras
2820 2193 3020 2248 videris
3052 2193 3166 2264 ipse
3195 2192 3374 2256 viam;

514 2279 738 2349 Niteris,
767 2292 822 2339 et
851 2284 1059 2340 cunctis
1081 2284 1265 2356 pervia
1299 2301 1424 2340 rura
1453 2284 1623 2340 facis?
2135 2282 2248 2340 Sub
2276 2283 2476 2339 Christi
2509 2294 2716 2341 terrore
2745 2293 3005 2351 tremens,
3039 2285 3241 2356 pietate
3270 2283 3417 2340 fideli

444 2370 582 2429 Audi
617 2374 857 2430 veridico
883 2374 1138 2431 Salomon
1163 2375 1291 2447 quid
1316 2387 1569 2448 personet
1593 2393 1707 2444 ore,
2205 2376 2432 2449 Corrige
2459 2377 2601 2448 quod
2627 2393 2854 2449 pravum
2885 2377 3150 2449 perspicis
3184 2377 3300 2448 ipse
3330 2387 3509 2432 tuum.

516 2464 582 2520 Et
612 2481 869 2523 mucrone
896 2469 1026 2524 time
1051 2477 1102 2524 te
1127 2469 1375 2543 jugulare
1404 2479 1515 2527 tuo.
2136 2467 2338 2540 Nempe
2361 2471 2524 2525 etiam
2551 2470 2596 2526 si
2621 2470 2763 2526 nulla
2800 2487 3029 2543 usquam
3058 2471 3175 2527 haec
3199 2469 3321 2540 jura
3349 2478 3605 2528 vetarent

447 2555 680 2613 Eversor
709 2560 852 2631 sepis
879 2562 1104 2617 colubro
1136 2563 1420 2618 mordente
1447 2562 1664 2633 peribit,
2018 2589 2021 2592 -
2209 2560 2345 2616 Num
2386 2564 2619 2632 gessisse
2643 2563 2797 2619 decet
2830 2563 2952 2618 talia
2983 2563 3332 2635 pontificem?

521 2646 700 2720 Seque
728 2665 826 2707 suo
851 2652 941 2722 qui
969 2652 1076 2708 fert
1102 2669 1234 2708 saxa
1264 2654 1450 2711 labore
1472 2666 1701 2726 premet.
2135 2649 2271 2706 Rem
2303 2652 2440 2708 bene
2467 2660 2832 2708 constructam
2865 2661 3014 2708 tanto
3044 2653 3258 2718 sudore,
3287 2660 3366 2708 tot
3396 2654 3556 2709 annis

449 2735 525 2794 Te
547 2754 751 2810 preme,
786 2751 838 2796 te
861 2743 1067 2813 perime
1097 2764 1110 2798 :
1138 2761 1261 2800 nam
1291 2762 1380 2802 me
1403 2746 1635 2816 spoliare
1666 2746 1932 2816 nequibis,
2210 2745 2505 2812 Subruere,
2538 2755 2595 2802 et
2616 2745 2805 2802 sceleri
2836 2749 3074 2818 pandere
3098 2758 3286 2817 sponte
3312 2746 3502 2803 viam?

517 2831 746 2889 Auxiliis
771 2832 959 2891 fultam
991 2852 1206 2910 semper
1235 2841 1433 2911 ubique
1459 2841 1576 2896 Dei.
2137 2839 2350 2906 Dicere,
2383 2841 2560 2896 nullus
2589 2842 2764 2897 honos
2792 2841 3018 2896 debetur
3045 2841 3292 2913 (credite)
3322 2842 3505 2897 sacris

447 2923 578 2982 Post
605 2928 947 3000 evangelicos
977 2931 1216 3003 clypeos,
1248 2943 1371 3004 post
1401 2933 1505 2988 tela
1536 2949 1763 2991 corusca
2207 2932 2502 2989 Ordinibus
2533 2941 2794 2989 :cunctos
2817 2931 2995 3004 pulset
3023 2931 3219 3003 ubique
3245 2932 3451 2987 forum.

522 3016 646 3074 Oris
673 3021 978 3091 apostolici,
1008 3033 1130 3094 post
1161 3024 1248 3095 pia
1268 3025 1392 3094 jura
1419 3025 1534 3092 Dei,
2136 3026 2164 3068 δ
2197 3027 2330 3083 Nam
2357 3027 2460 3082 nisi
2485 3027 2794 3083 cmnobium
2818 3035 2992 3081 mater
3019 3026 3281 3081 muliebre
3306 3029 3637 3098 gubernans,

452 3108 535 3165 Me
565 3109 952 3170 Constantinus
978 3117 1269 3171 reverendo
1305 3119 1478 3172 munit
1499 3119 1566 3174 ab
1598 3134 1692 3175 ore
1718 3136 1730 3172 :
2078 3185 2104 3188 ᾧ
2208 3119 2275 3174 Et
2300 3134 2456 3176 sacer
2482 3119 2733 3182 antistes,
2756 3127 2950 3174 caetera
2979 3116 3154 3188 pulvis
3179 3127 3359 3173 erunt.

524 3202 609 3258 Me
631 3220 845 3276 quoque
871 3207 899 3247 ιι
928 3208 1262 3264 Theodosius
1289 3212 1520 3282 protegit
1545 3228 1637 3267 ore
1659 3213 1769 3283 pio.
2063 3185 2108 3246 (ἶ
2143 3209 2202 3268 Si
2232 3220 2388 3282 pater
2419 3226 2478 3266 es
2502 3210 2654 3273 cleri,
2688 3209 2794 3265 noli
2820 3185 3173 3265 contemnere
3195 3208 3405 3264 clerum
3439 3227 3454 3263 :

452 3290 687 3350 Arcadio
715 3295 854 3352 dulci
884 3300 1156 3368 perdulcis
1189 3299 1458 3356 Honorius
1485 3303 1698 3358 haerens
2213 3302 2325 3360 Nec
2361 3313 2415 3360 te
2441 3305 2521 3360 sic
2544 3313 2603 3358 ut
2626 3319 2720 3358 eos
2741 3303 2889 3374 erige
2919 3301 3142 3358 deicias.

526 3383 611 3440 Me
633 3385 770 3441 dulci
798 3388 1013 3459 eloquio
1042 3389 1245 3457 laudat,
1278 3393 1528 3460 honorat,
1560 3404 1724 3449 amat.
2142 3391 2270 3450 Haec
2297 3394 2555 3464 quoniam
2581 3409 2688 3450 non
2713 3402 2935 3450 sanctus
2962 3409 3139 3458 amor,
3168 3394 3260 3449 sed
3288 3393 3540 3466 turgidus
3563 3398 3668 3447 atro

455 3477 594 3546 Quid
624 3491 877 3538 veterana
907 3483 1133 3554 loquar?
1164 3495 1350 3542 nostro
1373 3502 1515 3542 nunc
1538 3502 1665 3544 ecce
1690 3489 1790 3545 sub
1817 3505 1933 3547 :evo
2213 3487 2536 3542 Fumitlumn
2567 3487 2779 3558 spirans
2801 3495 2981 3541 ructat
3007 3486 3076 3541 ab
3108 3500 3203 3542 ore
3227 3486 3381 3542 furor
3413 3503 3425 3539 :

525 3569 641 3640 Qua
672 3574 914 3646 placidus
944 3577 1197 3650 princeps
1227 3596 1309 3635 me
1335 3581 1537 3650 pietate
1567 3581 1730 3637 colit?
2143 3575 2270 3632 Hrec
2302 3577 2346 3632 si
2379 3586 2560 3633 mente
2582 3577 2666 3649 pia
2695 3577 2922 3648 relegas,
2950 3577 2992 3632 si
3019 3585 3238 3648 pectore
3259 3593 3400 3648 puro

453 3663 559 3720 Pro
585 3681 670 3722 me
700 3667 946 3724 conciliis
972 3669 1188 3726 sudavit
1215 3687 1356 3743 srepe
1382 3673 1654 3740 verendis,
2214 3668 2484 3738 Accipias,
2517 3670 2736 3740 prodest
2761 3669 2909 3740 potio
2935 3684 3089 3726 sacra
3112 3670 3228 3724 tibi.

526 3756 596 3813 Et
624 3758 796 3815 valido
825 3762 1022 3832 pressit
1047 3764 1180 3820 colla
1206 3766 1437 3836 superba
1463 3766 1609 3838 jugo.
2147 3759 2242 3816 Est
2271 3761 2560 3816 subamara
2582 3761 2800 3832 quidem
2831 3779 2843 3814 :
2872 3762 2966 3816 scd
2994 3762 3038 3817 si
3073 3762 3301 3832 patiare,
3335 3761 3587 3819 salubris.

456 3847 690 3920 Legibus
718 3853 954 3924 antiquis
976 3855 1151 3910 edicta
1187 3859 1422 3912 recentia
1443 3855 1643 3926 junxit,
2219 3853 2407 3908 Insunt
2433 3853 2646 3921 gallinae
2673 3853 2819 3909 zelus
2846 3869 3105 3924 amorque
3126 3854 3306 3910 simul.

526 3941 595 3996 Et
618 3943 756 3998 bona
783 3946 959 4015 prisca
988 3948 1142 4002 novis
1164 3949 1314 4003 auxit
1339 3949 1536 4018 ubique
1555 3948 1712 4006 bouis
1739 3969 1752 4005 :
2147 3944 2403 4011 Estimo,
2430 3946 2511 4000 vir
2535 3945 2790 4018 prudens,
2819 3946 2966 4001 nullo
2995 3955 3046 4001 te
3071 3945 3194 4002 felle
3225 3947 3455 4012 moveri,

458 4031 538 4089 Ne
563 4047 650 4087 me
674 4049 769 4105 per
791 4037 1010 4107 pelagus
1031 4040 1238 4105 mundi,
1268 4055 1363 4110 per
1391 4043 1601 4098 turbida
1625 4060 1757 4100 saxa
1849 4069 1855 4078 ε
2217 4036 2351 4092 Cum
2376 4037 2560 4092 videas
2588 4037 2802 4092 Florum
2838 4046 2889 4092 te
2910 4037 2990 4093 sic
3017 4053 3202 4093 amare
3227 4049 3395 4093 tuum.

531 4128 797 4187 Obrueret
823 4133 1001 4189 subito
1021 4151 1127 4190 nox
1155 4135 1268 4192 fera
1299 4136 1598 4209 naufragio,
2147 4129 2280 4186 Nam
2310 4130 2531 4186 meliora
2553 4131 2626 4202 pii
2650 4140 2775 4187 sunt
2811 4131 3033 4188 vulnera
3058 4149 3273 4203 semper
3294 4132 3520 4194 amoris,

459 4217 601 4277 Vere
627 4222 773 4278 clara
808 4225 1010 4281 micant
1033 4229 1172 4283 sacri
1209 4229 1456 4301 mysteria
1483 4229 1707 4295 Christi,
2220 4223 2455 4279 Subdola
2475 4239 2637 4294 quam
2668 4224 2806 4279 fictis
2829 4225 3012 4280 oscula
3043 4241 3228 4296 pressa
3255 4225 3442 4280 labris.

532 4312 662 4382 Qua:
691 4326 933 4372 veterum
965 4319 1181 4390 signant
1205 4331 1352 4392 gesta
1383 4323 1539 4378 beata
1571 4323 1814 4378 Patrum.
2147 4318 2214 4374 Et
2239 4320 2377 4375 bene
2405 4334 2508 4374 non
2538 4329 2716 4382 notus,
2747 4319 2887 4375 male
2908 4320 2952 4375 si
2987 4319 3361 4376 increbescere
3391 4315 3595 4374 cunctis

459 4403 579 4463 Jain
607 4408 841 4465 validum
874 4410 1122 4476 Samson,
1153 4414 1278 4468 dum
1305 4415 1415 4469 vult
1440 4416 1724 4488 peregrina
1755 4418 1937 4473 subire
2219 4413 2480 4486 Cmperis,
2513 4413 2730 4470 infamis
2761 4413 2937 4470 fabula
2975 4428 3188 4485 semper
3219 4415 3347 4470 eris.

531 4496 836 4566 Connubia,
865 4502 1098 4574 impetiit
1126 4505 1409 4560 horrisono
1436 4522 1530 4561 ore
1558 4507 1659 4561 leo.

462 4588 655 4659 Quem,
689 4593 854 4648 veluti
887 4546 1130 4650 tegernm
1162 4595 1430 4652 frustatim
1461 4608 1710 4668 carperet
1735 4599 1972 4668 haedum,
2073 4560 2127 4621 Β
2905 4546 2988 4602 HL

529 4682 624 4740 Ille
653 4701 876 4752 necans,
907 4688 1090 4742 dulces
1119 4690 1347 4760 sumpsit
1373 4691 1440 4746 ab
1471 4661 1572 4745 ore.
1589 4690 1759 4749 favos.
1958 4661 1968 4668 I
2189 4678 2217 4722 ·⁶
2244 4680 2451 4724 "WNUS
2491 4681 2542 4721 ’Ν
2578 4681 2790 4723 “Tm:
2823 4677 3137 4720 “Nomm”
3173 4676 3388 4718 ³⁰ΑΝΝ¹⁵
3417 4675 3486 4716 ετ
3519 4661 3670 4712 “w'

463 4773 704 4846 Sumpsit
733 4779 802 4834 ab
825 4794 919 4833 ore
950 4778 1100 4835 favos
1130 4790 1184 4835 et
1215 4781 1387 4838 dulcia
1418 4782 1572 4838 mella
1607 4783 1800 4852 leonis,
2153 4780 2375 4837 Joannis
2403 4780 2662 4851 Paulique
2697 4778 2837 4834 diem
2868 4777 2946 4832 sol
2977 4775 3158 4831 attulit
3181 4774 3322 4841 orbi,

534 4865 634 4934 Qui
667 4864 886 4923 fremuit
908 4870 1135 4939 pridem,
1164 4871 1394 4928 dulciter
1423 4888 1549 4931 ecce
1579 4876 1740 4946 sapit.
2225 4879 2325 4946 Qui
2352 4877 2514 4933 rubra
2547 4873 2793 4947 martyrii
2824 4880 2968 4929 serta
2999 4886 3191 4928 cruore
3214 4877 3430 4942 gerunt.

536 5037 563 5067 ι
588 5024 925 5099 Clericorum
955 5027 1164 5083 scilicet
1203 5038 1258 5099 et
1293 5028 1577 5092 laicorum,
1607 5030 1696 5099 qui
1722 5043 1937 5098 semper
1965 5029 2040 5084 fo-
2153 5031 2223 5088 ab
2255 5030 2340 5086 his
2364 5029 2609 5085 versibus
2635 5045 2648 5082 :

462 5112 583 5152 rum
613 5095 850 5152 habuere
876 5097 1165 5153 diver'um.
1242 5116 1271 5153 u
1388 5100 1400 5152 |
1442 5100 1590 5153 ricali
1626 5095 1818 5153 ordine
1843 5095 1906 5153 in
2019 5129 2044 5140 -
2283 5143 2302 5160 η
2922 5141 2931 5151 .

462 5167 553 5240 chi
574 5167 740 5240 etiam
766 5177 891 5240 ante
915 5117 1053 5224 illuds
1069 5098 1606 5240 tempstisbc:rtfineba-
1621 5180 1741 5224 itur.
1912 5116 2014 5154 om
2272 5139 2866 5240 δοξξξλξξξξξζέ
3051 5138 3544 5240 ﬂﬁnﬂﬁﬁfiﬁfm"

541 5201 550 5221 '
574 5201 740 5251 °""!“
766 5201 891 5222 “"“7
915 5201 1050 5253 "'"“.
1069 5201 1279 5252 “’"'|’".°
1307 5201 1712 5251 """""“‘.’""“"
1729 5211 1741 5224 °
1922 5242 1934 5255 .
2337 5201 2477 5264 Quod
2503 5201 2696 5252 reseras
2721 5201 2866 5251 l-‘toro
2889 5203 3026 5252 labra
3051 5202 3263 5263 benigna
3291 5205 3393 5249 tuo.

541 5237 805 5310 t{Quippe
846 5239 1085 5296 Ecclesra
1123 5241 1398 5296 Gallicana
1440 5241 1624 5295 codice
1669 5241 2044 5297 Theodosnano
2562 5307 2573 5310 _
2805 5308 2814 5310 _
2913 5307 2923 5310 _
3220 5303 3255 5310 η

464 5291 766 5375 ιιιειὶηῖἶιι-ιῗ,Γ
783 5291 1663 5388 ergit};hbeas;'éé'iihdmniihs
1680 5291 2047 5388 legibusz:
2150 5309 2349 5388 _V'erum
2401 5316 2511 5388 tota
2561 5307 2680 5388 haic
2732 5307 2960 5376 epistola
3009 5303 3303 5388 eo_tendit,
3343 5311 3400 5356 ut
3427 5291 3694 5356 Moduimlm

463 5390 802 5452 peratorum,
829 5377 956 5437 olim
979 5398 1222 5444 suorum.
1258 5382 1621 5438 Romanorum
1652 5377 1924 5440 utebatur.
2150 5380 2400 5452 hortetur
2418 5379 2487 5452 ad
2519 5378 2756 5452 studium
2784 5392 3064 5452 sacrarum
3088 5377 3413 5452 litterarum.

539 5463 564 5492 ο
597 5437 839 5508 Alteram
868 5455 970 5510 hac
995 5455 1060 5509 de
1095 5469 1155 5508 re
1185 5437 1611 5523 epistolamisive
1652 5437 2044 5512 sanesane
2221 5450 2247 5492 ἀ
2306 5449 2493 5523 Verba,
2516 5458 2642 5504 sunt
2677 5449 2937 5523 Modoini.
2981 5463 3144 5523 qyem
3189 5444 3381 5523 Florus
3426 5437 3691 5523 loqlléﬁl‘f‘ﬂ

468 5495 1872 5596 Modum?sééiiié'érl'i'r5bFu'sfiBrsanHIIBJEBQISEY
2153 5522 2361 5596 inducit
2389 5521 2442 5576 in
2483 5520 2630 5596 hune
2668 5521 2882 5574 modum
2961 5495 3221 5596 «TPraeter
3249 5495 3694 5596 episcopo'sgljt

468 5603 638 5650 exstat
677 5578 728 5651 in
757 5578 1284 5658 codice-Petav’iaiio,'
1309 5578 1400 5664 qui
1458 5578 1602 5650 nunc
1634 5578 2048 5654 sicilia-iiiis
2152 5594 2409 5648 batissas.
2453 5592 2634 5647 caeteri
2665 5605 2852 5646 omnes
2882 5589 3066 5645 clerici
3105 5599 3159 5643 et
3205 5578 3498 5658 presbyteri
3530 5578 3692 5634 laicum

469 5668 832 5737 serenissima:
873 5667 1079 5722 Suecim
1117 5666 1335 5737 reginae.
1366 5665 1605 5720 Habetur
1641 5669 1858 5736 quidem
1907 5670 2048 5723 aliud
2156 5666 2330 5737 forum
2366 5672 2680 5737 agnoscant.
2721 5682 2740 5715 ι

471 5717 2052 5810 iie'rii'é‘citibimet}ﬁil‘iniéﬁiiééaeaaegisseegisse:
2287 5717 2794 5810 ηρςυοειξιίιίηςξειι
2822 5734 3022 5810 hymno
3047 5731 3201 5788 Actis
3221 5737 3523 5788 sanctorum
3553 5717 3690 5778 Joan'

471 5821 676 5866 matum
705 5810 848 5882 typis
873 5807 1184 5866 Morelianis
1223 5807 1367 5864 edita
1409 5823 1551 5865 anno
1599 5808 1758 5876 1550,
1787 5804 2054 5882 incipiens
2160 5809 2246 5864 nis
2271 5813 2325 5861 et
2350 5805 2498 5863 Pauli
2519 5805 2842 5862 conciliatur
2863 5804 3017 5860 fides.
