3970 6306
225 389 335 444 957

227 505 436 564 Unicus
460 508 561 569 hos
587 516 808 587 sanguis
835 533 1089 590 germano
1112 527 1314 586 foedere
1329 530 1534 602 junxit,

300 598 470 656 Unica
495 619 619 661 mox
643 606 836 666 fratres
860 630 1111 687 morsque
1138 622 1377 694 fidesque
1401 630 1562 696 parit.

219 689 364 747 Olim
388 693 634 753 Romulei
661 715 942 761 servantes
973 712 1167 766 muenia
1202 717 1349 787 regni

293 782 617 846 Barbaricas
646 801 883 852 strarant
912 815 1052 872 saepe
1083 820 1341 864 mucrone
1363 810 1588 880 globos:

216 874 375 933 Nunc
406 880 589 938 ovium
623 885 823 943 Christi
855 893 1145 961 purissima
1175 911 1323 970 septa
1349 911 1583 970 tuentes,
1641 941 1646 946 ς

291 971 623 1034 Daemonlcas
646 994 836 1038 arcent
861 987 909 1041 vi
937 992 1296 1064 precuhusque
1321 978 1514 1054 minas.

211 1061 328 1120 Hos
355 1068 514 1123 morti
542 1071 749 1129 addixit
773 1091 927 1133 sacra
964 1097 1061 1150 pro
1087 1061 1490 1158 lege—tyrannus

285 1155 639 1234 Contemptor
663 1165 861 1226 Christi
884 1170 1126 1234 Julianus
1151 1155 1367 1236 rabidus
1398 1201 1412 1238 :

210 1245 387 1306 Unius
411 1252 498 1309 ille
526 1254 624 1313 Dei
649 1260 851 1318 cultum
879 1267 1030 1336 prius
1058 1285 1152 1324 ore
1186 1272 1412 1343 ferebat,

284 1339 467 1400 Donec
494 1345 562 1401 ad
589 1349 800 1408 culmen
824 1359 1108 1416 scanderet
1139 1362 1369 1434 imperii.

200 1428 311 1486 Ast
335 1433 424 1489 ubi
453 1440 727 1498 convaluit
751 1445 950 1504 misero
979 1458 1192 1509 terrena
1213 1428 1480 1528 potestas,

282 1521 487 1581 Idolum
513 1544 638 1587 vero
665 1537 901 1604 przetulit
931 1539 1020 1597 ille
1043 1543 1172 1600 Deo.

201 1612 346 1671 Tum
375 1616 603 1679 famulos
634 1624 834 1684 Christi
864 1630 1095 1701 lanians,
1125 1647 1180 1694 et
1208 1643 1469 1714 sanguine
1498 1656 1684 1716 pastus

277 1706 530 1781 Innucuo,
562 1717 847 1778 horrendis
867 1727 1020 1782 saevit
1043 1731 1242 1802 ubique
1268 1737 1462 1792 modis.

197 1796 405 1860 Verum
429 1807 516 1863 ubi
539 1811 745 1869 caelesti
776 1822 1054 1889 prospexit
1072 1796 1318 1884 Christus
1342 1829 1410 1885 ab
1436 1847 1582 1900 arce,

273 1896 598 1973 Audivitque
634 1905 707 1976 pii
733 1912 1011 1982 sanguinis
1037 1916 1124 1973 ille
1146 1935 1366 1994 preces;

194 1987 496 2052 Confestim
518 1999 718 2058 misero
742 2004 951 2064 cladem
976 1987 1268 2073 exitiabilis
1292 2018 1439 2076 horae

271 2085 534 2156 Destinat,
564 2093 740 2152 hostili
769 2098 1024 2160 hostis'ut
1054 2121 1183 2164 ense
1209 2122 1348 2169 ruat.

194 2175 422 2275 Vastata
452 2183 695 2245 Ecclesia
724 2190 917 2252 Persas
944 2197 996 2252 in
1025 2199 1164 2256 bella
1192 2215 1436 2275 vocarat,

264 2257 361 2328 Ac‘
378 2274 562 2333 multis
582 2290 769 2352 septus
794 2284 1029 2346 millibus
1057 2290 1169 2347 ibat
1193 2269 1388 2351 atrox‘:

188 2361 327 2420 Cum
355 2367 535 2426 subito
556 2382 772 2433 arentes
797 2379 997 2438 deserti
1021 2385 1164 2442 ruris
1190 2388 1244 2444 in
1269 2404 1430 2462 agros

262 2456 510 2529 Devenit,
537 2474 593 2522 et
620 2481 821 2526 cuneos
843 2475 1021 2544 perdit
1049 2479 1248 2551 ubique
1271 2456 1418 2541 suos.

185 2549 306 2620 Qua
331 2569 504 2628 neque
534 2559 710 2619 victus
730 2573 868 2634 erat,
896 2585 998 2626 nec
1020 2570 1161 2640 fons,
1187 2592 1288 2633 nec
1314 2578 1550 2638 ﬂuminis
1573 2585 1737 2653 unda,

258 2644 520 2707 Caumate
553 2654 648 2710 sed
676 2655 844 2713 nimio
877 2667 986 2718 tota
1011 2664 1230 2735 jacehat
1253 2671 1464 2729 humus.

184 2734 434 2810 Dumque
477 2740 714 2804 fremens
754 2760 988 2822 montes,
1017 2734 1231 2827 valles,
1283 2778 1610 2839 camposque
1653 2787 1776 2842 per-

257 2827 444 2889 Sicubi
472 2836 556 2892 vel
584 2840 799 2897 modico
823 2845 962 2902 stilla
989 2849 1199 2922 liquore
1224 2853 1382 2925 ﬂuat;
1405 2827 1422 2836 -
1522 2827 1539 2839 .
1564 2827 1769 2937 [ag-rat;

181 2919 377 2980 Incidit
405 2927 660 2988 adversas
685 2937 952 3009 condigne
981 2919 1165 3001 errore
1189 2919 1483 3023 phalanges
1503 2994 1518 3021 ,

254 3013 646 3093 Perfossusque
673 3035 792 3083 atra
822 3033 1043 3102 cuspide
1069 3013 1258 3107 pectus
1277 3013 1411 3100 cuit:

181 3104 293 3163 Sed
323 3110 544 3170 rabidus
571 3130 805 3190 semper,
837 3133 892 3179 et
919 3126 972 3180 in
1011 3104 1125 3198 ipsa
1162 3143 1335 3192 morte
1366 3138 1599 3209 rebellis,

250 3199 512 3272 Infremit,
535 3217 590 3263 et
622 3225 890 3270 summum
920 3215 1018 3275 hac
1051 3236 1181 3278 voce
1209 3225 1425 3286 lacessit
1454 3232 1644 3289 herum
1680 3254 1693 3291 :

177 3290 352 3349 Ehibe
378 3310 520 3354 nunc
541 3311 784 3358 nostrum
810 3323 969 3377 quem
993 3316 1209 3382 quaeris,
1236 3317 1467 3400 Christe,
1493 3340 1764 3398 cruorem,

244 3387 428 3460 Atque
453 3392 645 3449 avidus
675 3396 780 3453 leto
797 3399 910 3472 jam
939 3406 1137 3464 satiare
1162 3387 1300 3467 meo:

172 3476 268 3533 Ille
293 3479 510 3550 quidem
543 3484 678 3543 tales
695 3486 844 3557 justo
867 3494 965 3550 sub
987 3497 1169 3568 judice
1194 3517 1382 3572 ptenas

246 3570 510 3643 Exsolvit,
539 3588 662 3648 post
688 3580 802 3638 haec
831 3593 1030 3644 tartara
1065 3570 1208 3650 caeca
1235 3609 1442 3666 petens.

169 3660 244 3717 At
268 3661 482 3722 Domini
516 3675 680 3728 testes
709 3687 924 3733 sacrato
951 3685 1211 3754 sanguine
1243 3687 1356 3757 loti,

245 3751 463 3814 Vertice
491 3758 756 3835 laurigero
782 3768 956 3826 sidera
995 3751 1138 3830 celsa
1169 3790 1358 3848 petunt
1386 3800 1400 3837 :

168 3843 320 3912 Quos
347 3856 470 3921 toga
499 3854 728 3924 pacifico
753 3861 912 3916 vestit
936 3843 1248 3940 praefulgida
1278 3874 1448 3941 cultu,

242 3935 538 4011 Regalique
564 3946 731 4002 ambit
757 3965 992 4023 purpura
1026 3935 1172 4013 clara
1198 3962 1373 4032 peplo.

163 4023 279 4083 Hos
307 4043 406 4084 ceu
438 4029 744 4094 fructiferas
771 4037 968 4099 ﬂorens
1001 4049 1285 4116 paradisus
1313 4053 1503 4124 olivas,

236 4118 449 4193 Irriguo
477 4124 598 4182 vita:
620 4125 825 4200 iugiter
855 4151 1015 4192 amne
1037 4139 1194 4210 rigat.

159 4209 230 4267 Hi
261 4225 388 4270 sunt
415 4226 620 4276 :eterno
649 4225 971 4285 candelabra
1001 4231 1198 4305 fulgida
1227 4238 1444 4310 templo,

232 4304 528 4379 Progenies
555 4311 710 4381 lucis,
739 4327 794 4373 et
817 4320 1033 4391 pietatis
1064 4304 1252 4383 honos.

159 4398 394 4458 Sidereo
421 4407 534 4478 regi
558 4408 772 4467 sublimi
799 4429 1017 4491 semper
1044 4419 1094 4474 in
1125 4423 1245 4478 aula

229 4493 527 4554 Adstantes
552 4503 762 4572 populis
790 4507 881 4578 qui
906 4509 992 4579 pia
1028 4521 1152 4568 vota
1180 4513 1376 4572 ferunt.

155 4588 405 4659 Quorum
444 4597 709 4667 propitius
733 4603 983 4670 precibus
1010 4623 1106 4663 nos
1139 4613 1366 4682 reSpice,
1400 4614 1636 4686 Christe,

226 4681 298 4738 Et
327 4698 498 4757 purga
523 4691 814 4748 obscenum
845 4697 1102 4769 quidquid
1132 4681 1308 4760 inesse
1339 4707 1502 4766 vides.

911 4875 998 4932 IV.

147 5027 180 5060 ⁸
197 5033 434 5077 τιτυιῠε
461 5039 672 5082 LIBELLI
697 5043 765 5083 ΔΙ)
789 5047 998 5086 ΑιτΑιιε
1029 5048 1216 5092 SANCTI
1240 5053 1498 5098 STEPHANI
1529 5061 1743 5114 OBLATI,

221 5106 577 5154 SANCTISSIIO
613 5115 680 5154 ετ
719 5115 1118 5161 GLORIOSISSIMO
1156 5125 1369 5167 ALUIINO
1403 5130 1466 5168 AC
1502 5106 1746 5174 annoso

221 5177 436 5220 NOSTBO
474 5183 648 5226 BEATO
675 5187 949 5230 STEPHANO
980 5193 1393 5239 PROTOMARTYBI
1426 5200 1741 5246 DEDICATUS.

143 5315 308 5373 Hunc
336 5318 654 5392 tibi,-prime
680 5325 753 5395 pii
786 5329 938 5385 testis
969 5330 1265 5392 fortissime
1294 5336 1519 5409 Christi,

143 5408 441 5468 Offerimus
467 5417 616 5472 vario
639 5418 946 5477 rutilantem
975 5422 1104 5480 ﬂore
1134 5427 1389 5485 libellum.

141 5502 247 5560 Hic
281 5513 371 5560 tua
399 5509 575 5578 prima
605 5512 769 5568 micat
791 5527 912 5586 post
943 5517 1112 5574 indita
1140 5521 1276 5578 bella
1305 5542 1501 5582 corona
1537 5546 1550 5582 :

217 5671 244 5701 ι
278 5659 493 5744 Titulus
518 5676 607 5750 est
628 5668 800 5750 libelli
831 5671 897 5750 ad
931 5673 1106 5750 altare
1146 5676 1206 5734 S.
1252 5677 1511 5749 Stephani
1543 5684 1734 5750 oblati,

141 5745 342 5823 Pelope
371 5734 422 5786 in
447 5738 744 5823 cathedrali
768 5743 997 5823 ecclesia
1036 5734 1398 5823 Lugdunensi,
1419 5770 1538 5823 qum
1564 5734 1736 5812 beata;

139 5801 329 5883 βελτίω
353 5815 407 5858 et
437 5811 644 5883 sanctis
684 5811 960 5883 Stephano
1005 5825 1060 5872 et
1625 5841 1733 5883 est.

132 5872 197 5933 In
249 5877 546 5949 exemplari
586 5872 902 5951 Petaviano,
950 5903 1018 5944 ex
1048 5872 1289 5955 quodies
1319 5910 1509 5952 versus
1550 5908 1738 5960 noster

1582 421 1883 480 CARMINA
1927 429 2156 490 VARIA.

3390 472 3496 532 258

1839 545 1892 605 Α
1919 543 2107 618 Fulget
2134 551 2301 610 honos
2330 573 2630 632 nomenque
2659 575 2842 638 tuum;
2877 581 2963 630 tua
2990 579 3210 647 praemia
3241 582 3499 646 clamant.

1916 637 2214 698 Gamalihcl
2249 662 2400 702 sacer
2426 652 2512 707 ille
2534 671 2699 713 senex
2731 669 2818 716 tua
2849 666 3060 724 coalitus
3089 685 3210 726 ossa

1914 727 2052 785 Olim
2083 733 2257 804 ignota
2287 740 2400 796 orbi
2433 754 2726 806 reverendo
2757 757 2990 823 publicat
3013 778 3142 830 ore;

1909 822 1989 878 Ac
2019 835 2106 880 tua
2139 831 2402 898 membra,
2436 849 2611 908 pater,
2645 848 2870 904 radianti
2897 854 3072 925 signat
3096 860 3148 914 in
3179 877 3330 927 auro,

1909 913 2224 989 Martyrium
2259 924 2450 982 illustri
2483 933 2721 1004 depingit
2752 941 2882 999 ﬂore
2914 913 3177 1008 rosarum.

1908 1002 1981 1060 Se
2005 1022 2218 1080 quoque
2247 1002 2564 1076 Nichodemi
2591 1028 2931 1103 conjungens'
2949 1050 3095 1096 sorte
3122 1045 3366 1114 nepotis;

1908 1093 1956 1114 ._
2115 1101 2127 1111 .
2172 1102 2182 1113 .
2345 1107 2355 1114 .
2452 1110 2463 1114 -

1905 1093 1960 1148 In
1989 1101 2216 1166 geminis
2239 1107 2355 1160 auri
2384 1110 2611 1170 calathis
2634 1117 2938 1181 albentibus
2961 1128 3136 1188 almus

1903 1185 2090 1246 Prodit
2114 1194 2213 1250 rite
2242 1199 2378 1254 rosis
2407 1206 2548 1260 tenui
2580 1209 2666 1262 vix
2699 1217 2960 1283 sanguine
2985 1222 3164 1281 tinctis
3196 1243 3212 1282 :

1905 1276 2294 1354 Virgineosque
2323 1301 2473 1346 artus
2497 1297 2615 1364 puri
2645 1276 2882 1373 fulgente
2906 1313 3146 1369 canistro

1898 1371 2124 1444 Argenti
2151 1387 2204 1433 et
2234 1384 2410 1438 crocei
2435 1395 2776 1450 commendat
2799 1397 2943 1456 ﬂoris
2965 1406 3149 1462 odore.

2041 1489 2168 1548 Haec
2221 1503 2310 1550 tua
2358 1497 2475 1558 laus
2519 1508 2799 1578 sequitur,
2847 1518 3092 1585 sequitur
3150 1529 3237 1578 tua
3295 1525 3490 1585 ﬂorida

1894 1575 1952 1634 In
1981 1578 2186 1641 Christi
2215 1587 2412 1646 virtute
2439 1575 2628 1664 potens
2652 1601 2853 1669 pietate
2877 1575 3198 1676 redundans,
3268 1615 3486 1690 [virtus,

1893 1672 2100 1731 Gaudia
2131 1678 2265 1737 dans
2292 1687 2523 1753 maestis,
2550 1689 2780 1750 infirmis
2802 1698 2995 1755 robora
3023 1704 3266 1770 reddens,

1892 1767 1960 1823 Et
1984 1770 2116 1827 dura
2137 1775 2237 1830 sub
2265 1788 2436 1834 morte
2458 1783 2594 1839 sitos
2621 1801 2684 1842 ac
2716 1805 2849 1858 pene
2869 1795 3110 1864 sepultos

1893 1857 2204 1918 Restituens
2232 1865 2378 1932 vitae,
2413 1870 2531 1924 vita:
2557 1875 2681 1943 quia
2713 1857 2860 1934 testis
2885 1857 3124 1941 haberis.

1815 1939 1862 1998 Β
1892 1948 1970 2004 Tu
1997 1952 2203 2020 primus
2226 1957 2426 2014 Christi
2455 1939 2660 2020 calcata
2685 1983 2860 2027 morte
2888 1978 3141 2044 perennis

1892 2041 2158 2101 Vexillum
2186 2051 2414 2108 sublime
2443 2055 2642 2126 ferens,
2677 2041 2904 2120 hostilia
2917 2077 3098 2124 castra

1887 2133 2184 2197 Fulmineis
2214 2141 2408 2214 lingua}
2441 2147 2558 2203 telis
2586 2151 2861 2226 signisque
2889 2162 3131 2216 coruscis

1887 2227 2158 2299 Stravisti,
2186 2244 2238 2290 ct
2269 2238 2492 2307 pulchra
2517 2244 2748 2314 palmam
2777 2249 2845 2306 de
2870 2264 3045 2311 morte
3074 2256 3259 2315 tulisti.

1913 2435 1915 2438 p
2028 2366 2104 2423 Te
2125 2372 2370 2441 sequitur
2400 2383 2692 2436 reverenda
2725 2384 2920 2442 cohors
2947 2404 3045 2459 pro
3074 2395 3294 2451 nomine
3324 2411 3480 2454 sacro

1883 2457 2027 2516 Mille
2053 2461 2251 2520 afﬂicta
2283 2469 2473 2534 modis,
2502 2473 2646 2530 mille
2677 2457 3276 2556 illustrata‘triumphis.

1881 2550 2207 2625 Martyrihus
2240 2570 2445 2632 martyr
2475 2573 2528 2617 tn
2554 2581 2742 2623 norma
2771 2579 2827 2625 et
2851 2573 3032 2639 regula
3056 2578 3289 2645 cunctis,

1877 2644 2188 2718 Purpureos
2215 2652 2368 2709 ducis
2389 2671 2595 2713 cuneos
2628 2677 2918 2734 roseasque
2946 2677 3234 2726 catervas:

1877 2738 2118 2806 Quorum
2149 2760 2451 2816 purpureus
2480 2752 2544 2807 de
2573 2757 2837 2826 sanguine
2865 2763 3145 2830 prtemicat
3176 2765 3346 2835 orbis,

1877 2831 2114 2900 Quorum
2145 2835 2412 2909 ﬂorigeris
2440 2843 2760 2917 praefulgent
2788 2858 2933 2905 astra
2961 2856 3197 2922 coronis,

1875 2922 2117 2992 Quorum
2144 2942 2293 2986 casta
2324 2931 2417 2988 Dei
2444 2936 2773 2994 decorantur
2797 2944 2992 3012 templa
3018 2947 3300 3017 sepulcris,

1873 3017 2115 3085 Quorum
2149 3030 2257 3078 tota
2292 3025 2492 3082 micant
2522 3029 2753 3102 insignia
2779 3042 3022 3106 tempora
3054 3037 3226 3108 festis,

1872 3113 2111 3184 Quorum
2143 3129 2335 3176 cuncta
2365 3124 2536 3180 sacris
2564 3126 2764 3183 cedunt
2790 3129 3130 3188 incommoda
3158 3135 3323 3193 votis.

2011 3231 2120 3289 Hos
2141 3248 2298 3292 sacer
2327 3237 2415 3293 ille
2447 3239 2595 3296 videt
2623 3243 2743 3298 cteli
2781 3244 2833 3300 in
2878 3248 3099 3318 regione
3125 3248 3361 3311 Joannes

1796 3310 1840 3374 C
1873 3322 2169 3380 Tantorum
2196 3326 2432 3385 illustres
2459 3342 2583 3403 post
2604 3335 2784 3404 praelia
2818 3310 2967 3395 dura.
2985 3341 3252 3412 laborum,

1873 3415 1975 3469 Dat
1996 3416 2193 3487 quibus
2217 3428 2451 3477 aeternas
2473 3421 2603 3481 felix
2631 3427 2856 3484 victoria
2884 3431 3108 3501 palmas,

1867 3506 2044 3579 Atque
2073 3509 2402 3571 immortales
2431 3517 2566 3572 stola
2593 3521 2824 3578 candida
2847 3526 3049 3594 praebet
3073 3528 3326 3587 amictus.

1867 3596 1984 3653 Non
2011 3600 2096 3656 his
2127 3601 2235 3656 ulla
2269 3614 2428 3675 negat
2453 3622 2549 3663 sua
2580 3609 2819 3667 clemens
2843 3630 3065 3671 munera
3088 3617 3362 3689 Christus,

1866 3689 2014 3758 Quos
2041 3693 2152 3763 ipse
2175 3710 2205 3749 a
2233 3698 2417 3753 mundi
2445 3699 2675 3757 selectos
2704 3713 2851 3759 sorte
2880 3706 3117 3774 diremit,

1865 3783 2238 3859 Plantavitque
2267 3793 2378 3846 Deo
2410 3812 2422 3847 :
2447 3811 2555 3865 quo
2586 3811 2802 3868 semper
2825 3801 3019 3858 robore
3047 3804 3170 3860 Ιίριο

1863 3877 2169 3936 Crescendo
2198 3881 2251 3937 in
2277 3883 2471 3940 caelum
2493 3888 2762 3958 exsiliant,
2795 3891 3112 3966 fructusque
3141 3912 3409 3968 perennes

1866 3966 2092 4024 Pollenti
2123 3972 2327 4030 virtute
2350 3975 2550 4044 ferant,
2579 3987 2634 4035 et
2658 3983 2920 4056 quidquid
2947 3987 3015 4042 ab
3037 3966 3147 4045 alto

1860 4061 2086 4119 Oratum
2115 4066 2358 4136 genitore
2382 4069 2567 4138 velint,
2601 4089 2726 4129 mox
2754 4077 2974 4136 numine
3001 4097 3174 4151 prono

1860 4152 2163 4224 Accipiant,
2196 4159 2542 4232 tribuantque
2571 4165 2677 4236 piis
2705 4185 2718 4220 :
2754 4183 2892 4238 quos
2920 4170 3061 4228 inter
3088 4189 3293 4248 egenus

1860 4245 2079 4301 Censeri
2112 4250 2361 4320 cupiens.
2390 4262 2444 4308 et
2465 4257 2644 4312 cordis
2669 4257 2894 4316 vulnera
2925 4262 3148 4332 deﬂens,

1855 4338 1960 4395 Ista
1992 4350 2230 4398 tremens
2254 4345 2423 4400 cecini
2452 4348 2720 4406 submisso
2749 4361 2991 4423 pectore,
3021 4356 3234 4426 Florus,

1858 4431 1930 4487 Ut
1959 4435 2166 4490 meritis
2193 4437 2326 4490 tanti
2350 4453 2448 4508 per
2473 4439 2751 4498 Christum
2778 4445 2956 4501 salver
2985 4447 3208 4514 alumni,

1854 4521 1922 4576 Et
1945 4538 2230 4593 procerum
2256 4527 2396 4584 votis
2419 4531 2663 4588 absolvat
2688 4548 3103 4606 purpureorum.

1771 4677 1823 4737 Β
1856 4707 2182 4767 Sanctorum
2215 4715 2431 4772 eximiis
2455 4719 2665 4774 meritis
2687 4723 3047 4793 precibusque
3067 4723 3264 4794 beatis,

1859 4796 2097 4866 Quorum
2129 4811 2417 4874 perpetuos
2450 4818 2710 4864 memorat
2741 4810 2878 4866 liber
2913 4812 3012 4867 iste
3041 4813 3360 4886 triumphos,

1855 4889 1954 4956 Da,
1978 4890 2141 4947 Pater
2160 4897 2520 4968 omnipotens,
2545 4902 2780 4968 veniam,
2797 4903 2884 4968 da,
2909 4903 3146 4972 ChriSIe,
3163 4909 3445 4969 medellam

1854 4981 1951 5038 His
1980 4985 2072 5054 qui
2103 4987 2432 5057 supplicibus
2455 4992 2594 5046 votis
2618 5007 2682 5047 ac
2707 5003 2887 5049 mente
2914 4993 3056 5050 fideli

1854 5074 2212 5134 Committunt
2241 5097 2361 5137 sese
2391 5084 2553 5139 tantis
2581 5096 2678 5155 per
2707 5087 2863 5142 saecla
2893 5093 3158 5160 patronis,

1854 5169 1954 5236 Qui
1982 5171 2175 5226 zahulo
2210 5175 2350 5228 victo
2384 5176 2558 5231 rutilis
2590 5193 2754 5249 super
2777 5191 2921 5236 astra
2954 5187 3193 5253 coronis,

1848 5256 2160 5330 Conspicui,
2189 5265 2254 5317 de
2287 5273 2338 5319 te
2361 5265 2621 5338 quidquid
2645 5272 2850 5341 petiere
2874 5288 3172 5333 merentur.

1921 5536 2126 5594 Tardus
2151 5556 2290 5607 sum,
2325 5545 2477 5602 tarde
2499 5549 2593 5603 sed
2624 5549 2718 5606 tibi
2743 5570 2903 5609 nemo
2924 5557 3090 5612 venit.

1848 5697 2115 5777 Acherius
2152 5701 2422 5777 quondam
2455 5705 2689 5764 describi
2739 5712 2967 5777 curavit,
3001 5725 3217 5771 exstant
3256 5716 3436 5774 hiatus

1849 5783 1942 5822 seu
1978 5770 2149 5855 spatia
2177 5787 2348 5854 .vacua
2381 5775 2639 5855 duo,_non
2671 5783 2887 5853 quidem
2913 5770 3013 5855 pro
3040 5770 3303 5849 versibus,
3338 5787 3432 5844 sed

1849 5855 1947 5909 pro
1973 5841 2141 5899 titulis
2176 5842 2584 5908 interserendis.
