3970 6306
578 289 683 348 ΞΜ

577 409 794 480 Longus
823 406 1111 479 praeteritis
1135 406 1305 462 tenuit
1332 420 1431 461 nos
1456 418 1612 461 error
1632 404 1700 459 ab
1728 402 1902 468 annis,
1932 420 1937 431 '

648 498 892 556 Sufﬁciat
913 499 1127 554 meritis
1152 499 1267 554 haec
1291 512 1419 570 rogo
1443 510 1603 568 ptena
1634 496 1787 552 meis.

580 592 703 650 Vita
725 589 907 646 brevis
931 598 1198 661 superest,
1230 590 1284 644 in
1322 600 1550 645 mortem
1580 597 1636 644 et
1654 588 1876 660 pronior
1896 598 2027 646 aetas
2057 609 2069 645 :

648 683 765 741 lam
788 696 1017 756 peccare
1038 696 1201 739 senex
1224 695 1453 753 nequeo,
1491 682 1615 737 nolo
1641 690 1784 737 tuus.

1342 812 1406 870 ν.

1101 920 1127 951 ⁸
1156 921 1356 965 VERSUS
1384 922 1619 965 EIUSDEM
1631 946 1643 962 ο

653 1018 753 1077 Ubi
776 1037 894 1077 ossa
923 1019 984 1078 S.
1012 1018 1264 1094 Cypriani
1296 1020 1542 1094 Lugduni
1571 1021 1781 1077 condita
1814 1022 2073 1078 habentur

580 1133 695 1190 "ac
723 1132 960 1204 locuples
984 1132 1182 1190 Christi
1209 1134 1498 1190 thesaurus
1524 1133 1776 1190 conditur
1802 1149 1951 1201 arca,

577 1223 771 1279 Purior
793 1231 1037 1297 argento,
1069 1222 1214 1280 fulvo
1241 1224 1531 1297 pretiosior
1559 1239 1719 1293 auro,

577 1315 787 1373 Clarior
813 1296 878 1373 et
895 1325 1087 1372 cuncta
1109 1296 1443 1389 gemmarum
1473 1316 1593 1373 luce
1623 1318 1942 1374 micantum.

579 1406 679 1463 llic
701 1421 897 1479 nempe
926 1406 1124 1479 insigni
1148 1407 1341 1463 doctor
1369 1408 1725 1487 suavissimus
1750 1424 1868 1473 ore,

579 1498 825 1555 Eximius
843 1499 1064 1571 praesul,
1089 1508 1294 1572 martyr
1315 1499 1703 1557 celeberrimus
1727 1500 1891 1571 idem,

578 1589 797 1649 Lucifer
818 1600 877 1646 ut
898 1591 1101 1647 nitidus
1130 1605 1321 1664 magna
1349 1592 1680 1665 Carthagine
1708 1594 1907 1651 missus

579 1683 807 1745 Emicat,
841 1692 897 1741 et
920 1685 1147 1757 pulchra
1167 1686 1473 1759 Cyprianus
1500 1696 1647 1743 sorte
1670 1688 1923 1758 quiescit.

578 1776 807 1831 Additur
841 1776 967 1833 huic
989 1778 1264 1850 geminum
1292 1778 1521 1834 radianti
1536 1768 1749 1835 lumine
1773 1778 1942 1846 sidus,

581 1865 841 1936 Sporatus
871 1876 1074 1940 martyr
1102 1883 1225 1925 cum
1261 1877 1498 1943 martyre
1525 1870 1877 1939 Pantaleone,

579 1954 746 2025 Cujus
767 1972 889 2012 cum
912 1959 1088 2030 capite
1113 1959 1203 2016 hic
1227 1960 1432 2031 pollent
1453 1976 1609 2018 sacra
1642 1977 1769 2019 ossa
1795 1962 2061 2036 priorum.

581 2048 729 2118 Quos
751 2049 957 2120 pariter
981 2048 1176 2107 Carolo
1196 2050 1534 2109 Francorum
1556 2054 1803 2127 principe
1823 2054 2067 2129 gaudens

581 2139 752 2197 Gallia
785 2143 1037 2214 suscepit,
1067 2144 1286 2219 Libycis
1314 2147 1483 2204 ditata
1511 2148 1751 2206 talentis.

584 2235 695 2293 llos
724 2235 892 2308 igitur
918 2237 1076 2295 nobis
1102 2240 1279 2297 oratio
1307 2238 1411 2297 lida
1433 2250 1693 2313 patronos
1828 2300 1831 2303 ,

585 2326 815 2396 Elliciat,
846 2329 1065 2389 Christo
1085 2340 1146 2389 ut
1166 2333 1320 2391 caelis
1341 2335 1593 2392 veniente
1615 2336 1876 2405 coruscis,

585 2420 1020 2498 Martyrihusque
1044 2425 1160 2483 suis
1184 2427 1488 2485 diademata
1511 2429 1657 2486 clara
1681 2428 1936 2501 ferente,

584 2514 826 2587 Ipsorum
854 2517 1062 2576 meritis
1090 2518 1183 2576 lux
1209 2534 1310 2578 nos
1327 2529 1531 2579 aeterna
1551 2529 1812 2594 receptet.

1335 2655 1423 2713 VI.

1107 2747 1138 2789 ιι
1169 2762 1400 2805 rrruws
1424 2762 1647 2805 ABSIDE.

586 2854 914 2928 Martyribus
943 2855 1131 2914 subter
1158 2856 1483 2915 venerabilis
1505 2843 1704 2917 emicat
1733 2858 1853 2916 aula
1881 2876 1895 2916 :

587 2946 914 3022 Martyrihus
940 2964 1103 3021 supra
1131 2950 1383 3008 Christus
1412 2967 1509 3010 rex
1543 2954 1797 3026 praesidet
1827 2953 1988 3011 altus.

584 3040 954 3100 Circumstant
974 3044 1129 3101 miris
1153 3044 1407 3101 animalia
1433 3046 1661 3119 mystica
1688 3045 1897 3113 formis,

588 3133 757 3191 Nocte
782 3133 975 3207 dieque
995 3135 1211 3209 hymnis
1238 3138 1440 3193 trinum
1462 3137 1816 3195 inclamantia
1840 3154 2065 3197 numen.

586 3225 782 3280 Adstat
803 3225 1132 3297 apostolicus
1159 3228 1364 3298 pariter
1383 3227 1584 3285 chorus
1611 3243 1707 3285 ore
1732 3242 1980 3295 corusco,

586 3314 722 3370 Cum
756 3312 976 3372 Christo
1002 3316 1255 3373 adveniet
1275 3327 1427 3375 certo
1447 3319 1541 3390 qui
1576 3328 1816 3391 tempore
1843 3318 2027 3390 iudex.

588 3405 828 3479 Vivaque
850 3407 1181 3477 Hierusales,
1205 3424 1346 3481 agno
1371 3411 1676 3468 illustrante
1703 3412 1997 3487 refulgens,

589 3501 832 3567 Quatuor
859 3517 969 3558 uno
991 3502 1164 3575 agitat
1191 3504 1427 3575 paradisi
1455 3504 1675 3561 flumina
1707 3502 1875 3563 fonte.

584 3591 908 3665 Pignoribus
934 3594 1109 3652 sacris
1136 3594 1315 3653 clerus
1339 3596 1578 3668 Baptista
1603 3595 1840 3655 Joannes

584 3685 770 3744 Altare
797 3688 1054 3758 illustrat,
1085 3690 1366 3762 poscentia
1385 3699 1606 3764 pectora
1640 3700 1853 3767 purgat.

910 3848 1310 3950 memmi
1347 3850 1810 3916 ADMONITIO

1340 3970 1423 4014 DE

731 4065 1151 4128 CARMINIBUS
1177 4069 1489 4128 PROXIME
1525 4070 2028 4141 SEQUENTIBUS.

657 4174 791 4257 Qua:
820 4177 904 4233 hic
922 4179 1113 4257 damus
1168 4184 1406 4257 carmina
1453 4202 1519 4239 ea:
1558 4197 1848 4257 pervetusto
1876 4189 2053 4244 codice
2074 4188 2170 4244 Bi-

581 4248 794 4319 gotiano
819 4249 1074 4317 eruimus,
1120 4252 1273 4319 cujus
1297 4248 1571 4311 character
1598 4259 1668 4310 ad
1694 4260 1926 4313 auctoris
1963 4270 2169 4316 a’tatem

582 4318 830 4376 accedere
872 4320 1101 4377 ridetur.
1138 4318 1273 4379 Ηιεο
1306 4334 1490 4380 autem
1521 4329 1726 4383 tametsi
1770 4330 1903 4384 tanti
1935 4346 2039 4384 non
2063 4333 2169 4388 sint

579 4390 867 4472 momenti}.
909 4392 1355 4472 mininie_tqmen
1403 4399 1861 4472 suntspernenda,
1908 4402 2169 4472 praecipue

579 4469 756 4514 autem
783 4461 1106 4586 e‘p‘ilqramma
1137 4465 1190 4519 in
1212 4463 1403 4521 librum
1438 4461 1796 4523 Homiliarum
1826 4461 1986 4526 totius
2016 4461 2142 4529 anni

579 4545 644 4585 ea:
659 4546 764 4586 auo
788 4533 844 4586 αἱ
883 4533 1070 4586 icimus
1097 4551 1253 4586 (mam
1275 4548 1443 4586 unum
1473 4548 1582 4586 tum
1609 4550 1905 4586 sanctarum
1934 4542 2062 4586 facta
2084 4561 2142 4586 m

575 4545 644 4585 ιε
659 4546 764 4587 auo
788 4545 896 4586 didi

577 4547 644 4585 ea:
659 4547 764 4603 quo
788 4547 1070 4589 atatctmus
1097 4551 1253 4607 quam
1273 4548 1443 4607 pauca
1473 4548 1582 4591 tum
1609 4550 1905 4595 sanctorum
1930 4547 2062 4611 festa
2084 4561 2160 4599 ce-

577 4598 925 4682 lebrarentur,
954 4609 1678 4682 ha_ut-pro_prium_haberent
1730 4612 1972 4682 oﬁicium.
2018 4614 2160 4670 Nam

577 4681 769 4752 praeter
786 4673 920 4752 festa
944 4672 1352 4752 SS._S't5pI_ia_ni,
1381 4678 1607 4752 Joannis
1625 4672 1974 4752 cvana'elistw,
1998 4683 2164 4741 Inno-

578 4744 824 4821 centium,
871 4744 1098 4821 Joannis
1124 4744 1402 4821 Baptisttr,
1437 4746 1582 4804 Petri
1608 4744 1888 4821 etvPauli,
1942 4744 2165 4811 Macha-

580 4812 882 4891 lftugrumct
911 4816 1157 4891 Andriam,
1203 4812 1295 4891 qui
1342 4812 1516 4874 locum
1543 4821 1597 4876 iu
1648 4812 2161 4883 Ilomitirirumlibro

578 4880 860 4959 habebant,
882 4886 1056 4959 siqua
1081 4880 1601 4959 forte'occurrebant,
1633 4904 1780 4949 (τινα
1808 4880 2160 4953 communium

579 4948 796 5009 classem
822 4948 1042 5031 ofﬁcium
1071 4948 1175 5019 non
1199 4960 1482 5020 habebant.

1324 5056 1391 5117 .1.

1004 5179 1055 5219 IN
1090 5180 1426 5227 EVANGELIUM
1467 5188 1748 5231 ΝΑΤΊἫΑΕΙ.

649 5271 867 5332 Primus
893 5279 1186 5351 evangelici
1217 5285 1439 5357 scripsit
1464 5289 1723 5361 mysteria
1755 5290 1907 5361 regni
1952 5285 1956 5291 ’

582 5363 865 5423 Malthmus
892 5381 962 5425 ex
993 5370 1192 5429 telonio
1226 5377 1292 5431 ad
1318 5378 1442 5434 οωιί
1468 5378 1617 5436 lucra
1646 5389 1889 5437 vocatus.

632 5479 1169 5572 :Petranslatioue
1208 5492 1561 5572 reliquiarum
1604 5498 1777 5553 sancti
1822 5496 2080 5572 Cypriani
2107 5510 2163 5558 et

576 5549 816 5641 aliorum.
837 5555 888 5611 in
920 5561 1206 5641 ecclesiam
1222 5570 1225 5577 '
1242 5549 1957 5641 Lugdunensemvtempdtfe

1030 5718 1045 5721 Α
1059 5649 1246 5721 versus
1267 5621 1537 5721 .Ag'p'hardi
1560 5621 2158 5721 prgesulisrllugdunen:

576 5694 675 5757 Bis.
703 5704 755 5753 et
784 5694 1091 5758 ClironicOIi
1116 5694 1669 5765 Adonis/Viennensis

645 5767 675 5829 Ρ
704 5765 803 5847 Hic
832 5771 1161 5844 describitur
1191 5775 1380 5841 altaris
1408 5779 1620 5867 priscus
1660 5794 1952 5865 apparatus
1982 5787 2034 5855 in
2066 5801 2157 5853 ec.

902 4533 1070 4589 cimus
1097 4551 1253 4607 quam
1273 4548 1449 4611 pauca
1473 4548 1582 4611 tum
1609 4550 1905 4595 sanctorum
1930 4542 2062 4611 festa
2084 4512 2167 4599 ι·ὔεί
2198 4521 2247 4581 Ῑ)

1685 285 1887 344 rLonI
1928 281 2199 342 macom
2233 279 2719 341 LUGDUNENSIS
3719 283 3791 341 ιω

2192 402 2240 463 Α
2268 396 2396 454 Haec
2423 403 2586 452 canat
2612 395 2787 451 almus
2818 409 2995 460 amor,
3031 395 3145 450 haec
3172 394 3314 453 dulei
3336 410 3473 451 voce
3503 396 3720 454 resultet.

2339 488 2592 544 Nascitur
2626 487 2679 543 in
2701 486 2980 544 Bethleem
3026 495 3217 544 sancta
3243 487 3309 544 de
3331 488 3557 560 Virgine
3580 488 3795 562 Cluistns,

2268 566 2550 637 Advenere
2581 578 2720 652 Magi
2740 579 2951 635 cmlesti
2980 579 3158 636 sidere
3184 582 3350 636 ducti.

2266 670 2465 741 Ioseph
2488 658 2612 727 cum
2635 686 2804 742 puero
2824 670 3118 744 Egyptum
3141 672 3377 744 migrare
3392 671 3629 743 jubetur.

2338 762 2633 820 Caeduntur
2664 764 2820 836 pueri
2848 767 2992 838 regis
3019 766 3190 823 livore
3214 770 3449 826 cruenti.

2266 852 2424 911 Jesus
2451 856 2518 912 ab
2541 854 2779 930 [Egypto
2807 856 3076 915 Nazareth
3105 870 3393 916 revocatur
3418 864 3472 917 in
3506 863 3693 921 urbem.

2267 945 2504 1005 Joannes
2526 948 2751 1021 populos
2775 949 3207 1023 tingitJordauis
3241 953 3293 1009 in
3324 956 3533 1011 undis.

2342 1039 2581 1111 Suscipit
2603 1049 2656 1097 et
2678 1040 2927 1099 Christus
2953 1043 3173 1100 humilis
3206 1044 3480 1117 baptisma
3507 1047 3724 1106 Jnaunis.

2267 1130 2398 1188 Inde
2421 1139 2612 1202 quater
2640 1132 2794 1189 denis
2816 1131 3073 1205 jejunans
3102 1134 3217 1207 ipse
3246 1137 3459 1199 diebus.
3500 1182 3509 1196 .

2270 1222 2534 1280 Teutalus
2562 1214 2737 1280 zabuli
2760 1224 2931 1282 vincit
2956 1226 3237 1284 molimina
3263 1230 3392 1286 diri.

2340 1314 2619 1374 Piscantes
2668 1316 2915 1386 Petrum,
2976 1319 3265 1377 Andrazam
3295 1363 3311 1389 ,
3372 1321 3630 1380 Jocohum
3686 1336 3801 1398 atque

3579 1419 3801 1493 [festinem

2270 1504 2493 1561 Evocat.
2526 1504 2605 1561 llli
2630 1504 2789 1562 almis
2812 1516 3010 1579 parent
3045 1524 3172 1565 mox
3192 1510 3381 1568 sedule
3402 1513 3573 1584 jussis
3603 1533 3616 1568 :

2271 1598 2498 1655 Retibus
2526 1599 2771 1670 abiectis,
2800 1610 2857 1657 et
2888 1603 3109 1659 navi'et
3133 1612 3291 1675 patre
3317 1606 3548 1663 relictis.

2342 1691 2440 1750 His
2466 1692 2557 1749 ille
2591 1695 2885 1767 assumptis
2911 1694 3190 1753 Galilaeam
3215 1697 3418 1754 circuit
3451 1714 3675 1763 omnem,

2170 1774 2245 1838 ’Β
2270 1787 2351 1844 Ac
2376 1788 2557 1845 varios
2581 1788 2866 1845 hominum
2896 1787 3189 1862 languores
3214 1799 3373 1848 curat
3417 1792 3612 1864 ubique
3631 1834 3644 1858 ,

2276 1864 2579 1951 Discipulos
2603 1879 2858 1936 mandata
2887 1880 3063 1947 docet,
3094 1882 3188 1938 dat
3201 1880 3325 1953 jura
3350 1884 3548 1941 beatis.

2346 1968 2637 2044 Sanguinis
2657 1971 2813 2029 effusi
2846 1971 3121 2033 vitandam
3148 1975 3412 2035 admonet
3442 1977 3598 2035 iram.

2275 2063 2499 2121 Munera
2524 2074 2677 2137 grata
2710 2064 2842 2133 Deo,
2865 2065 3164 2125 fraternam
3189 2068 3425 2127 reddere
3448 2085 3663 2143 pacem,

2276 2155 2564 2215 Moechiam
2591 2158 2772 2216 cordis
2793 2156 3106 2233 fugiendam
3136 2168 3361 2233 pectore
3390 2171 3563 2220 casto.

2346 2238 2614 2306 Seandala
2637 2250 2681 2306 si
2710 2258 2971 2323 geuerent
2991 2250 3137 2309 oculi
3150 2254 3247 2325 qui
3272 2268 3431 2313 more
3458 2254 3692 2319 coluntur

2275 2342 2404 2400 Sive
2433 2357 2627 2419 manus
2657 2343 2861 2400 dextrae
2886 2344 3027 2416 pulsi
3049 2345 3238 2417 procul
3267 2346 3346 2404 ire
3367 2345 3641 2418 iubentur.

2276 2435 2506 2510 Semper
2530 2450 2668 2493 nexa
2700 2438 2822 2494 viro
2847 2432 2953 2495 nisi
2970 2442 3181 2496 constet
3203 2439 3452 2497 adultera
3474 2438 3674 2515 coniux.

2377 2539 2660 2587 uramenta
2685 2538 2851 2598 vetat,
2872 2532 3003 2605 quia
3028 2540 3154 2589 sunt
3186 2532 3430 2607 perjuria
3455 2532 3605 2604 iuxta
3622 2553 3642 2592 ς

2275 2623 2374 2680 Est
2391 2631 2446 2680 et
2471 2621 2587 2681 Non
2612 2626 2802 2682 statuit
2828 2626 3007 2685 veraci
3035 2641 3169 2685 voce
3190 2628 3511 2697 tenendum.

2275 2713 2457 2771 Altera
2477 2715 2704 2773 caedenti
2736 2716 2895 2773 detur
2921 2718 3140 2775 maxilla
3169 2718 3429 2781 libenter.

2266 2872 2271 2875 ν
2347 2805 2416 2862 Et
2446 2808 2569 2878 pius
2616 2807 2792 2866 almus
2817 2824 2971 2867 amor
2999 2811 3251 2870 inimicos
3272 2811 3469 2885 diligat
3487 2815 3644 2887 ipsos,

2278 2898 2351 2957 Ut
2379 2898 2599 2972 pietatis
2617 2915 2751 2972 opus
2779 2901 2896 2959 sine
2920 2902 3053 2959 laeva
3081 2904 3302 2985 dextera
3327 2906 3546 2974 reddat,

2279 2989 2458 3063 thue
2482 2990 2700 3063 placere
2717 2991 2868 3049 Patri
2890 2995 3073 3067 cupiat
3102 2996 3280 3054 oratio
3305 2996 3434 3054 soli.

2351 3085 2424 3144 Ut
2443 3101 2598 3145 mens
2620 3089 2820 3145 munda
2852 3088 2963 3147 Deo
2989 3088 3198 3162 jejunia
3223 3091 3345 3149 laeta
3377 3094 3684 3167 frequentet,

2202 3147 2249 3212 ί)
2279 3177 2391 3236 Nec
2417 3174 2555 3236 facie
2577 3180 2716 3238 tristi
2746 3180 2961 3239 laudem
2985 3147 3555 3255 pe'tatillacaducajui;

2280 3268 2620 3328 Thesaurum
2649 3271 2790 3330 coelo
2815 3276 3158 3334 condendam
3184 3262 3273 3333 fur
3300 3279 3399 3336 ubi
3425 3279 3613 3337 nullus.

2349 3363 2609 3437 Corporis
2637 3363 2938 3425 esfoculus
2958 3369 3140 3442 operis
3173 3370 3407 3430 intentio
3430 3372 3663 3446 simplex.

2278 3454 2406 3513 Haec
2424 3455 2469 3513 si
2494 3471 2630 3528 pura
2658 3457 2823 3531 viget,
2846 3468 2989 3517 totos
3023 3460 3299 3521 illuminat
3318 3473 3492 3531 artus,

2276 3544 2390 3605 Nec
2411 3549 2700 3607 tenebrosa
2729 3550 2877 3619 fient,
2910 3567 3034 3627 quae
3058 3554 3195 3613 lucis
3223 3570 3415 3615 amore
3443 3556 3698 3632 geru‘ntur.

2348 3637 2563 3697 Nullum
2589 3656 2750 3714 posse
2768 3659 2921 3718 neque
2941 3647 3176 3707 dominis
3200 3651 3409 3709 servire
3441 3653 3653 3717 duobm

2276 3733 2390 3793 Nec
2416 3751 2682 3794 mamonae
2701 3747 2865 3811 atque
2890 3742 3001 3800 Deo
3025 3744 3198 3800 divisa
3225 3754 3413 3803 mente
3440 3747 3668 3819 placere;

2275 3823 2559 3886 Pellendas
2579 3831 2761 3889 animo
2791 3848 2954 3890 curas
2972 3843 3029 3891 et
3052 3836 3221 3893 vestis
3239 3845 3297 3894 et
3316 3854 3483 3896 escae.

2349 3919 2405 3976 Si
2429 3920 2680 3980 volucres
2702 3924 2825 3981 coeli
2849 3928 3027 3998 pascit
3053 3928 3328 4000 opulentia
3355 3930 3556 3995 Patris,

2276 4012 2566 4086 Molliaque
2596 4016 2805 4075 auleolo
2825 4019 3068 4094 depingit
3094 4021 3207 4078 lilia
3231 4022 3366 4080 flore
3384 4066 3398 4091 ,

2275 4106 2502 4176 Quando
2523 4110 2634 4165 suis
2658 4127 2895 4183 unquam
2924 4115 3068 4172 natis
3091 4116 3179 4187 pia
3207 4115 3351 4173 dona
3383 4117 3634 4191 negabit?

2348 4199 2692 4277 Quapropter
2720 4218 2817 4259 sua
2840 4206 3037 4277 cuique
3061 4209 3198 4265 satis
3223 4210 3298 4265 sit
3321 4227 3456 4268 cura
3491 4212 3621 4275 dici,

2274 4288 2526 4347 Crastina
2548 4308 2653 4349 non
2679 4297 2947 4367 crucient,
2978 4300 3106 4370 quia
3133 4310 3261 4357 sunt
3287 4302 3497 4360 incerta
3518 4300 3724 4359 caducis.

2273 4382 2487 4441 Justitia
2513 4394 2599 4442 est
2618 4391 2908 4459 qumrenda
2928 4392 3047 4459 hei,
3070 4394 3277 4467 reliqua
3302 4397 3449 4455 ultro
3466 4398 3719 4454 dabuntur.

2347 4475 2571 4535 Occulta
2593 4478 2818 4538 alterius
2846 4484 3066 4542 damnet
3082 4502 3145 4544 se
3157 4488 3340 4557 judice
3363 4504 3524 4560 nemo
3540 4534 3553 4556 ,

2271 4574 2350 4630 Ex
2372 4574 2530 4631 oculo
2556 4575 2744 4634 fratris
2778 4577 3043 4636 festucam
3069 4581 3301 4639 educere
3327 4598 3571 4654 quaerens
3589 4622 3603 4648 ,

2270 4664 2390 4737 Ipse
2422 4667 2575 4737 prius
2595 4668 2818 4739 proprio
2837 4670 3002 4740 pellat
3026 4657 3093 4726 de
3121 4670 3323 4729 lumine
3348 4674 3573 4744 tignum.

2341 4757 2422 4813 Ira
2451 4767 2660 4815 vetusta
2686 4761 2876 4828 trahit,
2902 4761 3075 4818 levior
3102 4762 3310 4820 festuca
3338 4773 3574 4822 notatur.

2268 4848 2471 4922 Purget
2494 4851 2563 4907 ab
2588 4852 2669 4907 ira
2707 4852 2946 4909 animum
2970 4855 3064 4926 qui
3088 4855 3203 4911 vult
3226 4856 3428 4928 pietate
3454 4857 3660 4915 mederi.

2269 4940 2473 5014 Nempe
2501 4944 2625 5001 odio
2642 4944 2947 5003 exstinctus
2969 4947 3047 5003 nil
3069 4957 3279 5005 rectum
3305 4951 3478 5007 cernit
3497 4947 3693 5006 ocellus.

2344 5035 2422 5092 Ne
2442 5037 2795 5111 margaritam
2821 5039 3136 5097 calcandam
3168 5057 3443 5114 exponere
3479 5042 3642 5117 porcis

2272 5126 2404 5198 Quis
2423 5129 2573 5197 velit,
2604 5138 2697 5186 aut
2718 5140 2964 5190 sanctum
3008 5133 3233 5192 canibus
3272 5136 3404 5194 dare
3432 5127 3786 5194 dilacerandum.

2271 5222 2488 5282 Milibus
2519 5235 2575 5282 et
2599 5228 2812 5284 mundis
2834 5239 3063 5301 prosunt
3092 5232 3349 5305 mysteria
3375 5232 3540 5306 pacis.

2343 5317 2585 5377 Postulet
2618 5319 2759 5376 alma
2783 5320 2936 5389 fides,
2961 5331 3021 5379 ut
3038 5326 3214 5395 possit
3240 5316 3461 5383 sumere
3482 5326 3629 5381 dona.

2271 5409 2490 5481 Quaerat
2510 5428 2663 5469 amor
2687 5413 2900 5483 sitiens,
2934 5425 3138 5474 utmox
3164 5427 3349 5489 optata
3380 5419 3622 5490 reportet.

2268 5524 2447 5605 clesia;
2486 5526 3019 5605 absida__existentis,
3067 5531 3141 5605 ita
3172 5539 3232 5605 ut
3264 5542 3573 5605 martyrum
3604 5516 3785 5605 reliquff

2269 5599 2368 5670 sub
2396 5598 2567 5670 altare
2609 5585 3027 5668 collocarentur;
3069 5585 3528 5660 ’chr’i’snEEiﬁce
3564 5585 3785 5670 petjdﬂﬁi‘

2267 5667 2442 5752 elligie
2477 5673 2727 5752 superius
2755 5682 2936 5752 erecta
2947 5714 2978 5752 ,_
3004 5658 3273 5752 pendente
3308 5658 3362 5736 in
3388 5658 3783 5752 vascul'tinﬂuchtv

2269 5739 2454 5802 ristiae.
2474 5739 2788 5805 sanctorum
2818 5739 3145 5827 imaginibus
3171 5747 3379 5813 circum
3407 5739 3662 5839 αρροβδῑίεε
