3970 6306
151 309 260 372 θοι
536 342 567 379 ,ε-
1493 305 1666 363 CARN

1861 306 2074 365 VARIA.
3323 311 3434 369 26!

149 433 346 495 Pulset
365 444 500 502 opus
527 427 871 499 studiumque
899 425 1067 499 pium,
1096 434 1209 482 tum
1244 423 1425 480 clausa
1468 424 1750 495 patebunt.
1781 427 1829 489 Α
1858 423 1992 481 Esse
2020 425 2123 481 sibi
2148 434 2371 493 matres,
2403 424 2489 481 vel
2523 424 2744 492 fratres,
2776 434 2939 499 atque
2957 440 3209 497 sorores,

235 543 449 603 Vitandi
475 554 693 614 semper
716 536 837 596 falsi
864 535 1295 608 exsecrandique
1324 537 1627 609 prophetae,
1859 514 1969 614 “of
1999 524 2206 614 “illum
2254 517 2516 614 θβηοδθῖιν
2562 518 2662 614 Δ(Ιυί
2720 516 2899 575 Patris
2936 515 3089 614 Ῐυεεθ
3123 535 3255 593 seq“
3269 532 3439 582 1M"?-

152 638 311 707 Quos
332 635 434 692 sub
457 606 611 707 ρθιιέ
623 631 807 688 ovium
833 628 1014 685 rabies
1044 627 1157 700 agit
1184 606 1303 683 atra
1326 606 1609 699 luporum;

1927 606 2226 665 Parabolas
2248 608 2431 680 plures
2459 609 2612 666 vario
2637 625 2891 667 sermone
2920 611 3167 684 profatur
3187 654 3202 675 ,

155 697 518 787 Sacramenta
539 725 723 782 ferunt
744 723 891 790 ﬁdei,
919 722 1015 779 sed
1043 697 1469 777 funere'vivunt.

1861 697 2079 755 Secreta
2105 707 2361 756 eructans
2380 699 2645 757 absconsa
2675 701 2743 756 ah
2774 701 2984 772 origine
3003 703 3213 769 mundi,

1859 787 2011 846 Vatis
2042 798 2098 846 et
2120 791 2328 862 antiqui
2366 790 2644 862 complens
2669 807 2826 848 sacro
2847 793 3037 850 ordine
3065 794 3239 852 dicta.‘

1925 880 2231 955 Agricolam
2266 883 2421 954 ponit
2446 883 2642 955 triplici
2666 883 2759 956 qui
2789 884 2942 956 fruge
2970 885 3311 954 redundans,

1858 973 2151 1031 Tricenum
2179 988 2250 1031 ex
2287 973 2447 1031 cultis
2467 973 2707 1031 fructum
2733 976 2977 1047 percepit
3001 977 3070 1033 ab
3098 977 3264 1048 agris.

1858 1064 2146 1138 Sexageno
2173 1066 2337 1121 etiam
2381 1073 2672 1122 centenum
2703 1081 3019 1124 accrescere
3038 1067 3299 1139 gaudens.

231 839 577 918 Edilieanda
606 837 799 895 domus
818 849 962 894 veras
982 832 1295 891 fundamine
1321 842 1492 906 petra:
1518 848 1533 889 :

157 934 303 993 Dum
329 929 518 1010 procul
545 929 722 1005 omnis
738 929 942 1005 humus
972 925 1138 983 fundo
1157 934 1422 1000 purgatur
1447 926 1515 983 ab
1553 925 1683 991 imo,

154 1027 244 1085 Ae
261 1026 465 1100 pietate
492 1021 662 1094 proba
686 1020 888 1078 Christi
920 1020 1174 1076 mandata
1201 1027 1467 1092 geruntur
1489 1060 1505 1085 ,

236 1136 530 1196 Vitandum
550 1148 776 1209 prorsus
801 1132 960 1190 ﬂuxae
980 1129 1275 1200 fundamen
1307 1144 1517 1197 arenae,

158 1227 247 1285 Ne
274 1226 467 1285 leviter
488 1224 723 1299 positam
750 1221 852 1280 sub
868 1222 1023 1279 intus
1050 1230 1175 1279 ruat
1199 1221 1431 1294 impetus
1453 1219 1649 1290 aedem,

161 1318 263 1375 Sic
287 1316 512 1375 immota
543 1314 772 1391 imbres,
794 1320 1007 1381 ventos,
1029 1321 1086 1370 et
1104 1311 1329 1369 ﬂumina
1362 1320 1589 1368 temnet.

1931 1156 2009 1213 De
2034 1156 2166 1214 lolio
2184 1157 2402 1215 munda:
2424 1158 2594 1227 segeti
2620 1158 2764 1229 quod
2792 1167 3062 1229 sparserat
3086 1159 3281 1235 hostis,

1859 1247 1939 1306 De
1965 1264 2135 1322 grano
2164 1249 2375 1306 minimi
2403 1248 2515 1307 late
2542 1256 2826 1308 crescente
2845 1252 3069 1324 sinapis,

1861 1339 1938 1397 De
1961 1337 2230 1399 fermento
2252 1341 2417 1398 etiam
2443 1356 2554 1414 quo
2577 1342 2687 1398 vim
2715 1343 2887 1399 trahit
2913 1344 3152 1417 undique
3173 1360 3373 1406 massa.
3490 1372 3503 1381 ε

239 1426 476 1520 Caligosi
500 1426 704 1484 imbres
727 1439 975 1520 errorum
1004 1426 1149 1482 nube
1171 1425 1459 1497 pluuntur,
1484 1515 1519 1520 ῃ
1932 1428 2222 1504 Discipulis
2240 1431 2351 1489 lolii
2380 1433 2691 1506 segetisque
2714 1434 3003 1508 aenigmata
3025 1436 3207 1495 solvit.
3467 1425 3479 1520 ί

163 1517 331 1576 Venti
354 1516 685 1574 alternantes
705 1517 936 1588 adversa
963 1525 1019 1573 et
1046 1530 1309 1589 prospera
1336 1515 1543 1572 mundi.
1862 1522 2184 1581 Parabolam
2207 1525 2391 1582 subdit
2417 1526 2783 1584 thesaurisare
2811 1526 3029 1586 latentis
3046 1570 3063 1599 ,

164 1609 335 1684 Repit
357 1609 524 1666 humo
543 1614 605 1666 ut
627 1606 823 1665 ﬂuvius
848 1608 1033 1665 carnis
1057 1607 1316 1664 lutulenta
1348 1606 1617 1679 voluptas.
1712 1628 1715 1633 ·
1865 1614 2170 1687 Margaritae
2187 1616 2353 1674 etiam
2376 1618 2615 1689 pretio'sa
2636 1618 2758 1676 luce
2781 1620 3056 1679 micantis.

244 1722 404 1783 ,ιραιε
427 1722 555 1782 nem
576 1722 803 1781 munda;
827 1723 1161 1781 descendens
1188 1732 1370 1782 manu,
1396 1725 1687 1798 leprosum,
1795 1796 1821 1798 ᾗ
1936 1708 2005 1764 Et
2040 1709 2192 1767 missi
2219 1710 2276 1767 in
2297 1711 2524 1784 pelagus
2551 1713 2684 1795 retis
2710 1727 2881 1787 genus
2901 1730 3064 1774 onme
3099 1726 3383 1777 natantum

168 1817 232 1877 Si
259 1816 367 1884 vis,
396 1814 487 1872 ille
517 1814 717 1888 inquit,
754 1822 911 1888 potes
937 1824 992 1871 et
1019 1814 1154 1871 mihi
1183 1814 1328 1872 ferre
1355 1796 1641 1873 medelam.
1791 1796 1841 1859 Β
1867 1799 2025 1870 Ωιιθά
2052 1801 2222 1857 "ab"
2245 1802 2313 1857 ad
2344 1801 2516 1869 Ῑίιῐυεν
2540 1801 2629 1859 “bi
2655 1803 2718 1859 ﬁt
2738 1804 2998 1862 ἀίεονθιίο
3022 1807 3218 1877 δοιθνευ

168 1910 291 1979 ille,
309 1907 454 1975 volo,
478 1914 540 1964 ut
567 1904 725 1975 dixit,
750 1903 886 1980 fugit
919 1905 1065 1964 illico
1088 1905 1264 1963 lurida
1290 1907 1481 1978 pestis.

1866 1891 2009 1949 Vasa
2037 1891 2210 1948 bonos
2236 1893 2477 1964 capiunt,
2509 1894 2753 1950 diversos
2773 1896 3168 1967 proiicit'usus.
3238 1948 3246 1965 ,

243 2017 487 2094 Paralysi
515 2015 740 2084 fessum,
767 2032 997 2092 puerum
1023 2032 1239 2092 quoque
1264 2018 1600 2077 centurionis
1618 2059 1634 2087 ,
1869 1982 2887 2094 Ρθβξίδίθ
2914 1986 3176 2094 ξρθῗηέεν

171 2073 491 2171 Βι-εᾶὦὼ
511 2073 1443 2181 Ρέιῆπιέιὶιᾷιῖὣωὲἱθέεώέὼτὲ-ή
1619 2073 1634 2087 ’
1964 2083 2127 2187 δίψιιὲ
2151 2075 2385 2187 injdiseo
2412 2074 2679 2187 scelerata
2702 2079 2772 2135 ad
2798 2080 2992 2185 gaudia
3024 2079 3217 2187 fertur.

170 2165 917 2277 aliasipluressalvat
936 2165 1149 2258 virtu-ter
1164 2165 1395 2275 potenti.

1870 2165 2130 2239 Discipuli
2174 2165 2493 2235 adveniunt,
2541 2168 2782 2225 condunt
2802 2170 2889 2242 pia
2922 2171 3163 2228 membra
3186 2172 3455 2247 sepulcro.

803 2256 1057 2338 _'__‘;“
1113 2256 1225 2338 ξς
1246 2288 1470 2338 _;A____‘
1490 2313 1694 2338 LL-“
1941 2256 2104 2313 Millia
2133 2258 2373 2331 quinque
2397 2259 2575 2315 virum
2604 2261 2670 2316 de
2695 2274 2896 2332 panum
2927 2262 3167 2338 quinque
3194 2276 3389 2338 paratu

244 2313 1696 2433 ἘἺῙΫΫΫῬ-ξῗξίξλξίξξέξᾞξΫξξῗῗξῗῖτξῗξὼθτθ
1869 2350 2117 2409 Piscibus
2138 2313 2193 2408 et
2227 2313 2481 2425 geminis,
2508 2313 2722 2410 Christir
2737 2313 3260 2433 virtutejrepl‘entu‘r.
3304 2358 3309 2365 ’

175 2413 297 2484 Quo
314 2420 479 2491 ponat
504 2411 706 2487 recline
728 2418 893 2482 caput
920 2423 1041 2466 sese
1068 2409 1267 2473 asserit
1295 2423 1546 2481 usquam.

177 2506 223 2522 ς.
267 2505 280 2522 .
321 2506 355 2522 ..
424 2521 427 2522 ν
487 2506 502 2522 .
545 2520 573 2522 ,ν
613 2519 627 2522 -
677 2499 730 2522 η
951 2500 1155 2522 ._-_--__
1215 2501 1392 2522 λεώ-
1443 2502 1666 2522 _

1867 2444 1961 2502 Bis
1983 2444 2191 2502 coiinos
2213 2446 2380 2502 etiam
2409 2447 2760 2504 cumularunt
2780 2409 3053 2522 fragmina
3079 2448 3257 2508 senos.

177 2505 442 2580 vulpibus
487 2506 634 2583 hunc
677 2499 744 2579 υ.
786 2501 902 2578 hic]
950 2500 1161 2561 foveam
1209 2501 1397 2560 dicens
1441 2502 1615 2575 magis
1647 2517 1768 2560 esse
1871 2499 1885 2500 ί
1917 2499 3459 2613 calent,

250 2621 351 2677 Ast
374 2618 541 2676 alium
574 2616 748 2675 functi
772 2615 1023 2691 neglecto
1043 2629 1276 2688 corpore
1299 2615 1471 2688 patris
1521 2613 1666 2691 [dolo

1870 2628 2210 2702 Mergentem
2228 2629 2450 2686 Petrum
2467 2630 2680 2702 placida
2702 2632 2795 2688 dat
2821 2632 3015 2690 sistere
3039 2634 3253 2691 dextra.

176 2712 426 2788 50301163
452 2714 568 2786 ἱρεθ
587 2711 765 2786 Setini,
803 2720 862 2769 ει
882 2709 1165 2769 morituris
1186 2719 1401 2768 ωοτιυθ
1431 2711 1623 2783 limlni-
1870 2721 2154 2779 Gennesar
2186 2722 2240 2777 in
2261 2720 2478 2795 populis
2506 2720 2803 2779 multorum
2835 2723 3179 2782 incommoda
3207 2736 3382 2784 curat.

174 2804 460 2878 lmperitat
477 2803 677 2872 ventis,
691 2802 850 2877 iussu
879 2802 1050 2860 maris
1077 2817 1295 2876 aquora
1324 2803 1498 2860 sedat.

1943 2812 2021 2869 De
2046 2828 2304 2869 manuum
2324 2813 2540 2870 lavacro
2563 2813 2862 2887 pharisaeus
2886 2824 3192 2873 murmurat
3210 2831 3383 2877 error.

249 2918 615 2976 Damonicam
640 2919 879 2975 humano
906 2917 1177 2993 legionem
1199 2931 1427 2991 corpore
1451 2917 1626 2992 pellit,

1870 2900 1965 2960 Ille
1986 2903 2144 2960 docet
2164 2903 2345 2960 cordis
2369 2916 2559 2959 verum
2583 2902 2921 2976 interiusque
2943 2904 3236 2965 lavacrum.

176 3008 250 3067 Et
287 3008 460 3066 maris
496 3008 642 3066 hanc
669 3014 842 3066 tetras
867 3023 992 3067 eum
1030 3008 1213 3080 porcis
1240 3007 1439 3082 mergit
1486 3008 1542 3065 in
1571 3010 1666 3065 unt

1874 2992 2122 3053 Obtinuit
2148 3002 2290 3052 nata
2306 2992 2504 3050 mulier
2527 2993 2796 3051 Cananzea
2822 2994 3075 3053 salutem.
3170 2992 3181 2996 ⁷
3286 3077 3313 3091 ν

176 3098 426 3173 Paralysi
450 3106 694 3173 ereptum
725 3099 950 3156 mandat
981 3097 1086 3156 sibi
1113 3097 1259 3155 ferre
1282 3098 1589 3171 grabatum.
1946 3086 2129 3144 Monte
2156 3085 2392 3144 Galilaeac
2416 3086 2741 3145 miserorum
2768 3087 3019 3147 examina
3043 3097 3219 3148 curat.

251 3189 565 3248 Matthaeutn
587 3196 765 3258 vocat,
783 3197 842 3248 et
860 3189 1043 3247 mundi
1063 3190 1156 3247 dat
1174 3202 1433 3262 spernere
1454 3187 1627 3257 lucra,
1799 3175 1847 3241 C
1875 3178 2123 3250 Quatuor
2144 3195 2210 3237 ex
2234 3187 2442 3261 septem
2463 3193 2587 3237 mox
2616 3179 2781 3237 millia
2805 3181 3037 3254 panibus
3058 3182 3263 3257 implet.

177 3283 260 3341 Ac
284 3279 517 3354 propriae
544 3280 772 3355 dignaris
800 3281 1121 3354 publicanos
1141 3283 1373 3357 iungere
1400 3296 1626 3351 mensae,
1872 3276 2248 3341 Fermentum,
2296 3273 2589 3342 Pharisaee,
2619 3282 2770 3331 tuum
2809 3274 2968 3334 docet
2996 3291 3118 3334 esse
3138 3279 3461 3339 cavendum.

179 3373 439 3448 ,θαι-σιω
458 3371 668 3432 medico
691 3372 873 3446 potius
902 3379 1135 3431 testatur
1156 3388 1338 3448 egere.
1384 3400 1390 3405 ~
1946 3368 2224 3427 Clarifieat
2250 3367 2525 3426 Christum
2555 3367 2682 3426 felix
2712 3368 2981 3427 confessio
3005 3370 3176 3441 Petri,

250 3463 449 3539 Jelunii
467 3467 581 3525 veri
609 3467 996 3525 commendans
1017 3467 1248 3544 mystice
1267 3467 1503 3537 culmen,
1876 3462 2092 3534 Accipit
2114 3469 2171 3519 et
2194 3461 2375 3519 claves
2397 3462 2549 3536 regni
2584 3462 2825 3521 caelestis
2844 3464 2913 3522 ab
2942 3462 3081 3539 ipso.

182 3556 481 3633 Discipulis
499 3558 644 3618 sacri
676 3548 979 3617 solantibus
1004 3572 1133 3618 ecce
1154 3546 1384 3620 Joannis
1875 3551 2133 3628 Praecipit
2154 3552 2246 3608 ille
2271 3568 2490 3612 crucem
2516 3553 2793 3628 propriam
2821 3550 3017 3629 cuique
3042 3554 3132 3614 ille
3161 3555 3465 3617 ferendam.

179 3647 506 3708 Parabolam
520 3646 711 3721 panni,
735 3644 976 3722 vinique,
1002 3649 1313 3724 utriumque
1339 3650 1573 3724 reponit.
1886 3654 1889 3661 ί
1950 3641 2203 3702 Testatur
2224 3645 2485 3717 quosdam
2523 3646 2714 3702 duram
2739 3660 2847 3703 non
2877 3661 3101 3705 cernere
3138 3657 3394 3722 mortem,

254 3736 423 3796 Fessa
448 3749 645 3794 cruore
666 3737 759 3794 diu
784 3735 982 3795 mulier
1003 3736 1121 3796 sine
1144 3734 1266 3810 lege
1283 3737 1469 3795 fluenti
1877 3734 2064 3792 Donec
2087 3735 2143 3791 iu
2172 3736 2390 3808 proprio
2417 3734 2694 3793 Christum
2721 3734 3026 3810 fulgescere
3049 3752 3216 3812 regno

181 3833 404 3891 Attaetu
434 3845 607 3889 sacrae
632 3830 802 3897 vestis
828 3837 1060 3904 purgata
1085 3829 1313 3888 recedit.
1878 3825 2046 3883 Felici
2075 3825 2271 3884 intuitu
2292 3827 2534 3895 videant,
2560 3826 2796 3900 emitque
2816 3840 3129 3902 pavescant.

180 3924 455 3984 Redditur
478 3931 539 3981 et
559 3922 685 3981 vita
705 3921 822 3995 jam
840 3921 1032 3982 funere
1049 3921 1240 3995 juncta
1258 3923 1461 3996 puella.
1950 3910 2241 3990 Discipulis
2261 3919 2315 3975 in
2347 3927 2532 3977 monte
2557 3920 2733 3977 tribus
2757 3936 2820 3979 se
2847 3923 3096 3994 protinus
3122 3927 3239 3998 ipse

255 4015 384 4074 Mox
403 4014 605 4073 amissa
627 4014 717 4083 diu
744 4015 1045 4073 redduntur
1063 4014 1268 4072 lumina
1291 4015 1472 4073 caecis.
1879 4008 2133 4067 Caelestis
2155 4008 2346 4067 formae
2377 4013 2634 4068 vestitum
2667 4012 2871 4070 lumine
2901 4022 3166 4073 monstrat
3196 4031 3214 4074 :

182 4108 527 4170 Damonium
552 4116 764 4166 mutum
793 4108 1131 4181 surdumque
1157 4106 1379 4180 expellit
1404 4107 1584 4165 Iesus.
1878 4100 1977 4159 Cui
1998 4102 2159 4159 simul
2187 4101 2395 4160 Heliam
2417 4102 2747 4177 Moysenque
2773 4097 3031 4163 asSi‘st’ere
3074 4119 3324 4167 cernunt.

181 4205 394 4265 Lumen
423 4201 783 4276 apostolicum
807 4199 1020 4274 populis
1041 4200 1197 4274 jubet
1222 4201 1304 4257 ire
1330 4200 1607 4257 docendis.
1951 4198 2252 4257 Confestim
2284 4202 2524 4274 trepidos
2546 4203 2847 4260 circumdat
2872 4204 3048 4262 lucida
3074 4208 3266 4275 nubes,

256 4298 456 4356 Petrus
478 4305 538 4355 et
558 4296 840 4365 Andraeas,
867 4296 1102 4355 lacubus
1119 4296 1303 4365 simul,
1331 4305 1494 4368 atque
1521 4292 1777 4362 Joannes,
1866 4289 1950 4377 ‘Et
1970 4304 2073 4346 vox
2100 4290 2246 4347 clara
2269 4290 2450 4349 Patris
2479 4294 2729 4353 testantis
2759 4296 2827 4351 ab
2848 4297 3053 4354 aethere
3078 4300 3265 4354 venit:

182 4391 640 4459 Bartholomus,
681 4387 941 4458 Thomas,
984 4387 1289 4456 ualuimus,
1312 4389 1626 4463 pariterque
1651 4385 1781 4442 Phi—
1881 4380 2052 4439 Filius
2073 4382 2164 4439 hic
2186 4399 2339 4441 meus
2357 4394 2464 4453 est,
2490 4385 2648 4457 hujus
2670 4398 2940 4460 praecepta
2969 4398 3169 4447 tenete.

1434 4516 1439 4519 -
1475 4480 1708 4554 llippus,
1806 4535 1858 4554 ﬁ
1956 4472 2053 4531 llis
2075 4475 2241 4531 etiam
2268 4475 2476 4534 Heliam
2503 4488 2627 4550 post
2653 4480 2769 4537 haec
2795 4481 2848 4537 in
2878 4489 3086 4549 monte,
3116 4490 3396 4540 revertens

180 4574 345 4636 Alfzi
371 4572 626 4643 Iacobus,
653 4572 985 4644 Thaddzeus,
1032 4573 1221 4632 Simon
1247 4581 1305 4632 et
1330 4535 1637 4631 lscariotes.
1692 4535 1708 4548 '
1806 4535 1861 4600 D
1884 4564 2005 4623 Jam
2031 4566 2246 4624 venisse
2288 4569 2457 4638 canit,
2500 4535 2600 4628 nec
2823 4535 3470 4647 és'sé'rééépiiim,

258 4668 331 4729 Hi
348 4674 477 4743 εμηι
499 4681 641 4741 quos
662 4665 820 4725 misit
843 4667 1069 4725 verbum
1096 4666 1327 4724 reboare
1350 4664 1564 4732 salutis,
1885 4656 1983 4714 liis
2008 4657 2085 4715 illi
2111 4659 2165 4715 in
2187 4661 2367 4718 verbis
2381 4662 2588 4733 justum
2617 4678 2839 4721 sensere
2864 4663 3148 4721 Joannem.

183 4760 401 4819 Curare
426 4757 689 4829 infirmos,
711 4768 769 4817 et
798 4759 999 4832 pellere
1028 4759 1302 4817 daemones
1325 4768 1495 4814 atros.
1886 4845 1926 4847 μ
1955 4751 2076 4809 Mox
2100 4768 2327 4825 puerum
2353 4768 2526 4822 curat,
2565 4755 2701 4830 fugit
2727 4758 2855 4847 hinc
2884 4758 3119 4817 lunatica
3140 4761 3331 4832 pestis.

185 4851 261 4911 Et
289 4859 469 4907 tamen
491 4862 561 4908 ex
591 4849 725 4921 ipsis
750 4851 934 4923 periit,
954 4850 1083 4925 quia
1111 4850 1373 4923 prodidit,
1410 4864 1570 4906 unus.
1656 4856 1682 4876 ·
1884 4845 2141 4906 Vivaeem
2172 4850 2333 4907 tidem
2363 4852 2598 4908 similem
2618 4845 2876 4910 vultesse
2901 4852 3094 4925 sinapi.

265 4939 463 5013 Dirigit
486 4940 556 4997 ad
586 4938 861 5003 Christum
886 4939 1126 5000 Joannes
1145 4954 1369 4999 carcere
1395 4941 1634 5009 clausus,
1886 4941 2061 5001 Solvit
2080 4960 2393 5004 etesarteum
2421 4948 2587 5021 piscis
2608 4964 2677 5005 ex
2699 4964 2797 5006 ore
2820 4949 3102 5010 tributum.

465 5032 557 5092 ille
583 5035 770 5142 urbes,
798 5043 1033 5141 quzetot
1056 5034 1306 5142 miranda
1333 5034 1603 5100 videntes,
1889 5125 1924 5142 ﬂ
1958 5034 2039 5091 Ad
2056 5036 2211 5142 pueri
2234 5035 2465 5095 formam
2496 5038 2728 5094 humiles
2749 5038 2902 5108 jubet
2925 5055 3049 5098 esse
3086 5041 3292 5127 fideles.
3600 5086 3682 5142 ν,

190 5127 409 5186 Duritia
431 5126 655 5183 immani
675 5140 784 5185 non
807 5125 1111 5198 pmnituere
1134 5124 1400 5183 dolentes.
1889 5125 2362 5185 Seandalizantem
2391 5130 2606 5186 oculum
2631 5132 2847 5204 propria
2889 5131 3004 5189 vult
3029 5135 3160 5193 sede
3188 5124 3397 5198 revelli.

267 5220 562 5283 Exsultans
592 5218 951 5281 lesusPatris
987 5220 1249 5294 mysteria
1274 5220 1475 5283 laudat,
1889 5220 1947 5277 id
1979 5222 2135 5293 pedis
2154 5232 2317 5294 atque
2359 5239 2552 5279 manus
2580 5225 2741 5280 etiam
2775 5227 3086 5286 discrimine
3116 5240 3401 5290 monstrat.

206 5314 375 5385 itque
401 5327 559 5377 suum
573 5310 704 5377 lene
726 5325 851 5371 esse
869 5311 1060 5386 iugum
1091 5312 1411 5370 clementius
1434 5309 1574 5369 inﬁt.
1966 5313 2077 5371 Nec
2104 5316 2357 5372 minimos
2387 5332 2623 5388 unquam
2674 5323 2991 5378 temnendos
3024 5339 3145 5381 esse
3167 5325 3376 5397 ﬁdeles,

211 5402 458 5477 )iscipuli
476 5403 658 5475 spicas
684 5402 956 5461 solventes
981 5402 1209 5463 sabbata
1236 5403 1463 5460 vellunt.
1892 5405 2004 5463 Pro
2023 5408 2220 5479 quibus
2247 5408 2506 5480 angelicae
2539 5411 2785 5484 invigilat
2815 5417 3060 5473 custodia
3089 5434 3258 5475 curas.
3294 5406 3299 5411 ’

267 5495 531 5553 Arentem
560 5495 811 5577 dextram
833 5510 1096 5571 concesso
1118 5497 1312 5569 robore
1338 5507 1516 5554 sanat.
1893 5497 2030 5556 Nam
2053 5514 2186 5557 saxo
2209 5515 2500 5573 oppressus
2525 5503 2726 5562 laedens
2754 5508 3020 5582 mergitur
3043 5509 3260 5585 abysso.

218 5580 481 5662 hrponio
508 5576 708 5659 eiecto,
729 5603 937 5647 caecum
964 5596 1287 5662 mutumque
1312 5591 1568 5648 resalvat.
1652 5590 1661 5597 ’
1964 5594 2355 5667 lgnoscendum
2378 5599 2527 5654 omni
2549 5598 2802 5658 elementi
2835 5576 3057 5675 pectore
3082 5576 3262 5673 fratri,

197 5682 360 5754 Quod
383 5691 602 5740 satanas
626 5691 865 5757 nequeat
906 5690 1161 5741 satanam
1186 5684 1462 5757 depellere
1502 5693 1787 5744 monstrat.
1896 5685 1968 5743 Ut
1993 5686 2136 5743 Deus
2161 5687 2427 5760 ignoscat,
2454 5705 2555 5750 nec
2584 5694 2736 5753 duris
2763 5695 2894 5751 dura
2922 5695 3203 5767 rependat.

270 5772 529 5867 Nam
557 5776 733 5845 turbae
758 5775 975 5852 signum
996 5776 1265 5869 promittit
1300 5777 1459 5847 lenae.
1897 5781 2143 5867 Coniugii
2166 5782 2401 5851 vinclum
2430 5788 2759 5856 servandum
2777 5785 2898 5869 iure
2919 5788 3084 5867 tideli.
