3970 6306
609 443 717 500 965
812 464 817 469 ·

682 557 1011 614 Heunuchos
1037 555 1235 621 laudat,
1275 554 1363 627 qui
1391 552 1512 609 cueli
1545 568 1711 625 regna
1748 552 2051 622 requirunt,

613 649 800 720 Diligit
827 650 1088 704 innocuos
1109 662 1324 718 pueros,
1357 643 1628 698 benedicit
1650 642 1852 697 eisdem
1879 682 1893 707 ,
2000 632 2010 639 ’

615 744 881 801 Divitibus
904 743 1035 798 dure
1068 739 1300 796 reserari
1325 738 1513 793 limina
1536 737 1679 792 vitaz.

687 832 1054 926 Centuplicem
1104 852 1338 908 fructum
1387 850 1607 921 capient
1655 849 1749 933 qui
1780 856 1974 905 cuncta
2030 848 2199 903 relin-

613 950 933 1020 Parabolam
959 945 1163 1018 profert
1191 945 1341 1001 varie
1366 945 1547 999 vineta
1578 942 1848 999 colentiuu
1869 983 1884 1007 ,
1990 938 2198 1013 [quent.

616 1042 733 1111 Qua
761 1042 918 1098 docet
946 1047 1224 1096 extremos
1252 1037 1370 1093 fieri
1397 1036 1716 1108 plerumque
1738 1035 1965 1106 priores.

686 1151 915 1208 Zebedei
940 1150 1083 1207 natis
1113 1149 1290 1206 avidis
1314 1147 1385 1204 ad
1409 1149 1624 1205 culmen
1652 1147 1878 1203 honoris

612 1244 752 1297 Ante
778 1241 922 1297 calix
955 1239 1129 1296 tristis
1155 1240 1479 1313 prepouitur
1506 1254 1626 1295 esse
1662 1238 1951 1293 bibendus.

610 1332 939 1391 Praeterieris
965 1331 1227 1388 Dominus
1257 1329 1488 1402 geminis
1517 1330 1610 1385 dat
1640 1328 1845 1385 lumina
1867 1327 2045 1383 caecis.
2085 1411 2089 1415 γ

683 1444 914 1501 Ducitur
937 1444 1005 1498 ad
1028 1443 1214 1500 Jesum
1236 1443 1415 1514 pullus
1440 1457 1563 1498 cum
1586 1451 1757 1497 matre
1785 1440 2056 1497 sedendus
2081 1480 2096 1506 ,

682 1537 988 1594 Mercantes
1011 1537 1212 1609 templo
1238 1537 1408 1610 pellit,
1434 1536 1614 1592 Patris
1637 1535 1819 1607 expiat
1851 1535 2050 1591 aulam.

608 1629 655 1688 G
672 1632 922 1687 ludentes
942 1629 1098 1702 pueri
1128 1630 1218 1702 pie
1245 1628 1463 1685 Christo
1488 1628 1706 1685 Osanna
1735 1628 2018 1685 resultant.

679 1744 1016 1803 Frondosam
1054 1746 1246 1813 ticum,
1271 1744 1451 1801 fructu
1482 1745 1606 1817 quia
1636 1743 1776 1800 forte
1804 1744 2046 1811 carebat,

606 1838 798 1908 Iussit,
828 1850 884 1896 et
916 1842 1190 1912 extemplo
1219 1840 1475 1897 damnata
1503 1841 1718 1897 exaruit
1741 1842 1903 1896 arbor
1929 1856 1942 1893 :

1718 435 1924 492 FLORI
1965 433 2238 490 DIACONI
2278 430 2765 491 LUGDUNENSIS
3308 426 3324 443 ‘
3745 450 3806 507 ea

2227 558 2278 618 Α
2375 548 2604 603 Lumina
2627 548 2884 620 virgineis
2913 564 2979 603 ne
3006 550 3116 606 sint
3141 553 3408 609 macentia
3436 555 3597 611 vasis.

2306 641 2414 696 Sed
2441 642 2618 711 potius
2639 640 2819 711 pingui
2847 656 3062 711 semper
3086 641 3370 707 foveantur
3392 644 3534 701 olivo
3558 662 3573 700 :

2307 732 2534 802 Sumpta
2556 732 2769 787 talenta
2796 732 3109 811 piisusuris
3136 749 3389 790 crescere
3415 738 3645 794 mandat.

2373 824 2571 881 Judicii
2593 825 2647 880 in
2674 824 2811 880 solio
2835 840 2957 881 cum
2994 827 3197 882 sederit
3225 826 3314 882 ille
3339 831 3644 896 tremendo,

2302 918 2350 973 A
2376 918 2583 976 dextris
2606 927 2753 974 stare
2781 918 2902 974 infit
2920 934 3069 986 oves,
3095 921 3386 994 hazdosque
3404 925 3665 981 sinistris:

2305 1007 2416 1064 Hos
2435 1010 2515 1064 ire
2532 1009 2587 1064 in
2613 1008 2876 1075 ﬂammas,
2905 1009 3023 1065 illos
3048 1013 3116 1067 ad
3142 1027 3344 1082 pascua
3363 1015 3510 1069 vitae.

2374 1099 2668 1157 Pontiﬁces
2692 1102 2984 1157 Dominum
3016 1116 3271 1174 quaerunt
3315 1107 3567 1163 occidere
3589 1106 3812 1167 Christum.

2305 1190 2594 1265 Unguento
2615 1192 2745 1248 felix
2773 1195 2969 1250 mulier
2995 1194 3269 1267 perfundit
3292 1197 3504 1254 Jesum.

2309 1282 2376 1339 Ut
2397 1285 2673 1341 Christum
2695 1287 3070 1356 prodatJudas
3086 1291 3226 1347 dona
3251 1291 3408 1346 irrita
3434 1292 3638 1362 quau-it.

2373 1379 2527 1435 Hunc
2559 1381 2819 1438 Dominus
2849 1396 3076 1443 cmnans
3102 1384 3351 1456 designat
3384 1399 3518 1440 voce
3544 1388 3744 1457 gementi

2302 1470 2558 1540 Corporis
2588 1472 2704 1542 ipse
2727 1472 2812 1527 sui
2836 1473 3046 1529 sanctis
3071 1475 3331 1547 mysteria
3363 1476 3548 1532 tradit.

2302 1559 2557 1618 Praedicit
2582 1562 2747 1620 Petro
2778 1566 2923 1635 quod
2952 1580 3012 1623 se
3041 1577 3125 1622 ter
3149 1578 3311 1625 nocte
3339 1580 3583 1640 negaret.

2372 1653 2505 1710 Orat
2535 1664 2592 1710 ut
2622 1656 2877 1713 instantis
2905 1658 3092 1715 calicis
3118 1669 3469 1731 pertranseat
3491 1661 3645 1718 hora:
3734 1691 3739 1696 ι

2303 1747 2410 1803 Sed
2443 1749 2615 1820 magis
2642 1758 2700 1804 ut
2724 1747 2906 1805 Patris
2930 1749 3027 1807 ﬁat
3050 1752 3273 1824 praefixa
3298 1754 3588 1809 voluntas.

2302 1840 2498 1898 Oscula
2527 1842 2617 1896 dat
2647 1840 2815 1898 Judas
2845 1844 3094 1901 tradendi
3123 1846 3276 1918 signa
3306 1847 3573 1919 magistri.

605 1931 943 1991 Fructiferos
964 1935 1092 2004 quia
1125 1933 1375 1989 Christus
1401 1942 1568 1999 amat,
1611 1934 1727 1988 sine
1753 1931 2021 1988 fructibus
2057 1932 2192 1988 odit.
2231 1938 2274 1998 Β
2374 1932 2614 1990 Consilio
2642 1934 2836 1991 insano
2866 1936 3031 2016 falsos
3060 1939 3361 2010 producere
3395 1950 3558 1995 testes

679 2026 966 2083 Pontifices
1023 2026 1258 2098 rogitant
1284 2025 1425 2081 unde
1450 2024 1528 2080 illi
1555 2033 1700 2080 tanta
1725 2033 1966 2096 potestas
1987 2065 2003 2093 ,

608 2122 715 2180 Sed
746 2121 954 2179 confusi
987 2122 1191 2191 abeunt
1223 2120 1474 2177 testantis
1504 2134 1635 2174 voce
1656 2118 1882 2175 Joannis
1905 2159 1921 2187 ,

586 2212 719 2271 ‘Nec
747 2228 932 2270 verum
962 2212 1085 2269 falsi
1119 2228 1220 2270 nec
1243 2227 1372 2267 vera
1409 2213 1599 2267 audire
1629 2223 1921 2268 merentes.

681 2304 998 2363 Parabolam
1034 2307 1216 2362 subdit
1244 2314 1495 2362 natorum
1518 2303 1661 2360 forte
1691 2307 1943 2371 duorum,

604 2399 709 2470 Qui
734 2396 905 2472 patris
930 2399 1173 2471 imperiis
1195 2400 1412 2455 diversa
1437 2408 1586 2454 sorte
1628 2398 1909 2454 resistunt.

606 2493 684 2556 Ac
712 2493 907 2550 scribis
938 2490 1159 2563 praefert
1189 2491 1508 2548 meretrices
1527 2491 1653 2563 jure
1681 2490 1952 2562 superbis.

582 2592 587 2597 ‘
670 2583 897 2641 Tradita
921 2583 1174 2641 ruricolis
1193 2598 1407 2640 rursum
1434 2582 1615 2639 vineta
1636 2580 1907 2647 feruntur,

601 2675 706 2747 Qui
732 2671 801 2734 ad
829 2693 952 2735 sese
972 2676 1168 2734 missos
1191 2674 1396 2732 crudeli
1427 2680 1606 2730 morte
1627 2681 1921 2738 necarunt,

598 2769 880 2829 Postremo
915 2778 972 2828 et
989 2769 1200 2825 Domini
1223 2768 1556 2840 perimentes
1577 2769 1742 2840 impie
1767 2777 1977 2824 natum.

668 2862 935 2922 l‘aralola
964 2864 1201 2920 invitans
1222 2863 1288 2918 ad
1310 2863 1456 2935 regis
1489 2862 1716 2934 prandia
1745 2861 1950 2933 plures,

600 2955 749 3025 Quos
768 2955 896 3025 quia
922 2961 1277 3027 tempserunt,
1303 2967 1433 3008 mox
1454 2951 1587 3009 ultio
1617 2952 1780 3024 digna
1806 2960 1992 3007 secuta
2014 2958 2118 3008 est.

600 3049 765 3107 Veste
788 3063 985 3105 carens
1005 3049 1164 3120 digna
1195 3053 1467 3103 mersatur
1493 3054 1550 3102 et
1574 3046 1687 3117 ipse
1710 3045 1969 3102 tenebris.

672 3136 745 3197 Ut
777 3138 962 3194 divina
992 3139 1103 3193 Deo
1131 3138 1450 3203 reddantur,
1478 3137 1623 3209 regia
1652 3136 1795 3207 regi,

599 3231 755 3303 Quod
782 3224 1013 3290 venturo
1037 3248 1152 3289 aevo
1184 3230 1367 3289 carnis
1393 3230 1661 3287 connubia
1688 3238 1935 3297 cessent,

597 3324 755 3396 Quod
774 3323 1025 3383 CLristus
1049 3325 1220 3381 David
1241 3324 1502 3381 Dominus
1531 3333 1586 3380 et
1609 3323 1780 3379 Filius
1806 3331 2003 3380 exstet.

667 3418 728 3475 lu
751 3401 1009 3476 cathedra
1038 3417 1193 3475 Moisi
1219 3417 1353 3489 legis
1374 3417 1612 3474 residere
1633 3417 1838 3488 peritos
1857 3457 1872 3481 ,

600 3511 810 3573 Horum
831 3511 974 3568 dicta
997 3512 1174 3583 sequi,
1205 3512 1365 3567 vitari
1393 3510 1935 3583 exemplajubentur.

594 3601 962 3677 luurepathos
990 3600 1262 3670 Christus,
1288 3602 1430 3674 quod
1464 3602 1695 3673 perdant
1734 3602 1936 3674 quique
1974 3603 2189 3661 lucran-

2054 3698 2184 3773 [tur.

669 3790 823 3862 Quod
848 3788 1221 3864 iusiurandum
1250 3789 1474 3859 violent,
1500 3791 1643 3863 quod
1673 3792 1910 3849 maxime
1938 3802 2187 3849 sanctum
2236 3842 2239 3845 λ

2057 3885 2183 3960 [est.

595 3981 752 4052 Quod
780 3980 1008 4037 calicem
1034 3980 1304 4046 excoleut,
1331 3980 1584 4038 studeant
1605 3981 1801 4052 glutire
1821 3983 2111 4039 camelum.

599 4073 656 4129 St
673 4081 886 4130 ctantes
912 4071 1159 4138 minima,
1185 4080 1486 4128 temnentes
1512 4074 1747 4129 maxima
1778 4074 1931 4146 legis.

670 4163 825 4232 Quod
843 4160 1071 4220 calicem
1096 4170 1150 4217 et
1173 4164 1429 4238 cyathum
1463 4165 1705 4220 exterius
1745 4168 2007 4223 mundare
2040 4166 2187 4224 labo-

2010 4260 2154 4334 [rent
2170 4304 2185 4331 ,

597 4345 709 4404 Nec
736 4347 914 4404 labem
957 4347 1186 4404 interius
1216 4347 1517 4405 latitantem
1543 4360 1826 4421 extergere
1851 4362 2079 4421 curent,

593 4440 732 4498 Cum
763 4437 897 4496 foris
917 4447 1083 4511 atque
1114 4439 1259 4495 intus
1282 4440 1517 4497 hominis
1547 4446 1617 4497 sit
1648 4442 1898 4499 conditor
1915 4460 2073 4501 unus.

667 4530 898 4604 Ingemit
920 4532 1023 4588 hos
1049 4530 1254 4591 similes
1280 4530 1474 4587 albatis
1502 4532 1651 4590 calce
1677 4535 1969 4607 sepulcris,

596 4623 727 4694 Quae
750 4623 996 4695 speciosa
1028 4622 1182 4689 foris,
1238 4623 1509 4680 horrenda
1546 4624 1874 4685 intrinsecus
1917 4638 2136 4687 exstant
2165 4648 2180 4690 :

596 4719 741 4777 Sana
773 4719 945 4775 nitent
967 4717 1160 4784 oculis,
1187 4727 1312 4774 sunt
1342 4720 1521 4776 omnia
1564 4730 1703 4778 tetra
1732 4722 1975 4782 latebris.

664 4813 957 4884 Splendida
1008 4813 1101 4884 qui
1148 4812 1354 4870 sanetis
1396 4815 1636 4872 condunt
1681 4830 2029 4876 monumenta
2059 4836 2184 4891 pro-

1958 4911 2177 4985 [pheﬁs.

590 4998 847 5072 Nihilque
871 5012 940 5054 ex
975 4997 1081 5055 hoc
1111 4999 1254 5056 aliud
1279 4999 1382 5056 nisi
1419 5002 1699 5074 sanguinis
1728 5018 1850 5058 esse
1879 5005 2180 5074 probentur

589 5092 845 5152 Ilteredes
864 5099 1069 5156 vatum,
1095 5092 1147 5146 in
1172 5093 1455 5148 Dominum
1478 5093 1604 5163 quia
1636 5095 1860 5150 credere
1880 5094 2102 5152 nollent.

657 5181 959 5239 Jerusalem
988 5181 1210 5253 plangit,
1244 5183 1499 5253 templum
1526 5197 1588 5238 se
1618 5183 1866 5254 linquere
1892 5185 2027 5243 dicit
2053 5227 2069 5255 ,

586 5274 784 5333 Omnia
808 5281 858 5329 et
884 5273 939 5327 in
963 5272 1174 5329 cineres
1197 5273 1374 5330 subito
1405 5274 1621 5347 lapsura
1654 5277 1924 5347 minatur,

587 5364 793 5437 Hisque
815 5378 944 5421 suos
963 5364 1141 5421 vultus
1164 5373 1286 5438 post
1316 5367 1416 5424 hac
1441 5377 1604 5440 negat
1629 5385 1751 5427 esse
1784 5371 2064 5428 videndos.

661 5458 944 5517 Extremus
965 5474 1083 5529 qua:
1103 5460 1259 5532 signa
1283 5460 1400 5516 dies
1428 5478 1762 5534 praecurrere
1784 5473 1995 5521 constet

584 5550 931 5623 Exsequitur,
962 5551 1126 5609 falsos
1155 5554 1403 5609 meminit
1424 5570 1719 5628 exsurgere
1745 5558 1992 5615 Christus

582 5644 654 5702 Et
673 5644 837 5702 falsos
861 5656 1028 5714 vates,
1056 5648 1338 5703 erroribus
1362 5650 1542 5705 omnia
1565 5651 1744 5721 plena.

649 5740 930 5796 Adventus
956 5739 1164 5811 proprii
1196 5748 1458 5798 terrorem
1486 5753 1540 5799 et
1566 5752 1808 5816 tempora
1831 5748 2056 5818 pandit,

581 5833 842 5891 Dccidere
868 5832 1076 5899 stellas,
1103 5841 1213 5889 tota
1236 5843 1385 5890 astra
1412 5836 1723 5909 nigrescere
1749 5842 1891 5896 coeli.

583 5924 857 6000 Exemplis
885 5924 1106 5999 vigilare
1126 5936 1329 5994 monet,
1362 5928 1644 6004 furemque
1668 5933 1990 5990 cavendum.

2302 2025 2361 2080 In
2388 2025 2663 2081 Christum
2693 2027 2926 2097 placuit;
2959 2029 3193 2086 mendax
3220 2031 3322 2085 sibi
3352 2030 3534 2103 lingua
3562 2041 3785 2104 repugnat

2302 2116 2601 2173 Damnatus
2627 2117 2843 2188 probris
2870 2118 3111 2177 illuditur
3136 2116 3374 2193 undique
3397 2120 3573 2180 Jesus.

2372 2213 2618 2286 Abnegat
2640 2216 2784 2271 hunc
2799 2214 3012 2279 Petrus,
3033 2217 3285 2290 lacrymis
3303 2234 3430 2275 mox
3449 2220 3641 2294 plangit
3657 2220 3800 2276 amaris
3860 2242 3869 2263 ο

2302 2304 2528 2362 Vinctus
2552 2306 2726 2363 Pilato
2754 2309 3102 2380 perimendus
3131 2310 3364 2366 traditur
3394 2314 3525 2383 ipse.

2300 2400 2565 2458 Emerunt
2592 2402 2738 2475 liguli
2767 2404 2940 2473 pretio
2964 2406 3031 2461 de
3056 2405 3336 2475 sanguinis
3363 2386 3574 2475 agrum.

2370 2494 2580 2551 Pilatus
2608 2495 2805 2567 p0pulo
2832 2498 3098 2568 permittit
3124 2498 3361 2569 perdere
3381 2498 3670 2566 Christum;
3714 2530 3717 2535 -

2299 2585 2491 2643 Passio
2518 2601 2675 2642 sacra
2704 2587 2780 2657 pii
2809 2588 3113 2659 completur
3138 2588 3192 2643 in
3221 2588 3419 2645 ordine
3446 2587 3587 2645 Iesu.

2300 2677 2424 2734 Mox
2452 2679 2722 2735 elementa
2752 2690 3023 2747 tremunt,
3060 2681 3263 2737 scindit
3284 2698 3392 2738 sua
3420 2682 3576 2753 pallia
3602 2678 3795 2752 templum

2369 2770 2464 2826 ille
2492 2770 2638 2827 subit
2677 2782 2939 2841 mortem;
2985 2771 3204 2840 Procul,
3231 2774 3329 2841 ait,
3361 2784 3594 2843 tartare;
3617 2773 3754 2831 victor

2297 2862 2342 2919 E
2373 2860 2581 2920 tumulo
2612 2865 2819 2935 surgit;
2853 2864 2998 2920 clara
3026 2867 3228 2921 virtute
3258 2866 3511 2940 refulget.

2298 2954 2589 3026 Discipulis
2615 2956 2872 3011 mandata
2901 2956 3069 3022 dedit,
3096 2956 3369 3029 baptisma
3404 2957 3644 3014 sacravit.

2367 3046 2467 3103 Cui
2495 3046 2614 3102 laus
2642 3058 2697 3102 et
2723 3048 2917 3113 virtus,
2947 3049 3033 3104 cui
3062 3048 3233 3120 gloria
3261 3065 3477 3105 summa
3506 3065 3596 3121 per
3616 3061 3754 3103 aevum

2296 3139 2381 3196 Sit
2409 3157 2531 3217 cum
2560 3141 2722 3198 Patre
2749 3143 2860 3200 Deo
2889 3143 3097 3200 cmlesti
3125 3143 3179 3199 in
3207 3145 3335 3200 sede
3364 3145 3547 3211 beato,

2297 3231 2523 3304 Spiritui
2548 3244 2739 3290 sancto
2765 3249 3014 3302 consors,
3043 3245 3098 3291 et
3124 3236 3307 3292 sidera
3329 3235 3583 3294 clament.

2472 3326 2666 3384 Arnen.

2744 3510 2912 3552 GESTA
2949 3510 3166 3553 CllRISTl
3204 3510 3416 3553 DOIINI.

2361 3606 2584 3664 luuocui
2616 3608 2790 3681 pueri,
2819 3606 3038 3665 Christo
3070 3609 3373 3666 benedieite
3403 3606 3555 3680 Regi.

2292 3699 2376 3756 Sit
2404 3700 2619 3757 Domini
2648 3699 2853 3757 celsum
2884 3699 3234 3758 benedictum
3263 3702 3316 3756 in
3346 3701 3542 3758 saecula
3567 3709 3743 3755 norum.

2292 3797 2436 3853 Solis
2472 3797 2538 3852 ad
2572 3811 2830 3855 occasum
2860 3796 3036 3853 dulcis
3069 3805 3226 3853 sonet
3251 3796 3490 3869 hymnus
3517 3795 3582 3850 ab
3603 3802 3722 3848 ortu.

2361 3892 2655 3949 Cantemus
2681 3890 2931 3958 Domino,
2963 3906 3159 3963 magna
3197 3899 3281 3947 est
3316 3892 3409 3947 cui
3444 3889 3605 3963 gloria
3628 3884 3802 3945 Chrisw.

2290 3983 2393 4052 Qui
2428 3984 2578 4040 solus
2605 3985 2809 4056 gvirtute
2842 4000 2941 4039 sua
2973 3983 3206 4040 sessoris
3236 3982 3411 4054 iniqui

2292 4075 2499 4131 Stravit
2525 4090 2750 4147 equum,
2783 4078 3068 4145 victosque
3096 4075 3259 4131 simul
3285 4076 3578 4132 submersit
3604 4074 3769 4144 abysso.

2362 4169 2503 4225 Ecce
2534 4169 2677 4226 Deus
2708 4170 2846 4225 mira
2885 4168 3140 4226 Salvator
3167 4170 3289 4227 luce
3322 4178 3592 4236 coruscat,
3736 4164 3739 4171 “

2282 4259 2408 4331 ipse
2434 4260 2583 4317 salus
2610 4261 2788 4328 nobis,
2822 4261 2936 4329 ipse
2960 4270 3047 4318 est
3075 4262 3130 4317 in
3162 4261 3364 4318 sarcula
3393 4263 3578 4319 virtus.

2289 4354 2541 4414 Confidat
2569 4355 2763 4412 devota
2789 4354 2946 4422 fides,
2980 4356 3148 4412 timor
3169 4358 3349 4413 omnis
3373 4358 3576 4414 abesto.

2359 4447 2619 4507 Libcmus
2645 4448 2830 4505 dulces
2856 4448 2981 4505 Jesu
3015 4453 3082 4505 de
3112 4450 3353 4507 fontibus
3382 4453 3571 4516 undas,

2288 4543 2560 4615 Cestaque
2590 4544 2863 4615 magnifici
2895 4543 3181 4601 reboemus
3211 4545 3267 4601 in
3296 4545 3489 4602 ordine
3511 4541 3704 4603 Christi.

2289 4634 2417 4691 Haec
2446 4634 2621 4706 polus,
2651 4635 2769 4690 haec
2796 4635 2972 4700 tellus,
3000 4636 3116 4692 haec
3142 4639 3291 4708 ponti
3317 4648 3567 4707 personet
3588 4643 3753 4706 aequor.

2215 4698 2263 4758 D
2360 4728 2604 4796 Quatuor
2632 4729 2749 4784 haec
2777 4744 2887 4784 uno
2914 4729 3230 4785 cecinerunt
3255 4745 3352 4786 ore
3380 4731 3539 4787 beati.

2286 4823 2532 4892 Quatuor
2555 4832 2853 4895 exsurgunt
2879 4824 3118 4893 paradisi
3147 4824 3373 4881 flumina
3402 4827 3563 4891 fonte,

2284 4916 2416 4985 Quae
2442 4925 2695 4973 cunctum
2724 4916 2874 4988 largo
2902 4914 3195 4975 fecundant
3224 4920 3436 4991 gurgite
3463 4918 3709 4974 mundum.

2354 5011 2455 5068 llic
2483 5011 2650 5084 igitur
2674 5010 2964 5082 paradisus
2992 5015 3165 5079 adest,
3198 5014 3288 5071 hic
3314 5013 3507 5069 arbore
3533 5012 3644 5066 vise

2279 5105 2461 5159 Aurea
2490 5113 2791 5176 carpuntur
2818 5104 3034 5161 florenti
3062 5107 3269 5162 vertice
3300 5107 3460 5163 mala.

2287 5195 2448 5252 Dirus
2477 5194 2630 5252 abest
2661 5196 2873 5266 anguis,
2906 5197 3169 5252 exuberat
3198 5196 3341 5253 alma
3370 5197 3625 5269 voluptas.

2354 5287 2631 5343 Zacharias
2658 5296 2848 5344 sancto
2876 5290 3047 5345 sacris
3075 5289 3295 5347 incensa
3324 5290 3516 5347 ferenti

2278 5381 2517 5455 Angelus
2554 5379 2793 5450 assistit,
2833 5383 3100 5453 promittit
3133 5385 3328 5456 gaudia
3363 5386 3507 5453 nati,

2280 5472 2391 5541 Qui
2411 5472 2641 5528 Domino
2666 5472 2886 5529 Christo
2912 5474 3231 5546 populorum
3261 5477 3425 5532 corda
3456 5478 3673 5547 pararet.

2351 5563 2581 5619 Mittitur
2610 5565 2676 5620 ad
2706 5564 2933 5621 Mariam
2962 5565 3180 5623 Gabriel
3211 5583 3368 5625 sacer
3390 5583 3482 5623 ore
3507 5574 3719 5623 corusco.

2276 5655 2501 5712 Nuntiat
2529 5659 2735 5714 intacta
2764 5668 3057 5717 venturum
3086 5660 3311 5731 Virgine
3339 5662 3620 5724 Christum,

2276 5748 2375 5806 Cui
2404 5767 2627 5825 regnum
2657 5763 2944 5821 :eternum,
2976 5756 3062 5811 cui
3089 5756 3258 5828 gloria
3287 5756 3454 5828 fulget
3482 5756 3534 5810 in
3558 5762 3729 5809 arvum;

2349 5844 2627 5903 Zachariae
2654 5864 2882 5905 uxorem
2909 5847 3075 5921 Virgo
3104 5852 3408 5907 veneranda
3436 5848 3637 5905 salutat.

2276 5938 2530 5996 Protinus
2554 5941 2790 5997 exsultat
2813 5952 3062 6000 materno
3090 5946 3142 6002 in
3176 5954 3365 6003 ventre
3392 5944 3629 6008 Joannes,
