  <div class='ocr_page' id='page_1' title='image "/cluster/home/n/w/nwhite01/storage/ocr_20150623/119/hvd.32044015466915/138.png"; bbox 0 0 3970 6306; ppageno 0'>
   <div class='ocr_carea' id='block_1_1' title="bbox 149 425 269 480">
    <p class='ocr_par' dir='ltr' id='par_1_1' title="bbox 149 425 269 480">
     <span class='ocr_line' id='line_1_1' title="bbox 149 425 269 480; baseline 0 0"><span class='ocrx_word' id='word_1_1' title='bbox 149 425 269 480; x_wconf 76' lang='grc'><strong>265</strong></span> 
     </span>
    </p>
   </div>
   <div class='ocr_carea' id='block_1_2' title="bbox 1511 409 2086 471">
    <p class='ocr_par' dir='ltr' id='par_1_2' title="bbox 1511 409 2086 471">
     <span class='ocr_line' id='line_1_2' title="bbox 1511 409 2086 471; baseline -0.012 0"><span class='ocrx_word' id='word_1_2' title='bbox 1511 411 1820 471; x_wconf 79' lang='lat' dir='ltr'><strong>CARMINA</strong></span> <span class='ocrx_word' id='word_1_3' title='bbox 1860 409 2086 468; x_wconf 79' lang='lat' dir='ltr'><strong>VARIA.</strong></span> 
     </span>
    </p>
   </div>
   <div class='ocr_carea' id='block_1_3' title="bbox 3326 388 3434 465">
    <p class='ocr_par' dir='ltr' id='par_1_3' title="bbox 3326 388 3434 465">
     <span class='ocr_line' id='line_1_3' title="bbox 3326 388 3434 465; baseline 0 -1"><span class='ocrx_word' id='word_1_4' title='bbox 3326 388 3434 465; x_wconf 72' lang='lat' dir='ltr'><strong>acc</strong></span> 
     </span>
    </p>
   </div>
   <div class='ocr_carea' id='block_1_4' title="bbox 148 518 3192 605">
    <p class='ocr_par' dir='ltr' id='par_1_4' title="bbox 148 518 3192 605">
     <span class='ocr_line' id='line_1_4' title="bbox 148 518 3192 605; baseline -0.004 -15"><span class='ocrx_word' id='word_1_5' title='bbox 148 532 230 591; x_wconf 83' lang='lat' dir='ltr'><strong>Et</strong></span> <span class='ocrx_word' id='word_1_6' title='bbox 255 546 420 605; x_wconf 87' lang='lat' dir='ltr'><strong>quem</strong></span> <span class='ocrx_word' id='word_1_7' title='bbox 445 542 581 587; x_wconf 88' lang='lat' dir='ltr'><strong>voce</strong></span> <span class='ocrx_word' id='word_1_8' title='bbox 604 536 818 600; x_wconf 79' lang='lat' dir='ltr'><strong>nequit,</strong></span> <span class='ocrx_word' id='word_1_9' title='bbox 843 527 1045 600; x_wconf 78' lang='lat' dir='ltr'><strong>promit</strong></span> <span class='ocrx_word' id='word_1_10' title='bbox 1071 540 1169 598; x_wconf 88' lang='lat' dir='ltr'><strong>per</strong></span> <span class='ocrx_word' id='word_1_11' title='bbox 1195 527 1390 599; x_wconf 90' lang='lat' dir='ltr'><strong>gaudia</strong></span> <span class='ocrx_word' id='word_1_12' title='bbox 1411 525 1710 582; x_wconf 76' lang='lat' dir='ltr'><strong>Christum.</strong></span> <span class='ocrx_word' id='word_1_13' title='bbox 1774 527 1824 588; x_wconf 80' lang='grc' dir='ltr'><strong>Α</strong></span> <span class='ocrx_word' id='word_1_14' title='bbox 1851 523 2018 580; x_wconf 86' lang='lat' dir='ltr'><strong>Millia</strong></span> <span class='ocrx_word' id='word_1_15' title='bbox 2046 530 2384 579; x_wconf 89' lang='lat' dir='ltr'><strong>mercantum</strong></span> <span class='ocrx_word' id='word_1_16' title='bbox 2416 521 2629 578; x_wconf 91' lang='lat' dir='ltr'><strong>modico</strong></span> <span class='ocrx_word' id='word_1_17' title='bbox 2663 520 2813 592; x_wconf 89' lang='lat' dir='ltr'><strong>fugat</strong></span> <span class='ocrx_word' id='word_1_18' title='bbox 2841 519 2930 575; x_wconf 87' lang='lat' dir='ltr'><strong>ille</strong></span> <span class='ocrx_word' id='word_1_19' title='bbox 2962 518 3192 591; x_wconf 84' lang='lat' dir='ltr'><strong>flagello.</strong></span> 
     </span>
    </p>
   </div>
   <div class='ocr_carea' id='block_1_5' title="bbox 230 617 1618 690">
    <p class='ocr_par' dir='ltr' id='par_1_5' title="bbox 230 617 1618 690">
     <span class='ocr_line' id='line_1_5' title="bbox 230 617 1618 690; baseline -0.004 -10"><span class='ocrx_word' id='word_1_20' title='bbox 230 623 357 682; x_wconf 82' lang='lat' dir='ltr'><strong>Mox</strong></span> <span class='ocrx_word' id='word_1_21' title='bbox 384 622 549 679; x_wconf 89' lang='lat' dir='ltr'><strong>etiam</strong></span> <span class='ocrx_word' id='word_1_22' title='bbox 579 629 809 678; x_wconf 90' lang='lat' dir='ltr'><strong>matrem</strong></span> <span class='ocrx_word' id='word_1_23' title='bbox 840 620 1129 690; x_wconf 79' lang='lat' dir='ltr'><strong>complevit</strong></span> <span class='ocrx_word' id='word_1_24' title='bbox 1159 617 1397 689; x_wconf 86' lang='lat' dir='ltr'><strong>Spiritus</strong></span> <span class='ocrx_word' id='word_1_25' title='bbox 1425 617 1618 674; x_wconf 83' lang='lat' dir='ltr'><strong>almus.</strong></span> 
     </span>
    </p>
   </div>
   <div class='ocr_carea' id='block_1_6' title="bbox 150 708 1601 782">
    <p class='ocr_par' dir='ltr' id='par_1_6' title="bbox 150 708 1601 782">
     <span class='ocr_line' id='line_1_6' title="bbox 150 708 1601 782; baseline -0.008 -11"><span class='ocrx_word' id='word_1_26' title='bbox 150 712 441 771; x_wconf 76' lang='lat' dir='ltr'><strong>Exclamat</strong></span> <span class='ocrx_word' id='word_1_27' title='bbox 465 711 680 769; x_wconf 86' lang='lat' dir='ltr'><strong>Domini</strong></span> <span class='ocrx_word' id='word_1_28' title='bbox 710 719 1032 782; x_wconf 81' lang='lat' dir='ltr'><strong>praesentem</strong></span> <span class='ocrx_word' id='word_1_29' title='bbox 1066 708 1322 765; x_wconf 86' lang='lat' dir='ltr'><strong>assistere</strong></span> <span class='ocrx_word' id='word_1_30' title='bbox 1353 718 1601 763; x_wconf 84' lang='lat' dir='ltr'><strong>matrem.</strong></span> 
     </span>
    </p>
   </div>
   <div class='ocr_carea' id='block_1_7' title="bbox 148 794 1358 875">
    <p class='ocr_par' dir='ltr' id='par_1_7' title="bbox 148 794 1358 875">
     <span class='ocr_line' id='line_1_7' title="bbox 148 794 1358 875; baseline -0.007 -13"><span class='ocrx_word' id='word_1_31' title='bbox 148 803 255 862; x_wconf 79' lang='lat' dir='ltr'><strong>Illa</strong></span> <span class='ocrx_word' id='word_1_32' title='bbox 283 794 597 861; x_wconf 63' lang='lat' dir='ltr'><strong>Dei&#39;laudes</strong></span> <span class='ocrx_word' id='word_1_33' title='bbox 624 801 941 875; x_wconf 91' lang='lat' dir='ltr'><strong>pudibundo</strong></span> <span class='ocrx_word' id='word_1_34' title='bbox 968 800 1211 857; x_wconf 83' lang='lat' dir='ltr'><strong>concinit</strong></span> <span class='ocrx_word' id='word_1_35' title='bbox 1238 814 1358 856; x_wconf 89' lang='lat' dir='ltr'><strong>ore.</strong></span> 
     </span>
    </p>
   </div>
   <div class='ocr_carea' id='block_1_8' title="bbox 228 891 1492 968">
    <p class='ocr_par' dir='ltr' id='par_1_8' title="bbox 228 891 1492 968">
     <span class='ocr_line' id='line_1_8' title="bbox 228 891 1492 968; baseline -0.008 -11"><span class='ocrx_word' id='word_1_36' title='bbox 228 898 468 957; x_wconf 80' lang='lat' dir='ltr'><strong>Joannes</strong></span> <span class='ocrx_word' id='word_1_37' title='bbox 497 897 694 962; x_wconf 90' lang='lat' dir='ltr'><strong>oritur,</strong></span> <span class='ocrx_word' id='word_1_38' title='bbox 724 894 990 968; x_wconf 78' lang='lat' dir='ltr'><strong>genitoris</strong></span> <span class='ocrx_word' id='word_1_39' title='bbox 1013 894 1199 967; x_wconf 89' lang='lat' dir='ltr'><strong>lingua</strong></span> <span class='ocrx_word' id='word_1_40' title='bbox 1225 891 1492 964; x_wconf 84' lang='lat' dir='ltr'><strong>profatur.</strong></span> 
     </span>
    </p>
   </div>
   <div class='ocr_carea' id='block_1_9' title="bbox 147 984 1549 1061">
    <p class='ocr_par' dir='ltr' id='par_1_9' title="bbox 147 984 1549 1061">
     <span class='ocr_line' id='line_1_9' title="bbox 147 984 1549 1061; baseline -0.005 -16"><span class='ocrx_word' id='word_1_41' title='bbox 147 989 278 1061; x_wconf 91' lang='lat' dir='ltr'><strong>Ipse</strong></span> <span class='ocrx_word' id='word_1_42' title='bbox 305 988 471 1045; x_wconf 89' lang='lat' dir='ltr'><strong>etiam</strong></span> <span class='ocrx_word' id='word_1_43' title='bbox 502 987 557 1045; x_wconf 89' lang='lat' dir='ltr'><strong>in</strong></span> <span class='ocrx_word' id='word_1_44' title='bbox 587 986 740 1042; x_wconf 84' lang='lat' dir='ltr'><strong>silvis</strong></span> <span class='ocrx_word' id='word_1_45' title='bbox 762 986 932 1041; x_wconf 86' lang='lat' dir='ltr'><strong>vitam</strong></span> <span class='ocrx_word' id='word_1_46' title='bbox 963 1001 1099 1057; x_wconf 91' lang='lat' dir='ltr'><strong>puer</strong></span> <span class='ocrx_word' id='word_1_47' title='bbox 1128 984 1297 1057; x_wconf 82' lang='lat' dir='ltr'><strong>exigit</strong></span> <span class='ocrx_word' id='word_1_48' title='bbox 1327 985 1549 1050; x_wconf 90' lang='lat' dir='ltr'><strong>almam,</strong></span> 
     </span>
    </p>
   </div>
   <div class='ocr_carea' id='block_1_10' title="bbox 149 1078 1498 1149">
    <p class='ocr_par' dir='ltr' id='par_1_10' title="bbox 149 1078 1498 1149">
     <span class='ocr_line' id='line_1_10' title="bbox 149 1078 1498 1149; baseline -0.005 -12"><span class='ocrx_word' id='word_1_49' title='bbox 149 1080 346 1137; x_wconf 89' lang='lat' dir='ltr'><strong>Donec</strong></span> <span class='ocrx_word' id='word_1_50' title='bbox 376 1080 445 1135; x_wconf 90' lang='lat' dir='ltr'><strong>ad</strong></span> <span class='ocrx_word' id='word_1_51' title='bbox 472 1078 640 1136; x_wconf 86' lang='lat' dir='ltr'><strong>Israel</strong></span> <span class='ocrx_word' id='word_1_52' title='bbox 666 1088 819 1135; x_wconf 90' lang='lat' dir='ltr'><strong>certo</strong></span> <span class='ocrx_word' id='word_1_53' title='bbox 844 1092 907 1134; x_wconf 86' lang='lat' dir='ltr'><strong>se</strong></span> <span class='ocrx_word' id='word_1_54' title='bbox 939 1087 1181 1149; x_wconf 86' lang='lat' dir='ltr'><strong>tempore</strong></span> <span class='ocrx_word' id='word_1_55' title='bbox 1211 1085 1498 1133; x_wconf 88' lang='lat' dir='ltr'><strong>monstret.</strong></span> 
     </span>
    </p>
   </div>
   <div class='ocr_carea' id='block_1_11' title="bbox 228 1166 1743 1240">
    <p class='ocr_par' dir='ltr' id='par_1_11' title="bbox 228 1166 1743 1240">
     <span class='ocr_line' id='line_1_11' title="bbox 228 1166 1743 1240; baseline -0.003 -14"><span class='ocrx_word' id='word_1_56' title='bbox 228 1169 487 1227; x_wconf 83' lang='lat' dir='ltr'><strong>Nascitur</strong></span> <span class='ocrx_word' id='word_1_57' title='bbox 516 1170 573 1225; x_wconf 91' lang='lat' dir='ltr'><strong>in</strong></span> <span class='ocrx_word' id='word_1_58' title='bbox 602 1168 882 1225; x_wconf 87' lang='lat' dir='ltr'><strong>Bethleem</strong></span> <span class='ocrx_word' id='word_1_59' title='bbox 911 1178 1099 1225; x_wconf 88' lang='lat' dir='ltr'><strong>sancta</strong></span> <span class='ocrx_word' id='word_1_60' title='bbox 1135 1169 1202 1226; x_wconf 88' lang='lat' dir='ltr'><strong>de</strong></span> <span class='ocrx_word' id='word_1_61' title='bbox 1224 1168 1445 1240; x_wconf 81' lang='lat' dir='ltr'><strong>Virgine</strong></span> <span class='ocrx_word' id='word_1_62' title='bbox 1471 1166 1743 1223; x_wconf 87' lang='lat' dir='ltr'><strong>Christus.</strong></span> 
     </span>
    </p>
   </div>
   <div class='ocr_carea' id='block_1_12' title="bbox 148 1248 1416 1333">
    <p class='ocr_par' dir='ltr' id='par_1_12' title="bbox 148 1248 1416 1333">
     <span class='ocr_line' id='line_1_12' title="bbox 148 1248 1416 1333; baseline -0.001 -17"><span class='ocrx_word' id='word_1_63' title='bbox 148 1258 418 1318; x_wconf 84' lang='lat' dir='ltr'><strong>Pastores</strong></span> <span class='ocrx_word' id='word_1_64' title='bbox 440 1248 686 1333; x_wconf 81' lang='lat' dir='ltr'><strong>vigilant,</strong></span> <span class='ocrx_word' id='word_1_65' title='bbox 715 1257 912 1315; x_wconf 73' lang='lat' dir='ltr'><strong>affatur</strong></span> <span class='ocrx_word' id='word_1_66' title='bbox 940 1268 994 1315; x_wconf 92' lang='lat' dir='ltr'><strong>et</strong></span> <span class='ocrx_word' id='word_1_67' title='bbox 1020 1259 1245 1330; x_wconf 82' lang='lat' dir='ltr'><strong>angelus</strong></span> <span class='ocrx_word' id='word_1_68' title='bbox 1271 1259 1416 1325; x_wconf 89' lang='lat' dir='ltr'><strong>illos,</strong></span> 
     </span>
    </p>
   </div>
   <div class='ocr_carea' id='block_1_13' title="bbox 147 1351 1389 1424">
    <p class='ocr_par' dir='ltr' id='par_1_13' title="bbox 147 1351 1389 1424">
     <span class='ocr_line' id='line_1_13' title="bbox 147 1351 1389 1424; baseline -0.002 -15"><span class='ocrx_word' id='word_1_69' title='bbox 147 1351 241 1409; x_wconf 79' lang='lat' dir='ltr'><strong>Ac</strong></span> <span class='ocrx_word' id='word_1_70' title='bbox 266 1367 451 1424; x_wconf 85' lang='lat' dir='ltr'><strong>regem</strong></span> <span class='ocrx_word' id='word_1_71' title='bbox 481 1361 669 1408; x_wconf 90' lang='lat' dir='ltr'><strong>natum</strong></span> <span class='ocrx_word' id='word_1_72' title='bbox 698 1351 823 1408; x_wconf 87' lang='lat' dir='ltr'><strong>coeli</strong></span> <span class='ocrx_word' id='word_1_73' title='bbox 853 1352 1104 1408; x_wconf 85' lang='lat' dir='ltr'><strong>cecinere</strong></span> <span class='ocrx_word' id='word_1_74' title='bbox 1132 1362 1389 1407; x_wconf 71' lang='lat' dir='ltr'><strong>catervae.</strong></span> 
     </span>
    </p>
   </div>
   <div class='ocr_carea' id='block_1_14' title="bbox 230 1443 1561 1516">
    <p class='ocr_par' dir='ltr' id='par_1_14' title="bbox 230 1443 1561 1516">
     <span class='ocr_line' id='line_1_14' title="bbox 230 1443 1561 1516; baseline -0.001 -16"><span class='ocrx_word' id='word_1_75' title='bbox 230 1443 471 1515; x_wconf 89' lang='lat' dir='ltr'><strong>Suscipit</strong></span> <span class='ocrx_word' id='word_1_76' title='bbox 498 1443 616 1515; x_wconf 89' lang='lat' dir='ltr'><strong>ipse</strong></span> <span class='ocrx_word' id='word_1_77' title='bbox 644 1443 863 1500; x_wconf 88' lang='lat' dir='ltr'><strong>humilis</strong></span> <span class='ocrx_word' id='word_1_78' title='bbox 888 1444 1091 1500; x_wconf 87' lang='lat' dir='ltr'><strong>veteris</strong></span> <span class='ocrx_word' id='word_1_79' title='bbox 1118 1445 1375 1516; x_wconf 86' lang='lat' dir='ltr'><strong>mysteria</strong></span> <span class='ocrx_word' id='word_1_80' title='bbox 1406 1444 1561 1516; x_wconf 82' lang='lat' dir='ltr'><strong>legis,</strong></span> 
     </span>
    </p>
   </div>
   <div class='ocr_carea' id='block_1_15' title="bbox 153 1535 1614 1608">
    <p class='ocr_par' dir='ltr' id='par_1_15' title="bbox 153 1535 1614 1608">
     <span class='ocr_line' id='line_1_15' title="bbox 153 1535 1614 1608; baseline -0.002 -15"><span class='ocrx_word' id='word_1_81' title='bbox 153 1535 592 1607; x_wconf 80' lang='lat' dir='ltr'><strong>Sanctificatque</strong></span> <span class='ocrx_word' id='word_1_82' title='bbox 620 1535 768 1608; x_wconf 92' lang='lat' dir='ltr'><strong>pium</strong></span> <span class='ocrx_word' id='word_1_83' title='bbox 797 1544 1011 1606; x_wconf 88' lang='lat' dir='ltr'><strong>patrum</strong></span> <span class='ocrx_word' id='word_1_84' title='bbox 1041 1537 1132 1608; x_wconf 93' lang='lat' dir='ltr'><strong>pio</strong></span> <span class='ocrx_word' id='word_1_85' title='bbox 1162 1538 1402 1608; x_wconf 80' lang='lat' dir='ltr'><strong>tempore</strong></span> <span class='ocrx_word' id='word_1_86' title='bbox 1429 1538 1614 1603; x_wconf 86' lang='lat' dir='ltr'><strong>ritum,</strong></span> 
     </span>
    </p>
   </div>
   <div class='ocr_carea' id='block_1_16' title="bbox 152 1623 1560 1700">
    <p class='ocr_par' dir='ltr' id='par_1_16' title="bbox 152 1623 1560 1700">
     <span class='ocr_line' id='line_1_16' title="bbox 152 1623 1560 1700; baseline -0.001 -16"><span class='ocrx_word' id='word_1_87' title='bbox 152 1626 255 1685; x_wconf 86' lang='lat' dir='ltr'><strong>Sic</strong></span> <span class='ocrx_word' id='word_1_88' title='bbox 286 1628 483 1700; x_wconf 88' lang='lat' dir='ltr'><strong>priscis</strong></span> <span class='ocrx_word' id='word_1_89' title='bbox 517 1627 680 1683; x_wconf 88' lang='lat' dir='ltr'><strong>finem</strong></span> <span class='ocrx_word' id='word_1_90' title='bbox 715 1627 934 1694; x_wconf 88' lang='lat' dir='ltr'><strong>statuit,</strong></span> <span class='ocrx_word' id='word_1_91' title='bbox 976 1642 1116 1684; x_wconf 91' lang='lat' dir='ltr'><strong>nova</strong></span> <span class='ocrx_word' id='word_1_92' title='bbox 1151 1623 1375 1699; x_wconf 79' lang='lat' dir='ltr'><strong>surgere</strong></span> <span class='ocrx_word' id='word_1_93' title='bbox 1409 1626 1560 1683; x_wconf 87' lang='lat' dir='ltr'><strong>fecit.</strong></span> 
     </span>
    </p>
   </div>
   <div class='ocr_carea' id='block_1_17' title="bbox 229 1718 1638 1791">
    <p class='ocr_par' dir='ltr' id='par_1_17' title="bbox 229 1718 1638 1791">
     <span class='ocr_line' id='line_1_17' title="bbox 229 1718 1638 1791; baseline -0.003 -14"><span class='ocrx_word' id='word_1_94' title='bbox 229 1720 445 1791; x_wconf 76' lang='lat' dir='ltr'><strong>Accipit</strong></span> <span class='ocrx_word' id='word_1_95' title='bbox 473 1720 618 1776; x_wconf 91' lang='lat' dir='ltr'><strong>hunc</strong></span> <span class='ocrx_word' id='word_1_96' title='bbox 645 1719 783 1777; x_wconf 74' lang='lat' dir='ltr'><strong>laetis</strong></span> <span class='ocrx_word' id='word_1_97' title='bbox 813 1718 1033 1776; x_wconf 90' lang='lat' dir='ltr'><strong>Simeon</strong></span> <span class='ocrx_word' id='word_1_98' title='bbox 1066 1721 1444 1777; x_wconf 90' lang='lat' dir='ltr'><strong>sanctissimus</strong></span> <span class='ocrx_word' id='word_1_99' title='bbox 1469 1718 1638 1785; x_wconf 88' lang='lat' dir='ltr'><strong>ulnis,</strong></span> 
     </span>
    </p>
   </div>
   <div class='ocr_carea' id='block_1_18' title="bbox 156 1811 1736 1884">
    <p class='ocr_par' dir='ltr' id='par_1_18' title="bbox 156 1811 1736 1884">
     <span class='ocr_line' id='line_1_18' title="bbox 156 1811 1736 1884; baseline -0.002 -15"><span class='ocrx_word' id='word_1_100' title='bbox 156 1812 409 1884; x_wconf 87' lang='lat' dir='ltr'><strong>Dumque</strong></span> <span class='ocrx_word' id='word_1_101' title='bbox 437 1812 549 1869; x_wconf 91' lang='lat' dir='ltr'><strong>Deo</strong></span> <span class='ocrx_word' id='word_1_102' title='bbox 574 1811 817 1878; x_wconf 82' lang='lat' dir='ltr'><strong>oll‘ertur,</strong></span> <span class='ocrx_word' id='word_1_103' title='bbox 860 1812 987 1868; x_wconf 91' lang='lat' dir='ltr'><strong>dum</strong></span> <span class='ocrx_word' id='word_1_104' title='bbox 1014 1813 1105 1869; x_wconf 88' lang='lat' dir='ltr'><strong>dat</strong></span> <span class='ocrx_word' id='word_1_105' title='bbox 1141 1813 1231 1884; x_wconf 90' lang='lat' dir='ltr'><strong>pia</strong></span> <span class='ocrx_word' id='word_1_106' title='bbox 1270 1828 1495 1868; x_wconf 89' lang='lat' dir='ltr'><strong>munera</strong></span> <span class='ocrx_word' id='word_1_107' title='bbox 1523 1812 1736 1881; x_wconf 56' lang='lat' dir='ltr'><strong>templo,</strong></span> 
     </span>
    </p>
   </div>
   <div class='ocr_carea' id='block_1_19' title="bbox 1849 613 3202 688">
    <p class='ocr_par' dir='ltr' id='par_1_19' title="bbox 1849 613 3202 688">
     <span class='ocr_line' id='line_1_19' title="bbox 1849 613 3202 688; baseline -0.002 -16"><span class='ocrx_word' id='word_1_108' title='bbox 1849 616 2116 672; x_wconf 82' lang='lat' dir='ltr'><strong>Mirantur</strong></span> <span class='ocrx_word' id='word_1_109' title='bbox 2142 615 2345 688; x_wconf 89' lang='lat' dir='ltr'><strong>populi,</strong></span> <span class='ocrx_word' id='word_1_110' title='bbox 2376 615 2672 671; x_wconf 90' lang='lat' dir='ltr'><strong>multorum</strong></span> <span class='ocrx_word' id='word_1_111' title='bbox 2701 625 2923 685; x_wconf 89' lang='lat' dir='ltr'><strong>pectora</strong></span> <span class='ocrx_word' id='word_1_112' title='bbox 2952 613 3202 669; x_wconf 88' lang='lat' dir='ltr'><strong>credunt.</strong></span> 
     </span>
    </p>
   </div>
   <div class='ocr_carea' id='block_1_20' title="bbox 1922 702 3266 778">
    <p class='ocr_par' dir='ltr' id='par_1_20' title="bbox 1922 702 3266 778">
     <span class='ocr_line' id='line_1_20' title="bbox 1922 702 3266 778; baseline -0.004 -15"><span class='ocrx_word' id='word_1_113' title='bbox 1922 708 2175 764; x_wconf 86' lang='lat' dir='ltr'><strong>Praedicit</strong></span> <span class='ocrx_word' id='word_1_114' title='bbox 2202 707 2436 778; x_wconf 83' lang='lat' dir='ltr'><strong>propriae</strong></span> <span class='ocrx_word' id='word_1_115' title='bbox 2459 706 2642 762; x_wconf 88' lang='lat' dir='ltr'><strong>carnis</strong></span> <span class='ocrx_word' id='word_1_116' title='bbox 2667 702 2976 761; x_wconf 85' lang='lat' dir='ltr'><strong>venerabile</strong></span> <span class='ocrx_word' id='word_1_117' title='bbox 3004 703 3266 774; x_wconf 89' lang='lat' dir='ltr'><strong>templum</strong></span> 
     </span>
    </p>
   </div>
   <div class='ocr_carea' id='block_1_21' title="bbox 1851 798 3314 872">
    <p class='ocr_par' dir='ltr' id='par_1_21' title="bbox 1851 798 3314 872">
     <span class='ocr_line' id='line_1_21' title="bbox 1851 798 3314 872; baseline 0 -17"><span class='ocrx_word' id='word_1_118' title='bbox 1851 799 2179 856; x_wconf 92' lang='lat' dir='ltr'><strong>Solvendum</strong></span> <span class='ocrx_word' id='word_1_119' title='bbox 2210 801 2460 857; x_wconf 89' lang='lat' dir='ltr'><strong>manibus</strong></span> <span class='ocrx_word' id='word_1_120' title='bbox 2487 811 2737 872; x_wconf 90' lang='lat' dir='ltr'><strong>suscepta</strong></span> <span class='ocrx_word' id='word_1_121' title='bbox 2764 801 2819 855; x_wconf 93' lang='lat' dir='ltr'><strong>in</strong></span> <span class='ocrx_word' id='word_1_122' title='bbox 2848 810 3023 857; x_wconf 89' lang='lat' dir='ltr'><strong>morte</strong></span> <span class='ocrx_word' id='word_1_123' title='bbox 3048 798 3314 867; x_wconf 87' lang='lat' dir='ltr'><strong>cruentis,</strong></span> 
     </span>
    </p>
   </div>
   <div class='ocr_carea' id='block_1_22' title="bbox 1851 890 3160 963">
    <p class='ocr_par' dir='ltr' id='par_1_22' title="bbox 1851 890 3160 963">
     <span class='ocr_line' id='line_1_22' title="bbox 1851 890 3160 963; baseline -0.003 -14"><span class='ocrx_word' id='word_1_124' title='bbox 1851 891 2028 962; x_wconf 88' lang='lat' dir='ltr'><strong>Seque</strong></span> <span class='ocrx_word' id='word_1_125' title='bbox 2057 891 2189 947; x_wconf 89' lang='lat' dir='ltr'><strong>illud</strong></span> <span class='ocrx_word' id='word_1_126' title='bbox 2218 891 2374 947; x_wconf 88' lang='lat' dir='ltr'><strong>trinis</strong></span> <span class='ocrx_word' id='word_1_127' title='bbox 2402 892 2634 962; x_wconf 81' lang='lat' dir='ltr'><strong>spondet</strong></span> <span class='ocrx_word' id='word_1_128' title='bbox 2665 905 2921 963; x_wconf 89' lang='lat' dir='ltr'><strong>reparare</strong></span> <span class='ocrx_word' id='word_1_129' title='bbox 2949 890 3160 947; x_wconf 89' lang='lat' dir='ltr'><strong>diebus.</strong></span> 
     </span>
    </p>
   </div>
   <div class='ocr_carea' id='block_1_23' title="bbox 1920 971 3232 1055">
    <p class='ocr_par' dir='ltr' id='par_1_23' title="bbox 1920 971 3232 1055">
     <span class='ocr_line' id='line_1_23' title="bbox 1920 971 3232 1055; baseline 0 -20"><span class='ocrx_word' id='word_1_130' title='bbox 1920 981 2141 1055; x_wconf 84' lang='lat' dir='ltr'><strong>Mystica</strong></span> <span class='ocrx_word' id='word_1_131' title='bbox 2170 981 2462 1038; x_wconf 89' lang='lat' dir='ltr'><strong>Nicodemo</strong></span> <span class='ocrx_word' id='word_1_132' title='bbox 2489 982 2744 1052; x_wconf 85' lang='lat' dir='ltr'><strong>baptismi</strong></span> <span class='ocrx_word' id='word_1_133' title='bbox 2774 971 3000 1038; x_wconf 87' lang='lat' dir='ltr'><strong>munera</strong></span> <span class='ocrx_word' id='word_1_134' title='bbox 3025 971 3232 1053; x_wconf 81' lang='lat' dir='ltr'><strong>pandit,</strong></span> 
     </span>
    </p>
   </div>
   <div class='ocr_carea' id='block_1_24' title="bbox 1850 1074 3269 1153">
    <p class='ocr_par' dir='ltr' id='par_1_24' title="bbox 1850 1074 3269 1153">
     <span class='ocr_line' id='line_1_24' title="bbox 1850 1074 3269 1153; baseline 0 -25"><span class='ocrx_word' id='word_1_135' title='bbox 1850 1075 2175 1130; x_wconf 85' lang='lat' dir='ltr'><strong>Credentum</strong></span> <span class='ocrx_word' id='word_1_136' title='bbox 2204 1074 2429 1145; x_wconf 89' lang='lat' dir='ltr'><strong>populos</strong></span> <span class='ocrx_word' id='word_1_137' title='bbox 2448 1075 2675 1153; x_wconf 88' lang='lat' dir='ltr'><strong>proprio</strong></span> <span class='ocrx_word' id='word_1_138' title='bbox 2699 1075 3025 1145; x_wconf 87' lang='lat' dir='ltr'><strong>baptismate</strong></span> <span class='ocrx_word' id='word_1_139' title='bbox 3052 1074 3269 1145; x_wconf 82' lang='lat' dir='ltr'><strong>tinguit.</strong></span> 
     </span>
    </p>
   </div>
   <div class='ocr_carea' id='block_1_25' title="bbox 1851 1165 3271 1238">
    <p class='ocr_par' dir='ltr' id='par_1_25' title="bbox 1851 1165 3271 1238">
     <span class='ocr_line' id='line_1_25' title="bbox 1851 1165 3271 1238; baseline -0.001 -17"><span class='ocrx_word' id='word_1_140' title='bbox 1851 1165 2104 1238; x_wconf 89' lang='lat' dir='ltr'><strong>Undique</strong></span> <span class='ocrx_word' id='word_1_141' title='bbox 2132 1174 2486 1232; x_wconf 89' lang='lat' dir='ltr'><strong>concurrunt,</strong></span> <span class='ocrx_word' id='word_1_142' title='bbox 2518 1166 2703 1221; x_wconf 87' lang='lat' dir='ltr'><strong>vitalia</strong></span> <span class='ocrx_word' id='word_1_143' title='bbox 2735 1167 2875 1222; x_wconf 92' lang='lat' dir='ltr'><strong>dona</strong></span> <span class='ocrx_word' id='word_1_144' title='bbox 2901 1165 3271 1238; x_wconf 77' lang='lat' dir='ltr'><strong>frequentant.</strong></span> 
     </span>
    </p>
   </div>
   <div class='ocr_carea' id='block_1_26' title="bbox 1925 1260 3234 1331">
    <p class='ocr_par' dir='ltr' id='par_1_26' title="bbox 1925 1260 3234 1331">
     <span class='ocr_line' id='line_1_26' title="bbox 1925 1260 3234 1331; baseline 0 -17"><span class='ocrx_word' id='word_1_145' title='bbox 1925 1260 2172 1316; x_wconf 83' lang='lat' dir='ltr'><strong>Exsultat</strong></span> <span class='ocrx_word' id='word_1_146' title='bbox 2198 1260 2438 1331; x_wconf 87' lang='lat' dir='ltr'><strong>Baptista</strong></span> <span class='ocrx_word' id='word_1_147' title='bbox 2464 1269 2622 1316; x_wconf 87' lang='lat' dir='ltr'><strong>sacer</strong></span> <span class='ocrx_word' id='word_1_148' title='bbox 2647 1275 2712 1316; x_wconf 91' lang='lat' dir='ltr'><strong>ac</strong></span> <span class='ocrx_word' id='word_1_149' title='bbox 2739 1269 2999 1331; x_wconf 88' lang='lat' dir='ltr'><strong>provocat</strong></span> <span class='ocrx_word' id='word_1_150' title='bbox 3021 1274 3234 1315; x_wconf 82' lang='lat' dir='ltr'><strong>omnes.</strong></span> 
     </span>
    </p>
   </div>
   <div class='ocr_carea' id='block_1_27' title="bbox 1852 1351 3373 1424">
    <p class='ocr_par' dir='ltr' id='par_1_27' title="bbox 1852 1351 3373 1424">
     <span class='ocr_line' id='line_1_27' title="bbox 1852 1351 3373 1424; baseline 0 -16"><span class='ocrx_word' id='word_1_151' title='bbox 1852 1351 1989 1408; x_wconf 84' lang='lat' dir='ltr'><strong>Nam</strong></span> <span class='ocrx_word' id='word_1_152' title='bbox 2016 1352 2293 1409; x_wconf 87' lang='lat' dir='ltr'><strong>Christum</strong></span> <span class='ocrx_word' id='word_1_153' title='bbox 2325 1368 2604 1424; x_wconf 90' lang='lat' dir='ltr'><strong>sponsum,</strong></span> <span class='ocrx_word' id='word_1_154' title='bbox 2635 1367 2694 1409; x_wconf 92' lang='lat' dir='ltr'><strong>se</strong></span> <span class='ocrx_word' id='word_1_155' title='bbox 2724 1353 2904 1423; x_wconf 89' lang='lat' dir='ltr'><strong>sponsi</strong></span> <span class='ocrx_word' id='word_1_156' title='bbox 2935 1352 3067 1408; x_wconf 92' lang='lat' dir='ltr'><strong>dicit</strong></span> <span class='ocrx_word' id='word_1_157' title='bbox 3097 1352 3373 1409; x_wconf 70' lang='lat' dir='ltr'><strong>amicum;</strong></span> 
     </span>
    </p>
   </div>
   <div class='ocr_carea' id='block_1_28' title="bbox 1851 1442 3055 1509">
    <p class='ocr_par' dir='ltr' id='par_1_28' title="bbox 1851 1442 3055 1509">
     <span class='ocr_line' id='line_1_28' title="bbox 1851 1442 3055 1509; baseline 0.001 -11"><span class='ocrx_word' id='word_1_158' title='bbox 1851 1443 2004 1498; x_wconf 85' lang='lat' dir='ltr'><strong>Illum</strong></span> <span class='ocrx_word' id='word_1_159' title='bbox 2035 1457 2303 1509; x_wconf 89' lang='lat' dir='ltr'><strong>crescere,</strong></span> <span class='ocrx_word' id='word_1_160' title='bbox 2331 1459 2389 1501; x_wconf 92' lang='lat' dir='ltr'><strong>se</strong></span> <span class='ocrx_word' id='word_1_161' title='bbox 2416 1444 2582 1500; x_wconf 86' lang='lat' dir='ltr'><strong>minui</strong></span> <span class='ocrx_word' id='word_1_162' title='bbox 2609 1445 2807 1501; x_wconf 84' lang='lat' dir='ltr'><strong>debere</strong></span> <span class='ocrx_word' id='word_1_163' title='bbox 2834 1442 3055 1502; x_wconf 81' lang='lat' dir='ltr'><strong>fatetur.</strong></span> 
     </span>
    </p>
   </div>
   <div class='ocr_carea' id='block_1_29' title="bbox 1923 1533 3312 1606">
    <p class='ocr_par' dir='ltr' id='par_1_29' title="bbox 1923 1533 3312 1606">
     <span class='ocr_line' id='line_1_29' title="bbox 1923 1533 3312 1606; baseline 0.004 -19"><span class='ocrx_word' id='word_1_164' title='bbox 1923 1533 2095 1591; x_wconf 89' lang='lat' dir='ltr'><strong>Filius</strong></span> <span class='ocrx_word' id='word_1_165' title='bbox 2125 1534 2214 1591; x_wconf 92' lang='lat' dir='ltr'><strong>ille</strong></span> <span class='ocrx_word' id='word_1_166' title='bbox 2242 1535 2339 1591; x_wconf 88' lang='lat' dir='ltr'><strong>Dei</strong></span> <span class='ocrx_word' id='word_1_167' title='bbox 2365 1544 2470 1602; x_wconf 88' lang='lat' dir='ltr'><strong>est,</strong></span> <span class='ocrx_word' id='word_1_168' title='bbox 2502 1535 2696 1606; x_wconf 91' lang='lat' dir='ltr'><strong>inquit,</strong></span> <span class='ocrx_word' id='word_1_169' title='bbox 2723 1535 2814 1606; x_wconf 89' lang='lat' dir='ltr'><strong>qui</strong></span> <span class='ocrx_word' id='word_1_170' title='bbox 2845 1535 3020 1592; x_wconf 89' lang='lat' dir='ltr'><strong>credit</strong></span> <span class='ocrx_word' id='word_1_171' title='bbox 3052 1536 3107 1591; x_wconf 89' lang='lat' dir='ltr'><strong>in</strong></span> <span class='ocrx_word' id='word_1_172' title='bbox 3142 1535 3312 1603; x_wconf 89' lang='lat' dir='ltr'><strong>illum,</strong></span> 
     </span>
    </p>
   </div>
   <div class='ocr_carea' id='block_1_30' title="bbox 1854 1627 3121 1700">
    <p class='ocr_par' dir='ltr' id='par_1_30' title="bbox 1854 1627 3121 1700">
     <span class='ocr_line' id='line_1_30' title="bbox 1854 1627 3121 1700; baseline 0.003 -17"><span class='ocrx_word' id='word_1_173' title='bbox 1854 1627 2100 1684; x_wconf 89' lang='lat' dir='ltr'><strong>Possidet</strong></span> <span class='ocrx_word' id='word_1_174' title='bbox 2131 1638 2393 1685; x_wconf 87' lang='lat' dir='ltr'><strong>aeternam</strong></span> <span class='ocrx_word' id='word_1_175' title='bbox 2424 1628 2549 1685; x_wconf 81' lang='lat' dir='ltr'><strong>felix</strong></span> <span class='ocrx_word' id='word_1_176' title='bbox 2583 1645 2680 1700; x_wconf 90' lang='lat' dir='ltr'><strong>per</strong></span> <span class='ocrx_word' id='word_1_177' title='bbox 2709 1630 2905 1686; x_wconf 87' lang='lat' dir='ltr'><strong>saecula</strong></span> <span class='ocrx_word' id='word_1_178' title='bbox 2933 1631 3121 1687; x_wconf 87' lang='lat' dir='ltr'><strong>vitam.</strong></span> 
     </span>
    </p>
   </div>
   <div class='ocr_carea' id='block_1_31' title="bbox 1853 1720 3318 1795">
    <p class='ocr_par' dir='ltr' id='par_1_31' title="bbox 1853 1720 3318 1795">
     <span class='ocr_line' id='line_1_31' title="bbox 1853 1720 3318 1795; baseline 0.003 -19"><span class='ocrx_word' id='word_1_179' title='bbox 1853 1720 1955 1790; x_wconf 86' lang='lat' dir='ltr'><strong>Qui</strong></span> <span class='ocrx_word' id='word_1_180' title='bbox 1988 1732 2171 1793; x_wconf 90' lang='lat' dir='ltr'><strong>negat,</strong></span> <span class='ocrx_word' id='word_1_181' title='bbox 2204 1722 2282 1777; x_wconf 90' lang='lat' dir='ltr'><strong>ira</strong></span> <span class='ocrx_word' id='word_1_182' title='bbox 2315 1723 2411 1778; x_wconf 90' lang='lat' dir='ltr'><strong>Dei</strong></span> <span class='ocrx_word' id='word_1_183' title='bbox 2438 1738 2601 1794; x_wconf 89' lang='lat' dir='ltr'><strong>super</strong></span> <span class='ocrx_word' id='word_1_184' title='bbox 2624 1723 2799 1794; x_wconf 92' lang='lat' dir='ltr'><strong>ipsum</strong></span> <span class='ocrx_word' id='word_1_185' title='bbox 2830 1732 3020 1795; x_wconf 89' lang='lat' dir='ltr'><strong>regnat</strong></span> <span class='ocrx_word' id='word_1_186' title='bbox 3044 1724 3097 1778; x_wconf 93' lang='lat' dir='ltr'><strong>in</strong></span> <span class='ocrx_word' id='word_1_187' title='bbox 3123 1738 3318 1780; x_wconf 67' lang='lat' dir='ltr'><strong>aevum.</strong></span> 
     </span>
    </p>
   </div>
   <div class='ocr_carea' id='block_1_32' title="bbox 1923 1813 3206 1886">
    <p class='ocr_par' dir='ltr' id='par_1_32' title="bbox 1923 1813 3206 1886">
     <span class='ocr_line' id='line_1_32' title="bbox 1923 1813 3206 1886; baseline 0.001 -17"><span class='ocrx_word' id='word_1_188' title='bbox 1923 1814 2135 1870; x_wconf 83' lang='lat' dir='ltr'><strong>Interea</strong></span> <span class='ocrx_word' id='word_1_189' title='bbox 2163 1814 2435 1869; x_wconf 84' lang='lat' dir='ltr'><strong>Herodem</strong></span> <span class='ocrx_word' id='word_1_190' title='bbox 2461 1814 2729 1870; x_wconf 90' lang='lat' dir='ltr'><strong>connubia</strong></span> <span class='ocrx_word' id='word_1_191' title='bbox 2757 1813 2901 1870; x_wconf 70' lang='lat' dir='ltr'><strong>foeda</strong></span> <span class='ocrx_word' id='word_1_192' title='bbox 2931 1823 3206 1886; x_wconf 82' lang='lat' dir='ltr'><strong>petentem</strong></span> 
     </span>
    </p>
   </div>
   <div class='ocr_carea' id='block_1_33' title="bbox 156 1899 3165 1977">
    <p class='ocr_par' dir='ltr' id='par_1_33' title="bbox 156 1899 3165 1977">
     <span class='ocr_line' id='line_1_33' title="bbox 156 1899 3165 1977; baseline 0 -16"><span class='ocrx_word' id='word_1_193' title='bbox 156 1902 320 1961; x_wconf 72' lang='lat' dir='ltr'><strong>nunc</strong></span> <span class='ocrx_word' id='word_1_194' title='bbox 348 1904 635 1961; x_wconf 90' lang='lat' dir='ltr'><strong>Dominum</strong></span> <span class='ocrx_word' id='word_1_195' title='bbox 660 1904 829 1972; x_wconf 89' lang='lat' dir='ltr'><strong>lucis,</strong></span> <span class='ocrx_word' id='word_1_196' title='bbox 867 1905 1014 1960; x_wconf 89' lang='lat' dir='ltr'><strong>hunc</strong></span> <span class='ocrx_word' id='word_1_197' title='bbox 1041 1903 1148 1961; x_wconf 83' lang='lat' dir='ltr'><strong>fert</strong></span> <span class='ocrx_word' id='word_1_198' title='bbox 1176 1920 1361 1976; x_wconf 80' lang='lat' dir='ltr'><strong>regem</strong></span> <span class='ocrx_word' id='word_1_199' title='bbox 1389 1920 1509 1963; x_wconf 87' lang='lat' dir='ltr'><strong>esse</strong></span> <span class='ocrx_word' id='word_1_200' title='bbox 1537 1904 1746 1961; x_wconf 90' lang='lat' dir='ltr'><strong>salutis.</strong></span> <span class='ocrx_word' id='word_1_201' title='bbox 1780 1899 1829 1959; x_wconf 88' lang='lat' dir='ltr'><strong>B</strong></span> <span class='ocrx_word' id='word_1_202' title='bbox 1854 1903 2485 1977; x_wconf 85' lang='lat' dir='ltr'><strong>Objurgat,mortemque</strong></span> <span class='ocrx_word' id='word_1_203' title='bbox 2511 1905 2622 1975; x_wconf 89' lang='lat' dir='ltr'><strong>pati</strong></span> <span class='ocrx_word' id='word_1_204' title='bbox 2650 1920 2814 1976; x_wconf 92' lang='lat' dir='ltr'><strong>quam</strong></span> <span class='ocrx_word' id='word_1_205' title='bbox 2841 1920 2971 1961; x_wconf 87' lang='lat' dir='ltr'><strong>vera</strong></span> <span class='ocrx_word' id='word_1_206' title='bbox 3002 1906 3165 1962; x_wconf 86' lang='lat' dir='ltr'><strong>silere</strong></span> 
     </span>
    </p>
   </div>
   <div class='ocr_carea' id='block_1_34' title="bbox 233 1997 1459 2062">
    <p class='ocr_par' dir='ltr' id='par_1_34' title="bbox 233 1997 1459 2062">
     <span class='ocr_line' id='line_1_34' title="bbox 233 1997 1459 2062; baseline 0.001 -10"><span class='ocrx_word' id='word_1_207' title='bbox 233 1997 393 2054; x_wconf 80' lang='lat' dir='ltr'><strong>Anna</strong></span> <span class='ocrx_word' id='word_1_208' title='bbox 417 1998 583 2055; x_wconf 89' lang='lat' dir='ltr'><strong>etiam</strong></span> <span class='ocrx_word' id='word_1_209' title='bbox 610 1997 803 2054; x_wconf 90' lang='lat' dir='ltr'><strong>devota</strong></span> <span class='ocrx_word' id='word_1_210' title='bbox 832 1998 962 2062; x_wconf 87' lang='lat' dir='ltr'><strong>Deo,</strong></span> <span class='ocrx_word' id='word_1_211' title='bbox 992 1999 1211 2055; x_wconf 92' lang='lat' dir='ltr'><strong>viduata</strong></span> <span class='ocrx_word' id='word_1_212' title='bbox 1239 2000 1459 2055; x_wconf 89' lang='lat' dir='ltr'><strong>marito.</strong></span> 
     </span>
    </p>
   </div>
   <div class='ocr_carea' id='block_1_35' title="bbox 157 2087 1468 2162">
    <p class='ocr_par' dir='ltr' id='par_1_35' title="bbox 157 2087 1468 2162">
     <span class='ocr_line' id='line_1_35' title="bbox 157 2087 1468 2162; baseline -0.002 -15"><span class='ocrx_word' id='word_1_213' title='bbox 157 2087 541 2162; x_wconf 77' lang='lat' dir='ltr'><strong>lamlongaeva</strong></span> <span class='ocrx_word' id='word_1_214' title='bbox 570 2089 748 2157; x_wconf 90' lang='lat' dir='ltr'><strong>annis,</strong></span> <span class='ocrx_word' id='word_1_215' title='bbox 773 2089 885 2161; x_wconf 83' lang='lat' dir='ltr'><strong>jam</strong></span> <span class='ocrx_word' id='word_1_216' title='bbox 916 2088 1196 2160; x_wconf 87' lang='lat' dir='ltr'><strong>relligioue</strong></span> <span class='ocrx_word' id='word_1_217' title='bbox 1223 2097 1435 2147; x_wconf 89' lang='lat' dir='ltr'><strong>vetusta</strong></span> <span class='ocrx_word' id='word_1_218' title='bbox 1453 2131 1468 2156; x_wconf 92' lang='lat'><strong>,</strong></span> 
     </span>
    </p>
   </div>
   <div class='ocr_carea' id='block_1_36' title="bbox 156 2180 1677 2257">
    <p class='ocr_par' dir='ltr' id='par_1_36' title="bbox 156 2180 1677 2257">
     <span class='ocr_line' id='line_1_36' title="bbox 156 2180 1677 2257; baseline 0.001 -17"><span class='ocrx_word' id='word_1_219' title='bbox 156 2180 446 2255; x_wconf 74' lang='lat' dir='ltr'><strong>Agnoscit,</strong></span> <span class='ocrx_word' id='word_1_220' title='bbox 476 2191 769 2255; x_wconf 88' lang='lat' dir='ltr'><strong>gratesque</strong></span> <span class='ocrx_word' id='word_1_221' title='bbox 800 2181 1002 2250; x_wconf 90' lang='lat' dir='ltr'><strong>refert,</strong></span> <span class='ocrx_word' id='word_1_222' title='bbox 1028 2183 1348 2257; x_wconf 89' lang='lat' dir='ltr'><strong>populisque</strong></span> <span class='ocrx_word' id='word_1_223' title='bbox 1372 2186 1677 2257; x_wconf 84' lang='lat' dir='ltr'><strong>prophetat.</strong></span> 
     </span>
    </p>
   </div>
   <div class='ocr_carea' id='block_1_37' title="bbox 216 2275 1518 2350">
    <p class='ocr_par' dir='ltr' id='par_1_37' title="bbox 216 2275 1518 2350">
     <span class='ocr_line' id='line_1_37' title="bbox 216 2275 1518 2350; baseline 0.001 -16"><span class='ocrx_word' id='word_1_224' title='bbox 216 2275 363 2334; x_wconf 83' lang='lat' dir='ltr'><strong>Ecce</strong></span> <span class='ocrx_word' id='word_1_225' title='bbox 388 2276 530 2350; x_wconf 86' lang='lat' dir='ltr'><strong>Magi</strong></span> <span class='ocrx_word' id='word_1_226' title='bbox 558 2277 855 2334; x_wconf 89' lang='lat' dir='ltr'><strong>adveniunt</strong></span> <span class='ocrx_word' id='word_1_227' title='bbox 879 2277 1004 2335; x_wconf 90' lang='lat' dir='ltr'><strong>imis</strong></span> <span class='ocrx_word' id='word_1_228' title='bbox 1028 2277 1267 2335; x_wconf 87' lang='lat' dir='ltr'><strong>Orientis</strong></span> <span class='ocrx_word' id='word_1_229' title='bbox 1292 2280 1361 2336; x_wconf 89' lang='lat' dir='ltr'><strong>ab</strong></span> <span class='ocrx_word' id='word_1_230' title='bbox 1385 2280 1518 2336; x_wconf 91' lang='lat' dir='ltr'><strong>oris.</strong></span> 
     </span>
    </p>
   </div>
   <div class='ocr_carea' id='block_1_38' title="bbox 162 2365 1551 2442">
    <p class='ocr_par' dir='ltr' id='par_1_38' title="bbox 162 2365 1551 2442">
     <span class='ocr_line' id='line_1_38' title="bbox 162 2365 1551 2442; baseline 0.003 -19"><span class='ocrx_word' id='word_1_231' title='bbox 162 2365 238 2423; x_wconf 86' lang='lat' dir='ltr'><strong>Se</strong></span> <span class='ocrx_word' id='word_1_232' title='bbox 267 2367 481 2424; x_wconf 84' lang='lat' dir='ltr'><strong>stellam</strong></span> <span class='ocrx_word' id='word_1_233' title='bbox 509 2367 713 2425; x_wconf 86' lang='lat' dir='ltr'><strong>vidisse</strong></span> <span class='ocrx_word' id='word_1_234' title='bbox 744 2366 960 2435; x_wconf 88' lang='lat' dir='ltr'><strong>ferunt,</strong></span> <span class='ocrx_word' id='word_1_235' title='bbox 999 2385 1121 2441; x_wconf 69' lang='lat' dir='ltr'><strong>qua:</strong></span> <span class='ocrx_word' id='word_1_236' title='bbox 1158 2370 1351 2426; x_wconf 89' lang='lat' dir='ltr'><strong>nuntia</strong></span> <span class='ocrx_word' id='word_1_237' title='bbox 1385 2370 1551 2442; x_wconf 81' lang='lat' dir='ltr'><strong>Regis</strong></span> 
     </span>
    </p>
   </div>
   <div class='ocr_carea' id='block_1_39' title="bbox 160 2457 1552 2532">
    <p class='ocr_par' dir='ltr' id='par_1_39' title="bbox 160 2457 1552 2532">
     <span class='ocr_line' id='line_1_39' title="bbox 160 2457 1552 2532; baseline 0 -15"><span class='ocrx_word' id='word_1_238' title='bbox 160 2457 402 2527; x_wconf 86' lang='lat' dir='ltr'><strong>Clareat,</strong></span> <span class='ocrx_word' id='word_1_239' title='bbox 431 2467 487 2517; x_wconf 91' lang='lat' dir='ltr'><strong>et</strong></span> <span class='ocrx_word' id='word_1_240' title='bbox 510 2459 788 2516; x_wconf 91' lang='lat' dir='ltr'><strong>Christum</strong></span> <span class='ocrx_word' id='word_1_241' title='bbox 813 2461 1004 2532; x_wconf 87' lang='lat' dir='ltr'><strong>jubeat</strong></span> <span class='ocrx_word' id='word_1_242' title='bbox 1031 2463 1347 2519; x_wconf 90' lang='lat' dir='ltr'><strong>venerarier</strong></span> <span class='ocrx_word' id='word_1_243' title='bbox 1370 2472 1552 2519; x_wconf 91' lang='lat' dir='ltr'><strong>ortum</strong></span> 
     </span>
    </p>
   </div>
   <div class='ocr_carea' id='block_1_40' title="bbox 237 2551 1393 2624">
    <p class='ocr_par' dir='ltr' id='par_1_40' title="bbox 237 2551 1393 2624">
     <span class='ocr_line' id='line_1_40' title="bbox 237 2551 1393 2624; baseline 0 -16"><span class='ocrx_word' id='word_1_244' title='bbox 237 2551 477 2624; x_wconf 86' lang='lat' dir='ltr'><strong>Pergunt</strong></span> <span class='ocrx_word' id='word_1_245' title='bbox 508 2552 723 2609; x_wconf 90' lang='lat' dir='ltr'><strong>sidereo</strong></span> <span class='ocrx_word' id='word_1_246' title='bbox 750 2552 859 2611; x_wconf 86' lang='lat' dir='ltr'><strong>laeti</strong></span> <span class='ocrx_word' id='word_1_247' title='bbox 888 2554 1135 2610; x_wconf 88' lang='lat' dir='ltr'><strong>radiante</strong></span> <span class='ocrx_word' id='word_1_248' title='bbox 1162 2553 1360 2610; x_wconf 88' lang='lat' dir='ltr'><strong>ducatu</strong></span> <span class='ocrx_word' id='word_1_249' title='bbox 1380 2594 1393 2618; x_wconf 94' lang='lat'><strong>,</strong></span> 
     </span>
    </p>
   </div>
   <div class='ocr_carea' id='block_1_41' title="bbox 162 2642 1547 2716">
    <p class='ocr_par' dir='ltr' id='par_1_41' title="bbox 162 2642 1547 2716">
     <span class='ocr_line' id='line_1_41' title="bbox 162 2642 1547 2716; baseline 0.002 -18"><span class='ocrx_word' id='word_1_250' title='bbox 162 2642 452 2699; x_wconf 90' lang='lat' dir='ltr'><strong>Inveniunt</strong></span> <span class='ocrx_word' id='word_1_251' title='bbox 474 2658 730 2714; x_wconf 91' lang='lat' dir='ltr'><strong>puerum,</strong></span> <span class='ocrx_word' id='word_1_252' title='bbox 760 2644 918 2716; x_wconf 91' lang='lat' dir='ltr'><strong>proni</strong></span> <span class='ocrx_word' id='word_1_253' title='bbox 948 2657 1267 2702; x_wconf 88' lang='lat' dir='ltr'><strong>reverenter</strong></span> <span class='ocrx_word' id='word_1_254' title='bbox 1298 2644 1547 2711; x_wconf 90' lang='lat' dir='ltr'><strong>adorant,</strong></span> 
     </span>
    </p>
   </div>
   <div class='ocr_carea' id='block_1_42' title="bbox 161 2734 1751 2810">
    <p class='ocr_par' dir='ltr' id='par_1_42' title="bbox 161 2734 1751 2810">
     <span class='ocr_line' id='line_1_42' title="bbox 161 2734 1751 2810; baseline 0.002 -16"><span class='ocrx_word' id='word_1_255' title='bbox 161 2734 390 2794; x_wconf 69' lang='lat' dir='ltr'><strong>Munera</strong></span> <span class='ocrx_word' id='word_1_256' title='bbox 411 2736 542 2792; x_wconf 91' lang='lat' dir='ltr'><strong>dant</strong></span> <span class='ocrx_word' id='word_1_257' title='bbox 562 2735 793 2803; x_wconf 87' lang='lat' dir='ltr'><strong>alacres,</strong></span> <span class='ocrx_word' id='word_1_258' title='bbox 807 2735 1086 2794; x_wconf 86' lang='lat' dir='ltr'><strong>Christum</strong></span> <span class='ocrx_word' id='word_1_259' title='bbox 1105 2737 1251 2793; x_wconf 92' lang='lat' dir='ltr'><strong>hunc</strong></span> <span class='ocrx_word' id='word_1_260' title='bbox 1270 2738 1473 2810; x_wconf 90' lang='lat' dir='ltr'><strong>pietate</strong></span> <span class='ocrx_word' id='word_1_261' title='bbox 1492 2738 1751 2796; x_wconf 88' lang='lat' dir='ltr'><strong>fatentur.</strong></span> 
     </span>
    </p>
   </div>
   <div class='ocr_carea' id='block_1_43' title="bbox 232 2827 1616 2902">
    <p class='ocr_par' dir='ltr' id='par_1_43' title="bbox 232 2827 1616 2902">
     <span class='ocr_line' id='line_1_43' title="bbox 232 2827 1616 2902; baseline 0.004 -18"><span class='ocrx_word' id='word_1_262' title='bbox 232 2827 494 2901; x_wconf 83' lang='lat' dir='ltr'><strong>Angelico</strong></span> <span class='ocrx_word' id='word_1_263' title='bbox 524 2830 737 2888; x_wconf 91' lang='lat' dir='ltr'><strong>monitu</strong></span> <span class='ocrx_word' id='word_1_264' title='bbox 768 2829 1064 2902; x_wconf 70' lang='lat' dir='ltr'><strong>Egyptum</strong></span> <span class='ocrx_word' id='word_1_265' title='bbox 1092 2831 1421 2890; x_wconf 85' lang='lat' dir='ltr'><strong>transfertur</strong></span> <span class='ocrx_word' id='word_1_266' title='bbox 1447 2833 1616 2891; x_wconf 90' lang='lat' dir='ltr'><strong>Iesus.</strong></span> 
     </span>
    </p>
   </div>
   <div class='ocr_carea' id='block_1_44' title="bbox 152 2919 1277 2997">
    <p class='ocr_par' dir='ltr' id='par_1_44' title="bbox 152 2919 1277 2997">
     <span class='ocr_line' id='line_1_44' title="bbox 152 2919 1277 2997; baseline 0.002 -22"><span class='ocrx_word' id='word_1_267' title='bbox 152 2919 459 2997; x_wconf 72' lang='lat' dir='ltr'><strong>Caeduntur</strong></span> <span class='ocrx_word' id='word_1_268' title='bbox 484 2920 641 2991; x_wconf 90' lang='lat' dir='ltr'><strong>pueri</strong></span> <span class='ocrx_word' id='word_1_269' title='bbox 670 2920 816 2993; x_wconf 89' lang='lat' dir='ltr'><strong>regis</strong></span> <span class='ocrx_word' id='word_1_270' title='bbox 844 2920 1015 2977; x_wconf 90' lang='lat' dir='ltr'><strong>livore</strong></span> <span class='ocrx_word' id='word_1_271' title='bbox 1042 2923 1277 2979; x_wconf 91' lang='lat' dir='ltr'><strong>cruenti.</strong></span> 
     </span>
    </p>
   </div>
   <div class='ocr_carea' id='block_1_45' title="bbox 159 3006 1641 3082">
    <p class='ocr_par' dir='ltr' id='par_1_45' title="bbox 159 3006 1641 3082">
     <span class='ocr_line' id='line_1_45' title="bbox 159 3006 1641 3082; baseline 0.002 -15"><span class='ocrx_word' id='word_1_272' title='bbox 159 3006 420 3067; x_wconf 85' lang='lat' dir='ltr'><strong>Protinus</strong></span> <span class='ocrx_word' id='word_1_273' title='bbox 449 3010 596 3067; x_wconf 91' lang='lat' dir='ltr'><strong>hunc</strong></span> <span class='ocrx_word' id='word_1_274' title='bbox 625 3009 760 3067; x_wconf 80' lang='lat' dir='ltr'><strong>dirae</strong></span> <span class='ocrx_word' id='word_1_275' title='bbox 784 3011 1039 3082; x_wconf 86' lang='lat' dir='ltr'><strong>sequitur</strong></span> <span class='ocrx_word' id='word_1_276' title='bbox 1063 3027 1184 3068; x_wconf 91' lang='lat' dir='ltr'><strong>sors</strong></span> <span class='ocrx_word' id='word_1_277' title='bbox 1209 3011 1394 3070; x_wconf 89' lang='lat' dir='ltr'><strong>debita</strong></span> <span class='ocrx_word' id='word_1_278' title='bbox 1425 3015 1641 3072; x_wconf 90' lang='lat' dir='ltr'><strong>mortis.</strong></span> 
     </span>
    </p>
   </div>
   <div class='ocr_carea' id='block_1_46' title="bbox 234 3096 1583 3176">
    <p class='ocr_par' dir='ltr' id='par_1_46' title="bbox 234 3096 1583 3176">
     <span class='ocr_line' id='line_1_46' title="bbox 234 3096 1583 3176; baseline 0.004 -19"><span class='ocrx_word' id='word_1_279' title='bbox 234 3099 450 3158; x_wconf 87' lang='lat' dir='ltr'><strong>Rursus</strong></span> <span class='ocrx_word' id='word_1_280' title='bbox 480 3103 550 3159; x_wconf 90' lang='lat' dir='ltr'><strong>ab</strong></span> <span class='ocrx_word' id='word_1_281' title='bbox 573 3101 806 3176; x_wconf 67' lang='lat' dir='ltr'><strong>Egypto</strong></span> <span class='ocrx_word' id='word_1_282' title='bbox 839 3096 1108 3160; x_wconf 79' lang='lat' dir='ltr'><strong>Naz&#39;areth</strong></span> <span class='ocrx_word' id='word_1_283' title='bbox 1136 3103 1381 3161; x_wconf 89' lang='lat' dir='ltr'><strong>defertur</strong></span> <span class='ocrx_word' id='word_1_284' title='bbox 1414 3106 1583 3174; x_wconf 89' lang='lat' dir='ltr'><strong>Iesus,</strong></span> 
     </span>
    </p>
   </div>
   <div class='ocr_carea' id='block_1_47' title="bbox 166 3194 1511 3270">
    <p class='ocr_par' dir='ltr' id='par_1_47' title="bbox 166 3194 1511 3270">
     <span class='ocr_line' id='line_1_47' title="bbox 166 3194 1511 3270; baseline 0.001 -17"><span class='ocrx_word' id='word_1_285' title='bbox 166 3194 323 3253; x_wconf 85' lang='lat' dir='ltr'><strong>Uu&#39;de</strong></span> <span class='ocrx_word' id='word_1_286' title='bbox 352 3194 597 3252; x_wconf 75' lang='lat' dir='ltr'><strong>Nazaraei</strong></span> <span class='ocrx_word' id='word_1_287' title='bbox 630 3195 861 3268; x_wconf 87' lang='lat' dir='ltr'><strong>sumpsit</strong></span> <span class='ocrx_word' id='word_1_288' title='bbox 891 3210 1194 3270; x_wconf 87' lang='lat' dir='ltr'><strong>cognomen</strong></span> <span class='ocrx_word' id='word_1_289' title='bbox 1224 3198 1281 3253; x_wconf 88' lang='lat' dir='ltr'><strong>in</strong></span> <span class='ocrx_word' id='word_1_290' title='bbox 1310 3214 1511 3266; x_wconf 83' lang='lat' dir='ltr'><strong>aevum,</strong></span> 
     </span>
    </p>
   </div>
   <div class='ocr_carea' id='block_1_48' title="bbox 164 3285 1605 3359">
    <p class='ocr_par' dir='ltr' id='par_1_48' title="bbox 164 3285 1605 3359">
     <span class='ocr_line' id='line_1_48' title="bbox 164 3285 1605 3359; baseline -0.001 -12"><span class='ocrx_word' id='word_1_291' title='bbox 164 3285 240 3347; x_wconf 85' lang='lat' dir='ltr'><strong>Ut</strong></span> <span class='ocrx_word' id='word_1_292' title='bbox 262 3287 477 3359; x_wconf 86' lang='lat' dir='ltr'><strong>pridem</strong></span> <span class='ocrx_word' id='word_1_293' title='bbox 504 3295 744 3345; x_wconf 87' lang='lat' dir='ltr'><strong>veterem</strong></span> <span class='ocrx_word' id='word_1_294' title='bbox 774 3287 975 3345; x_wconf 87' lang='lat' dir='ltr'><strong>cecinit</strong></span> <span class='ocrx_word' id='word_1_295' title='bbox 998 3303 1106 3345; x_wconf 87' lang='lat' dir='ltr'><strong>vox</strong></span> <span class='ocrx_word' id='word_1_296' title='bbox 1130 3304 1369 3346; x_wconf 88' lang='lat' dir='ltr'><strong>consona</strong></span> <span class='ocrx_word' id='word_1_297' title='bbox 1395 3298 1605 3346; x_wconf 90' lang='lat' dir='ltr'><strong>vatum.</strong></span> 
     </span>
    </p>
   </div>
   <div class='ocr_carea' id='block_1_49' title="bbox 232 3378 1701 3453">
    <p class='ocr_par' dir='ltr' id='par_1_49' title="bbox 232 3378 1701 3453">
     <span class='ocr_line' id='line_1_49' title="bbox 232 3378 1701 3453; baseline 0.003 -17"><span class='ocrx_word' id='word_1_298' title='bbox 232 3378 478 3437; x_wconf 78' lang='lat' dir='ltr'><strong>Praevius</strong></span> <span class='ocrx_word' id='word_1_299' title='bbox 500 3380 648 3438; x_wconf 90' lang='lat' dir='ltr'><strong>hunc</strong></span> <span class='ocrx_word' id='word_1_300' title='bbox 670 3395 894 3453; x_wconf 88' lang='lat' dir='ltr'><strong>magno,</strong></span> <span class='ocrx_word' id='word_1_301' title='bbox 923 3380 1156 3438; x_wconf 88' lang='lat' dir='ltr'><strong>reboans</strong></span> <span class='ocrx_word' id='word_1_302' title='bbox 1183 3381 1422 3443; x_wconf 88' lang='lat' dir='ltr'><strong>clamore</strong></span> <span class='ocrx_word' id='word_1_303' title='bbox 1444 3380 1701 3452; x_wconf 80' lang='lat' dir='ltr'><strong>Ioannes,</strong></span> 
     </span>
    </p>
   </div>
   <div class='ocr_carea' id='block_1_50' title="bbox 163 3464 1404 3543">
    <p class='ocr_par' dir='ltr' id='par_1_50' title="bbox 163 3464 1404 3543">
     <span class='ocr_line' id='line_1_50' title="bbox 163 3464 1404 3543; baseline 0.002 -14"><span class='ocrx_word' id='word_1_304' title='bbox 163 3472 433 3530; x_wconf 82' lang='lat' dir='ltr'><strong>Austerus</strong></span> <span class='ocrx_word' id='word_1_305' title='bbox 458 3474 628 3542; x_wconf 88' lang='lat' dir='ltr'><strong>victu,</strong></span> <span class='ocrx_word' id='word_1_306' title='bbox 658 3464 878 3532; x_wconf 86' lang='lat' dir='ltr'><strong>suetoso</strong></span> <span class='ocrx_word' id='word_1_307' title='bbox 904 3474 1149 3533; x_wconf 87' lang='lat' dir='ltr'><strong>hirsutus</strong></span> <span class='ocrx_word' id='word_1_308' title='bbox 1179 3477 1404 3543; x_wconf 90' lang='lat' dir='ltr'><strong>amictu,</strong></span> 
     </span>
    </p>
   </div>
   <div class='ocr_carea' id='block_1_51' title="bbox 163 3564 1553 3638">
    <p class='ocr_par' dir='ltr' id='par_1_51' title="bbox 163 3564 1553 3638">
     <span class='ocr_line' id='line_1_51' title="bbox 163 3564 1553 3638; baseline 0.001 -16"><span class='ocrx_word' id='word_1_309' title='bbox 163 3564 394 3638; x_wconf 85' lang='lat' dir='ltr'><strong>Gurgite</strong></span> <span class='ocrx_word' id='word_1_310' title='bbox 416 3564 673 3623; x_wconf 73' lang='lat' dir='ltr'><strong>Iordanis</strong></span> <span class='ocrx_word' id='word_1_311' title='bbox 700 3565 1017 3624; x_wconf 89' lang='lat' dir='ltr'><strong>credentum</strong></span> <span class='ocrx_word' id='word_1_312' title='bbox 1043 3569 1288 3626; x_wconf 90' lang='lat' dir='ltr'><strong>membra</strong></span> <span class='ocrx_word' id='word_1_313' title='bbox 1316 3568 1553 3628; x_wconf 87' lang='lat' dir='ltr'><strong>lavabat.</strong></span> 
     </span>
    </p>
   </div>
   <div class='ocr_carea' id='block_1_52' title="bbox 236 3655 1647 3734">
    <p class='ocr_par' dir='ltr' id='par_1_52' title="bbox 236 3655 1647 3734">
     <span class='ocr_line' id='line_1_52' title="bbox 236 3655 1647 3734; baseline 0.004 -19"><span class='ocrx_word' id='word_1_314' title='bbox 236 3655 413 3716; x_wconf 76' lang='lat' dir='ltr'><strong>Judaei</strong></span> <span class='ocrx_word' id='word_1_315' title='bbox 436 3675 696 3732; x_wconf 90' lang='lat' dir='ltr'><strong>proceres</strong></span> <span class='ocrx_word' id='word_1_316' title='bbox 723 3659 1000 3718; x_wconf 89' lang='lat' dir='ltr'><strong>Christum</strong></span> <span class='ocrx_word' id='word_1_317' title='bbox 1034 3662 1181 3718; x_wconf 90' lang='lat' dir='ltr'><strong>hunc</strong></span> <span class='ocrx_word' id='word_1_318' title='bbox 1216 3678 1337 3720; x_wconf 88' lang='lat' dir='ltr'><strong>esse</strong></span> <span class='ocrx_word' id='word_1_319' title='bbox 1372 3672 1647 3734; x_wconf 88' lang='lat' dir='ltr'><strong>putantes,</strong></span> 
     </span>
    </p>
   </div>
   <div class='ocr_carea' id='block_1_53' title="bbox 159 3749 1575 3826">
    <p class='ocr_par' dir='ltr' id='par_1_53' title="bbox 159 3749 1575 3826">
     <span class='ocr_line' id='line_1_53' title="bbox 159 3749 1575 3826; baseline 0.003 -20"><span class='ocrx_word' id='word_1_320' title='bbox 159 3749 399 3807; x_wconf 76' lang='lat' dir='ltr'><strong>Attoniti</strong></span> <span class='ocrx_word' id='word_1_321' title='bbox 425 3751 678 3817; x_wconf 88' lang='lat' dir='ltr'><strong>veniunt,</strong></span> <span class='ocrx_word' id='word_1_322' title='bbox 710 3767 872 3824; x_wconf 89' lang='lat' dir='ltr'><strong>quem</strong></span> <span class='ocrx_word' id='word_1_323' title='bbox 903 3767 963 3810; x_wconf 90' lang='lat' dir='ltr'><strong>se</strong></span> <span class='ocrx_word' id='word_1_324' title='bbox 991 3752 1122 3810; x_wconf 85' lang='lat' dir='ltr'><strong>velit</strong></span> <span class='ocrx_word' id='word_1_325' title='bbox 1148 3753 1239 3809; x_wconf 92' lang='lat' dir='ltr'><strong>ille</strong></span> <span class='ocrx_word' id='word_1_326' title='bbox 1270 3756 1575 3826; x_wconf 89' lang='lat' dir='ltr'><strong>requirunt.</strong></span> 
     </span>
    </p>
   </div>
   <div class='ocr_carea' id='block_1_54' title="bbox 162 3837 1481 3913">
    <p class='ocr_par' dir='ltr' id='par_1_54' title="bbox 162 3837 1481 3913">
     <span class='ocr_line' id='line_1_54' title="bbox 162 3837 1481 3913; baseline 0.003 -17"><span class='ocrx_word' id='word_1_327' title='bbox 162 3837 482 3897; x_wconf 84' lang='lat' dir='ltr'><strong>Praeconem</strong></span> <span class='ocrx_word' id='word_1_328' title='bbox 511 3840 716 3898; x_wconf 86' lang='lat' dir='ltr'><strong>Christi</strong></span> <span class='ocrx_word' id='word_1_329' title='bbox 745 3857 805 3899; x_wconf 91' lang='lat' dir='ltr'><strong>se</strong></span> <span class='ocrx_word' id='word_1_330' title='bbox 834 3842 1075 3913; x_wconf 89' lang='lat' dir='ltr'><strong>supplice</strong></span> <span class='ocrx_word' id='word_1_331' title='bbox 1098 3857 1234 3900; x_wconf 89' lang='lat' dir='ltr'><strong>voce</strong></span> <span class='ocrx_word' id='word_1_332' title='bbox 1259 3843 1481 3900; x_wconf 88' lang='lat' dir='ltr'><strong>fatetur.</strong></span> 
     </span>
    </p>
   </div>
   <div class='ocr_carea' id='block_1_55' title="bbox 234 3929 1755 4000">
    <p class='ocr_par' dir='ltr' id='par_1_55' title="bbox 234 3929 1755 4000">
     <span class='ocr_line' id='line_1_55' title="bbox 234 3929 1755 4000; baseline 0.007 -15"><span class='ocrx_word' id='word_1_333' title='bbox 234 3929 451 4000; x_wconf 77' lang='lat' dir='ltr'><strong>Agnum</strong></span> <span class='ocrx_word' id='word_1_334' title='bbox 477 3932 623 3988; x_wconf 90' lang='lat' dir='ltr'><strong>hunc</strong></span> <span class='ocrx_word' id='word_1_335' title='bbox 646 3946 769 3989; x_wconf 91' lang='lat' dir='ltr'><strong>esse</strong></span> <span class='ocrx_word' id='word_1_336' title='bbox 793 3932 908 3999; x_wconf 91' lang='lat' dir='ltr'><strong>Dei,</strong></span> <span class='ocrx_word' id='word_1_337' title='bbox 935 3934 1081 3991; x_wconf 91' lang='lat' dir='ltr'><strong>hunc</strong></span> <span class='ocrx_word' id='word_1_338' title='bbox 1101 3934 1330 3991; x_wconf 86' lang='lat' dir='ltr'><strong>crimina</strong></span> <span class='ocrx_word' id='word_1_339' title='bbox 1355 3936 1542 3993; x_wconf 87' lang='lat' dir='ltr'><strong>tollere</strong></span> <span class='ocrx_word' id='word_1_340' title='bbox 1570 3939 1755 3995; x_wconf 76' lang='lat' dir='ltr'><strong>mundi</strong></span> 
     </span>
    </p>
   </div>
   <div class='ocr_carea' id='block_1_56' title="bbox 160 4026 1647 4102">
    <p class='ocr_par' dir='ltr' id='par_1_56' title="bbox 160 4026 1647 4102">
     <span class='ocr_line' id='line_1_56' title="bbox 160 4026 1647 4102; baseline 0.003 -18"><span class='ocrx_word' id='word_1_341' title='bbox 160 4026 443 4097; x_wconf 83' lang='lat' dir='ltr'><strong>Clamitat,</strong></span> <span class='ocrx_word' id='word_1_342' title='bbox 473 4028 636 4085; x_wconf 85' lang='lat' dir='ltr'><strong>hunc</strong></span> <span class='ocrx_word' id='word_1_343' title='bbox 647 4044 816 4100; x_wconf 89' lang='lat' dir='ltr'><strong>prona</strong></span> <span class='ocrx_word' id='word_1_344' title='bbox 846 4030 1057 4087; x_wconf 89' lang='lat' dir='ltr'><strong>cunctis</strong></span> <span class='ocrx_word' id='word_1_345' title='bbox 1086 4030 1285 4100; x_wconf 89' lang='lat' dir='ltr'><strong>pietate</strong></span> <span class='ocrx_word' id='word_1_346' title='bbox 1314 4034 1647 4102; x_wconf 85' lang='lat' dir='ltr'><strong>sequendum</strong></span> 
     </span>
    </p>
   </div>
   <div class='ocr_carea' id='block_1_57' title="bbox 161 4118 1679 4192">
    <p class='ocr_par' dir='ltr' id='par_1_57' title="bbox 161 4118 1679 4192">
     <span class='ocr_line' id='line_1_57' title="bbox 161 4118 1679 4192; baseline 0.003 -17"><span class='ocrx_word' id='word_1_347' title='bbox 161 4118 455 4187; x_wconf 64' lang='lat' dir='ltr'><strong>Prmdicat,</strong></span> <span class='ocrx_word' id='word_1_348' title='bbox 483 4128 540 4178; x_wconf 91' lang='lat' dir='ltr'><strong>et</strong></span> <span class='ocrx_word' id='word_1_349' title='bbox 565 4119 733 4192; x_wconf 88' lang='lat' dir='ltr'><strong>digito</strong></span> <span class='ocrx_word' id='word_1_350' title='bbox 759 4129 1081 4191; x_wconf 59' lang='lat' dir='ltr'><strong>prasentem</strong></span> <span class='ocrx_word' id='word_1_351' title='bbox 1109 4122 1368 4178; x_wconf 88' lang='lat' dir='ltr'><strong>assistere</strong></span> <span class='ocrx_word' id='word_1_352' title='bbox 1392 4131 1679 4181; x_wconf 83' lang='lat' dir='ltr'><strong>monstrat.</strong></span> 
     </span>
    </p>
   </div>
   <div class='ocr_carea' id='block_1_58' title="bbox 236 4211 1468 4288">
    <p class='ocr_par' dir='ltr' id='par_1_58' title="bbox 236 4211 1468 4288">
     <span class='ocr_line' id='line_1_58' title="bbox 236 4211 1468 4288; baseline 0.002 -19"><span class='ocrx_word' id='word_1_353' title='bbox 236 4213 359 4285; x_wconf 90' lang='lat' dir='ltr'><strong>Ipse</strong></span> <span class='ocrx_word' id='word_1_354' title='bbox 385 4213 554 4270; x_wconf 86' lang='lat' dir='ltr'><strong>etiam</strong></span> <span class='ocrx_word' id='word_1_355' title='bbox 580 4228 741 4271; x_wconf 90' lang='lat' dir='ltr'><strong>sacro</strong></span> <span class='ocrx_word' id='word_1_356' title='bbox 765 4213 1016 4286; x_wconf 85' lang='lat' dir='ltr'><strong>dignatus</strong></span> <span class='ocrx_word' id='word_1_357' title='bbox 1042 4211 1265 4270; x_wconf 85' lang='lat' dir='ltr'><strong>flumine</strong></span> <span class='ocrx_word' id='word_1_358' title='bbox 1294 4214 1468 4288; x_wconf 91' lang='lat' dir='ltr'><strong>tingui</strong></span> 
     </span>
    </p>
   </div>
   <div class='ocr_carea' id='block_1_59' title="bbox 161 4302 1645 4382">
    <p class='ocr_par' dir='ltr' id='par_1_59' title="bbox 161 4302 1645 4382">
     <span class='ocr_line' id='line_1_59' title="bbox 161 4302 1645 4382; baseline 0.002 -22"><span class='ocrx_word' id='word_1_359' title='bbox 161 4303 327 4361; x_wconf 75' lang='lat' dir='ltr'><strong>Iesus</strong></span> <span class='ocrx_word' id='word_1_360' title='bbox 355 4304 539 4371; x_wconf 88' lang='lat' dir='ltr'><strong>adest,</strong></span> <span class='ocrx_word' id='word_1_361' title='bbox 567 4302 934 4375; x_wconf 85' lang='lat' dir='ltr'><strong>humilemque</strong></span> <span class='ocrx_word' id='word_1_362' title='bbox 961 4304 1104 4361; x_wconf 91' lang='lat' dir='ltr'><strong>viam</strong></span> <span class='ocrx_word' id='word_1_363' title='bbox 1132 4303 1212 4361; x_wconf 90' lang='lat' dir='ltr'><strong>sic</strong></span> <span class='ocrx_word' id='word_1_364' title='bbox 1238 4304 1457 4361; x_wconf 90' lang='lat' dir='ltr'><strong>dedicat</strong></span> <span class='ocrx_word' id='word_1_365' title='bbox 1480 4305 1645 4382; x_wconf 68' lang='lat' dir='ltr'><strong>altus.</strong></span> 
     </span>
    </p>
   </div>
   <div class='ocr_carea' id='block_1_60' title="bbox 165 4394 1622 4470">
    <p class='ocr_par' dir='ltr' id='par_1_60' title="bbox 165 4394 1622 4470">
     <span class='ocr_line' id='line_1_60' title="bbox 165 4394 1622 4470; baseline 0.001 -18"><span class='ocrx_word' id='word_1_366' title='bbox 165 4394 492 4453; x_wconf 82' lang='lat' dir='ltr'><strong>Sanctificat</strong></span> <span class='ocrx_word' id='word_1_367' title='bbox 517 4395 730 4465; x_wconf 89' lang='lat' dir='ltr'><strong>latices,</strong></span> <span class='ocrx_word' id='word_1_368' title='bbox 760 4395 1066 4467; x_wconf 88' lang='lat' dir='ltr'><strong>exemplum</strong></span> <span class='ocrx_word' id='word_1_369' title='bbox 1096 4406 1383 4454; x_wconf 88' lang='lat' dir='ltr'><strong>consecrat</strong></span> <span class='ocrx_word' id='word_1_370' title='bbox 1412 4398 1622 4470; x_wconf 87' lang='lat' dir='ltr'><strong>ingens.</strong></span> 
     </span>
    </p>
   </div>
   <div class='ocr_carea' id='block_1_61' title="bbox 237 4488 1569 4560">
    <p class='ocr_par' dir='ltr' id='par_1_61' title="bbox 237 4488 1569 4560">
     <span class='ocr_line' id='line_1_61' title="bbox 237 4488 1569 4560; baseline 0.003 -17"><span class='ocrx_word' id='word_1_371' title='bbox 237 4488 560 4546; x_wconf 90' lang='lat' dir='ltr'><strong>Panduntur</strong></span> <span class='ocrx_word' id='word_1_372' title='bbox 584 4489 732 4556; x_wconf 73' lang='lat' dir='ltr'><strong>omli,</strong></span> <span class='ocrx_word' id='word_1_373' title='bbox 764 4504 892 4545; x_wconf 84' lang='lat' dir='ltr'><strong>mox</strong></span> <span class='ocrx_word' id='word_1_374' title='bbox 922 4488 1158 4560; x_wconf 90' lang='lat' dir='ltr'><strong>Spiritus</strong></span> <span class='ocrx_word' id='word_1_375' title='bbox 1184 4505 1281 4546; x_wconf 91' lang='lat' dir='ltr'><strong>ore</strong></span> <span class='ocrx_word' id='word_1_376' title='bbox 1307 4489 1569 4547; x_wconf 79' lang='lat' dir='ltr'><strong>columbae</strong></span> 
     </span>
    </p>
   </div>
   <div class='ocr_carea' id='block_1_62' title="bbox 162 4581 1436 4656">
    <p class='ocr_par' dir='ltr' id='par_1_62' title="bbox 162 4581 1436 4656">
     <span class='ocr_line' id='line_1_62' title="bbox 162 4581 1436 4656; baseline -0.003 -17"><span class='ocrx_word' id='word_1_377' title='bbox 162 4583 417 4652; x_wconf 90' lang='lat' dir='ltr'><strong>Devolat,</strong></span> <span class='ocrx_word' id='word_1_378' title='bbox 443 4594 499 4641; x_wconf 92' lang='lat' dir='ltr'><strong>et</strong></span> <span class='ocrx_word' id='word_1_379' title='bbox 524 4583 739 4656; x_wconf 90' lang='lat' dir='ltr'><strong>placido</strong></span> <span class='ocrx_word' id='word_1_380' title='bbox 768 4583 917 4639; x_wconf 90' lang='lat' dir='ltr'><strong>mitis</strong></span> <span class='ocrx_word' id='word_1_381' title='bbox 946 4582 1240 4654; x_wconf 87' lang='lat' dir='ltr'><strong>requiescit</strong></span> <span class='ocrx_word' id='word_1_382' title='bbox 1264 4581 1436 4638; x_wconf 89' lang='lat' dir='ltr'><strong>Iesus.</strong></span> 
     </span>
    </p>
   </div>
   <div class='ocr_carea' id='block_1_63' title="bbox 157 4671 1624 4748">
    <p class='ocr_par' dir='ltr' id='par_1_63' title="bbox 157 4671 1624 4748">
     <span class='ocr_line' id='line_1_63' title="bbox 157 4671 1624 4748; baseline -0.002 -16"><span class='ocrx_word' id='word_1_383' title='bbox 157 4676 285 4748; x_wconf 85' lang='lat' dir='ltr'><strong>Ipse</strong></span> <span class='ocrx_word' id='word_1_384' title='bbox 318 4671 481 4732; x_wconf 90' lang='lat' dir='ltr'><strong>Pater</strong></span> <span class='ocrx_word' id='word_1_385' title='bbox 509 4692 695 4733; x_wconf 88' lang='lat' dir='ltr'><strong>carum</strong></span> <span class='ocrx_word' id='word_1_386' title='bbox 730 4676 1034 4732; x_wconf 85' lang='lat' dir='ltr'><strong>conclamat</strong></span> <span class='ocrx_word' id='word_1_387' title='bbox 1067 4677 1136 4733; x_wconf 91' lang='lat' dir='ltr'><strong>ab</strong></span> <span class='ocrx_word' id='word_1_388' title='bbox 1170 4675 1373 4732; x_wconf 87' lang='lat' dir='ltr'><strong>aethere</strong></span> <span class='ocrx_word' id='word_1_389' title='bbox 1406 4671 1624 4730; x_wconf 77' lang='lat' dir='ltr'><strong>Natum.</strong></span> 
     </span>
    </p>
   </div>
   <div class='ocr_carea' id='block_1_64' title="bbox 236 4769 1626 4842">
    <p class='ocr_par' dir='ltr' id='par_1_64' title="bbox 236 4769 1626 4842">
     <span class='ocr_line' id='line_1_64' title="bbox 236 4769 1626 4842; baseline 0.001 -19"><span class='ocrx_word' id='word_1_390' title='bbox 236 4769 495 4827; x_wconf 86' lang='lat' dir='ltr'><strong>Protinus</strong></span> <span class='ocrx_word' id='word_1_391' title='bbox 524 4771 670 4826; x_wconf 90' lang='lat' dir='ltr'><strong>hunc</strong></span> <span class='ocrx_word' id='word_1_392' title='bbox 696 4771 862 4828; x_wconf 90' lang='lat' dir='ltr'><strong>eremi</strong></span> <span class='ocrx_word' id='word_1_393' title='bbox 895 4771 1036 4842; x_wconf 90' lang='lat' dir='ltr'><strong>rapit</strong></span> <span class='ocrx_word' id='word_1_394' title='bbox 1065 4771 1120 4825; x_wconf 90' lang='lat' dir='ltr'><strong>in</strong></span> <span class='ocrx_word' id='word_1_395' title='bbox 1150 4781 1361 4826; x_wconf 90' lang='lat' dir='ltr'><strong>secreta</strong></span> <span class='ocrx_word' id='word_1_396' title='bbox 1388 4770 1626 4842; x_wconf 87' lang='lat' dir='ltr'><strong>benignu</strong></span> 
     </span>
    </p>
   </div>
   <div class='ocr_carea' id='block_1_65' title="bbox 160 4860 1568 4934">
    <p class='ocr_par' dir='ltr' id='par_1_65' title="bbox 160 4860 1568 4934">
     <span class='ocr_line' id='line_1_65' title="bbox 160 4860 1568 4934; baseline -0.002 -15"><span class='ocrx_word' id='word_1_397' title='bbox 160 4860 428 4934; x_wconf 88' lang='lat' dir='ltr'><strong>Spiritus,</strong></span> <span class='ocrx_word' id='word_1_398' title='bbox 465 4871 522 4920; x_wconf 89' lang='lat' dir='ltr'><strong>et</strong></span> <span class='ocrx_word' id='word_1_399' title='bbox 556 4862 733 4920; x_wconf 84' lang='lat' dir='ltr'><strong>zabuli</strong></span> <span class='ocrx_word' id='word_1_400' title='bbox 762 4864 1080 4920; x_wconf 89' lang='lat' dir='ltr'><strong>tentandum</strong></span> <span class='ocrx_word' id='word_1_401' title='bbox 1113 4861 1365 4919; x_wconf 72' lang='lat' dir='ltr'><strong>affatibus</strong></span> <span class='ocrx_word' id='word_1_402' title='bbox 1392 4861 1568 4918; x_wconf 80' lang='lat' dir='ltr'><strong>offert.</strong></span> 
     </span>
    </p>
   </div>
   <div class='ocr_carea' id='block_1_66' title="bbox 164 4952 1570 5026">
    <p class='ocr_par' dir='ltr' id='par_1_66' title="bbox 164 4952 1570 5026">
     <span class='ocr_line' id='line_1_66' title="bbox 164 4952 1570 5026; baseline -0.003 -15"><span class='ocrx_word' id='word_1_403' title='bbox 164 4954 354 5011; x_wconf 84' lang='lat' dir='ltr'><strong>Vincit</strong></span> <span class='ocrx_word' id='word_1_404' title='bbox 379 4955 705 5011; x_wconf 88' lang='lat' dir='ltr'><strong>vincendum</strong></span> <span class='ocrx_word' id='word_1_405' title='bbox 734 4970 894 5026; x_wconf 86' lang='lat' dir='ltr'><strong>prece</strong></span> <span class='ocrx_word' id='word_1_406' title='bbox 918 4952 1230 5025; x_wconf 84' lang='lat' dir='ltr'><strong>jejunisque</strong></span> <span class='ocrx_word' id='word_1_407' title='bbox 1260 4962 1570 5025; x_wconf 86' lang='lat' dir='ltr'><strong>tyrannum.</strong></span> 
     </span>
    </p>
   </div>
   <div class='ocr_carea' id='block_1_67' title="bbox 234 5044 1558 5118">
    <p class='ocr_par' dir='ltr' id='par_1_67' title="bbox 234 5044 1558 5118">
     <span class='ocr_line' id='line_1_67' title="bbox 234 5044 1558 5118; baseline -0.002 -17"><span class='ocrx_word' id='word_1_408' title='bbox 234 5044 599 5118; x_wconf 55' lang='lat' dir='ltr'><strong>Ille-gruperba</strong></span> <span class='ocrx_word' id='word_1_409' title='bbox 630 5061 877 5111; x_wconf 88' lang='lat' dir='ltr'><strong>monens,</strong></span> <span class='ocrx_word' id='word_1_410' title='bbox 906 5045 960 5101; x_wconf 91' lang='lat' dir='ltr'><strong>in</strong></span> <span class='ocrx_word' id='word_1_411' title='bbox 992 5059 1157 5116; x_wconf 90' lang='lat' dir='ltr'><strong>panes</strong></span> <span class='ocrx_word' id='word_1_412' title='bbox 1185 5054 1398 5101; x_wconf 90' lang='lat' dir='ltr'><strong>vertere</strong></span> <span class='ocrx_word' id='word_1_413' title='bbox 1427 5060 1558 5100; x_wconf 89' lang='lat' dir='ltr'><strong>saxa</strong></span> 
     </span>
    </p>
   </div>
   <div class='ocr_carea' id='block_1_68' title="bbox 164 5137 1573 5211">
    <p class='ocr_par' dir='ltr' id='par_1_68' title="bbox 164 5137 1573 5211">
     <span class='ocr_line' id='line_1_68' title="bbox 164 5137 1573 5211; baseline -0.002 -16"><span class='ocrx_word' id='word_1_414' title='bbox 164 5139 456 5211; x_wconf 89' lang='lat' dir='ltr'><strong>Suggerit,</strong></span> <span class='ocrx_word' id='word_1_415' title='bbox 489 5154 701 5196; x_wconf 91' lang='lat' dir='ltr'><strong>summo</strong></span> <span class='ocrx_word' id='word_1_416' title='bbox 728 5140 1004 5210; x_wconf 88' lang='lat' dir='ltr'><strong>delapsum</strong></span> <span class='ocrx_word' id='word_1_417' title='bbox 1035 5137 1271 5194; x_wconf 90' lang='lat' dir='ltr'><strong>culmine</strong></span> <span class='ocrx_word' id='word_1_418' title='bbox 1297 5137 1573 5194; x_wconf 89' lang='lat' dir='ltr'><strong>Christum</strong></span> 
     </span>
    </p>
   </div>
   <div class='ocr_carea' id='block_1_69' title="bbox 159 5229 1501 5303">
    <p class='ocr_par' dir='ltr' id='par_1_69' title="bbox 159 5229 1501 5303">
     <span class='ocr_line' id='line_1_69' title="bbox 159 5229 1501 5303; baseline -0.002 -16"><span class='ocrx_word' id='word_1_419' title='bbox 159 5229 460 5303; x_wconf 79' lang='lat' dir='ltr'><strong>Angelicas</strong></span> <span class='ocrx_word' id='word_1_420' title='bbox 487 5246 711 5302; x_wconf 89' lang='lat' dir='ltr'><strong>sperare</strong></span> <span class='ocrx_word' id='word_1_421' title='bbox 740 5248 949 5297; x_wconf 90' lang='lat' dir='ltr'><strong>manus,</strong></span> <span class='ocrx_word' id='word_1_422' title='bbox 978 5246 1074 5288; x_wconf 90' lang='lat' dir='ltr'><strong>seu</strong></span> <span class='ocrx_word' id='word_1_423' title='bbox 1103 5246 1271 5303; x_wconf 90' lang='lat' dir='ltr'><strong>regna</strong></span> <span class='ocrx_word' id='word_1_424' title='bbox 1298 5239 1501 5287; x_wconf 90' lang='lat' dir='ltr'><strong>tenere.</strong></span> 
     </span>
    </p>
   </div>
   <div class='ocr_carea' id='block_1_70' title="bbox 238 5321 1624 5389">
    <p class='ocr_par' dir='ltr' id='par_1_70' title="bbox 238 5321 1624 5389">
     <span class='ocr_line' id='line_1_70' title="bbox 238 5321 1624 5389; baseline 0.001 -12"><span class='ocrx_word' id='word_1_425' title='bbox 238 5321 337 5379; x_wconf 91' lang='lat' dir='ltr'><strong>Ille</strong></span> <span class='ocrx_word' id='word_1_426' title='bbox 364 5323 478 5379; x_wconf 89' lang='lat' dir='ltr'><strong>suis</strong></span> <span class='ocrx_word' id='word_1_427' title='bbox 506 5324 764 5380; x_wconf 90' lang='lat' dir='ltr'><strong>humilem</strong></span> <span class='ocrx_word' id='word_1_428' title='bbox 790 5332 1101 5379; x_wconf 88' lang='lat' dir='ltr'><strong>monstrans</strong></span> <span class='ocrx_word' id='word_1_429' title='bbox 1127 5322 1378 5378; x_wconf 90' lang='lat' dir='ltr'><strong>insistere</strong></span> <span class='ocrx_word' id='word_1_430' title='bbox 1405 5321 1592 5379; x_wconf 86' lang='lat' dir='ltr'><strong>callem</strong></span> <span class='ocrx_word' id='word_1_431' title='bbox 1609 5363 1624 5389; x_wconf 92' lang='lat'><strong>,</strong></span> 
     </span>
    </p>
   </div>
   <div class='ocr_carea' id='block_1_71' title="bbox 160 5415 1500 5487">
    <p class='ocr_par' dir='ltr' id='par_1_71' title="bbox 160 5415 1500 5487">
     <span class='ocr_line' id='line_1_71' title="bbox 160 5415 1500 5487; baseline -0.001 -14"><span class='ocrx_word' id='word_1_432' title='bbox 160 5415 468 5487; x_wconf 72' lang='lat' dir='ltr'><strong>Praeceptis</strong></span> <span class='ocrx_word' id='word_1_433' title='bbox 491 5416 713 5474; x_wconf 87' lang='lat' dir='ltr'><strong>obedire</strong></span> <span class='ocrx_word' id='word_1_434' title='bbox 740 5415 838 5472; x_wconf 87' lang='lat' dir='ltr'><strong>Dei</strong></span> <span class='ocrx_word' id='word_1_435' title='bbox 866 5431 1030 5487; x_wconf 89' lang='lat' dir='ltr'><strong>super</strong></span> <span class='ocrx_word' id='word_1_436' title='bbox 1053 5415 1234 5471; x_wconf 90' lang='lat' dir='ltr'><strong>omnia</strong></span> <span class='ocrx_word' id='word_1_437' title='bbox 1261 5415 1500 5486; x_wconf 60' lang='lat' dir='ltr'><strong>praefert.</strong></span> 
     </span>
    </p>
   </div>
   <div class='ocr_carea' id='block_1_72' title="bbox 162 5492 1568 5580">
    <p class='ocr_par' dir='ltr' id='par_1_72' title="bbox 162 5492 1568 5580">
     <span class='ocr_line' id='line_1_72' title="bbox 162 5492 1568 5580; baseline -0.001 -15"><span class='ocrx_word' id='word_1_438' title='bbox 162 5508 266 5567; x_wconf 86' lang='lat' dir='ltr'><strong>Sic</strong></span> <span class='ocrx_word' id='word_1_439' title='bbox 290 5492 470 5565; x_wconf 79' lang='lat' dir='ltr'><strong>victor</strong></span> <span class='ocrx_word' id='word_1_440' title='bbox 497 5508 675 5564; x_wconf 87' lang='lat' dir='ltr'><strong>zabuli</strong></span> <span class='ocrx_word' id='word_1_441' title='bbox 704 5508 963 5580; x_wconf 89' lang='lat' dir='ltr'><strong>angelicis</strong></span> <span class='ocrx_word' id='word_1_442' title='bbox 991 5508 1085 5564; x_wconf 87' lang='lat' dir='ltr'><strong>dat</strong></span> <span class='ocrx_word' id='word_1_443' title='bbox 1106 5507 1261 5579; x_wconf 90' lang='lat' dir='ltr'><strong>jussa</strong></span> <span class='ocrx_word' id='word_1_444' title='bbox 1286 5510 1568 5566; x_wconf 89' lang='lat' dir='ltr'><strong>ministris.</strong></span> 
     </span>
    </p>
   </div>
   <div class='ocr_carea' id='block_1_73' title="bbox 241 5599 1557 5672">
    <p class='ocr_par' dir='ltr' id='par_1_73' title="bbox 241 5599 1557 5672">
     <span class='ocr_line' id='line_1_73' title="bbox 241 5599 1557 5672; baseline 0.001 -16"><span class='ocrx_word' id='word_1_445' title='bbox 241 5599 548 5672; x_wconf 80' lang='lat' dir='ltr'><strong>Regressus</strong></span> <span class='ocrx_word' id='word_1_446' title='bbox 577 5601 721 5657; x_wconf 61' lang='lat' dir='ltr'><strong>mira&#39;</strong></span> <span class='ocrx_word' id='word_1_447' title='bbox 745 5601 799 5657; x_wconf 93' lang='lat' dir='ltr'><strong>in</strong></span> <span class='ocrx_word' id='word_1_448' title='bbox 826 5602 1038 5672; x_wconf 90' lang='lat' dir='ltr'><strong>populis</strong></span> <span class='ocrx_word' id='word_1_449' title='bbox 1061 5602 1264 5659; x_wconf 91' lang='lat' dir='ltr'><strong>virtute</strong></span> <span class='ocrx_word' id='word_1_450' title='bbox 1290 5610 1557 5660; x_wconf 90' lang='lat' dir='ltr'><strong>coruscat.</strong></span> 
     </span>
    </p>
   </div>
   <div class='ocr_carea' id='block_1_74' title="bbox 162 5691 1489 5764">
    <p class='ocr_par' dir='ltr' id='par_1_74' title="bbox 162 5691 1489 5764">
     <span class='ocr_line' id='line_1_74' title="bbox 162 5691 1489 5764; baseline 0.003 -17"><span class='ocrx_word' id='word_1_451' title='bbox 162 5691 350 5748; x_wconf 84' lang='lat' dir='ltr'><strong>Vertit</strong></span> <span class='ocrx_word' id='word_1_452' title='bbox 374 5706 546 5764; x_wconf 89' lang='lat' dir='ltr'><strong>aquas</strong></span> <span class='ocrx_word' id='word_1_453' title='bbox 570 5692 716 5762; x_wconf 90' lang='lat' dir='ltr'><strong>vino,</strong></span> <span class='ocrx_word' id='word_1_454' title='bbox 744 5693 933 5764; x_wconf 90' lang='lat' dir='ltr'><strong>pandit</strong></span> <span class='ocrx_word' id='word_1_455' title='bbox 957 5694 1182 5751; x_wconf 92' lang='lat' dir='ltr'><strong>Deitatis</strong></span> <span class='ocrx_word' id='word_1_456' title='bbox 1208 5696 1489 5751; x_wconf 91' lang='lat' dir='ltr'><strong>honorem.</strong></span> 
     </span>
    </p>
   </div>
   <div class='ocr_carea' id='block_1_75' title="bbox 157 5783 1749 5859">
    <p class='ocr_par' dir='ltr' id='par_1_75' title="bbox 157 5783 1749 5859">
     <span class='ocr_line' id='line_1_75' title="bbox 157 5783 1749 5859; baseline 0.001 -17"><span class='ocrx_word' id='word_1_457' title='bbox 157 5783 433 5853; x_wconf 87' lang='lat' dir='ltr'><strong>Discipuli</strong></span> <span class='ocrx_word' id='word_1_458' title='bbox 457 5784 705 5851; x_wconf 91' lang='lat' dir='ltr'><strong>credunt,</strong></span> <span class='ocrx_word' id='word_1_459' title='bbox 726 5784 1117 5857; x_wconf 91' lang='lat' dir='ltr'><strong>Dominumque</strong></span> <span class='ocrx_word' id='word_1_460' title='bbox 1136 5784 1413 5857; x_wconf 89' lang='lat' dir='ltr'><strong>Deumque</strong></span> <span class='ocrx_word' id='word_1_461' title='bbox 1432 5794 1749 5859; x_wconf 86' lang='lat' dir='ltr'><strong>sequuntur.</strong></span> 
     </span>
    </p>
   </div>
   <div class='ocr_carea' id='block_1_76' title="bbox 238 5872 1413 5953">
    <p class='ocr_par' dir='ltr' id='par_1_76' title="bbox 238 5872 1413 5953">
     <span class='ocr_line' id='line_1_76' title="bbox 238 5872 1413 5953; baseline 0.005 -22"><span class='ocrx_word' id='word_1_462' title='bbox 238 5872 521 5933; x_wconf 81' lang='lat' dir='ltr'><strong>Paschalis</strong></span> <span class='ocrx_word' id='word_1_463' title='bbox 553 5876 676 5933; x_wconf 88' lang='lat' dir='ltr'><strong>festi</strong></span> <span class='ocrx_word' id='word_1_464' title='bbox 716 5876 959 5932; x_wconf 62' lang='lat' dir='ltr'><strong>laetanter</strong></span> <span class='ocrx_word' id='word_1_465' title='bbox 988 5878 1182 5947; x_wconf 88' lang='lat' dir='ltr'><strong>gaudia</strong></span> <span class='ocrx_word' id='word_1_466' title='bbox 1214 5880 1413 5953; x_wconf 86' lang='lat' dir='ltr'><strong>templo</strong></span> 
     </span>
    </p>
   </div>
   <div class='ocr_carea' id='block_1_77' title="bbox 618 5968 1156 6035">
    <p class='ocr_par' dir='ltr' id='par_1_77' title="bbox 618 5968 1156 6035">
     <span class='ocr_line' id='line_1_77' title="bbox 618 5968 1156 6035; baseline -0.002 -4"><span class='ocrx_word' id='word_1_467' title='bbox 618 5969 887 6035; x_wconf 62' lang='lat' dir='ltr'><strong>Paruum.</strong></span> <span class='ocrx_word' id='word_1_468' title='bbox 933 5968 1068 6033; x_wconf 87' lang='lat' dir='ltr'><strong>CXI</strong></span> <span class='ocrx_word' id='word_1_469' title='bbox 1081 5970 1156 6032; x_wconf 80' lang='grc' dir='ltr'><strong>Χ.</strong></span> 
     </span>
    </p>
   </div>
   <div class='ocr_carea' id='block_1_78' title="bbox 1855 1995 3168 2067">
    <p class='ocr_par' dir='ltr' id='par_1_78' title="bbox 1855 1995 3168 2067">
     <span class='ocr_line' id='line_1_78' title="bbox 1855 1995 3168 2067; baseline 0.002 -17"><span class='ocrx_word' id='word_1_470' title='bbox 1855 1995 2048 2067; x_wconf 88' lang='lat' dir='ltr'><strong>Eligit,</strong></span> <span class='ocrx_word' id='word_1_471' title='bbox 2080 1995 2205 2052; x_wconf 90' lang='lat' dir='ltr'><strong>hinc</strong></span> <span class='ocrx_word' id='word_1_472' title='bbox 2235 2010 2378 2051; x_wconf 69' lang='lat' dir='ltr'><strong>caeco</strong></span> <span class='ocrx_word' id='word_1_473' title='bbox 2413 1997 2700 2052; x_wconf 90' lang='lat' dir='ltr'><strong>damnatur</strong></span> <span class='ocrx_word' id='word_1_474' title='bbox 2725 2011 2947 2053; x_wconf 83' lang='lat' dir='ltr'><strong>carcere</strong></span> <span class='ocrx_word' id='word_1_475' title='bbox 2969 1995 3168 2067; x_wconf 89' lang='lat' dir='ltr'><strong>justus.</strong></span> 
     </span>
    </p>
   </div>
   <div class='ocr_carea' id='block_1_79' title="bbox 1928 2087 3160 2160">
    <p class='ocr_par' dir='ltr' id='par_1_79' title="bbox 1928 2087 3160 2160">
     <span class='ocr_line' id='line_1_79' title="bbox 1928 2087 3160 2160; baseline 0.003 -18"><span class='ocrx_word' id='word_1_476' title='bbox 1928 2087 2066 2143; x_wconf 91' lang='lat' dir='ltr'><strong>Tum</strong></span> <span class='ocrx_word' id='word_1_477' title='bbox 2093 2087 2438 2144; x_wconf 61' lang='lat' dir='ltr'><strong>Galilaeorum</strong></span> <span class='ocrx_word' id='word_1_478' title='bbox 2468 2089 2521 2144; x_wconf 88' lang='lat' dir='ltr'><strong>in</strong></span> <span class='ocrx_word' id='word_1_479' title='bbox 2549 2099 2734 2160; x_wconf 88' lang='lat' dir='ltr'><strong>partes</strong></span> <span class='ocrx_word' id='word_1_480' title='bbox 2760 2090 2965 2146; x_wconf 89' lang='lat' dir='ltr'><strong>secedit</strong></span> <span class='ocrx_word' id='word_1_481' title='bbox 2990 2089 3160 2147; x_wconf 89' lang='lat' dir='ltr'><strong>Iesus.</strong></span> 
     </span>
    </p>
   </div>
   <div class='ocr_carea' id='block_1_80' title="bbox 1854 2180 3082 2255">
    <p class='ocr_par' dir='ltr' id='par_1_80' title="bbox 1854 2180 3082 2255">
     <span class='ocr_line' id='line_1_80' title="bbox 1854 2180 3082 2255; baseline 0.003 -20"><span class='ocrx_word' id='word_1_482' title='bbox 1854 2180 2103 2237; x_wconf 81' lang='lat' dir='ltr'><strong>Absolvit</strong></span> <span class='ocrx_word' id='word_1_483' title='bbox 2130 2180 2300 2251; x_wconf 89' lang='lat' dir='ltr'><strong>reguli</strong></span> <span class='ocrx_word' id='word_1_484' title='bbox 2331 2183 2524 2238; x_wconf 86' lang='lat' dir='ltr'><strong>mortis</strong></span> <span class='ocrx_word' id='word_1_485' title='bbox 2548 2183 2616 2239; x_wconf 91' lang='lat' dir='ltr'><strong>de</strong></span> <span class='ocrx_word' id='word_1_486' title='bbox 2641 2183 2830 2239; x_wconf 91' lang='lat' dir='ltr'><strong>limine</strong></span> <span class='ocrx_word' id='word_1_487' title='bbox 2852 2184 3082 2255; x_wconf 87' lang='lat' dir='ltr'><strong>prolem,</strong></span> 
     </span>
    </p>
   </div>
   <div class='ocr_carea' id='block_1_81' title="bbox 1855 2272 3193 2344">
    <p class='ocr_par' dir='ltr' id='par_1_81' title="bbox 1855 2272 3193 2344">
     <span class='ocr_line' id='line_1_81' title="bbox 1855 2272 3193 2344; baseline 0.005 -18"><span class='ocrx_word' id='word_1_488' title='bbox 1855 2272 2033 2342; x_wconf 85' lang='lat' dir='ltr'><strong>Atque</strong></span> <span class='ocrx_word' id='word_1_489' title='bbox 2061 2272 2412 2344; x_wconf 80' lang='lat' dir='ltr'><strong>Capharnaeae</strong></span> <span class='ocrx_word' id='word_1_490' title='bbox 2439 2283 2690 2330; x_wconf 87' lang='lat' dir='ltr'><strong>versatur</strong></span> <span class='ocrx_word' id='word_1_491' title='bbox 2718 2277 2992 2333; x_wconf 81' lang='lat' dir='ltr'><strong>mcenibus</strong></span> <span class='ocrx_word' id='word_1_492' title='bbox 3018 2275 3193 2334; x_wconf 87' lang='lat' dir='ltr'><strong>urbis.</strong></span> 
     </span>
    </p>
   </div>
   <div class='ocr_carea' id='block_1_82' title="bbox 1928 2361 3114 2434">
    <p class='ocr_par' dir='ltr' id='par_1_82' title="bbox 1928 2361 3114 2434">
     <span class='ocr_line' id='line_1_82' title="bbox 1928 2361 3114 2434; baseline 0.007 -18"><span class='ocrx_word' id='word_1_493' title='bbox 1928 2361 2222 2432; x_wconf 63' lang='lat' dir='ltr'><strong>Equoreis</strong></span> <span class='ocrx_word' id='word_1_494' title='bbox 2249 2364 2410 2420; x_wconf 91' lang='lat' dir='ltr'><strong>undis</strong></span> <span class='ocrx_word' id='word_1_495' title='bbox 2437 2365 2704 2434; x_wconf 90' lang='lat' dir='ltr'><strong>piscantia</strong></span> <span class='ocrx_word' id='word_1_496' title='bbox 2735 2365 2845 2422; x_wconf 89' lang='lat' dir='ltr'><strong>lina</strong></span> <span class='ocrx_word' id='word_1_497' title='bbox 2876 2367 3114 2425; x_wconf 85' lang='lat' dir='ltr'><strong>ferentes</strong></span> 
     </span>
    </p>
   </div>
   <div class='ocr_carea' id='block_1_83' title="bbox 1856 2455 3445 2536">
    <p class='ocr_par' dir='ltr' id='par_1_83' title="bbox 1856 2455 3445 2536">
     <span class='ocr_line' id='line_1_83' title="bbox 1856 2455 3445 2536; baseline 0.009 -26"><span class='ocrx_word' id='word_1_498' title='bbox 1856 2455 2144 2513; x_wconf 70' lang='lat' dir='ltr'><strong>Andraeatn</strong></span> <span class='ocrx_word' id='word_1_499' title='bbox 2177 2457 2509 2529; x_wconf 89' lang='lat' dir='ltr'><strong>Petrumque</strong></span> <span class='ocrx_word' id='word_1_500' title='bbox 2540 2469 2732 2530; x_wconf 91' lang='lat' dir='ltr'><strong>vocat,</strong></span> <span class='ocrx_word' id='word_1_501' title='bbox 2772 2460 3034 2519; x_wconf 80' lang='lat' dir='ltr'><strong>Iacobum</strong></span> <span class='ocrx_word' id='word_1_502' title='bbox 3075 2471 3241 2536; x_wconf 85' lang='lat' dir='ltr'><strong>atque</strong></span> <span class='ocrx_word' id='word_1_503' title='bbox 3274 2465 3445 2524; x_wconf 84' lang='lat' dir='ltr'><strong>Joan—</strong></span> 
     </span>
    </p>
   </div>
   <div class='ocr_carea' id='block_1_84' title="bbox 3199 2558 3371 2631">
    <p class='ocr_par' dir='ltr' id='par_1_84' title="bbox 3199 2558 3371 2631">
     <span class='ocr_line' id='line_1_84' title="bbox 3199 2558 3371 2631; baseline 0.017 -18"><span class='ocrx_word' id='word_1_504' title='bbox 3199 2558 3345 2631; x_wconf 91' lang='lat' dir='ltr'><strong>[nem</strong></span> <span class='ocrx_word' id='word_1_505' title='bbox 3357 2603 3371 2616; x_wconf 94' lang='lat'><strong>.</strong></span> 
     </span>
    </p>
   </div>
   <div class='ocr_carea' id='block_1_85' title="bbox 1859 2639 3385 2722">
    <p class='ocr_par' dir='ltr' id='par_1_85' title="bbox 1859 2639 3385 2722">
     <span class='ocr_line' id='line_1_85' title="bbox 1859 2639 3385 2722; baseline 0.005 -24"><span class='ocrx_word' id='word_1_506' title='bbox 1859 2639 2054 2698; x_wconf 86' lang='lat' dir='ltr'><strong>Omnia</strong></span> <span class='ocrx_word' id='word_1_507' title='bbox 2087 2659 2213 2701; x_wconf 86' lang='lat' dir='ltr'><strong>mox</strong></span> <span class='ocrx_word' id='word_1_508' title='bbox 2238 2643 2509 2716; x_wconf 88' lang='lat' dir='ltr'><strong>linquunt,</strong></span> <span class='ocrx_word' id='word_1_509' title='bbox 2537 2641 2752 2704; x_wconf 81' lang='lat' dir='ltr'><strong>Domini</strong></span> <span class='ocrx_word' id='word_1_510' title='bbox 2777 2648 2864 2719; x_wconf 88' lang='lat' dir='ltr'><strong>pia</strong></span> <span class='ocrx_word' id='word_1_511' title='bbox 2884 2647 3037 2720; x_wconf 81' lang='lat' dir='ltr'><strong>jussa</strong></span> <span class='ocrx_word' id='word_1_512' title='bbox 3064 2659 3385 2722; x_wconf 89' lang='lat' dir='ltr'><strong>sequuntur.</strong></span> 
     </span>
    </p>
   </div>
   <div class='ocr_carea' id='block_1_86' title="bbox 2609 2780 2696 2837">
    <p class='ocr_par' dir='ltr' id='par_1_86' title="bbox 2609 2780 2696 2837">
     <span class='ocr_line' id='line_1_86' title="bbox 2609 2780 2696 2837; baseline 0 0"><span class='ocrx_word' id='word_1_513' title='bbox 2609 2780 2696 2837; x_wconf 89' lang='lat' dir='ltr'><strong>III.</strong></span> 
     </span>
    </p>
   </div>
   <div class='ocr_carea' id='block_1_87' title="bbox 2297 2909 2996 2957">
    <p class='ocr_par' dir='ltr' id='par_1_87' title="bbox 2297 2909 2996 2957">
     <span class='ocr_line' id='line_1_87' title="bbox 2297 2909 2996 2957; baseline 0.011 -8"><span class='ocrx_word' id='word_1_514' title='bbox 2297 2909 2351 2949; x_wconf 78' lang='lat' dir='ltr'><strong>IN</strong></span> <span class='ocrx_word' id='word_1_515' title='bbox 2387 2910 2725 2953; x_wconf 76' lang='lat' dir='ltr'><strong>EVANGELIUII</strong></span> <span class='ocrx_word' id='word_1_516' title='bbox 2760 2912 2996 2957; x_wconf 71' lang='lat' dir='ltr'><strong>IOANNIS.</strong></span> 
     </span>
    </p>
   </div>
   <div class='ocr_carea' id='block_1_88' title="bbox 1930 3001 3216 3079">
    <p class='ocr_par' dir='ltr' id='par_1_88' title="bbox 1930 3001 3216 3079">
     <span class='ocr_line' id='line_1_88' title="bbox 1930 3001 3216 3079; baseline 0.008 -20"><span class='ocrx_word' id='word_1_517' title='bbox 1930 3001 2084 3061; x_wconf 90' lang='lat' dir='ltr'><strong>Dulci</strong></span> <span class='ocrx_word' id='word_1_518' title='bbox 2114 3006 2467 3079; x_wconf 88' lang='lat' dir='ltr'><strong>Evangelium</strong></span> <span class='ocrx_word' id='word_1_519' title='bbox 2498 3017 2783 3067; x_wconf 90' lang='lat' dir='ltr'><strong>cantemus</strong></span> <span class='ocrx_word' id='word_1_520' title='bbox 2807 3026 2941 3068; x_wconf 89' lang='lat' dir='ltr'><strong>voce</strong></span> <span class='ocrx_word' id='word_1_521' title='bbox 2970 3009 3216 3079; x_wconf 82' lang='lat' dir='ltr'><strong>Joannis,</strong></span> 
     </span>
    </p>
   </div>
   <div class='ocr_carea' id='block_1_89' title="bbox 1857 3101 3192 3181">
    <p class='ocr_par' dir='ltr' id='par_1_89' title="bbox 1857 3101 3192 3181">
     <span class='ocr_line' id='line_1_89' title="bbox 1857 3101 3192 3181; baseline 0.006 -24"><span class='ocrx_word' id='word_1_522' title='bbox 1857 3101 1926 3157; x_wconf 89' lang='lat' dir='ltr'><strong>Et</strong></span> <span class='ocrx_word' id='word_1_523' title='bbox 1957 3104 2169 3159; x_wconf 89' lang='lat' dir='ltr'><strong>Domini</strong></span> <span class='ocrx_word' id='word_1_524' title='bbox 2200 3104 2346 3161; x_wconf 90' lang='lat' dir='ltr'><strong>clara</strong></span> <span class='ocrx_word' id='word_1_525' title='bbox 2375 3106 2682 3163; x_wconf 89' lang='lat' dir='ltr'><strong>moduletur</strong></span> <span class='ocrx_word' id='word_1_526' title='bbox 2709 3107 2764 3163; x_wconf 91' lang='lat' dir='ltr'><strong>in</strong></span> <span class='ocrx_word' id='word_1_527' title='bbox 2795 3108 2989 3164; x_wconf 89' lang='lat' dir='ltr'><strong>ordine</strong></span> <span class='ocrx_word' id='word_1_528' title='bbox 3019 3118 3192 3181; x_wconf 88' lang='lat' dir='ltr'><strong>gesta.</strong></span> 
     </span>
    </p>
   </div>
   <div class='ocr_carea' id='block_1_90' title="bbox 1861 3192 3205 3271">
    <p class='ocr_par' dir='ltr' id='par_1_90' title="bbox 1861 3192 3205 3271">
     <span class='ocr_line' id='line_1_90' title="bbox 1861 3192 3205 3271; baseline 0.009 -23"><span class='ocrx_word' id='word_1_529' title='bbox 1861 3192 1945 3249; x_wconf 91' lang='lat' dir='ltr'><strong>Sit</strong></span> <span class='ocrx_word' id='word_1_530' title='bbox 1971 3196 2128 3253; x_wconf 88' lang='lat' dir='ltr'><strong>nobis</strong></span> <span class='ocrx_word' id='word_1_531' title='bbox 2152 3196 2426 3266; x_wconf 76' lang='lat' dir='ltr'><strong>iucundus</strong></span> <span class='ocrx_word' id='word_1_532' title='bbox 2455 3215 2628 3267; x_wconf 90' lang='lat' dir='ltr'><strong>amor,</strong></span> <span class='ocrx_word' id='word_1_533' title='bbox 2659 3200 2768 3256; x_wconf 92' lang='lat' dir='ltr'><strong>sint</strong></span> <span class='ocrx_word' id='word_1_534' title='bbox 2796 3202 2988 3271; x_wconf 88' lang='lat' dir='ltr'><strong>gaudia</strong></span> <span class='ocrx_word' id='word_1_535' title='bbox 3017 3212 3205 3260; x_wconf 88' lang='lat' dir='ltr'><strong>sancta</strong></span> 
     </span>
    </p>
   </div>
   <div class='ocr_carea' id='block_1_91' title="bbox 1781 3267 3443 3364">
    <p class='ocr_par' dir='ltr' id='par_1_91' title="bbox 1781 3267 3443 3364">
     <span class='ocr_line' id='line_1_91' title="bbox 1781 3267 3443 3364; baseline 0.009 -24"><span class='ocrx_word' id='word_1_536' title='bbox 1781 3267 1827 3331; x_wconf 72' lang='grc' dir='ltr'>Ο</span> <span class='ocrx_word' id='word_1_537' title='bbox 1935 3286 2168 3345; x_wconf 82' lang='lat' dir='ltr'><strong>Verbum</strong></span> <span class='ocrx_word' id='word_1_538' title='bbox 2199 3288 2547 3361; x_wconf 89' lang='lat' dir='ltr'><strong>Unigenitum</strong></span> <span class='ocrx_word' id='word_1_539' title='bbox 2579 3267 2947 3364; x_wconf 35' lang='lat' dir='ltr'><strong>semper‘cum</strong></span> <span class='ocrx_word' id='word_1_540' title='bbox 2974 3295 3139 3352; x_wconf 91' lang='lat' dir='ltr'><strong>Patre</strong></span> <span class='ocrx_word' id='word_1_541' title='bbox 3167 3298 3443 3355; x_wconf 76' lang='lat' dir='ltr'><strong>manebat.</strong></span> 
     </span>
    </p>
   </div>
   <div class='ocr_carea' id='block_1_92' title="bbox 1858 3375 3233 3455">
    <p class='ocr_par' dir='ltr' id='par_1_92' title="bbox 1858 3375 3233 3455">
     <span class='ocr_line' id='line_1_92' title="bbox 1858 3375 3233 3455; baseline 0.009 -24"><span class='ocrx_word' id='word_1_542' title='bbox 1858 3375 1959 3432; x_wconf 86' lang='lat' dir='ltr'><strong>llic</strong></span> <span class='ocrx_word' id='word_1_543' title='bbox 1985 3377 2099 3444; x_wconf 88' lang='lat' dir='ltr'><strong>lux,</strong></span> <span class='ocrx_word' id='word_1_544' title='bbox 2130 3379 2219 3435; x_wconf 93' lang='lat' dir='ltr'><strong>hic</strong></span> <span class='ocrx_word' id='word_1_545' title='bbox 2243 3380 2436 3447; x_wconf 89' lang='lat' dir='ltr'><strong>virtus,</strong></span> <span class='ocrx_word' id='word_1_546' title='bbox 2464 3382 2555 3439; x_wconf 90' lang='lat' dir='ltr'><strong>hic</strong></span> <span class='ocrx_word' id='word_1_547' title='bbox 2579 3392 2665 3440; x_wconf 90' lang='lat' dir='ltr'><strong>est</strong></span> <span class='ocrx_word' id='word_1_548' title='bbox 2690 3384 2956 3455; x_wconf 89' lang='lat' dir='ltr'><strong>sapientia</strong></span> <span class='ocrx_word' id='word_1_549' title='bbox 2981 3385 3181 3455; x_wconf 88' lang='lat' dir='ltr'><strong>Patris,</strong></span> <span class='ocrx_word' id='word_1_550' title='bbox 3224 3402 3233 3409; x_wconf 82' lang='grc'><em>’</em></span> 
     </span>
    </p>
   </div>
   <div class='ocr_carea' id='block_1_93' title="bbox 1855 3469 3443 3551">
    <p class='ocr_par' dir='ltr' id='par_1_93' title="bbox 1855 3469 3443 3551">
     <span class='ocr_line' id='line_1_93' title="bbox 1855 3469 3443 3551; baseline 0.008 -25"><span class='ocrx_word' id='word_1_551' title='bbox 1855 3469 1980 3527; x_wconf 82' lang='lat' dir='ltr'><strong>Vita</strong></span> <span class='ocrx_word' id='word_1_552' title='bbox 2002 3472 2307 3540; x_wconf 92' lang='lat' dir='ltr'><strong>hominum,</strong></span> <span class='ocrx_word' id='word_1_553' title='bbox 2331 3475 2589 3547; x_wconf 88' lang='lat' dir='ltr'><strong>angelicis</strong></span> <span class='ocrx_word' id='word_1_554' title='bbox 2612 3476 2798 3535; x_wconf 90' lang='lat' dir='ltr'><strong>lucens</strong></span> <span class='ocrx_word' id='word_1_555' title='bbox 2820 3494 2983 3550; x_wconf 91' lang='lat' dir='ltr'><strong>super</strong></span> <span class='ocrx_word' id='word_1_556' title='bbox 2999 3482 3207 3537; x_wconf 85' lang='lat' dir='ltr'><strong>aethera</strong></span> <span class='ocrx_word' id='word_1_557' title='bbox 3228 3484 3443 3551; x_wconf 87' lang='lat' dir='ltr'><strong>turmis,</strong></span> 
     </span>
    </p>
   </div>
   <div class='ocr_carea' id='block_1_94' title="bbox 1927 3561 3407 3641">
    <p class='ocr_par' dir='ltr' id='par_1_94' title="bbox 1927 3561 3407 3641">
     <span class='ocr_line' id='line_1_94' title="bbox 1927 3561 3407 3641; baseline 0.009 -24"><span class='ocrx_word' id='word_1_558' title='bbox 1927 3561 2032 3619; x_wconf 91' lang='lat' dir='ltr'><strong>Per</strong></span> <span class='ocrx_word' id='word_1_559' title='bbox 2057 3562 2204 3621; x_wconf 87' lang='lat' dir='ltr'><strong>hunc</strong></span> <span class='ocrx_word' id='word_1_560' title='bbox 2233 3563 2348 3637; x_wconf 91' lang='lat' dir='ltr'><strong>ipse</strong></span> <span class='ocrx_word' id='word_1_561' title='bbox 2375 3563 2540 3622; x_wconf 91' lang='lat' dir='ltr'><strong>Pater</strong></span> <span class='ocrx_word' id='word_1_562' title='bbox 2566 3574 2621 3623; x_wconf 92' lang='lat' dir='ltr'><strong>et</strong></span> <span class='ocrx_word' id='word_1_563' title='bbox 2649 3570 2912 3625; x_wconf 91' lang='lat' dir='ltr'><strong>mundum</strong></span> <span class='ocrx_word' id='word_1_564' title='bbox 2942 3579 2997 3641; x_wconf 85' lang='lat' dir='ltr'><strong>et</strong></span> <span class='ocrx_word' id='word_1_565' title='bbox 3025 3571 3224 3630; x_wconf 82' lang='lat' dir='ltr'><strong>saecula</strong></span> <span class='ocrx_word' id='word_1_566' title='bbox 3248 3571 3407 3641; x_wconf 87' lang='lat' dir='ltr'><strong>fecit,</strong></span> 
     </span>
    </p>
   </div>
   <div class='ocr_carea' id='block_1_95' title="bbox 1857 3655 3176 3736">
    <p class='ocr_par' dir='ltr' id='par_1_95' title="bbox 1857 3655 3176 3736">
     <span class='ocr_line' id='line_1_95' title="bbox 1857 3655 3176 3736; baseline 0.008 -25"><span class='ocrx_word' id='word_1_567' title='bbox 1857 3655 2054 3712; x_wconf 92' lang='lat' dir='ltr'><strong>Omnia</strong></span> <span class='ocrx_word' id='word_1_568' title='bbox 2081 3657 2362 3715; x_wconf 91' lang='lat' dir='ltr'><strong>constituit</strong></span> <span class='ocrx_word' id='word_1_569' title='bbox 2387 3674 2509 3729; x_wconf 59' lang='lat' dir='ltr'><strong>qua»</strong></span> <span class='ocrx_word' id='word_1_570' title='bbox 2536 3670 2664 3717; x_wconf 91' lang='lat' dir='ltr'><strong>sunt</strong></span> <span class='ocrx_word' id='word_1_571' title='bbox 2693 3678 2724 3718; x_wconf 89' lang='lat' dir='ltr'><strong>a</strong></span> <span class='ocrx_word' id='word_1_572' title='bbox 2753 3664 2959 3719; x_wconf 88' lang='lat' dir='ltr'><strong>vertice</strong></span> <span class='ocrx_word' id='word_1_573' title='bbox 2988 3665 3113 3722; x_wconf 64' lang='grc' dir='ltr'><strong>εαξιὶ</strong></span> <span class='ocrx_word' id='word_1_574' title='bbox 3146 3709 3176 3736; x_wconf 81' lang='grc'><em>,</em></span> 
     </span>
    </p>
   </div>
   <div class='ocr_carea' id='block_1_96' title="bbox 1858 3752 3277 3831">
    <p class='ocr_par' dir='ltr' id='par_1_96' title="bbox 1858 3752 3277 3831">
     <span class='ocr_line' id='line_1_96' title="bbox 1858 3752 3277 3831; baseline 0.005 -23"><span class='ocrx_word' id='word_1_575' title='bbox 1858 3752 2043 3823; x_wconf 86' lang='lat' dir='ltr'><strong>Usque</strong></span> <span class='ocrx_word' id='word_1_576' title='bbox 2071 3753 2173 3809; x_wconf 90' lang='lat' dir='ltr'><strong>sub</strong></span> <span class='ocrx_word' id='word_1_577' title='bbox 2196 3761 2501 3810; x_wconf 81' lang='lat' dir='ltr'><strong>extremum</strong></span> <span class='ocrx_word' id='word_1_578' title='bbox 2528 3754 2753 3811; x_wconf 92' lang='lat' dir='ltr'><strong>fundum</strong></span> <span class='ocrx_word' id='word_1_579' title='bbox 2783 3757 3048 3828; x_wconf 90' lang='lat' dir='ltr'><strong>nigrantis</strong></span> <span class='ocrx_word' id='word_1_580' title='bbox 3073 3758 3277 3831; x_wconf 84' lang='lat' dir='ltr'><strong>abyssi.</strong></span> 
     </span>
    </p>
   </div>
   <div class='ocr_carea' id='block_1_97' title="bbox 1932 3843 3229 3921">
    <p class='ocr_par' dir='ltr' id='par_1_97' title="bbox 1932 3843 3229 3921">
     <span class='ocr_line' id='line_1_97' title="bbox 1932 3843 3229 3921; baseline 0.005 -21"><span class='ocrx_word' id='word_1_581' title='bbox 1932 3843 2143 3900; x_wconf 89' lang='lat' dir='ltr'><strong>Clarior</strong></span> <span class='ocrx_word' id='word_1_582' title='bbox 2170 3844 2261 3900; x_wconf 92' lang='lat' dir='ltr'><strong>hic</strong></span> <span class='ocrx_word' id='word_1_583' title='bbox 2291 3844 2483 3911; x_wconf 90' lang='lat' dir='ltr'><strong>stellis,</strong></span> <span class='ocrx_word' id='word_1_584' title='bbox 2513 3846 2628 3903; x_wconf 91' lang='lat' dir='ltr'><strong>sole</strong></span> <span class='ocrx_word' id='word_1_585' title='bbox 2653 3856 2739 3903; x_wconf 90' lang='lat' dir='ltr'><strong>est</strong></span> <span class='ocrx_word' id='word_1_586' title='bbox 2766 3849 3063 3918; x_wconf 90' lang='lat' dir='ltr'><strong>speciosior</strong></span> <span class='ocrx_word' id='word_1_587' title='bbox 3091 3850 3229 3921; x_wconf 89' lang='lat' dir='ltr'><strong>ipso,</strong></span> 
     </span>
    </p>
   </div>
   <div class='ocr_carea' id='block_1_98' title="bbox 1857 3934 3273 4007">
    <p class='ocr_par' dir='ltr' id='par_1_98' title="bbox 1857 3934 3273 4007">
     <span class='ocr_line' id='line_1_98' title="bbox 1857 3934 3273 4007; baseline 0.003 -16"><span class='ocrx_word' id='word_1_588' title='bbox 1857 3934 2018 3992; x_wconf 87' lang='lat' dir='ltr'><strong>Omni</strong></span> <span class='ocrx_word' id='word_1_589' title='bbox 2049 3934 2171 3991; x_wconf 90' lang='lat' dir='ltr'><strong>luce</strong></span> <span class='ocrx_word' id='word_1_590' title='bbox 2196 3936 2372 4006; x_wconf 91' lang='lat' dir='ltr'><strong>prior,</strong></span> <span class='ocrx_word' id='word_1_591' title='bbox 2402 3952 2565 4007; x_wconf 89' lang='lat' dir='ltr'><strong>quam</strong></span> <span class='ocrx_word' id='word_1_592' title='bbox 2596 3952 2703 3993; x_wconf 82' lang='lat' dir='ltr'><strong>nox</strong></span> <span class='ocrx_word' id='word_1_593' title='bbox 2726 3937 2955 3995; x_wconf 82' lang='lat' dir='ltr'><strong>oti‘uscat</strong></span> <span class='ocrx_word' id='word_1_594' title='bbox 2978 3949 3036 3994; x_wconf 91' lang='lat' dir='ltr'><strong>et</strong></span> <span class='ocrx_word' id='word_1_595' title='bbox 3060 3941 3273 3996; x_wconf 87' lang='lat' dir='ltr'><strong>umbra.</strong></span> 
     </span>
    </p>
   </div>
   <div class='ocr_carea' id='block_1_99' title="bbox 1856 4029 3378 4105">
    <p class='ocr_par' dir='ltr' id='par_1_99' title="bbox 1856 4029 3378 4105">
     <span class='ocr_line' id='line_1_99' title="bbox 1856 4029 3378 4105; baseline 0.004 -20"><span class='ocrx_word' id='word_1_596' title='bbox 1856 4030 1956 4086; x_wconf 83' lang='lat' dir='ltr'><strong>Hic</strong></span> <span class='ocrx_word' id='word_1_597' title='bbox 1985 4029 2237 4087; x_wconf 86' lang='lat' dir='ltr'><strong>tenebras</strong></span> <span class='ocrx_word' id='word_1_598' title='bbox 2260 4030 2451 4098; x_wconf 90' lang='lat' dir='ltr'><strong>vincit,</strong></span> <span class='ocrx_word' id='word_1_599' title='bbox 2479 4032 2778 4104; x_wconf 88' lang='lat' dir='ltr'><strong>mediisque</strong></span> <span class='ocrx_word' id='word_1_600' title='bbox 2805 4031 3038 4105; x_wconf 90' lang='lat' dir='ltr'><strong>refulget</strong></span> <span class='ocrx_word' id='word_1_601' title='bbox 3065 4033 3120 4097; x_wconf 84' lang='lat' dir='ltr'><strong>in</strong></span> <span class='ocrx_word' id='word_1_602' title='bbox 3149 4034 3378 4091; x_wconf 84' lang='lat' dir='ltr'><strong>umbris.</strong></span> 
     </span>
    </p>
   </div>
   <div class='ocr_carea' id='block_1_100' title="bbox 1933 4120 3241 4194">
    <p class='ocr_par' dir='ltr' id='par_1_100' title="bbox 1933 4120 3241 4194">
     <span class='ocr_line' id='line_1_100' title="bbox 1933 4120 3241 4194; baseline 0.005 -17"><span class='ocrx_word' id='word_1_603' title='bbox 1933 4120 2093 4179; x_wconf 85' lang='lat' dir='ltr'><strong>Venit</strong></span> <span class='ocrx_word' id='word_1_604' title='bbox 2124 4123 2289 4178; x_wconf 92' lang='lat' dir='ltr'><strong>homo</strong></span> <span class='ocrx_word' id='word_1_605' title='bbox 2316 4123 2548 4179; x_wconf 88' lang='lat' dir='ltr'><strong>eximius</strong></span> <span class='ocrx_word' id='word_1_606' title='bbox 2578 4123 2728 4180; x_wconf 88' lang='lat' dir='ltr'><strong>clara</strong></span> <span class='ocrx_word' id='word_1_607' title='bbox 2754 4124 2956 4181; x_wconf 89' lang='lat' dir='ltr'><strong>virtute</strong></span> <span class='ocrx_word' id='word_1_608' title='bbox 2984 4123 3241 4194; x_wconf 82' lang='lat' dir='ltr'><strong>Joannes,</strong></span> 
     </span>
    </p>
   </div>
   <div class='ocr_carea' id='block_1_101' title="bbox 1856 4212 3178 4284">
    <p class='ocr_par' dir='ltr' id='par_1_101' title="bbox 1856 4212 3178 4284">
     <span class='ocr_line' id='line_1_101' title="bbox 1856 4212 3178 4284; baseline 0.005 -14"><span class='ocrx_word' id='word_1_609' title='bbox 1856 4212 2102 4281; x_wconf 74' lang='lat' dir='ltr'><strong>Caelitus,</strong></span> <span class='ocrx_word' id='word_1_610' title='bbox 2137 4222 2197 4270; x_wconf 93' lang='lat' dir='ltr'><strong>ut</strong></span> <span class='ocrx_word' id='word_1_611' title='bbox 2228 4215 2384 4272; x_wconf 92' lang='lat' dir='ltr'><strong>testis</strong></span> <span class='ocrx_word' id='word_1_612' title='bbox 2416 4215 2572 4271; x_wconf 82' lang='lat' dir='ltr'><strong>fieret</strong></span> <span class='ocrx_word' id='word_1_613' title='bbox 2601 4217 2669 4273; x_wconf 90' lang='lat' dir='ltr'><strong>de</strong></span> <span class='ocrx_word' id='word_1_614' title='bbox 2700 4215 2922 4284; x_wconf 89' lang='lat' dir='ltr'><strong>lumine,</strong></span> <span class='ocrx_word' id='word_1_615' title='bbox 2958 4219 3178 4277; x_wconf 81' lang='lat' dir='ltr'><strong>miSsus.</strong></span> 
     </span>
    </p>
   </div>
   <div class='ocr_carea' id='block_1_102' title="bbox 1860 4303 3194 4379">
    <p class='ocr_par' dir='ltr' id='par_1_102' title="bbox 1860 4303 3194 4379">
     <span class='ocr_line' id='line_1_102' title="bbox 1860 4303 3194 4379; baseline 0.006 -20"><span class='ocrx_word' id='word_1_616' title='bbox 1860 4303 1977 4360; x_wconf 86' lang='lat' dir='ltr'><strong>Non</strong></span> <span class='ocrx_word' id='word_1_617' title='bbox 2013 4304 2105 4361; x_wconf 82' lang='lat' dir='ltr'><strong>lux</strong></span> <span class='ocrx_word' id='word_1_618' title='bbox 2146 4304 2236 4361; x_wconf 90' lang='lat' dir='ltr'><strong>ille</strong></span> <span class='ocrx_word' id='word_1_619' title='bbox 2275 4304 2410 4372; x_wconf 92' lang='lat' dir='ltr'><strong>fuit,</strong></span> <span class='ocrx_word' id='word_1_620' title='bbox 2447 4306 2544 4363; x_wconf 90' lang='lat' dir='ltr'><strong>sed</strong></span> <span class='ocrx_word' id='word_1_621' title='bbox 2577 4306 2715 4364; x_wconf 92' lang='lat' dir='ltr'><strong>lucis</strong></span> <span class='ocrx_word' id='word_1_622' title='bbox 2749 4322 2927 4379; x_wconf 71' lang='lat' dir='ltr'><strong>praeco</strong></span> <span class='ocrx_word' id='word_1_623' title='bbox 2962 4308 3194 4367; x_wconf 87' lang='lat' dir='ltr'><strong>refulsit.</strong></span> 
     </span>
    </p>
   </div>
   <div class='ocr_carea' id='block_1_103' title="bbox 1930 4396 3439 4471">
    <p class='ocr_par' dir='ltr' id='par_1_103' title="bbox 1930 4396 3439 4471">
     <span class='ocr_line' id='line_1_103' title="bbox 1930 4396 3439 4471; baseline 0.006 -20"><span class='ocrx_word' id='word_1_624' title='bbox 1930 4396 2051 4453; x_wconf 89' lang='lat' dir='ltr'><strong>Lux</strong></span> <span class='ocrx_word' id='word_1_625' title='bbox 2072 4413 2203 4454; x_wconf 90' lang='lat' dir='ltr'><strong>vera</strong></span> <span class='ocrx_word' id='word_1_626' title='bbox 2227 4397 2315 4453; x_wconf 87' lang='lat' dir='ltr'><strong>ille</strong></span> <span class='ocrx_word' id='word_1_627' title='bbox 2339 4398 2546 4463; x_wconf 90' lang='lat' dir='ltr'><strong>aderat,</strong></span> <span class='ocrx_word' id='word_1_628' title='bbox 2571 4397 2959 4471; x_wconf 88' lang='lat' dir='ltr'><strong>hominumque</strong></span> <span class='ocrx_word' id='word_1_629' title='bbox 2980 4412 3199 4470; x_wconf 89' lang='lat' dir='ltr'><strong>pectora</strong></span> <span class='ocrx_word' id='word_1_630' title='bbox 3225 4402 3439 4460; x_wconf 90' lang='lat' dir='ltr'><strong>lustrat.</strong></span> 
     </span>
    </p>
   </div>
   <div class='ocr_carea' id='block_1_104' title="bbox 1859 4487 3206 4561">
    <p class='ocr_par' dir='ltr' id='par_1_104' title="bbox 1859 4487 3206 4561">
     <span class='ocr_line' id='line_1_104' title="bbox 1859 4487 3206 4561; baseline 0.004 -19"><span class='ocrx_word' id='word_1_631' title='bbox 1859 4487 1951 4542; x_wconf 91' lang='lat' dir='ltr'><strong>Illa</strong></span> <span class='ocrx_word' id='word_1_632' title='bbox 1982 4488 2111 4543; x_wconf 89' lang='lat' dir='ltr'><strong>inde</strong></span> <span class='ocrx_word' id='word_1_633' title='bbox 2139 4501 2361 4544; x_wconf 89' lang='lat' dir='ltr'><strong>aversos</strong></span> <span class='ocrx_word' id='word_1_634' title='bbox 2388 4488 2597 4546; x_wconf 90' lang='lat' dir='ltr'><strong>animos</strong></span> <span class='ocrx_word' id='word_1_635' title='bbox 2626 4505 2942 4561; x_wconf 79' lang='lat' dir='ltr'><strong>mersasque</strong></span> <span class='ocrx_word' id='word_1_636' title='bbox 2967 4492 3206 4548; x_wconf 87' lang='lat' dir='ltr'><strong>tenebris</strong></span> 
     </span>
    </p>
   </div>
   <div class='ocr_carea' id='block_1_105' title="bbox 1863 4576 3355 4652">
    <p class='ocr_par' dir='ltr' id='par_1_105' title="bbox 1863 4576 3355 4652">
     <span class='ocr_line' id='line_1_105' title="bbox 1863 4576 3355 4652; baseline 0.003 -18"><span class='ocrx_word' id='word_1_637' title='bbox 1863 4576 2067 4651; x_wconf 89' lang='lat' dir='ltr'><strong>Sponte</strong></span> <span class='ocrx_word' id='word_1_638' title='bbox 2105 4595 2204 4635; x_wconf 91' lang='lat' dir='ltr'><strong>sua</strong></span> <span class='ocrx_word' id='word_1_639' title='bbox 2243 4578 2504 4648; x_wconf 90' lang='lat' dir='ltr'><strong>irradiat,</strong></span> <span class='ocrx_word' id='word_1_640' title='bbox 2546 4581 2763 4652; x_wconf 81' lang='lat' dir='ltr'><strong>dignata</strong></span> <span class='ocrx_word' id='word_1_641' title='bbox 2803 4583 3038 4639; x_wconf 89' lang='lat' dir='ltr'><strong>invisere</strong></span> <span class='ocrx_word' id='word_1_642' title='bbox 3075 4583 3355 4639; x_wconf 91' lang='lat' dir='ltr'><strong>mundum.</strong></span> 
     </span>
    </p>
   </div>
   <div class='ocr_carea' id='block_1_106' title="bbox 1777 4633 3401 4745">
    <p class='ocr_par' dir='ltr' id='par_1_106' title="bbox 1777 4633 3401 4745">
     <span class='ocr_line' id='line_1_106' title="bbox 1777 4633 3401 4745; baseline 0.006 -21"><span class='ocrx_word' id='word_1_643' title='bbox 1777 4633 1832 4694; x_wconf 69' lang='grc' dir='ltr'><strong>Ι)</strong></span> <span class='ocrx_word' id='word_1_644' title='bbox 1902 4633 2045 4742; x_wconf 34' lang='lat' dir='ltr'><strong>{Ipse</strong></span> <span class='ocrx_word' id='word_1_645' title='bbox 2074 4670 2127 4726; x_wconf 93' lang='lat' dir='ltr'><strong>in</strong></span> <span class='ocrx_word' id='word_1_646' title='bbox 2157 4671 2360 4728; x_wconf 91' lang='lat' dir='ltr'><strong>mundo</strong></span> <span class='ocrx_word' id='word_1_647' title='bbox 2388 4633 2632 4739; x_wconf 55' lang='lat' dir='ltr'><strong>aderat:</strong></span> <span class='ocrx_word' id='word_1_648' title='bbox 2645 4681 2700 4728; x_wconf 83' lang='lat' dir='ltr'><strong>et</strong></span> <span class='ocrx_word' id='word_1_649' title='bbox 2726 4675 2983 4731; x_wconf 89' lang='lat' dir='ltr'><strong>mundum</strong></span> <span class='ocrx_word' id='word_1_650' title='bbox 3014 4673 3222 4731; x_wconf 88' lang='lat' dir='ltr'><strong>fecerat</strong></span> <span class='ocrx_word' id='word_1_651' title='bbox 3248 4676 3401 4745; x_wconf 88' lang='lat' dir='ltr'><strong>ipse:</strong></span> 
     </span>
    </p>
   </div>
   <div class='ocr_carea' id='block_1_107' title="bbox 1857 4762 3330 4835">
    <p class='ocr_par' dir='ltr' id='par_1_107' title="bbox 1857 4762 3330 4835">
     <span class='ocr_line' id='line_1_107' title="bbox 1857 4762 3330 4835; baseline 0.002 -17"><span class='ocrx_word' id='word_1_652' title='bbox 1857 4762 1966 4819; x_wconf 86' lang='lat' dir='ltr'><strong>Nec</strong></span> <span class='ocrx_word' id='word_1_653' title='bbox 1995 4771 2177 4819; x_wconf 90' lang='lat' dir='ltr'><strong>tamen</strong></span> <span class='ocrx_word' id='word_1_654' title='bbox 2206 4765 2352 4819; x_wconf 90' lang='lat' dir='ltr'><strong>hunc</strong></span> <span class='ocrx_word' id='word_1_655' title='bbox 2376 4778 2519 4820; x_wconf 62' lang='lat' dir='ltr'><strong>caeco</strong></span> <span class='ocrx_word' id='word_1_656' title='bbox 2549 4765 2801 4835; x_wconf 86' lang='lat' dir='ltr'><strong>cognovit</strong></span> <span class='ocrx_word' id='word_1_657' title='bbox 2827 4772 3045 4834; x_wconf 90' lang='lat' dir='ltr'><strong>pectore</strong></span> <span class='ocrx_word' id='word_1_658' title='bbox 3075 4766 3330 4821; x_wconf 87' lang='lat' dir='ltr'><strong>mundus.</strong></span> 
     </span>
    </p>
   </div>
   <div class='ocr_carea' id='block_1_108' title="bbox 1856 4853 3328 4926">
    <p class='ocr_par' dir='ltr' id='par_1_108' title="bbox 1856 4853 3328 4926">
     <span class='ocr_line' id='line_1_108' title="bbox 1856 4853 3328 4926; baseline 0.002 -18"><span class='ocrx_word' id='word_1_659' title='bbox 1856 4853 1912 4909; x_wconf 89' lang='lat' dir='ltr'><strong>In</strong></span> <span class='ocrx_word' id='word_1_660' title='bbox 1945 4854 2165 4925; x_wconf 89' lang='lat' dir='ltr'><strong>propria</strong></span> <span class='ocrx_word' id='word_1_661' title='bbox 2188 4854 2358 4920; x_wconf 90' lang='lat' dir='ltr'><strong>venit,</strong></span> <span class='ocrx_word' id='word_1_662' title='bbox 2386 4854 2590 4925; x_wconf 88' lang='lat' dir='ltr'><strong>proprii</strong></span> <span class='ocrx_word' id='word_1_663' title='bbox 2620 4854 2763 4909; x_wconf 90' lang='lat' dir='ltr'><strong>hunc</strong></span> <span class='ocrx_word' id='word_1_664' title='bbox 2787 4867 3041 4924; x_wconf 89' lang='lat' dir='ltr'><strong>sprevere</strong></span> <span class='ocrx_word' id='word_1_665' title='bbox 3067 4857 3286 4926; x_wconf 88' lang='lat' dir='ltr'><strong>superbi</strong></span> <span class='ocrx_word' id='word_1_666' title='bbox 3312 4875 3328 4911; x_wconf 90' lang='lat'><strong>:</strong></span> 
     </span>
    </p>
   </div>
   <div class='ocr_carea' id='block_1_109' title="bbox 1928 4944 3313 5017">
    <p class='ocr_par' dir='ltr' id='par_1_109' title="bbox 1928 4944 3313 5017">
     <span class='ocr_line' id='line_1_109' title="bbox 1928 4944 3313 5017; baseline 0.001 -17"><span class='ocrx_word' id='word_1_667' title='bbox 1928 4945 2139 5017; x_wconf 84' lang='lat' dir='ltr'><strong>Quique</strong></span> <span class='ocrx_word' id='word_1_668' title='bbox 2172 4953 2357 5002; x_wconf 91' lang='lat' dir='ltr'><strong>autem</strong></span> <span class='ocrx_word' id='word_1_669' title='bbox 2395 4944 2540 5000; x_wconf 80' lang='lat' dir='ltr'><strong>illius</strong></span> <span class='ocrx_word' id='word_1_670' title='bbox 2571 4945 2858 5000; x_wconf 90' lang='lat' dir='ltr'><strong>credentes</strong></span> <span class='ocrx_word' id='word_1_671' title='bbox 2896 4945 3115 5002; x_wconf 86' lang='lat' dir='ltr'><strong>nomine</strong></span> <span class='ocrx_word' id='word_1_672' title='bbox 3154 4962 3313 5004; x_wconf 88' lang='lat' dir='ltr'><strong>sacro</strong></span> 
     </span>
    </p>
   </div>
   <div class='ocr_carea' id='block_1_110' title="bbox 1858 5037 3119 5110">
    <p class='ocr_par' dir='ltr' id='par_1_110' title="bbox 1858 5037 3119 5110">
     <span class='ocr_line' id='line_1_110' title="bbox 1858 5037 3119 5110; baseline 0.002 -17"><span class='ocrx_word' id='word_1_673' title='bbox 1858 5038 2035 5095; x_wconf 86' lang='lat' dir='ltr'><strong>Mente</strong></span> <span class='ocrx_word' id='word_1_674' title='bbox 2062 5046 2387 5110; x_wconf 90' lang='lat' dir='ltr'><strong>receperunt</strong></span> <span class='ocrx_word' id='word_1_675' title='bbox 2413 5037 2606 5094; x_wconf 91' lang='lat' dir='ltr'><strong>humili</strong></span> <span class='ocrx_word' id='word_1_676' title='bbox 2636 5047 2691 5093; x_wconf 88' lang='lat' dir='ltr'><strong>et</strong></span> <span class='ocrx_word' id='word_1_677' title='bbox 2718 5038 2919 5109; x_wconf 88' lang='lat' dir='ltr'><strong>pietate</strong></span> <span class='ocrx_word' id='word_1_678' title='bbox 2949 5039 3119 5108; x_wconf 77' lang='lat' dir='ltr'><strong>fideli,</strong></span> 
     </span>
    </p>
   </div>
   <div class='ocr_carea' id='block_1_111' title="bbox 1858 5129 3151 5200">
    <p class='ocr_par' dir='ltr' id='par_1_111' title="bbox 1858 5129 3151 5200">
     <span class='ocr_line' id='line_1_111' title="bbox 1858 5129 3151 5200; baseline 0.005 -15"><span class='ocrx_word' id='word_1_679' title='bbox 1858 5129 1968 5187; x_wconf 86' lang='lat' dir='ltr'><strong>Hos</strong></span> <span class='ocrx_word' id='word_1_680' title='bbox 1992 5131 2141 5188; x_wconf 92' lang='lat' dir='ltr'><strong>dedit</strong></span> <span class='ocrx_word' id='word_1_681' title='bbox 2165 5131 2296 5188; x_wconf 84' lang='lat' dir='ltr'><strong>esse</strong></span> <span class='ocrx_word' id='word_1_682' title='bbox 2313 5131 2425 5187; x_wconf 87' lang='lat' dir='ltr'><strong>Deo</strong></span> <span class='ocrx_word' id='word_1_683' title='bbox 2453 5130 2629 5188; x_wconf 89' lang='lat' dir='ltr'><strong>claros</strong></span> <span class='ocrx_word' id='word_1_684' title='bbox 2659 5132 2715 5187; x_wconf 90' lang='lat' dir='ltr'><strong>in</strong></span> <span class='ocrx_word' id='word_1_685' title='bbox 2743 5132 2940 5189; x_wconf 88' lang='lat' dir='ltr'><strong>saecula</strong></span> <span class='ocrx_word' id='word_1_686' title='bbox 2968 5142 3151 5200; x_wconf 90' lang='lat' dir='ltr'><strong>natos,</strong></span> 
     </span>
    </p>
   </div>
   <div class='ocr_carea' id='block_1_112' title="bbox 1928 5225 3440 5302">
    <p class='ocr_par' dir='ltr' id='par_1_112' title="bbox 1928 5225 3440 5302">
     <span class='ocr_line' id='line_1_112' title="bbox 1928 5225 3440 5302; baseline 0.008 -22"><span class='ocrx_word' id='word_1_687' title='bbox 1928 5226 2075 5293; x_wconf 85' lang='lat' dir='ltr'><strong>Quos</strong></span> <span class='ocrx_word' id='word_1_688' title='bbox 2102 5241 2210 5282; x_wconf 90' lang='lat' dir='ltr'><strong>non</strong></span> <span class='ocrx_word' id='word_1_689' title='bbox 2237 5226 2589 5297; x_wconf 88' lang='lat' dir='ltr'><strong>sanguinibus</strong></span> <span class='ocrx_word' id='word_1_690' title='bbox 2617 5225 2855 5296; x_wconf 88' lang='lat' dir='ltr'><strong>genitos,</strong></span> <span class='ocrx_word' id='word_1_691' title='bbox 2896 5243 3005 5284; x_wconf 91' lang='lat' dir='ltr'><strong>non</strong></span> <span class='ocrx_word' id='word_1_692' title='bbox 3035 5245 3199 5302; x_wconf 88' lang='lat' dir='ltr'><strong>carne</strong></span> <span class='ocrx_word' id='word_1_693' title='bbox 3224 5244 3440 5292; x_wconf 88' lang='lat' dir='ltr'><strong>creatos</strong></span> 
     </span>
    </p>
   </div>
   <div class='ocr_carea' id='block_1_113' title="bbox 1857 5319 3126 5392">
    <p class='ocr_par' dir='ltr' id='par_1_113' title="bbox 1857 5319 3126 5392">
     <span class='ocr_line' id='line_1_113' title="bbox 1857 5319 3126 5392; baseline 0.005 -18"><span class='ocrx_word' id='word_1_694' title='bbox 1857 5319 1967 5377; x_wconf 87' lang='lat' dir='ltr'><strong>Nec</strong></span> <span class='ocrx_word' id='word_1_695' title='bbox 1995 5336 2218 5391; x_wconf 89' lang='lat' dir='ltr'><strong>prorsus</strong></span> <span class='ocrx_word' id='word_1_696' title='bbox 2241 5320 2351 5376; x_wconf 91' lang='lat' dir='ltr'><strong>ulla</strong></span> <span class='ocrx_word' id='word_1_697' title='bbox 2381 5319 2635 5376; x_wconf 90' lang='lat' dir='ltr'><strong>illecebra</strong></span> <span class='ocrx_word' id='word_1_698' title='bbox 2667 5331 2961 5392; x_wconf 87' lang='lat' dir='ltr'><strong>generante</strong></span> <span class='ocrx_word' id='word_1_699' title='bbox 2984 5323 3126 5380; x_wconf 90' lang='lat' dir='ltr'><strong>virili</strong></span> 
     </span>
    </p>
   </div>
   <div class='ocr_carea' id='block_1_114' title="bbox 1857 5415 3199 5489">
    <p class='ocr_par' dir='ltr' id='par_1_114' title="bbox 1857 5415 3199 5489">
     <span class='ocr_line' id='line_1_114' title="bbox 1857 5415 3199 5489; baseline 0.001 -16"><span class='ocrx_word' id='word_1_700' title='bbox 1857 5417 2106 5473; x_wconf 88' lang='lat' dir='ltr'><strong>Divinam</strong></span> <span class='ocrx_word' id='word_1_701' title='bbox 2134 5417 2189 5472; x_wconf 92' lang='lat' dir='ltr'><strong>in</strong></span> <span class='ocrx_word' id='word_1_702' title='bbox 2216 5415 2425 5487; x_wconf 87' lang='lat' dir='ltr'><strong>prolem</strong></span> <span class='ocrx_word' id='word_1_703' title='bbox 2456 5416 2671 5473; x_wconf 91' lang='lat' dir='ltr'><strong>divinus</strong></span> <span class='ocrx_word' id='word_1_704' title='bbox 2702 5418 2937 5489; x_wconf 86' lang='lat' dir='ltr'><strong>Spiritus</strong></span> <span class='ocrx_word' id='word_1_705' title='bbox 2965 5420 3099 5479; x_wconf 87' lang='lat' dir='ltr'><strong>edit.</strong></span> <span class='ocrx_word' id='word_1_706' title='bbox 3196 5428 3199 5433; x_wconf 86' lang='lat'><em>‘</em></span> 
     </span>
    </p>
   </div>
   <div class='ocr_carea' id='block_1_115' title="bbox 1930 5507 3437 5587">
    <p class='ocr_par' dir='ltr' id='par_1_115' title="bbox 1930 5507 3437 5587">
     <span class='ocr_line' id='line_1_115' title="bbox 1930 5507 3437 5587; baseline 0.007 -21"><span class='ocrx_word' id='word_1_707' title='bbox 1930 5509 2166 5566; x_wconf 89' lang='lat' dir='ltr'><strong>Verbum</strong></span> <span class='ocrx_word' id='word_1_708' title='bbox 2189 5508 2354 5564; x_wconf 89' lang='lat' dir='ltr'><strong>etiam</strong></span> <span class='ocrx_word' id='word_1_709' title='bbox 2379 5507 2559 5566; x_wconf 89' lang='lat' dir='ltr'><strong>Patris</strong></span> <span class='ocrx_word' id='word_1_710' title='bbox 2580 5525 2707 5567; x_wconf 89' lang='lat' dir='ltr'><strong>caro</strong></span> <span class='ocrx_word' id='word_1_711' title='bbox 2728 5511 2932 5568; x_wconf 89' lang='lat' dir='ltr'><strong>factum</strong></span> <span class='ocrx_word' id='word_1_712' title='bbox 2958 5513 3220 5573; x_wconf 89' lang='lat' dir='ltr'><strong>habitavit</strong></span> <span class='ocrx_word' id='word_1_713' title='bbox 3243 5516 3299 5574; x_wconf 89' lang='lat' dir='ltr'><strong>in</strong></span> <span class='ocrx_word' id='word_1_714' title='bbox 3318 5516 3437 5587; x_wconf 83' lang='lat' dir='ltr'><strong>illo,</strong></span> 
     </span>
    </p>
   </div>
   <div class='ocr_carea' id='block_1_116' title="bbox 1860 5598 3078 5675">
    <p class='ocr_par' dir='ltr' id='par_1_116' title="bbox 1860 5598 3078 5675">
     <span class='ocr_line' id='line_1_116' title="bbox 1860 5598 3078 5675; baseline 0.006 -20"><span class='ocrx_word' id='word_1_715' title='bbox 1860 5598 2077 5656; x_wconf 87' lang='lat' dir='ltr'><strong>Naturae</strong></span> <span class='ocrx_word' id='word_1_716' title='bbox 2101 5608 2300 5656; x_wconf 79' lang='lat' dir='ltr'><strong>nostrae</strong></span> <span class='ocrx_word' id='word_1_717' title='bbox 2327 5600 2541 5656; x_wconf 90' lang='lat' dir='ltr'><strong>mortali</strong></span> <span class='ocrx_word' id='word_1_718' title='bbox 2570 5617 2796 5674; x_wconf 88' lang='lat' dir='ltr'><strong>corpore</strong></span> <span class='ocrx_word' id='word_1_719' title='bbox 2821 5603 3078 5675; x_wconf 88' lang='lat' dir='ltr'><strong>clemens,</strong></span> 
     </span>
    </p>
   </div>
   <div class='ocr_carea' id='block_1_117' title="bbox 1862 5691 3181 5768">
    <p class='ocr_par' dir='ltr' id='par_1_117' title="bbox 1862 5691 3181 5768">
     <span class='ocr_line' id='line_1_117' title="bbox 1862 5691 3181 5768; baseline 0.004 -20"><span class='ocrx_word' id='word_1_720' title='bbox 1862 5691 1933 5749; x_wconf 89' lang='lat' dir='ltr'><strong>Ut</strong></span> <span class='ocrx_word' id='word_1_721' title='bbox 1959 5706 2059 5748; x_wconf 90' lang='lat' dir='ltr'><strong>nos</strong></span> <span class='ocrx_word' id='word_1_722' title='bbox 2084 5692 2153 5747; x_wconf 87' lang='lat' dir='ltr'><strong>ad</strong></span> <span class='ocrx_word' id='word_1_723' title='bbox 2177 5692 2342 5747; x_wconf 88' lang='lat' dir='ltr'><strong>vitam</strong></span> <span class='ocrx_word' id='word_1_724' title='bbox 2372 5703 2557 5764; x_wconf 89' lang='lat' dir='ltr'><strong>posset</strong></span> <span class='ocrx_word' id='word_1_725' title='bbox 2582 5710 2840 5752; x_wconf 91' lang='lat' dir='ltr'><strong>revocare</strong></span> <span class='ocrx_word' id='word_1_726' title='bbox 2866 5712 3181 5768; x_wconf 89' lang='lat' dir='ltr'><strong>perennem.</strong></span> 
     </span>
    </p>
   </div>
   <div class='ocr_carea' id='block_1_118' title="bbox 1930 5787 3269 5848">
    <p class='ocr_par' dir='ltr' id='par_1_118' title="bbox 1930 5787 3269 5848">
     <span class='ocr_line' id='line_1_118' title="bbox 1930 5787 3269 5848; baseline 0.003 -5"><span class='ocrx_word' id='word_1_727' title='bbox 1930 5787 2069 5843; x_wconf 87' lang='lat' dir='ltr'><strong>Hinc</strong></span> <span class='ocrx_word' id='word_1_728' title='bbox 2093 5787 2268 5845; x_wconf 91' lang='lat' dir='ltr'><strong>oculis</strong></span> <span class='ocrx_word' id='word_1_729' title='bbox 2291 5789 2488 5844; x_wconf 90' lang='lat' dir='ltr'><strong>mentis</strong></span> <span class='ocrx_word' id='word_1_730' title='bbox 2515 5804 2652 5846; x_wconf 92' lang='lat' dir='ltr'><strong>nova</strong></span> <span class='ocrx_word' id='word_1_731' title='bbox 2683 5790 2775 5846; x_wconf 85' lang='lat' dir='ltr'><strong>lux</strong></span> <span class='ocrx_word' id='word_1_732' title='bbox 2803 5800 2991 5847; x_wconf 79' lang='lat' dir='ltr'><strong>exorta</strong></span> <span class='ocrx_word' id='word_1_733' title='bbox 3020 5790 3269 5848; x_wconf 85' lang='lat' dir='ltr'><strong>refulsit:</strong></span> 
     </span>
    </p>
   </div>
   <div class='ocr_carea' id='block_1_119' title="bbox 1861 5880 3041 5958">
    <p class='ocr_par' dir='ltr' id='par_1_119' title="bbox 1861 5880 3041 5958">
     <span class='ocr_line' id='line_1_119' title="bbox 1861 5880 3041 5958; baseline -0.002 -17"><span class='ocrx_word' id='word_1_734' title='bbox 1861 5882 2072 5944; x_wconf 84' lang='lat' dir='ltr'><strong>Claruit</strong></span> <span class='ocrx_word' id='word_1_735' title='bbox 2092 5880 2220 5945; x_wconf 86' lang='lat' dir='ltr'><strong>hinc</strong></span> <span class='ocrx_word' id='word_1_736' title='bbox 2247 5881 2362 5947; x_wconf 72' lang='lat' dir='ltr'><strong>eius</strong></span> <span class='ocrx_word' id='word_1_737' title='bbox 2390 5884 2637 5944; x_wconf 81' lang='lat' dir='ltr'><strong>sublimis</strong></span> <span class='ocrx_word' id='word_1_738' title='bbox 2664 5885 2833 5958; x_wconf 90' lang='lat' dir='ltr'><strong>gloria</strong></span> <span class='ocrx_word' id='word_1_739' title='bbox 2865 5886 3041 5949; x_wconf 85' lang='lat' dir='ltr'><strong>nobis,</strong></span> 
     </span>
    </p>
   </div>
   <div class='ocr_carea' id='block_1_120' title="bbox 2962 5974 3002 6038">
    <p class='ocr_par' dir='ltr' id='par_1_120' title="bbox 2962 5974 3002 6038">
     <span class='ocr_line' id='line_1_120' title="bbox 2962 5974 3002 6038; baseline 0 0"><span class='ocrx_word' id='word_1_740' title='bbox 2962 5974 3002 6038; x_wconf 84' lang='lat'><strong>9</strong></span> 
     </span>
    </p>
   </div>
  </div>
