3970 6306
563 392 671 450 26⁸1

571 504 646 564 Ut
669 503 852 560 Patris
883 501 1175 571 unigenum
1206 509 1486 568 possemus
1512 505 1739 549 noscere
1766 498 1980 545 natum.

643 593 746 665 Qui
772 591 963 665 plenus
985 591 1217 646 veritate
1242 587 1401 652 eluit,
1429 583 1517 640 cui
1544 582 1718 656 gratia
1743 593 1954 637 summa
1979 584 2079 634 est.

573 691 712 747 Nam
739 701 906 745 verus
933 700 1057 742 cum
1085 682 1247 738 Patre
1272 680 1415 736 Deus
1443 675 1696 733 mortalia
1723 682 1909 731 nostra

508 851 515 856 ,
574 781 871 853 Dignauter
900 776 1149 849 sumpsit,
1178 788 1281 830 nec
1308 770 1529 844 propria
1555 769 1804 839 linquere
1831 763 2001 821 novit.

500 861 506 867 ’
646 870 803 926 Hunc
832 867 989 924 testis
1014 879 1180 922 verax
1204 863 1436 928 clamat,
1466 859 1711 930 dixitque
1735 855 1973 913 Joannes
2001 871 2013 907 :

576 964 709 1022 Post
739 978 825 1020 me
851 962 936 1018 vir
964 959 1142 1015 veniet
1160 998 1176 1023 ,
1200 971 1365 1027 quem
1396 970 1485 1010 me
1514 952 1720 1024 majora
1751 949 2052 1010 docebunt,

578 1055 665 1112 Me
689 1055 840 1127 prior
869 1050 959 1107 ille
990 1048 1122 1115 fuit,
1158 1047 1294 1103 mihi
1326 1046 1396 1102 sit
1428 1044 1684 1117 pnplatus
1715 1046 1947 1111 oportet.

652 1145 800 1201 illius
826 1151 1032 1200 aeterno
1061 1140 1247 1198 cuncti
1279 1139 1349 1195 de
1374 1137 1525 1194 fonte
1556 1135 1821 1208 rigamur.

580 1239 685 1298 Per
709 1235 930 1308 Moysen
960 1242 1174 1290 terrens
1201 1230 1485 1304 praemissa
1513 1237 1597 1284 est
1627 1226 1806 1281 littera
1837 1221 1994 1293 legis,

582 1329 685 1386 Per
708 1326 991 1387 Christum
1029 1324 1316 1398 indulgens
1345 1323 1518 1379 aderit
1550 1318 1710 1376 modo
1740 1313 1930 1372 Gratia
1960 1308 2164 1365 Iesum.

650 1419 820 1475 Nemo
846 1417 945 1473 Dei
971 1415 1167 1472 faciem
1195 1412 1440 1470 mortalis
1466 1408 1737 1481 conspicit
1757 1416 2024 1474 unquam.

585 1510 789 1571 Unicus
815 1510 962 1566 hunc
987 1507 1138 1565 solus
1167 1507 1319 1563 novit
1344 1504 1436 1576 qui
1464 1507 1749 1575 permanet
1774 1496 1885 1554 alto

584 1602 877 1676 ln,gremio
898 1600 1100 1657 Patris.
1134 1598 1236 1655 Hic
1263 1596 1441 1670 dignis
1466 1594 1627 1667 digna
1656 1589 1884 1651 revelat.

652 1695 712 1751 In
740 1695 886 1752 hunc
908 1693 1134 1750 sidereae
1162 1690 1311 1747 vultu
1339 1687 1587 1745 radiante
1614 1683 1880 1740 columbae

587 1785 826 1858 Spiritus
853 1783 1147 1840 adveniens
1170 1789 1374 1838 aeterna
1401 1778 1532 1835 sede
1558 1773 1801 1848 quievit:

587 1878 760 1937 Filius
787 1877 892 1933 iste
920 1876 1016 1932 Dei
1048 1885 1152 1941 est,
1180 1873 1342 1944 hujus
1367 1872 1501 1928 mihi
1533 1869 1704 1942 gloria
1733 1866 1923 1922 claret.

662 1969 817 2027 Talia
843 1969 969 2024 dum
997 1966 1212 2040 populis
1236 1964 1501 2037 loquitur,
1533 1962 1660 2017 dum
1684 1958 1812 2014 talia
1840 1955 2073 2017 clamat,

590 2062 735 2121 Ecce
763 2061 1078 2118 sacerdotes
1107 2057 1343 2132 Solymis
1371 2069 1572 2112 venere
1600 2059 1880 2124 rogantes,

591 2156 678 2212 An
699 2154 975 2212 Christum
1006 2168 1126 2209 sese
1154 2150 1306 2208 credi
1332 2148 1463 2204 velit
1494 2148 1610 2219 ipse
1636 2144 1896 2202 Joannes.

664 2245 924 2305 Protinus
946 2243 1038 2301 ille
1064 2258 1300 2315 negans:
1337 2240 1458 2297 Non
1485 2255 1604 2296 sum
1630 2251 1795 2308 quem
1821 2230 2064 2295 creditis,
2098 2228 2183 2283 in-

1955 2321 2112 2396 [quit

597 2431 718 2491 Vox
747 2445 851 2504 ego
881 2428 1189 2493 clamantis,
1218 2431 1542 2497 praesentem
1577 2419 1767 2475 nuntio
1798 2415 2104 2477 Christum,

517 2560 527 2581 .
599 2521 765 2594 Cujus
789 2536 890 2594 ego
914 2534 1023 2575 non
1049 2531 1167 2573 sum
1198 2514 1430 2586 caligam
1454 2511 1770 2581 contingere
1793 2508 2007 2579 dignus.

671 2613 823 2671 Vidit
848 2613 979 2669 item
1002 2609 1279 2667 Christum
1306 2621 1492 2663 coram
1525 2602 1762 2658 transire
1788 2598 2043 2661 Joannes,
2108 2603 2118 2615 ‘

600 2709 809 2782 Agnus,
839 2704 937 2771 ait,
965 2716 1094 2759 ecce
1123 2700 1219 2756 Dei
1248 2698 1342 2770 qui
1373 2696 1511 2752 tollit
1540 2693 1773 2748 crimina
1803 2688 2013 2745 mundi.

601 2796 863 2870 Discipuli
891 2794 1149 2852 astabant
1172 2790 1405 2864 gemini,
1444 2786 1738 2856 Jesumque
1768 2790 2087 2853 sequuntur.

675 2893 758 2949 Ex
798 2891 884 2946 his
918 2887 1182 2945 Andreas
1220 2884 1392 2940 frater
1422 2881 1571 2938 Petri
1608 2877 1821 2935 exstitit
1853 2892 2014 2931 unus.

604 2980 868 3054 Repperit
895 2980 988 3035 hic
1015 2976 1263 3040 fratrem,
1302 2973 1558 3029 Messiam
1588 2969 1914 3032 invenimus,
1950 2964 2141 3036 inquit.

607 3074 691 3131 Ad
717 3072 994 3129 Christum
1020 3069 1268 3133 veniunt,
1298 3081 1424 3121 mox
1450 3062 1654 3120 Christi
1683 3060 1826 3121 dona
1854 3065 2150 3130 reportant.

681 3164 847 3237 Eligit
872 3165 988 3236 ipse
1013 3163 1161 3218 viros
1186 3161 1398 3232 dignos,
1424 3165 1584 3214 vocat
1610 3157 1725 3228 ipse
1746 3154 2090 3226 Philippum,

609 3258 839 3317 Nuntiat
867 3256 956 3314 ille
980 3255 1074 3327 pio
1100 3270 1226 3309 mox
1254 3252 1496 3324 gaudens
1519 3248 1842 3305 Nathanaeli

612 3352 787 3422 Quem
814 3350 929 3406 Lex
956 3357 1013 3403 et
1037 3347 1177 3404 sacri
1198 3344 1475 3402 Christum
1508 3342 1754 3398 cecinere
1783 3340 2079 3413 prophetae.

684 3442 990 3504 Nathanael
1014 3446 1294 3514 properat,
1324 3437 1415 3493 ille
1445 3437 1588 3491 hunc
1613 3435 1703 3489 ubi
1734 3433 1869 3490 vidit
1894 3433 2108 3497 adesse,

614 3538 861 3598 Israelita
886 3551 1015 3594 ecce
1042 3549 1205 3590 verus
1233 3533 1340 3588 huc
1360 3528 1597 3594 advenit,
1627 3527 1822 3597 inquit,

614 3633 715 3692 Cui
744 3632 940 3697 nullus,
973 3628 1075 3686 sub
1102 3625 1265 3683 corde
1290 3623 1467 3688 dolus,
1494 3620 1579 3676 cui
1610 3627 1829 3690 pectora
1856 3632 2013 3687 pura.

687 3726 844 3782 Hunc
867 3703 1055 3796 procul
1078 3719 1357 3775 absentem
1390 3714 1526 3769 ﬁcus
1556 3711 1656 3768 sub
1679 3710 1915 3782 tegmine
1943 3708 2073 3773 vidi,

615 3820 753 3880 Cum
779 3832 951 3889 nuper
975 3813 1187 3886 positus
1221 3807 1475 3866 frondosa
1501 3812 1672 3862 staret
1697 3803 1749 3858 in
1776 3803 1992 3858 umbra.

616 3911 865 3973 Necdum
896 3908 1118 3965 illilidus
1146 3904 1371 3961 dederat
1395 3902 1480 3974 pia
1516 3899 1679 3954 verba
1707 3896 2005 3967 Philippus,

687 4004 785 4061 Ille
808 4002 1107 4058 admiratus
1140 3995 1269 4052 celsi
1300 4007 1560 4066 prmsagta
1584 3989 1788 4047 Christi
1821 4007 1833 4044 :

620 4093 785 4160 Vere,
810 4093 909 4159 ait,
935 4104 1065 4147 ecce
1084 4088 1181 4144 Dei
1210 4085 1457 4143 sublimis
1482 4082 1654 4139 Filius
1679 4082 1767 4138 hic
1794 4089 1897 4135 est.

622 4186 732 4243 Iste
758 4182 977 4240 lsraelis
1006 4181 1122 4235 Rex
1150 4185 1236 4233 est
1262 4192 1361 4248 per
1391 4173 1586 4231 saecula
1616 4188 1794 4229 verus.

696 4272 951 4333 Credenti
976 4270 1226 4328 Christus
1255 4267 1484 4341 spondet
1512 4265 1715 4336 majora
1743 4262 1995 4319 videnda.

624 4368 898 4433 Cernetis,
930 4365 1129 4437 inquit,
1162 4361 1395 4418 reserari
1426 4360 1660 4416 culmina
1689 4356 1833 4423 caeli,

624 4463 916 4537 Angelicos
945 4461 1142 4518 choros
1170 4454 1423 4513 famulari
1450 4454 1504 4510 in
1539 4451 1733 4509 saecula
1763 4449 2001 4506 Christo.

696 4552 988 4624 Cujusdam
1012 4549 1079 4605 ad
1108 4548 1377 4606 thalamos
1402 4554 1589 4602 sancta
1616 4558 1739 4599 cum
1765 4550 1940 4597 matre
1967 4547 2213 4605 vocatus,

625 4644 685 4702 ln
709 4645 897 4700 vinum
921 4641 1101 4698 subito
1126 4648 1378 4696 naturam
1404 4636 1569 4692 vertit
1596 4647 1879 4705 aquarum.

628 4734 889 4808 Discipuli
921 4732 1168 4798 credunt,
1200 4730 1383 4786 divina
1413 4737 1469 4785 et
1497 4726 1641 4784 facta
1662 4733 1961 4797 pavescuut

701 4828 865 4900 Ejicit
883 4842 952 4884 ex
977 4840 1135 4883 sacro
1164 4832 1502 4881 mercantum
1535 4820 1698 4876 millia
1729 4819 1949 4891 templo.

632 4918 961 4978 Solvendam
989 4918 1222 4990 propria:
1251 4915 1431 4972 carnis
1459 4915 1741 4970 denuntiat
1769 4913 1968 4978 aulam,

633 5010 857 5071 leesti
883 5010 1038 5083 signo
1067 5010 1121 5065 iu
1153 5010 1332 5065 triduo
1357 5023 1519 5078 quam
1544 5006 1772 5062 suscitet
1799 5006 1931 5075 ipse.

706 5100 933 5175 Iystica
968 5099 1262 5158 Nicodemo
1290 5098 1545 5169 baptismi
1579 5109 1807 5151 munera
1834 5092 2040 5163 pandit,

631 5192 823 5251 Abluit
846 5192 964 5265 ipse
983 5207 1081 5249 suo
1107 5192 1360 5265 tinguens
1389 5188 1717 5259 baptismate
1743 5183 1949 5240 turbas.

636 5285 982 5344 Concurrunt
1008 5284 1238 5350 alacres,
1265 5281 1488 5354 capiunt
1513 5279 1602 5351 pia
1631 5276 1769 5333 dona
1798 5276 2007 5332 salutis.

706 5377 836 5435 Haec
862 5378 954 5435 ubi
980 5377 1254 5450 cognovit,
1278 5381 1501 5431 sanctus
1527 5372 1765 5445 Baptista
1790 5369 2053 5434 Joannes,

638 5473 862 5547 lmpleta
890 5472 1162 5531 declamat
1188 5484 1286 5526 sua
1314 5466 1529 5540 gaudia,
1558 5473 1817 5537 provocat
1843 5477 2032 5518 omnes
2063 5480 2075 5516 :

637 5554 712 5620 se
739 5563 910 5620 minui
934 5561 1151 5635 gaudet,
1185 5559 1334 5614 illum
1365 5570 1706 5612 succrescere
1732 5553 1915 5627 gessit.

710 5655 976 5713 Samaria:
1004 5652 1073 5708 ad
1102 5659 1324 5723 puteum
1356 5647 1568 5704 mulieri
1599 5648 1826 5718 mystica
1854 5645 2015 5701 fatur.
2084 5712 2091 5719 _

642 5748 837 5805 Paudit
862 5762 1059 5820 aquam
1080 5746 1225 5811 vitae,
1248 5742 1523 5800 Christum
1553 5754 1673 5797 sese
1695 5754 1815 5796 esse
1845 5738 2065 5795 fatetur.

645 5844 955 5916 Agnoscunt
983 5843 1127 5898 cives
1152 5840 1334 5896 mundi
1359 5837 1641 5895 advenisse
1668 5834 1913 5890 salutem.

1758 370 1965 430 FLORI
2005 365 2287 424 DlACONl
2326 361 2634 421 MONACHI
3609 402 3617 410 .
3700 353 3772 412 958

2182 484 2236 547 Α
2330 479 2386 534 In
2410 478 2584 550 patria
2610 474 2827 548 propria
2863 472 2999 528 dicit
3020 472 3137 525 sine
3162 439 3373 525 honore
3404 467 3705 538 prophetam,

2258 572 2326 628 Et
2350 571 2521 641 reguli
2551 569 2758 642 prolem
2789 566 2981 622 mortis
3004 580 3070 619 ex
3099 562 3253 618 fauce
3282 559 3516 615 reducit.

2261 665 2526 722 Sermone
2551 662 2827 718 absentem
2852 658 2977 713 vitae
3007 657 3071 712 de
3096 654 3284 709 funere
3317 650 3566 707 reddens.

2332 755 2577 828 Paralysi
2604 754 2824 823 antiqua
2852 752 2966 823 jam
2995 762 3132 819 pene
3163 747 3218 802 in
3248 753 3430 801 morte
3454 742 3716 815 jacentent,

2261 849 2565 906 Bethsaidae
2600 848 2653 903 in
2687 845 2924 918 Solymis
2945 842 3168 914 piscinae
3193 839 3374 896 erexit
3402 837 3470 893 ad
3497 837 3668 891 undas.

2264 941 2459 999 Exsilit
2482 955 2624 1013 aeger
2647 955 2840 1005 ovans,
2870 935 3150 1008 proprium
3176 933 3319 1004 gerit
3346 931 3465 1002 ipse
3491 928 3747 1002 grabatum,

2335 1033 2536 1107 Judaeis
2561 1032 2803 1103 loquitur
2824 1028 3085 1100 mysteria
3114 1024 3356 1095 plurima
3387 1024 3511 1079 vita:
3538 1043 3547 1073 :

2268 1125 2342 1183 Se
2363 1122 2525 1181 simul
2543 1130 2599 1178 et
2617 1121 2837 1177 Patrem
2857 1132 3009 1189 aeque
3038 1116 3220 1173 facere
3246 1114 3436 1171 omnia
3457 1113 3603 1170 dicit.

2270 1215 2372 1285 Qui
2395 1212 2565 1286 Moysi
2589 1212 2838 1278 credunt,
2867 1224 3092 1282 prorsus
3115 1207 3219 1264 sibi
3248 1207 3481 1264 credere
3506 1206 3685 1261 firmat.

2342 1311 2507 1367 Millia
2534 1310 2773 1380 quinque
2794 1308 2970 1363 virum
2997 1305 3179 1377 quinis
3210 1304 3277 1360 de
3302 1303 3537 1376 panibus
3563 1300 3643 1357 ille

2270 1403 2520 1463 Piscibus
2540 1412 2596 1457 et
2622 1401 2854 1472 geminis
2879 1400 3019 1455 mira
3044 1398 3244 1454 virtute
3273 1395 3492 1452 refecit.

2274 1496 2564 1568 Fragmina
2587 1494 2671 1551 bis
2695 1508 2856 1550 senos
2880 1491 3144 1564 cophinos
3171 1490 3358 1546 ablata
3386 1487 3667 1559 replerunt.

2349 1586 2580 1643 Attoniti
2606 1585 2737 1641 hinc
2757 1584 2940 1657 populi
2965 1590 3216 1654 quaerunt
3250 1582 3356 1636 sibi
3394 1594 3589 1650 ponere
3612 1577 3794 1650 Regem:

2279 1678 2375 1734 Ille
2398 1677 2553 1749 fugit,
2582 1685 2819 1733 montem
2847 1676 3022 1747 petiit,
3048 1674 3137 1731 hic
3162 1673 3313 1729 solus
3340 1672 3551 1728 adorat.

2279 1771 2402 1829 Non
2429 1772 2649 1843 capiunt
2680 1769 2958 1826 Christum
2985 1767 3138 1840 regni
3165 1766 3420 1822 mortalis
3444 1765 3659 1821 honores

2206 1849 2255 1909 Β
2353 1865 2615 1937 Discipuli
2643 1865 2698 1920 in
2732 1864 2926 1935 pelago
2951 1871 3113 1918 vento
3135 1862 3441 1916 obsistente
3464 1858 3717 1914 laborant:

2279 1964 2532 2022 Christus
2563 1962 2719 2017 adest
2740 1959 2984 2031 placidus
3008 1957 3263 2029 gradiens
3297 1956 3355 2011 in
3387 1953 3629 2010 fluetibus
3648 1948 3765 2011 atris,

2280 2057 2539 2115 Navicula
2564 2063 2810 2128 optatum
2834 2053 3004 2109 tenuit
3031 2065 3159 2106 mox
3182 2049 3360 2106 libera
3381 2055 3610 2120 portum.

2357 2148 2666 2219 Alloquitur
2690 2143 2919 2217 populos
2948 2141 3151 2198 veteris
3171 2140 3236 2196 de
3262 2153 3491 2195 munere
3512 2147 3723 2191 manna}?

2287 2243 2360 2301 Se
2380 2257 2575 2314 panem
2601 2240 2785 2295 vivum
2817 2236 2941 2294 coeli
2964 2236 3180 2292 venisse
3206 2232 3438 2299 fatetur,

2287 2334 2458 2404 Quem
2484 2332 2793 2405 quicunque
2817 2329 2988 2400 capit,
3011 2335 3243 2384 mortem
3261 2341 3375 2382 non
3395 2323 3557 2381 sentit
3583 2322 3632 2377 in
3651 2329 3789 2373 mutat.

2363 2423 2621 2495 Discipuli
2650 2421 2832 2493 plures
2862 2436 2930 2475 ex
2965 2419 3069 2474 hoc
3096 2431 3353 2474 sermone
3392 2413 3651 2471 recedunt.

2291 2524 2487 2580 Petrus
2511 2536 2634 2575 cum
2669 2518 2833 2575 sociis
2867 2514 3087 2571 Christo
3118 2513 3419 2584 gaudenter
3447 2507 3680 2565 adhaeret,

2293 2615 2337 2671 E
2359 2614 2557 2684 quibus
2596 2611 2687 2666 ille
2714 2625 2879 2665 unum
2911 2605 3089 2663 zabuli
3121 2605 3221 2661 sub
3260 2602 3484 2657 nomine
3502 2599 3711 2653 damnat.

2365 2704 2525 2760 Festa
2554 2702 2669 2757 dies
2701 2699 2890 2755 aderat
2927 2713 3033 2769 qua
3066 2703 3194 2752 sunt
3223 2688 3541 2750 umbracula
3566 2684 3712 2757 jussa.

2296 2799 2388 2855 llle
2416 2798 2573 2853 docet
2596 2794 2840 2866 populos,
2863 2790 3131 2862 promittit
3161 2787 3393 2844 flumina
3415 2785 3535 2839 vita!

2299 2887 2536 2958 Spiritus
2567 2884 2656 2940 ille
2676 2883 2791 2948 Dei,
2818 2878 2982 2953 quem
3007 2880 3099 2934 dat
3128 2875 3505 2938 credentibus,
3533 2871 3638 2927 haec
3656 2874 3759 2920 sum.

2368 2983 2447 3038 De
2464 2979 2684 3036 Christo
2705 2977 2951 3033 exoritur
2980 2971 3261 3030 contentio
3284 2982 3481 3041 magna
3502 2959 3729 3035 superbis.

2299 3072 2653 3129 Nicodemum
2676 3067 2975 3139 exagitant,
3002 3051 3200 3134 urgent
3220 3061 3343 3117 sine
3362 3058 3485 3130 jure
3516 3051 3757 3110 ministros.

2305 3163 2656 3235 Simplicibus
2676 3160 2851 3216 turbis
2882 3156 3216 3214 maledicunt
3234 3169 3337 3211 ore
3356 3159 3618 3225 protervo.

2376 3231 2456 3310 Ad
2488 3252 2775 3308 Dominum
2811 3248 3006 3304 mulier
3031 3244 3274 3303 defertur
3314 3240 3553 3300 adultera
3578 3231 3800 3293 Christum.

2308 3349 2462 3405 Hane
2487 3345 2575 3401 ille
2598 3344 2657 3401 in
2680 3343 2910 3425 miseros
2937 3340 3087 3411 larga
3126 3338 3332 3409 pietate
3357 3331 3664 3392 redundans,

2307 3438 2520 3499 Judicio
2547 3436 2741 3492 mortis
2763 3434 2965 3506 pariter
2990 3440 3046 3489 ct
3078 3430 3310 3487 crimine
3336 3426 3511 3485 solvit.

2382 3531 2522 3588 Hine
2547 3529 2723 3585 lucem
2751 3526 2939 3583 mundi
2961 3524 3110 3581 claro
3139 3539 3198 3580 se
3223 3522 3629 3595 praedicatore:

2310 3624 2583 3697 Effugient
2607 3622 2798 3679 mortis
2828 3621 3083 3676 tenebras
3119 3618 3435 3690 quicunque
3453 3612 3738 3683 sequuntur:

2310 3720 2427 3777 Lux
2456 3718 2563 3774 illis
2588 3716 2713 3771 vitae
2735 3722 2908 3771 totum
2936 3712 3163 3784 fulgebit
3192 3712 3247 3766 in
3272 3723 3473 3765 aevum.

2381 3810 2714 3882 Principium
2744 3808 2995 3864 Christus
3020 3822 3079 3863 se
3100 3802 3443 3877 praedicatori
3471 3806 3658 3856 sereno,

2317 3906 2473 3976 Quod
2497 3902 2736 3973 loquitur
2757 3901 2910 3970 puris
2932 3898 3202 3970 infulgens
3225 3895 3501 3951 mentibus
3524 3890 3663 3945 intus.

2316 3995 2506 4055 Omnis
2530 3993 2625 4065 qui
2651 4000 2861 4065 peccat,
2891 3990 3101 4063 peccati
3140 4003 3332 4046 servus
3364 3985 3601 4043 habetur.

2388 4089 2653 4146 Mendacii
2680 4095 2878 4142 tetrum
2906 4083 3159 4140 sabulum
3186 4081 3351 4137 docet
3373 4093 3493 4135 esse
3521 4073 3762 4146 parentem:

2258 4163 2262 4167 i
2318 4182 2418 4238 Hic
2440 4180 2590 4235 necis
2611 4180 2863 4234 humanae
2888 4175 3039 4230 ferus
3065 4173 3278 4231 exstitit
3307 4180 3497 4227 auctor
3521 4166 3710 4221 ίὼενοι

2318 4270 2429 4328 Nec
2452 4270 2602 4326 stetit
2631 4266 2818 4323 infelix
2861 4265 2917 4320 in
2940 4279 3070 4321 vero
3094 4262 3301 4318 lumine
3326 4260 3512 4317 fallax.

2389 4365 2530 4420 Ante
2558 4360 2831 4417 Abraham
2861 4357 3109 4414 Christus
3134 4369 3356 4426 semper
3389 4368 3505 4408 sese
3530 4359 3635 4402 esse
3652 4337 3801 4394 fatemi-

2318 4458 2414 4515 llle
2449 4455 2614 4511 alacri
2641 4452 2919 4509 Christum
2953 4448 3206 4520 cupiebat
3230 4459 3458 4503 cernere
3478 4447 3609 4495 voto.

2324 4549 2547 4606 Viditet
2568 4543 2867 4609 exsultans,
2907 4539 3052 4597 felici
3084 4548 3169 4596 est
3204 4548 3390 4594 mente
3415 4532 3633 4607 gavisus.

2396 4638 2536 4695 Caeci
2566 4636 2678 4691 uati
2702 4634 2890 4690 oculos
2920 4639 3079 4703 sputo
3102 4629 3340 4701 limoque
3366 4619 3558 4684 salubri

2324 4728 2511 4795 lllinit,
2540 4734 2597 4782 et
2617 4724 2763 4781 Siloe
2792 4721 2947 4795 puris
2979 4720 3246 4776 illuminat
3269 4716 3429 4772 undis
3458 4731 3470 4766 :
3710 4773 3773 4795 ,Α

2326 4820 2541 4878 Caecum
2565 4778 2839 4872 hominem
2862 4810 3111 4877 irradiat,
3131 4807 3387 4880 quoniam
3412 4798 3651 4871 baptisma
3664 4778 3803 4841 salutiﬁ

2401 4910 2601 4967 Electis
2621 4908 2815 4964 ovibus
2841 4904 2983 4976 quod
3017 4904 3088 4959 sit
3116 4902 3202 4973 pia
3224 4901 3390 4973 janua
3412 4891 3664 4952 monstrat.

2329 5010 2433 5065 Per
2460 5008 2605 5062 hunc
2628 5005 2895 5059 intrantes
2920 5006 3155 5070 pergunt
3178 4998 3243 5052 ad
3268 4990 3611 5067 pascuavitze.

2329 5099 2500 5168 Hujus
2525 5095 2748 5167 sanguis
2769 5107 2898 5148 oves
2917 5101 3119 5146 aeterna
3149 5104 3178 5143 a
3213 5097 3385 5143 morte
3416 5075 3640 5139 redemit.

2401 5163 2539 5246 Dum
2561 5163 2804 5260 graditur
2836 5183 3024 5256 templi
3046 5182 3287 5254 speciosa
3309 5196 3406 5252 per
3429 5173 3555 5232 atria
3579 5163 3707 5223 Iesus

2331 5281 2530 5339 Judaais
2564 5278 2778 5350 populis
2804 5277 2927 5348 quis
2950 5276 3024 5332 sit
3061 5272 3426 5346 quaerentibus
3453 5267 3576 5336 ipse,

2333 5374 2491 5431 Clara
2514 5386 2645 5427 voce
2665 5370 2882 5425 Patrem
2905 5383 3131 5438 seseque
3162 5381 3327 5420 unum
3353 5376 3467 5418 esse
3491 5356 3675 5412 fatetur-

2405 5466 2611 5534 Quarta
2641 5464 2754 5519 dies
2780 5461 3049 5517 Lazarum
3066 5455 3398 5516 monumenti
3422 5444 3663 5510 clauserat
3681 5430 3802 5486 sum

2330 5559 2597 5616 Astabant
2639 5555 2781 5612 tristi
2812 5554 3087 5627 plorantes
3117 5566 3249 5608 voce
3271 5560 3478 5607 sorores
3508 5559 3520 5594 :

2332 5651 2512 5708 Turba
2550 5650 2741 5723 ingens
2765 5648 2956 5705 aderat
2999 5645 3193 5704 solatia
3224 5649 3416 5699 maesta
3443 5633 3689 5723 ferean-

2406 5709 2736 5797 Allevatville
2769 5739 2979 5804 oculos,
2998 5736 3149 5792 Patri
3186 5734 3277 5790 dat
3313 5740 3522 5787 munera
3550 5709 3714 5772 laudis,

2334 5832 2658 5891 Defunctum
2688 5832 2965 5897 inclamat,
2996 5828 3175 5901 prodit
3212 5843 3335 5883 mox
3368 5823 3449 5879 ille
3469 5808 3712 5886 sepulcro:
