3970 6306
122 326 231 382 269

120 437 365 493 Nexibus
393 436 630 505 exuitur,
652 441 709 490 et
737 430 916 489 dulcia
945 438 1087 489 tecta
1128 432 1335 487 revisit.

196 528 488 601 Unguento
517 525 700 583 Iesum
726 524 1004 596 perfundit
1046 539 1204 580 sacra
1242 520 1412 577 Maria
1441 538 1454 575 :

121 619 369 679 Iucundo
398 619 651 691 impletur
679 618 784 674 late
819 618 1013 674 domus
1038 616 1218 673 omnis
1238 613 1428 680 odore,

124 714 199 772 Ut
226 713 433 789 redolet
457 720 569 769 toto
597 710 724 769 felix
756 711 998 768 Ecclesia
1032 712 1255 767 mundo.

196 805 313 862 Rex
341 804 492 862 mitis
523 804 739 876 placido
761 803 919 862 Iesus
941 802 1191 860 consedit
1220 799 1412 857 asello.

121 896 446 968 Palmigeris
487 896 658 952 turba:
687 894 938 952 manibus
964 894 1095 950 dant
1121 892 1332 949 cantica
1363 889 1606 945 laudum.

125 989 221 1048 Sic
248 990 522 1063 Solymam
554 989 881 1063 ingreditur,
914 988 1029 1044 adit
1059 997 1114 1042 et
1143 987 1231 1059 pia
1259 983 1460 1041 moenia
1486 980 1707 1052 templi:

195 1082 439 1140 Gentiles
462 1083 670 1139 clarum
695 1080 1009 1155 quaerebant
1034 1095 1262 1138 cernere
1287 1077 1498 1135 Iesum.
1532 1152 1539 1159 γ

123 1175 407 1233 Frumenti
428 1172 817 1250 granum'dicit
854 1190 913 1232 se
941 1173 1191 1246 protinus
1213 1171 1323 1239 ille,

125 1267 280 1338 Quod
309 1276 467 1324 terra:
498 1267 816 1323 immoriens
846 1266 1012 1322 multa
1040 1281 1164 1322 cum
1199 1262 1355 1338 fruge
1382 1263 1640 1337 resurgit.

197 1360 390 1418 Oranti
421 1375 528 1417 vox
554 1360 703 1416 clara
730 1358 911 1425 Patris
935 1357 1214 1430 respondit
1243 1356 1311 1413 ab
1334 1357 1498 1413 astris
1533 1375 1545 1410 :

126 1451 457 1519 Clarilicavi,
488 1451 683 1523 inquit,
720 1460 790 1519 te,
817 1461 965 1518 nate,
995 1459 1052 1507 et
1072 1447 1411 1507 clarificabo.

125 1543 358 1615 Expavit
378 1543 609 1615 populus
643 1542 837 1599 divina:
859 1542 1009 1599 vocis
1038 1541 1326 1599 honorem.

198 1635 352 1691 Multi
377 1651 411 1692 e
436 1635 773 1707 principibus
795 1634 1067 1707 magnalia
1098 1642 1249 1690 tanta
1274 1632 1548 1701 videntes,

125 1729 356 1787 Pectore
384 1728 699 1796 credebant,
730 1726 1049 1784 metuebant
1067 1742 1164 1783 ore
1192 1726 1373 1790 fateri,

126 1821 249 1879 Non
276 1820 458 1876 divina
487 1818 626 1885 illos,
660 1819 755 1876 sed
789 1818 975 1875 mundi
1005 1817 1177 1891 gloria
1210 1816 1397 1874 traxit.

205 1910 387 1968 Abluit
408 1906 497 1968 ille
521 1909 686 1984 pedes
717 1915 1023 1968 veneranda
1051 1910 1108 1965 in
1138 1919 1298 1966 nocte
1323 1923 1546 1965 suorum
1562 1948 1577 1975 ,

127 2003 285 2063 Pelvi
314 2001 550 2058 infundit
585 2016 776 2074 aquas,
825 2001 1094 2074 tergentia
1119 1999 1288 2056 lintea
1316 2007 1510 2072 gestat.

132 2097 182 2158 0
211 2106 414 2170 quanta
445 2096 758 2154 humilitas!
793 2105 995 2171 quanta
1037 2102 1120 2152 est
1164 2093 1453 2150 clementia
1497 2089 1722 2149 Christi.

202 2191 461 2264 Designat
480 2189 674 2247 Iudam
698 2189 941 2248 buccella
967 2185 1126 2262 panis
1157 2188 1427 2260 iniquum.

131 2280 245 2339 Ter
260 2295 380 2337 sese
407 2296 439 2336 a
462 2279 625 2337 Petro
645 2282 976 2353 praenuntiat
1002 2295 1125 2338 esse
1155 2280 1486 2350 negandum.

130 2373 424 2446 Discipulis
450 2373 685 2445 propriis
710 2359 923 2446 signum
943 2371 1251 2445 praescribit
1283 2371 1509 2429 amoris.

207 2466 337 2541 Inde
358 2481 485 2522 suos
514 2466 667 2522 nosci
701 2464 867 2522 voluit
898 2465 945 2521 si
967 2473 1190 2537 pectora
1218 2463 1450 2525 fratrum

139 2558 370 2616 Alterna
411 2557 677 2614 charitate
698 2557 802 2614 sibi
837 2571 1080 2613 connexa
1111 2557 1378 2627 vigerent,

130 2650 297 2721 Quali
326 2665 424 2707 nos
443 2649 650 2721 primus
680 2648 870 2705 dilexit
898 2647 1114 2704 caelitus
1143 2647 1281 2720 ipse.

210 2740 285 2796 Se
317 2738 477 2796 docet
504 2740 561 2796 in
594 2739 759 2797 Patre
785 2747 838 2794 et
880 2739 1101 2796 Patrem
1122 2738 1437 2795 venerarier
1465 2736 1519 2793 in
1543 2752 1621 2793 se.

130 2834 394 2905 Maiestas
422 2850 530 2891 una
560 2842 666 2902 est,
696 2842 752 2891 et
785 2832 958 2906 gloria
986 2848 1211 2905 compar
1234 2832 1473 2902 utrique.

132 2927 413 2999 Quidquid
444 2927 559 3000 agit
586 2926 816 3001 genitus,
846 2934 1020 2983 totum
1046 2934 1132 2983 est
1162 2925 1409 2997 operatio
1430 2922 1627 2979 Patris.

210 3018 541 3073 Paraclitum
569 3018 798 3089 spondet
827 3033 888 3075 se
916 3017 1136 3074 mittere
1163 3017 1413 3090 protinus
1441 3014 1517 3071 illi

131 3111 277 3169 Cum
309 3124 434 3166 mox
464 3125 494 3166 e
516 3110 724 3166 tumulo
744 3110 958 3168 devicta
1003 3119 1182 3167 morte
1210 3125 1521 3182 resurgens,

129 3204 378 3277 lnclytus
407 3203 709 3260 ascendens
737 3204 1112 3276 penetraverit
1136 3204 1307 3259 ardua
1345 3201 1490 3259 cteli.

214 3297 290 3354 Se
320 3296 484 3354 vitem
512 3312 699 3354 veram
735 3296 995 3369 loquitur,
1017 3297 1374 3369 propriosque
1405 3295 1591 3353 ﬁdeles

138 3390 472 3448 Palmitibus
494 3390 699 3447 similes
729 3390 784 3446 in
811 3406 870 3447 se
895 3398 1082 3446 monet
1108 3388 1201 3446 ille
1225 3402 1470 3455 manere,

135 3483 227 3541 Ne
241 3484 465 3554 jaceant
490 3484 701 3542 steriles
724 3525 739 3551 ,
764 3483 881 3557 jugi
910 3484 1193 3541 tradantur
1220 3490 1276 3539 et
1313 3481 1443 3555 igni.

221 3576 524 3648 Discipulos
548 3575 788 3633 clemens
811 3575 960 3632 Patri
983 3575 1330 3632 commendat
1346 3574 1522 3642 Iesus,

136 3669 412 3729 Traditur
437 3686 469 3726 a
495 3669 649 3730 Iuda.
691 3670 864 3729 Pilato
891 3670 1165 3727 addicitur
1202 3669 1413 3727 insons.

137 3760 484 3819 Verberibus
512 3776 685 3819 caesus
717 3762 916 3834 populo
943 3762 1103 3818 datur
1133 3761 1248 3833 ipse
1277 3761 1578 3819 necandus.

221 3852 371 3908 Exiit
393 3853 510 3925 ipse
535 3869 754 3910 crucem
783 3854 1002 3910 sibimet
1028 3853 1319 3910 mitissime
1346 3861 1595 3925 portans.
1690 3908 1697 3909 ,

138 3948 349 4006 Passio
373 3956 591 4020 gustato
617 3947 820 4005 Christi
846 3947 1149 4018 completur
1174 3954 1349 4002 aceto.

140 4042 441 4101 ﬂandatur
461 4043 696 4111 tumulo,
731 4044 1007 4101 destructa
1038 4052 1214 4100 morte
1241 4041 1496 4115 resurgit.

222 4137 309 4193 Ad
333 4137 600 4193 tumulum
624 4137 794 4194 Maria
820 4138 1088 4212 lacrymas
1119 4137 1382 4195 fundebat
1403 4136 1631 4203 amoris,

142 4231 444 4289 Sublatum
470 4231 682 4288 insidiis
707 4246 907 4303 corpus
932 4231 1189 4287 credebat
1214 4230 1355 4287 Iesu.

137 4324 247 4383 Ille
268 4334 497 4396 repente
516 4324 704 4393 micat,
734 4325 829 4380 dat
848 4324 978 4379 huic
1000 4325 1254 4380 mandata
1280 4322 1492 4380 salutis.

224 4416 272 4473 Ε
292 4416 502 4473 tumulo
522 4432 692 4475 sacrae
714 4416 943 4473 redeunt
967 4418 1247 4490 gaudendo
1281 4416 1493 4475 sodales
1519 4434 1531 4470 :

142 4511 257 4568 His
286 4525 452 4566 cursu
474 4509 530 4565 in
560 4509 743 4567 medio'
761 4509 973 4582 fulgens
994 4511 1234 4567 occurrit
1254 4509 1402 4566 [esus
1436 4527 1449 4564 :

144 4604 261 4660 Dat
282 4602 583 4658 clementer
608 4602 748 4669 Ave,
778 4602 1006 4674 pedibus
1026 4602 1132 4658 illae
1159 4602 1341 4658 oscula
1374 4602 1564 4673 figunt.

227 4694 629 4751 Flebatamare
652 4695 816 4751 nimis
840 4694 1039 4751 Christi
1076 4695 1270 4752 Petrus
1302 4695 1394 4751 ille
1425 4693 1606 4767 negati

146 4788 420 4855 Crimen,
459 4788 583 4844 huic
616 4786 854 4844 clemens
894 4797 1119 4859 apparet
1146 4788 1395 4859 protinus
1430 4787 1539 4853 ille,

151 4880 394 4937 Solatur
420 4888 700 4947 maestum,
731 4880 1054 4949 trepidantis
1081 4889 1303 4951 pectora
1337 4879 1538 4935 ﬁrmat.

233 4973 398 5028 lbant
424 4969 565 5028 forte
592 4971 698 5028 duo
720 4970 1000 5029 castellum
1032 4972 1268 5027 invisere.
1294 4971 1566 5041 quoddam
1594 4988 1609 5026 :

152 5068 267 5126 His
287 5064 468 5121 subito
490 5064 545 5120 in
572 5065 761 5121 habitu
788 5065 1059 5137 peregrini
1086 5066 1321 5127 occurrit
1349 5064 1498 5120 Iesus
1527 5082 1539 5118 :

155 5160 342 5217 Tecta
373 5164 593 5228 rogatus
625 5155 755 5224 adit,
784 5156 973 5227 pandit
1006 5172 1065 5212 sc
1093 5156 1147 5210 in
1171 5155 1441 5227 fragmine
1471 5155 1649 5226 panis.

238 5250 507 5323 Discipuli
534 5251 719 5308 clauso
740 5250 1052 5308 residebant
1094 5250 1233 5306 forte
1258 5250 1511 5306 timentes

155 5343 457 5409 Conclavi,
490 5343 573 5399 bis
595 5342 774 5398 subito
800 5342 1020 5397 radians
1049 5342 1255 5399 assistit
1283 5341 1453 5398 Iesus.

155 5442 495 5511 Agnoscunt
519 5435 830 5500 Dominum,
854 5434 1130 5492 clavorum
1158 5436 1312 5508 signa
1346 5448 1655 5493 recensent.
1736 5438 1745 5447 '

242 5528 494 5587 Thomas
522 5526 791 5594 defuerat,
823 5543 945 5584 cum
973 5542 1032 5583 se
1057 5528 1199 5584 Deus
1226 5527 1315 5584 ille
1341 5528 1600 5601 magister

160 5623 516 5682 Monstrarat
542 5621 724 5688 sociis,
757 5619 944 5676 lateris
983 5620 1067 5692 pia
1108 5620 1335 5677 vulnera
1366 5621 1607 5691 pandens
1643 5638 1657 5675 :

159 5718 435 5779 Christus
488 5716 643 5773 adest
707 5714 903 5772 iterum
930 5756 945 5783 ,
1009 5715 1296 5773 Dominum
1346 5714 1435 5770 ille
1488 5715 1766 5785 Deumque

1485 5806 1726 5864 'l'atetur.

1473 313 1782 371 CARMINA
1818 310 2049 370 VARIA.

1736 433 1792 492 Α
1885 426 2020 484 Cum
2046 425 2209 483 sociis
2241 425 2435 481 Petrus
2458 424 2675 496 piscans
2707 421 2783 478 nil
2823 413 3246 494 ceperat‘undis.

3252 306 3395 373 .270
3480 382 3501 413 ἢ

1811 519 2020 577 Littore
2050 528 2157 577 stat
2180 518 2451 586 Christus,
2475 518 2672 591 jactari
2700 517 2836 575 retia
2870 517 3110 586 mandat,

1810 611 1903 670 Fit
1925 606 2149 685 captura
2172 613 2378 686 ingens,
2411 612 2592 670 clarus
2619 611 2966 669 convescitur
2984 609 3109 669 illis.

1883 703 2066 761 Monte
2086 702 2342 771 Galilaeaa,
2374 704 2515 761 sicut
2537 705 2863 776 promiserat
2883 704 3019 775 ipse,

1813 794 2126 852 Clarificum
2156 796 2330 852 sancti
2353 791 2538 851 Iesum
2570 804 2886 852 reverenter
2906 794 3157 862 adorant,
3260 788 3269 793 ’

1813 885 1873 941 In
1901 885 2041 943 coelo
2068 894 2125 942 et
2153 886 2315 943 terris
2339 885 2472 944 dicit
2496 887 2597 943 sibi
2627 886 2842 944 subdita
2870 896 3083 943 cuncta.

1890 977 2090 1034 Ultima
2115 977 2394 1050 discipulis
2416 976 2650 1050 iungens
2674 978 2918 1034 convivia
2941 978 3132 1044 sacris,

1815 1070 2035 1127 Mandat
2057 1070 2407 1144 Evangelium
2439 1087 2539 1142 per
2568 1073 2812 1155 llos.toto
2840 1072 2971 1129 orbe
2999 1078 3276 1142 coruscet,

1816 1161 2222 1233 Credentesque
2252 1178 2442 1219 omnes
2472 1173 2663 1220 sancto
2690 1165 3015 1235 baptismate
3046 1162 3236 1239 tingui.

1891 1252 2089 1311 Montis
2118 1253 2315 1312 Oliveti
2341 1254 2500 1326 petiit
2531 1270 2657 1312 mox
2688 1254 2778 1311 ille
2813 1271 3094 1312 cacumen.
3196 1250 3203 1257 “

1817 1343 2093 1403 Assistunt
2117 1345 2310 1410 sancti,
2341 1345 2615 1403 benedicit
2640 1345 2854 1403 caelitus
2884 1346 3013 1415 illis,

1821 1438 2099 1495 Sideream
2127 1447 2420 1511 penetrans
2443 1439 2576 1511 ipsis
2604 1439 2953 1496 cernentibus
2976 1438 3177 1495 aulam.

1890 1532 1934 1587 A
1965 1532 2174 1589 dextris
2198 1534 2353 1591 sedet
2378 1533 2469 1590 ille
2502 1533 2623 1601 Dei,
2644 1534 2941 1590 virtutibus
2967 1532 3099 1605 ipsis

1821 1620 2031 1678 Celsior
2061 1623 2345 1694 angelicis,
2369 1633 2633 1681 venturus
2655 1633 2710 1681 et
2738 1624 2863 1682 inde
2882 1639 3165 1692 coruscus,

1820 1713 2039 1772 Iudicet
2071 1717 2292 1773 aeternis
2319 1726 2380 1772 ut
2407 1727 2581 1773 totum
2610 1717 2822 1791 legibus
2846 1718 3053 1776 orbem.

1747 1795 1797 1856 Β
1894 1806 2050 1863 Hunc
2070 1808 2246 1865 cmlun
2261 1818 2315 1864 et
2335 1807 2509 1874 tellus,
2527 1809 2673 1865 hunc
2696 1818 2936 1867 tartarus
2956 1810 3072 1882 ipse
3092 1809 3411 1882 profundus,

1824 1897 2156 1956 Cunctorum
2186 1900 2496 1968 Dominum,
2523 1916 2646 1958 eum
2675 1900 2838 1958 Patre
2868 1902 2921 1956 in
2953 1901 3111 1958 saecla
3136 1910 3411 1974 potentem

1822 1991 1905 2048 Ac
1923 1990 2133 2064 Spiritu
2156 2001 2345 2048 sancto
2366 1990 2571 2060 laudet,
2595 1993 2723 2050 huic
2743 1993 2923 2051 sidera
2946 1993 3201 2051 clament.

2035 2084 2231 2141 Amen.
2271 2079 2280 2099 '

2572 2157 2660 2215 IV.

2523 2282 2726 2325 ORATIO

1899 2377 2031 2433 Cum
2063 2380 2554 2454 commemoratione
2585 2381 2925 2454 gntiquorum
2960 2382 3343 2440 miraculorum

2348 2447 2546 2504 Christi
2574 2448 2671 2505 Dei
2707 2447 2892 2506 nostri.

1900 2563 1946 2620 Ο
1976 2564 2149 2619 virtus
2176 2572 2381 2619 aeterna
2409 2564 2528 2632 Dei,
2559 2581 2722 2637 quam
2763 2568 3015 2623 machina
3054 2569 3240 2625 mundi

1832 2657 2075 2729 Suscipit
2102 2665 2404 2724 auctorem,
2431 2658 2518 2715 cui
2555 2659 2727 2715 servit
2751 2667 2895 2716 terra
2921 2660 3207 2732 polusque,

1830 2748 2171 2819 Principium
2198 2763 2407 2816 rerum,
2439 2764 2539 2821 per
2563 2764 2727 2820 quam
2754 2749 2917 2807 Pater
2937 2752 3120 2808 omnia
3149 2752 3300 2810 fecit.

1830 2838 1967 2897 Cum
1994 2838 2154 2895 Flatu
2179 2848 2387 2897 aeterno
2411 2854 2577 2911 super
2602 2855 2822 2913 aequora
2848 2851 3001 2899 vasta
3023 2843 3277 2910 cubante,

1832 2931 1915 2990 Tu
1936 2947 2158 3005 pressus
2181 2933 2455 3005 quondam
2478 2933 2716 2990 tenebris
2739 2934 3091 2993 horrentibus
3108 2936 3287 2995 undas

1794 3039 1799 3047 ·
1831 3022 1978 3081 Luce
2004 3038 2145 3081 nova
2171 3022 2469 3092 irradians,
2496 3033 2820 3095 noctemque
2848 3025 3102 3098 diemque
3129 3026 3350 3084 creati.

1837 3112 1912 3173 Ut
1938 3114 2122 3173 varios
2147 3115 2432 3173 hominum
2462 3116 2668 3173 revelet
2691 3116 2782 3172 lux
2810 3116 3007 3175 blanda
3036 3118 3279 3186 labores.

1760 3164 1809 3229 C
1836 3207 1906 3265 Et
1926 3216 2194 3266 nocturna
2223 3208 2380 3280 quies
2407 3208 2627 3265 attritos
2656 3217 2866 3266 recreet
2893 3218 3064 3267 artus.

1837 3299 1921 3359 Tu
1948 3301 2195 3373 geminas
2223 3303 2384 3359 sedes
2410 3300 2663 3360 discretis
2686 3300 2942 3360 ﬂuctibus
2961 3311 3182 3375 aptans,

1838 3388 1951 3447 Hos
1978 3389 2096 3462 agis
2118 3389 2174 3445 in
2196 3389 2442 3465 pelagus,
2471 3389 2594 3447 illos
2614 3406 2783 3464 super
2804 3402 2953 3449 astra
2976 3392 3247 3450 recondis.

1838 3482 2005 3541 Arida
2030 3498 2139 3555 quo
2156 3492 2343 3555 posset
2362 3482 2600 3541 fructum
2628 3485 2929 3556 producere
2957 3485 3115 3545 tellus

1839 3573 2090 3632 Pastibus
2118 3584 2175 3631 et
2197 3575 2365 3649 gratis
2393 3576 2689 3633 animantia
2721 3585 2917 3635 cuncta
2944 3576 3178 3645 foveret,

1842 3666 1924 3724 Tn
1945 3667 2086 3724 luna:
2112 3667 2351 3739 solisque
2383 3668 2624 3739 globum,
2647 3668 2941 3740 stellasque
2960 3669 3248 3737 meantes,

1840 3760 1902 3817 In
1925 3760 2107 3817 varias
2129 3775 2326 3817 causas
2352 3775 2452 3832 per
2479 3760 2713 3817 culmina
2744 3760 2887 3818 celsa
2907 3760 3119 3818 locasti.
3212 3822 3223 3831 ι

1844 3852 1927 3910 Tu
1949 3860 2110 3909 terrae
2131 3867 2201 3908 ex
2220 3860 2376 3909 utero
2398 3853 2634 3925 pecudes
2652 3868 2718 3911 ac
2741 3853 2934 3925 reptile
2954 3863 3209 3915 emotum

1844 3944 1904 4000 In
1924 3943 2100 4000 lucem
2122 3942 2236 4001 sola
2264 3944 2562 4015 procedere
2581 3959 2715 4002 voce
2733 3944 2953 4001 dedisti.

1846 4038 1927 4094 Tu
1948 4035 2182 4111 lymphis
2217 4037 2382 4093 etiam
2408 4038 2671 4108 spirantia
2698 4053 2923 4110 corpora
2946 4039 3205 4106 condens,

1845 4129 2081 4186 Alitibus
2102 4136 2315 4196 ventos,
2343 4127 2529 4186 ditasti
2556 4129 2798 4202 piscibus
2820 4147 3027 4204 aequor.

1849 4225 1931 4283 Tu
1966 4226 2230 4296 torpentis
2258 4226 2409 4282 humi
2437 4242 2636 4300 corpus
2663 4228 2730 4284 de
2758 4243 2988 4294 corpore
3013 4239 3289 4301 sumptum

1849 4316 2081 4375 Vivifico
2111 4317 2251 4373 sacri
2275 4317 2587 4390 spiraminis
2611 4320 2779 4393 erigis
2802 4321 3001 4378 haustu
3029 4340 3043 4377 :

1848 4409 2014 4482 quue
2035 4410 2312 4467 hominem
2333 4411 2597 4479 vocitans,
2627 4420 2800 4470 totum
2825 4428 3055 4486 regnare
3071 4429 3172 4485 per
3190 4414 3381 4470 orbem

1853 4503 2134 4575 Praecipis,
2159 4512 2214 4560 et
2240 4504 2406 4562 totius
2432 4506 2661 4563 rationis
2684 4506 2892 4577 legibus
2922 4506 3137 4577 imples.

1781 4564 1832 4624 D
1856 4598 1975 4665 Quo
2003 4612 2172 4671 genus
2198 4599 2253 4653 in
2284 4599 2444 4655 terris
2481 4615 2588 4656 uno
2610 4564 2815 4657 factore
2840 4564 3084 4657 creatum

1858 4691 1932 4750 Ut
1955 4708 2125 4766 genus
2146 4692 2202 4748 in
2224 4693 2379 4750 caelis
2400 4709 2508 4750 uno
2532 4703 2743 4751 rectore
2768 4703 3005 4765 regatur.

1930 4785 1974 4841 Ο
2001 4786 2172 4841 virtus
2195 4792 2397 4840 aeterna
2425 4784 2522 4841 Dei
2554 4800 2714 4855 quam
2744 4784 2994 4853 machina
3019 4784 3229 4840 mundi.

1862 4877 2103 4950 Suscipit
2126 4885 2426 4946 auctorem,
2456 4879 2543 4934 cui
2570 4879 2740 4935 servit
2766 4886 2911 4933 terra
2944 4876 3225 4949 polusque.

1836 4970 1942 5026 ‘Tu
1965 4970 2197 5041 primum
2218 4986 2327 5027 non
2351 4985 2510 5041 passa
2538 4972 2712 5027 virum
2735 4971 3032 5026 consistere
3056 4969 3231 5027 solum

1858 5063 2118 5137 Coniugis
2141 5064 2372 5137 egregiae
2399 5065 2592 5121 solatia
2618 5073 2767 5120 casta
2789 5066 3014 5133 creasti,

1863 5157 2034 5226 Quam
2067 5173 2170 5214 nec
2199 5166 2344 5215 terra
2372 5157 2511 5223 tulit,
2543 5167 2787 5213 materna
2825 5174 2926 5214 nec
2948 5157 3119 5215 edidit
3147 5158 3319 5224 alvus,

1869 5249 1976 5308 Sed
2006 5261 2094 5307 tua
2121 5253 2189 5309 de
2210 5262 2360 5309 costa
2393 5251 2647 5309 formavit
2675 5254 2864 5310 dextra
2894 5255 3057 5311 virili.

1872 5344 1952 5399 Tu
1980 5344 2157 5401 scelus
2183 5346 2464 5402 amborum
2494 5346 2697 5416 punisti
2729 5354 2902 5403 morte
2928 5347 3184 5419 benigna,

1876 5436 1944 5491 Et
1972 5438 2341 5508 serpentinam
2369 5437 2637 5493 damnasti
2664 5438 2885 5509 pulvere
2912 5438 3172 5511 linguam,

1876 5529 2006 5598 Quae
2032 5531 2219 5588 docuit
2248 5531 2477 5587 miseros
2506 5540 2853 5589 contemnere
2879 5533 3030 5604 jussa
3065 5531 3349 5597 Tonantis,

1874 5618 2122 5677 Numinis
2144 5631 2201 5677 et
2228 5622 2423 5677 summi
2452 5637 2721 5678 summum
2751 5622 2853 5695 sibi
2879 5636 3124 5693 quaerere
3150 5636 3364 5677 nomen.

1947 5712 1992 5769 Ο
2021 5714 2194 5771 virtus
2216 5724 2419 5771 aeterna
2446 5716 2560 5783 Dei,
2585 5730 2748 5787 quam
2780 5715 3028 5771 machina
3061 5713 3246 5768 mundi

1876 5808 2112 5880 Suscipit
2155 5817 2456 5883 auctorem,
2487 5810 2576 5867 cui
2602 5809 2768 5867 servit
2792 5815 2936 5864 terra
2966 5806 3246 5877 polusque,
