3970 6306
631 346 736 402 επ
1833 339 2039 397 FLORl
2083 339 2354 398 DIACONI
2394 340 2698 398 MONACHI
3170 355 3172 357 >
3719 356 3782 412 ετ,
3854 339 3855 412 ξ

635 383 731 402 ...ι
1833 383 2039 397 --.η--
2083 383 2354 398 “mw...
2394 383 2698 398 ...υμηνω
3721 383 3782 412 ιη

633 457 718 531 T_u
734 456 867 527 justi
893 455 1170 510 interitum
1190 494 1204 519 ,
1235 466 1394 523 quem
1421 450 1607 506 fratris
1635 451 1828 506 dextra
1857 453 2126 521 peremit,
2250 461 2300 518 Α
2329 453 2372 508 Ε
2396 454 2556 520 caelo,
2607 471 2637 511 e
2664 455 2825 512 terris
2846 455 3070 511 mittens
3093 466 3370 527 portenta,
3400 460 3479 514 vel
3508 463 3647 519 undas

634 550 693 626 In
717 563 937 621 poenam
966 546 1205 603 auctoris
1221 544 1364 614 justa
1388 543 1486 599 sub
1512 543 1628 613 lege
1660 552 1965 614 retorques.
2326 547 2543 604 Scindis
2565 588 2580 614 ,
2611 563 2944 620 purpureum
2969 547 3204 621 lymphis
3226 549 3533 608 durantibus
3553 569 3723 625 aequor,

636 629 719 697 Tu
748 641 1038 712 quemdam
1065 654 1132 695 ex
1157 638 1348 708 primis
1379 637 1538 707 primi
1569 635 1891 694 mortalibus
1919 640 2019 693 aevi
2323 637 2561 695 Callibus
2581 649 2637 696 et
2660 639 2821 696 siccis
2847 639 3060 708 plebem
3089 639 3310 696 deducis
3333 651 3580 697 ovantem.

633 735 888 806 Ignarum
916 732 1108 788 mortis
1131 730 1255 786 vitae
1285 730 1366 784 ad-
1378 737 1588 785 secreta
1612 729 1802 786 tulisti.
2323 729 2422 785 Cui
2448 739 2611 786 noctu
2635 731 2745 786 dux
2774 730 2918 801 ignis
2935 739 3058 786 erat
3081 771 3097 798 ,
3127 741 3398 801 praeeunte
3421 733 3665 800 columna;

633 829 771 885 Cum
800 838 980 885 tamen
1008 829 1214 883 interea
1243 825 1392 880 vitiis
1419 823 1754 881 ferventibus
1785 841 1976 882 omnes
2069 861 2074 865 -
2322 822 2391 878 Et
2420 822 2611 879 mediis
2635 823 2806 894 gratis
2831 823 3004 879 nubes
3029 823 3190 879 dabat
3213 824 3432 880 aestibus
3452 826 3656 882 umbras.

636 923 945 979 Polluerent
971 920 1255 991 pulchrum
1286 934 1382 989 per
1408 919 1552 974 mille
1576 920 1788 989 piacula
1820 922 2102 977 mundum.
2321 912 2538 970 Pastum
2563 914 2807 971 caelestis
2832 915 3110 985 praebebat
3136 916 3293 985 panis
3321 957 3334 982 ,
3366 925 3419 972 et
3443 917 3575 972 omni

635 1016 715 1070 Tu
746 1023 916 1072 totum
941 1012 1135 1068 validis
1160 1011 1440 1066 involvens
1467 1010 1720 1067 ﬂuctibus
1743 1012 1931 1067 orbem
1951 1053 1964 1070 .
2323 1004 2490 1062 Nocte
2519 1005 2690 1063 ﬂuens
2719 1007 2863 1086 dulci
2891 1007 3198 1078 complebat
3226 1017 3445 1064 nectare
3468 1024 3670 1080 campos.

634 1105 942 1176 Terrigenis
974 1112 1150 1160 terras
1183 1102 1414 1159 viduasti
1440 1144 1453 1167 ,
1482 1102 1704 1157 ﬂumina
1732 1103 1884 1173 ripis.
2321 1097 2466 1164 Quas
2494 1097 2721 1153 conviva
2751 1098 2917 1168 dapes
2945 1107 3206 1168 cuperet,
3239 1113 3573 1169 quoscunque
3595 1115 3754 1172 sapores

630 1195 714 1251 Tu
734 1196 947 1268 justum
974 1195 1263 1266 quemdam
1289 1193 1508 1264 propria
1538 1209 1661 1249 cum
1688 1193 1839 1264 prole
1867 1195 2136 1266 domoque
2319 1188 2614 1259 Appeteret
2636 1231 2651 1259 ,
2684 1206 2790 1247 una
2820 1191 2978 1246 laetus
3007 1192 3258 1262 capiebat
3283 1192 3339 1247 in
3364 1206 3502 1248 esca.

632 1285 829 1340 Diluvii
853 1298 922 1340 ex
947 1283 1108 1340 undis
1128 1297 1258 1338 arca
1288 1282 1524 1338 vectrice
1546 1297 1828 1350 reservas,
2320 1279 2512 1336 Potum
2543 1297 2675 1338 saxa
2704 1283 2945 1348 dabant,
2974 1283 3142 1355 virgae
3171 1299 3292 1354 quae
3319 1283 3488 1339 mollis
3511 1285 3570 1338 ad
3593 1285 3699 1339 ictus

630 1374 702 1431 Ut
729 1388 899 1447 genus
927 1373 983 1428 in
1009 1372 1172 1428 terris
1202 1387 1313 1428 uno
1337 1373 1405 1429 de
1428 1373 1638 1429 semine
1665 1387 1895 1444 surgens
2319 1373 2587 1430 Duritiam
2619 1385 2877 1446 rumpunt
2903 1417 2918 1441 ,
2945 1387 3002 1431 et
3033 1375 3256 1432 ﬂumina
3286 1377 3435 1449 larga
3461 1377 3729 1433 ministrant.

626 1463 749 1521 Una
772 1473 950 1520 morte
974 1478 1138 1519 ruens
1165 1504 1180 1529 ,
1212 1479 1320 1519 una
1354 1463 1422 1518 de
1451 1465 1621 1534 stirpe
1652 1474 1907 1536 resurgat
1931 1506 1945 1529 ,
2321 1464 2610 1522 Carniﬂuis
2637 1467 2812 1537 epulis
2839 1469 3007 1524 servit
3037 1483 3327 1526 numerosa
3357 1471 3585 1525 coturnix
3603 1510 3616 1536 ,

625 1557 805 1628 Atque
827 1557 1076 1614 homines
1101 1558 1330 1613 mundos
1360 1557 1520 1614 tellus
1547 1558 1806 1614 mundata
1835 1559 2079 1625 foveret,
2317 1555 2488 1612 Discit
2511 1567 2568 1613 et
2596 1558 2779 1614 exesis
2801 1556 2946 1613 ultro
2976 1574 3034 1614 se
3060 1559 3350 1614 infundere
3379 1559 3584 1614 mensis.

625 1649 736 1704 Nec
762 1648 872 1704 vita
902 1649 1108 1721 indigni
1140 1649 1456 1705 fruerentur
1482 1663 1706 1705 munere
1735 1651 1860 1705 vitae
2388 1645 2434 1702 0
2466 1647 2638 1702 virtus
2666 1655 2869 1702 aeterna
2898 1647 3029 1712 Dei,
3063 1663 3228 1717 quam
3251 1648 3495 1704 machina
3522 1646 3673 1702 mundi

697 1743 742 1798 Ο
769 1743 942 1798 virtus
965 1751 1168 1798 aeterna
1198 1742 1293 1797 Dei
1318 1783 1332 1808 ,
1365 1757 1529 1812 quam
1557 1743 1810 1798 machina
1847 1745 2034 1798 mundi
2318 1736 2559 1807 Suscipit
2583 1745 2895 1804 auctorem,
2922 1739 3007 1793 cui
3031 1740 3200 1794 servit
3221 1748 3365 1795 terra
3385 1740 3619 1810 polusque
3639 1778 3652 1804 ,

625 1833 865 1903 Suscipit
892 1842 1167 1889 auctorem
1194 1873 1208 1898 ,
1247 1833 1335 1887 cui
1364 1834 1536 1888 servit
1568 1842 1716 1888 terra
1747 1833 2006 1903 polusque
2037 1874 2051 1899 ,
2235 1833 2280 1891 Β
2307 1831 2391 1888 Tu
2413 1840 2661 1888 sanctum
2693 1832 2836 1887 tristi
2866 1833 3047 1887 texisti
3078 1832 3304 1889 fulmine
3333 1841 3556 1888 montem
3581 1872 3593 1896 ,

623 1923 706 1982 'l‘u
734 1925 832 1982 tibi
862 1925 1122 1982 sublimes
1150 1939 1398 1995 quaerens
1425 1925 1754 1996 conjungere
1781 1926 1986 1982 amicos
2015 1968 2027 1992 ,
2312 1923 2381 1978 Et
2403 1938 2591 1979 vocem
2614 1923 2940 1979 horrendam
2973 1939 3127 1979 sacr-a
3157 1925 3224 1979 de
3247 1925 3388 1980 nube
3419 1922 3609 1980 dedisti.

621 2019 840 2092 Ignibus
868 2035 938 2075 ex
959 2019 1154 2076 mediis
1179 2021 1416 2090 primum
1443 2020 1562 2075 sine
1592 2018 1712 2074 labe
1739 2020 1946 2075 vocasti
1974 2059 1989 2085 ,
2310 2013 2390 2069 Tu
2419 2015 2532 2070 vati
2553 2015 2730 2070 accito
2756 2015 2889 2086 legis
2915 2025 3185 2086 prmcepta
3211 2032 3456 2088 superna:

624 2114 730 2183 Qui
757 2116 948 2184 patriae
972 2114 1109 2169 fines
1141 2122 1195 2169 et
1227 2112 1405 2168 tristia
1435 2129 1602 2185 regna
1636 2113 1947 2184 relinquens
1969 2153 1984 2179 ,
2310 2107 2502 2164 Tradis
2523 2148 2538 2175 ,
2573 2116 2632 2162 et
2655 2107 2893 2178 alloquio
2923 2108 3188 2163 famulum
3227 2109 3464 2180 dignaris
3486 2108 3651 2163 amico.

621 2207 808 2264 Crevit
833 2209 887 2264 in
920 2208 1171 2280 ingentes
1193 2207 1483 2278 peregrino
1512 2209 1567 2263 in
1603 2207 1772 2262 limite
1793 2216 1999 2278 gentes.
2162 2226 2179 2240 ·

2162 2226 2179 2240 ι
2305 2197 2625 2255 Pontiﬁcem
2658 2199 2888 2266 statuis,
2921 2199 3177 2271 precibus
3199 2199 3418 2270 placare
3447 2199 3697 2254 Tonantem

617 2297 755 2354 Nam
778 2298 1197 2370 primogenitum
1223 2313 1378 2353 serva
1406 2313 1566 2368 quem
1593 2308 1766 2354 matre
1792 2298 1999 2353 creavit
2023 2337 2038 2364 ,
2306 2292 2409 2359 Qui
2434 2300 2635 2363 queat,
2656 2301 2712 2349 et
2737 2301 2928 2349 sancto
2955 2293 3132 2349 cultus
3158 2292 3415 2362 procedat
3437 2292 3612 2346 amictu
3635 2331 3648 2355 ,

615 2389 708 2445 Bis
730 2404 891 2446 senos
917 2403 1207 2460 generasse
1233 2388 1398 2444 duces
1424 2387 1511 2444 lex
1537 2402 1700 2442 aurea
1729 2389 1877 2444 canit,
1898 2429 1912 2453 ,
2305 2381 2474 2437 Intret
2496 2391 2552 2438 et
2581 2383 2884 2439 horrendos
2910 2382 3018 2438 veli
3045 2393 3167 2453 post
3195 2382 3434 2438 claustra
3457 2395 3668 2437 recessus

612 2481 894 2540 Posterior
922 2491 1052 2537 natu
1078 2481 1310 2554 genitrix
1341 2495 1500 2551 quem
1530 2479 1699 2536 libera
1726 2480 1862 2536 fudit
1888 2521 1902 2546 ,
2304 2470 2575 2530 Et'Patris
2601 2474 2789 2531 aeterni
2820 2473 2969 2530 solus
2997 2484 3209 2530 secreta
3236 2475 3452 2530 revisat.

613 2573 868 2646 Suscepit.
896 2575 1139 2646 geminos
1157 2589 1264 2628 una
1298 2574 1364 2628 de
1394 2573 1621 2644 conjuge
1645 2581 1822 2629 natos.
2302 2564 2511 2620 Interea
2538 2565 2753 2621 varium
2775 2566 2994 2621 turbata
3027 2579 3126 2634 per
3151 2567 3366 2637 agmina
3394 2578 3616 2619 murmur

609 2663 768 2720 Alter
791 2664 1056 2720 Idumaeos
1087 2664 1250 2719 misto
1279 2664 1345 2718 de
1367 2663 1633 2734 sanguine
1659 2664 1880 2728 condit;
2302 2658 2642 2731 Perstrepit,
2667 2669 2725 2715 et
2749 2659 2931 2716 densae
2957 2669 3219 2715 resonant
3242 2674 3338 2729 per
3363 2667 3530 2714 castra
3554 2653 3742 2726 querelae.

609 2752 868 2811 Hebraeos
894 2753 1033 2810 alter
1055 2753 1301 2809 duodena
1332 2768 1399 2808 ex
1431 2753 1601 2822 stirpe
1628 2760 1908 2823 propagat.
2303 2749 2618 2804 Detrahitur
2645 2749 2756 2804 vati
2783 2789 2798 2814 ,
2829 2751 3200 2806 contemnitur
3232 2750 3350 2820 ipse
3376 2748 3638 2810 sacerdos,

605 2845 709 2902 Hic
737 2845 927 2903 habuit
955 2845 1199 2918 geminas
1226 2844 1408 2914 prisco
1435 2845 1504 2900 de
1533 2859 1686 2899 more
1702 2843 1913 2915 iugales
1936 2885 1950 2908 ,
2301 2838 2381 2894 Ac
2400 2838 2564 2895 nimis
2585 2853 2819 2896 accenso
2847 2841 3156 2912 lapidantur
3181 2856 3322 2911 pene
3345 2839 3583 2903 tumultu,

604 2938 676 2993 Et
698 2937 927 2994 totidem
954 2952 1143 2994 servas
1171 2952 1402 2992 uxorum
1428 2951 1655 2993 munere
1681 2945 1926 3004 sumptas
1949 2977 1962 3000 ,
2299 2929 2596 3002 JEgyptum
2626 2932 2887 3003 repedare
2913 2941 3145 3004 parant,
3171 2948 3315 2988 vana
3341 2933 3478 2989 idola
3499 2931 3670 3002 ﬁngunt

606 3028 652 3084 E
691 3027 890 3098 quibus
915 3027 1191 3096 antiquam
1218 3035 1433 3098 gentem
1459 3025 1826 3097 populumque
1847 3033 2122 3095 potentem
2256 3024 2258 3026 ’
2301 3022 2718 3094 Solemnemque
2742 3024 2885 3080 diem
2910 3024 3050 3080 ludis
3074 3033 3129 3079 ct
3154 3028 3396 3082 carmine
3422 3027 3615 3082 ducunt.

601 3117 864 3184 Protulit,
893 3127 950 3174 et
974 3117 1138 3174 claris
1164 3133 1260 3173 sua
1293 3119 1499 3174 semina
1521 3117 1755 3173 contulit
1780 3118 1962 3173 astris.
2298 3115 2384 3170 lra
2407 3116 2576 3171 etiam
2591 3113 2743 3185 justo
2771 3116 2991 3172 tandem
3014 3127 3288 3173 commota
3309 3117 3484 3175 furore
3505 3157 3521 3185 ,

602 3209 740 3266 Cum
768 3219 950 3268 tamen
981 3209 1202 3266 infando
1234 3226 1422 3268 rursus
1445 3225 1577 3281 gens
1604 3211 1765 3282 impia
1803 3213 2096 3281 quemdam
2222 3189 2266 3252 C
2297 3206 2522 3263 lllicitos
2543 3223 2708 3264 ausus
2731 3206 2822 3262 tali
2851 3207 3089 3278 subjure
3110 3225 3332 3268 coerces
3357 3229 3371 3278 ;

600 3302 886 3360 Fluctibus
915 3302 1157 3360 ablutum
1180 3303 1480 3358 macularet
1501 3304 1733 3358 crimine
1763 3304 2047 3359 mundum.
2296 3299 2408 3355 llos
2436 3299 2659 3369 perimis
2688 3297 2922 3357 ﬂammis
2943 3341 2958 3366 ,
2994 3311 3051 3356 ct
3079 3310 3193 3357 toto
3223 3304 3437 3360 caelitus
3472 3302 3570 3374 igni

601 3397 775 3465 Quem
797 3396 980 3453 delere
1005 3412 1238 3468 parans,
1274 3396 1607 3452 Sodomitica
1634 3396 1835 3452 mmnia
1867 3395 2101 3451 ﬂammis
2294 3389 2420 3446 lllos
2450 3389 2723 3447 sulfureas
2750 3391 2901 3448 erebi
2932 3393 3208 3464 demergis
3235 3394 3290 3448 in
3322 3395 3516 3458 undas,

599 3488 1017 3562 Sulphureoque
1043 3489 1154 3561 igni
1188 3489 1462 3545 subvertis
1493 3497 1635 3545 tecta
1665 3487 2006 3554 Gomorrhae,
2293 3485 2440 3550 Quos
2467 3485 2664 3540 retinet
2693 3484 2853 3540 tellus
2880 3527 2892 3552 ,
2921 3486 3044 3542 cmli
3068 3502 3150 3542 vus
3176 3487 3332 3559 ignea
3359 3487 3541 3558 punit;

599 3567 744 3647 Quin
772 3589 830 3638 et
851 3580 1110 3637 ﬁnitimas
1134 3580 1350 3636 miseris
1376 3596 1500 3635 cum
1527 3581 1739 3637 civibus
1765 3580 1929 3637 urbes
1960 3623 1974 3649 ,
2293 3574 2442 3640 Quos
2474 3585 2621 3630 terra
2643 3572 2898 3631 absorbet
2925 3615 2939 3640 ,
2969 3575 3219 3632 viventes
3248 3576 3452 3632 inferus
3476 3571 3646 3630 haurit.

596 3669 657 3726 ln
691 3671 934 3728 cinerem
963 3671 1130 3729 solvis
1154 3713 1170 3739 ,
1193 3680 1251 3728 et
1271 3672 1482 3744 gurgite
1509 3672 1768 3744 deprimis
1795 3673 1926 3729 alto.
2293 3673 2385 3728 Sic
2413 3684 2609 3730 natura
2641 3681 2762 3729 tuos
2785 3673 3037 3729 certatim
3064 3672 3293 3729 devorat
3320 3675 3528 3736 hostes,

593 3763 814 3822 Judicio
831 3773 960 3824 sunt
979 3780 1142 3838 poma
1162 3765 1296 3822 locis
1322 3780 1445 3836 quae
1466 3775 1595 3821 nata
1621 3766 1721 3822 Sub
1749 3766 1960 3822 hisdem
2292 3767 2385 3823 Sic
2414 3768 2680 3825 scelerum
2706 3767 2903 3823 vindex
2937 3775 3079 3822 totus
3109 3768 3202 3823 tibi
3235 3767 3431 3824 militat
3452 3763 3585 3822 orbis
3605 3801 3619 3826 ,

590 3856 827 3914 Pulchra
854 3856 990 3915 foris
1015 3857 1203 3916 vacuis
1227 3858 1374 3914 intus
1399 3867 1525 3914 sunt
1552 3858 1710 3928 plena
1735 3857 1952 3914 favillis.
2288 3858 2401 3915 Nec
2425 3860 2630 3929 patitur
2665 3873 2995 3930 quemquam
3025 3858 3218 3914 vitales
3248 3873 3467 3930 carpere
3489 3855 3625 3909 ﬂatus
3643 3891 3656 3917 ,

589 3948 858 4004 Attamen‘
875 3962 946 4003 ex
974 3947 1106 4019 ipsis
1130 3949 1421 4018 quemdam
1445 3957 1540 4003 tua
1570 3951 1792 4005 dextera
1818 3952 2028 4020 justum
2289 3952 2462 4020 Quem
2486 3952 2584 4007 tibi
2609 3965 2715 4006 non
2745 3959 2857 4007 toto
2881 3951 3192 4008 credentem
3218 3961 3436 4022 pectore
3462 3946 3630 4006 cernit.

590 4034 854 4106 Ereptum
881 4035 1116 4092 ﬂammis
1145 4037 1415 4094 scelerata
1440 4039 1630 4094 eduxit
1657 4040 1726 4094 ab
1755 4040 1892 4095 urbe
2286 4047 2384 4104 llis
2409 4055 2592 4103 tamen
2620 4062 2689 4104 ex
2711 4045 2947 4103 ﬂammis
2973 4054 3234 4117 tantoque
3260 4061 3329 4101 ex
3349 4045 3528 4105 funere
3550 4037 3643 4095 bini

576 4125 768 4194 Quem
790 4128 1019 4199 geminae
1045 4137 1189 4184 natae
1210 4130 1414 4186 misera
1445 4145 1570 4185 cum
1600 4139 1778 4186 matre
1807 4138 2145 4202 sequuntur,
2286 4136 2588 4194 Servantur
2611 4138 2840 4208 juvenes
2867 4137 2994 4194 fidei
3022 4139 3224 4194 virtute
3249 4138 3432 4196 decori
3458 4155 3470 4190 :

590 4218 664 4274 Ει
699 4225 954 4275 montana
975 4229 1200 4290 petunt,
1237 4229 1383 4276 tanta
1413 4236 1482 4276 ne
1510 4222 1567 4277 in
1593 4231 1774 4294 strage
1804 4223 2050 4292 perirent
2075 4241 2088 4278 :
2285 4231 2431 4297 Quos
2451 4244 2591 4287 nova
2623 4232 2908 4304 progenies
2930 4241 2986 4286 et
3007 4232 3190 4288 nescia
3231 4231 3474 4288 criminis
3499 4237 3615 4284 mtas

593 4311 704 4369 Sed
732 4312 962 4370 nimium
1018 4313 1208 4370 infelix
1234 4315 1414 4370 subito
1439 4317 1692 4386 perculsa
1727 4316 1944 4388 fragore
2283 4322 2363 4377 Ad
2390 4337 2618 4396 regnum
2641 4325 2898 4380 comitata
2939 4325 3044 4382 fide
3072 4334 3161 4381 tua
3191 4327 3413 4396 praemia
3438 4319 3639 4392 sumpsit
3658 4355 3671 4381 ι

587 4403 854 4478 Respexit
877 4406 1077 4476 conqu
1100 4446 1115 4472 ,
1146 4421 1473 4477 pcenamque
1500 4417 1728 4480 experta
1759 4413 2023 4468 remansit
2049 4453 2064 4481 ,
2281 4415 2417 4471 Nam
2443 4425 2649 4488 septem
2673 4425 2861 4490 gentes
2887 4426 2941 4472 et
2963 4433 3130 4490 regna
3158 4420 3402 4489 potentia
3449 4423 3629 4486 septem

585 4497 690 4556 Hic
720 4507 861 4556 nata:
888 4499 1005 4558 solo
1030 4499 1158 4556 solae
1181 4516 1304 4557 cum
1333 4508 1488 4569 patre
1518 4501 1724 4557 relictae

2207 4559 2257 4582 η
2285 4509 2380 4566 llis
2407 4511 2612 4566 servire
2633 4510 2790 4582 jubcs
2816 4552 2829 4576 ,
2855 4521 2910 4567 ct
2944 4521 3142 4567 terram
3171 4513 3345 4568 tradis
3374 4511 3624 4582 opimam;

587 4590 844 4649 Mortales
869 4593 1101 4664 periisse
1130 4601 1301 4658 rane.
1335 4591 1414 4648 sic
1435 4590 1716 4650 fraudibus
1741 4609 1893 4660 usae.
2210 4590 2258 4618 "
2286 4603 2415 4670 Quae
2437 4603 2581 4660 rivos
2607 4603 2764 4660 lactis
2793 4613 2847 4660 et
2878 4605 3055 4660 mellis
3073 4603 3297 4660 ﬂumina
3329 4603 3536 4667 fundit,

584 4682 725 4740 Vina
753 4684 870 4740 seni
895 4685 1166 4750 miscent,
1193 4683 1319 4740 bina
1347 4690 1402 4739 et
1432 4684 1532 4740 sub
1558 4692 1714 4740 nocte
1742 4686 1981 4743 vicissim
2282 4693 2506 4766 Pinguia
2533 4709 2654 4764 quae
2685 4696 2853 4751 sacris
2882 4696 3139 4751 deludant
3167 4696 3408 4751 balsama
3431 4693 3582 4750 ramis
3603 4729 3618 4754 ,

583 4773 961 4831 Succumbunt
985 4775 1128 4846 patri
1153 4815 1167 4839 ,
1195 4783 1250 4830 et
1279 4782 1544 4846 concepto
1567 4777 1773 4832 semine
1801 4787 2029 4853 surgunt
2055 4796 2070 4847 ;
2282 4785 2454 4851 Quam
2479 4784 2643 4842 Pater
2673 4788 2786 4859 ipse
2809 4788 2897 4860 pio
2925 4788 3204 4858 despectat
3233 4787 3435 4844 lumine
3461 4797 3647 4853 semper
3665 4816 3678 4843 ,

585 4863 729 4923 Hinc
759 4866 865 4923 duo
894 4867 1189 4939 gignuntur
1217 4876 1340 4937 post
1363 4883 1504 4923 saeva
1537 4868 1785 4925 incendia
1814 4870 2012 4928 fratres
2038 4913 2053 4941 ,
2280 4876 2556 4934 Mensibus
2580 4887 2636 4935 et
2659 4881 2824 4934 certis
2854 4879 3164 4934 cmlestibus
3194 4880 3388 4950 irrigat
3409 4877 3570 4933 undis.

581 4958 653 5015 Et
681 4958 910 5016 mortale
935 4974 1105 5030 genus
1130 4957 1382 5016 Sodomis
1412 4962 1767 5037 pereuntibus
1795 4976 2010 5037 augent.
2349 4969 2395 5027 0
2419 4970 2594 5028 virtus
2619 4981 2824 5027 aeterna
2852 4971 2980 5040 Dei,
3009 4988 3173 5043 quam
3201 4973 3452 5028 machina
3473 4963 3633 5024 mund'

580 5050 736 5106 Αιιθι·
760 5049 938 5106 Amo“
957 5089 971 5114 ν
999 5049 1136 5105 allcr
1164 5052 1315 5107 vario
1345 5053 1668 5124 cognomine
1690 5054 1846 5110 Moab
2275 5061 2512 5132 Suscipit
2535 5071 2813 5118 auctorem
2833 5103 2848 5129 ,
2871 5063 2959 5119 cui
2982 5064 3152 5120 servit
3176 5073 3324 5120 terra
3348 5061 3608 5134 polusque.

579 5141 823 5207 Dicitur,
855 5148 911 5196 et
946 5141 1190 5212 geminas
1217 5143 1457 5199 condunt
1481 5144 1550 5199 ab
1573 5145 1784 5215 origine
1812 5156 2024 5218 gentes.
2274 5151 2355 5208 Tu
2385 5153 2605 5224 rapidos
2624 5152 2818 5211 ﬂuctus
2843 5155 3065 5213 cohibes
3089 5198 3103 5223 ,
3133 5167 3187 5212 et
3215 5155 3433 5211 ﬂumine
3465 5151 3593 5208 sicco

649 5230 696 5287 ο
721 5231 891 5287 Vinus
913 5240 1113 5287 αξῐονηῖι
1142 5233 1236 5289 θεῖ
1254 5274 1270 5300 ν
1301 5249 1465 5304 quam
1491 5236 1744 5291 machina
1778 5239 1964 5294 mundi
2272 5245 2602 5302 Transducis
2631 5257 2879 5304 sanctam
2907 5250 3073 5304 tantis
3101 5265 3224 5304 cum
3253 5247 3486 5304 millibus
3505 5251 3676 5298 arcam:

577 5322 817 5394 Suscipit
839 5331 1116 5380 auctorem
1142 5365 1157 5391 ,
1185 5326 1271 5381 cui
1301 5327 1469 5383 servit
1497 5337 1643 5384 terra
1673 5328 1959 5399 polusque.

2272 5339 2352 5395 Tu
2377 5355 2626 5412 magnam
2650 5341 2782 5399 solis
2806 5343 3076 5413 quondam
3099 5343 3425 5400 clamoribus
3452 5337 3617 5395 urbem

573 5413 655 5508 In
675 5413 882 5508 justum
895 5416 1195 5508 quemdam
1225 5416 1546 5474 distractum
1574 5419 1805 5474 crimine
1829 5420 2060 5477 fratrum
2271 5433 2443 5489 solvi;
2467 5434 2521 5488 ίη
2551 5446 2783 5492 mel-nas
2805 5436 3002 5508 populo
3032 5446 3292 5508 pereunte
3324 5436 3538 5495 minas;

570 5503 959 5579 Memphycolis
983 5507 1206 5578 praefers
1232 5549 1248 5576 ,
1271 5517 1434 5581 atque
1455 5511 1645 5566 orbem
1676 5511 1857 5582 pascis
1885 5523 2130 5583 egentem

2220 5539 2226 5542 ·
2269 5528 2374 5584 Sed
2404 5532 2663 5587 meretrix
2690 5533 2941 5604 quaedam
2973 5546 3194 5604 superat
3223 5575 3236 5599 ,
3264 5549 3425 5604 quam
3458 5529 3619 5599 vivere
3647 5513 3761 5572 solam

568 5599 653 5654 T“
676 5601 928 5673 Ρορυιυω
960 5611 1208 5658 sanetum
1240 5603 1375 5658 dum
1402 5605 1504 5659 θυι)
1535 5603 1682 5659 fasce
1707 5613 2017 5676 εθιιιθηιεηι
2046 5648 2061 5675 ν
2267 5619 2523 5674 Praestitit
2548 5621 2689 5676 alma
2707 5599 2858 5679 lides
2885 5643 2897 5678 :
2946 5599 3166 5695 pro-prio
3205 5599 3326 5679 cum
3355 5630 3503 5692 patre
3527 5614 3759 5674 domo‘l“°'

567 5698 649 5753 Ad
675 5699 879 5768 patrias
906 5700 1063 5755 sedes
1095 5701 1233 5754 mira
1256 5700 1458 5755 virtute
1484 5702 1722 5758 reducis.
2275 5709 2341 5763 ἃς
2365 5726 2432 5764 ne
2458 5712 2609 5782 plura
2640 5730 2821 5769 morer
2850 5756 2863 5780 ,
2894 5716 3052 5771 tellus
3083 5717 3327 5786 subjecta
3357 5707 3606 5783 quiescit,

567 5791 650 5853 οι)
679 5793 822 5853 hunc
851 5793 1147 5866 Egyptum
1178 5793 1342 5866 quino
1373 5793 1456 5851 bis
1485 5796 1709 5856 verbere
1727 5797 1918 5870 plectis
2264 5801 2331 5856 Et
2361 5819 2606 5873 possessa
2637 5807 2727 5861 llci
2765 5809 2910 5864 varia
2938 5810 3037 5866 sub
3059 5819 3205 5868 sorte
3236 5817 3462 5864 tenetur.
