3970 6306
153 498 273 556 275
821 468 838 472 ’
1364 524 1366 526 τ
1515 479 1822 542 CARMINA
1864 477 2092 536 vanu.
3339 474 3440 530 an

153 613 448 671 Judicibus
474 610 674 680 regitur
705 606 965 661 duodenis
992 645 1004 668 ,
1043 619 1178 672 quos
1203 611 1324 657 tuus
1349 599 1536 670 implet

159 704 411 776 Spiritus
431 744 444 768 ,
467 709 521 757 et
550 700 689 754 miro
713 696 930 752 virtutis
960 695 1154 751 robore
1186 692 1388 747 ﬁrmat.

161 797 392 853 Viribus
418 803 479 850 ut
509 793 721 866 magnis
741 805 911 848 szevos
937 803 1196 860 superare
1221 787 1408 842 leones
1429 826 1442 851 ,

162 888 238 944 Et
263 886 474 943 validos
495 885 661 940 vincti
687 890 909 954 possent
936 880 1275 950 disrumpere
1303 892 1477 933 nexus
1501 920 1516 946 ,

163 977 329 1034 Nunc
358 977 492 1033 urbe
523 976 712 1032 inclusi
741 1001 764 1040 ,-
784 984 838 1031 et
861 976 960 1030 sub
987 981 1198 1030 noctem
1231 972 1403 1027 milite
1432 970 1602 1026 multo

161 1067 369 1126 Vallati
400 1069 608 1125 foribus
637 1068 806 1138 raptis
837 1065 1202 1121 conscendere
1224 1074 1456 1119 montes.

163 1160 326 1218 Nunc
351 1161 535 1217 tristes
559 1175 762 1216 ctmeos
786 1199 800 1223 ,
831 1167 884 1213 et
913 1165 1090 1213 castra
1122 1155 1354 1210 minacia
1377 1154 1522 1210 ferro

164 1258 432 1313 Sternere
458 1271 567 1311 non
594 1255 772 1326 gladio
790 1297 805 1320 ,
834 1253 928 1308 sed
959 1251 1100 1306 malo
1131 1250 1254 1304 vilis
1283 1249 1434 1304 aselli
1463 1290 1477 1313 ,

164 1349 404 1404 Vom’ere
427 1347 558 1418 quin
583 1346 746 1401 etiam
777 1353 956 1400 vastas
983 1343 1171 1399 fudere
1201 1349 1452 1396 catervas
1477 1380 1490 1406 ,

165 1441 393 1498 Restitit
418 1449 474 1496 et
497 1439 617 1495 telis
638 1438 800 1495 terris
827 1453 915 1492 res
950 1445 1074 1505 apta
1097 1434 1338 1490 colendis

168 1533 264 1590 Sic
294 1541 481 1589 arcent
509 1534 694 1587 hostes
715 1573 730 1598 ,
759 1533 839 1587 sic
868 1539 1081 1603 sceptra
1112 1529 1353 1601 potentia
1382 1536 1588 1584 terrent
1612 1569 1626 1592 ,

166 1625 580 1694 Defenduntque
614 1639 766 1679 suam
798 1623 916 1677 ﬂdei
951 1621 1246 1677 munimine
1272 1627 1502 1692 gentem.

164 1717 249 1772 Ac
272 1715 476 1786 patrias
505 1715 651 1785 leges
687 1699 975 1784 divinaque
991 1713 1112 1783 jura
1135 1712 1332 1783 quietis

166 1808 440 1864 Exercent
466 1807 678 1878 populis
701 1808 1019 1875 meritisque
1049 1815 1104 1861 et
1134 1807 1340 1860 honore
1367 1805 1590 1859 verendi

164 1900 316 1957 Idem
344 1900 511 1956 armis
539 1901 768 1971 prompti
798 1941 812 1964 ,
846 1901 1022 1955 devou
1049 1900 1253 1969 legibus
1287 1899 1424 1952 idem
1453 1938 1467 1962 ,

164 1989 314 2048 Idem
342 1991 466 2047 odio
491 1993 730 2046 externis
755 2031 769 2054 ,
801 1989 994 2045 aﬂ‘ectu
1027 1991 1235 2045 civibus
1259 1990 1398 2044 idem
1422 2031 1436 2053 ,

166 2083 343 2140 Fraus
367 2084 556 2139 aberat
576 2082 738 2137 fallax
765 2123 779 2149 ,
815 2082 1107 2153 languebat
1161 2081 1302 2136 victa
1327 2080 1522 2149 cupide
1551 2121 1562 2145 ,
1627 2096 1634 2112 '-

167 2175 400 2232 Justitiaa
428 2176 599 2233 virtus
624 2177 738 2247 ipsa
764 2178 904 2231 inter
929 2175 1067 2231 bella
1093 2175 1325 2248 vigebat.

242 2268 287 2325 Ο
310 2269 486 2325 virtus
511 2278 714 2325 interna
746 2268 840 2322 Dei
865 2310 880 2334 ,
908 2283 1068 2338 quam
1096 2269 1350 2324 machina
1381 2269 1566 2324 mundi

169 2361 411 2433 Suscipit
441 2369 718 2416 auctorem
741 2402 756 2426 ,
781 2360 866 2416 cui
892 2360 1061 2415 servit
1085 2369 1229 2416 terra
1258 2360 1554 2431 polusque;

168 2453 254 2508 Tu
275 2453 500 2524 puerum
532 2461 782 2510 sanctum
811 2463 1029 2510 sacrato
1054 2454 1352 2509 chrismate
1382 2454 1608 2509 tinctum

165 2545 456 2601 Pastorum
484 2562 548 2603 ex
576 2562 800 2604 numero
824 2562 1006 2621 regem
1032 2546 1168 2603 facis
1195 2562 1316 2605 esse
1343 2547 1701 2604 tremendum.

167 2637 278 2692 iste
298 2637 589 2710 gigantmas
612 2641 893 2711 pulsantes
920 2641 1097 2697 sidera
1121 2641 1291 2697 moles

167 2727 325 2784 Nunc
346 2745 478 2786 saxo
495 2771 511 2797 ,
543 2747 690 2788 nunc
712 2747 842 2789 ense
868 2742 1060 2804 potens
1083 2734 1183 2789 sub
1207 2741 1411 2788 tartara
1443 2731 1593 2787 misit
1617 2773 1630 2796 ,

168 2809 397 2891 Et'quos
418 2823 566 2878 nulla
590 2825 741 2894 prius
771 2833 1024 2896 poterant
1047 2826 1370 2881 subvertere
1398 2824 1570 2891 bella,

169 2911 345 2970 Unius
373 2914 473 2970 bos
500 2916 652 2984 pueri
683 2917 978 2985 contrivit,
1013 2925 1064 2972 te
1087 2917 1222 2971 duce
1246 2958 1261 2982 ,
1287 2917 1472 2970 dextra
1503 2957 1516 2980 ,

167 3003 618 3077 Conservansque
650 3017 808 3073 tuos;
839 3007 1152 3078 alienosque
1183 3006 1420 3076 undique
1446 3005 1680 3074 perdens
1700 3044 1713 3068 ,

166 3097 524 3152 Abramtdum
545 3098 686 3153 miro
713 3099 855 3155 rexit
883 3098 1253 3156 moderamine
1277 3105 1515 3169 gentem.

241 3189 288 3246 Ο
311 3190 484 3246 virtus
508 3201 709 3248 aeterna
740 3191 875 3259 Dei,
907 3207 1067 3262 quam
1101 3191 1350 3246 machina
1375 3190 1541 3245 mund

167 3280 410 3352 Suscipit
430 3291 706 3339 auctorem
730 3324 746 3350 ,
774 3283 859 3339 cui
883 3283 1051 3340 servit
1081 3294 1227 3338 terra
1253 3282 1536 3354 polusque.

169 3375 252 3431 Tu
282 3375 370 3445 pia
393 3374 603 3430 ctelesti
627 3373 902 3447 perfundis
924 3386 1144 3445 pectora
1168 3375 1293 3429 ﬂatu
1318 3415 1332 3440 ,

168 3471 240 3526 Et
262 3478 489 3526 ventura
515 3471 692 3528 modis
715 3471 967 3543 praedicis
996 3471 1052 3526 in
1079 3470 1269 3527 ordine
1300 3469 1453 3526 miris
1473 3511 1486 3535 ,

169 3562 428 3635 Virgineo
456 3572 674 3635 partum
696 3579 764 3620 ex
786 3573 943 3620 utero
969 3605 983 3630 ,
1016 3580 1306 3635 rerumque
1336 3564 1565 3620 salutem

171 3652 439 3725 Spondes,
464 3665 520 3711 et
548 3657 760 3714 maestis
786 3658 1054 3714 uberrima
1083 3657 1279 3729 gaudia
1303 3657 1482 3712 terris.

169 3746 324 3802 Talia
351 3747 548 3804 divinis
571 3758 728 3805 arent
753 3749 972 3806 oracula
1002 3749 1204 3821 signis,

168 3837 608 3918 Praesentemque
635 3839 796 3896 fidem
827 3841 985 3897 rebus
1009 3841 1140 3896 dant
1169 3848 1360 3897 cuncta
1393 3839 1609 3895 futuris.

167 3932 238 3986 iit
268 3946 412 3987 nunc
437 3933 740 4004 praerapido
759 3933 840 3990 sol
863 3934 1109 3990 concitus
1138 3949 1237 3988 axe
1263 3933 1506 3988 volantes

168 4021 331 4079 Sistit
357 4037 548 4093 equos,
575 4024 855 4096 tenditque
879 4025 1044 4090 diem,
1074 4033 1396 4094 noctemque
1424 4031 1664 4079 moratur

168 4114 327 4173 Nunc
349 4131 568 4172 currum
599 4117 839 4175 occiduis
859 4127 1006 4174 retro
1041 4117 1306 4174 convertit
1327 4117 1394 4173 ab
1419 4118 1548 4183 oris,

171 4204 553 4277 Deciduasqne
577 4207 725 4264 faces
751 4207 894 4265 Eoos
922 4207 1089 4264 ﬂectit
1114 4208 1180 4263 ad
1213 4216 1383 4272 ortus,

169 4297 384 4356 Aineus
411 4298 592 4356 hastili
621 4315 847 4372 serpens
871 4316 1164 4372 suspensus
1190 4301 1242 4355 in
1271 4299 1381 4355 alto

171 4390 338 4448 Virus
362 4393 476 4465 agit
497 4395 673 4462 venis,
700 4402 754 4450 et
783 4395 930 4450 diros
956 4394 1156 4466 eii‘ugat
1174 4410 1397 4465 angues.

169 4484 540 4558 Flammigero
564 4503 730 4544 curru
759 4488 972 4544 mortali
996 4490 1050 4544 in
1081 4504 1244 4544 carne
1270 4489 1535 4559 propheta

168 4578 407 4635 Tollitur
433 4581 488 4636 in
517 4581 740 4648 coelum,
773 4591 977 4636 tantum
1004 4597 1101 4638 nec
1128 4580 1342 4637 laeditur
1366 4581 1472 4652 igni

165 4671 412 4729 Creditur
435 4674 652 4731 excelso
683 4675 881 4730 montis
904 4676 969 4730 de
995 4675 1196 4732 vertice
1225 4689 1436 4739 saxum,

165 4764 421 4835 Quatuor
446 4775 503 4824 et
522 4769 731 4839 species
762 4785 868 4824 uno
892 4784 1012 4825 mox
1040 4768 1274 4825 conterit
1302 4768 1434 4833 ictu,

1777 601 1825 658 Α
1855 591 2054 646 illaesos
2084 589 2283 654 crines,
2320 588 2487 646 illaesa
2519 589 2776 646 sarabara
2807 587 3008 646 crines.

1858 688 1936 739 Ac
1965 683 2091 738 ﬁdei
2119 681 2351 737 ﬂammis
2383 683 2534 753 ignes
2563 683 2792 739 cessisse
2822 686 3082 747 minaces,
3387 705 3412 720 α

1861 773 2320 843 Terricreposque
2350 772 2500 828 focos
2526 772 2792 842 perculsis
2817 773 3088 829 mentibus
3113 770 3340 828 horrent

1861 863 2173 935 Undivagus
2203 872 2355 920 vates
2383 872 2520 920 caeto
2549 865 2805 920 sorbente
2825 871 3064 929 voratus,

1859 955 2065 1013 Vitales
2090 955 2199 1010 aito
2226 953 2384 1010 ﬂatus
2405 957 2507 1011 sub
2536 955 2749 1028 gurgite
2770 956 2942 1022 duxit,

1857 1049 1926 1104 Et
1952 1049 2126 1104 tribus
2155 1049 2364 1104 exactis
2388 1047 2586 1120 triplici
2613 1063 2737 1104 cum
2763 1057 2922 1104 nocte
2945 1048 3158 1116 diebus,

1855 1141 2068 1212 integer
2096 1141 2165 1196 ad
2195 1156 2420 1213 superos
2445 1141 2570 1197 imis
2596 1142 2863 1212 processit
2887 1143 2956 1198 ab
2982 1143 3158 1198 undis.

1929 1231 1974 1287 Ο
2001 1233 2175 1288 virtus
2204 1241 2404 1289 acterna
2432 1232 2549 1297 Dei,
2579 1247 2744 1302 quam
2771 1227 3025 1288 machina
3057 1233 3244 1288 mundi

1859 1324 2101 1395 Suscipit
2130 1333 2431 1390 auctorem,
2462 1325 2548 1380 cui
2571 1326 2740 1380 servit
2772 1333 2917 1380 terra
2940 1325 3224 1397 polusque.

1859 1419 1940 1475 Tu
1967 1418 2173 1490 gremio
2202 1418 2297 1473 lati
2327 1418 2563 1489 projecta
2591 1419 2858 1474 cadavera
2885 1419 3064 1489 campi

1856 1510 2020 1565 Arida
2059 1524 2179 1579 quae
2205 1507 2363 1564 nudis
2395 1509 2667 1564 vestibant
2690 1509 2906 1566 ossibus
2932 1524 3064 1563 arva

1857 1599 2122 1657 Carnibus
2148 1608 2204 1655 et
2227 1599 2430 1665 nervis,
2459 1607 2514 1652 et
2535 1599 2655 1654 vivo
2683 1599 2921 1671 tegmine
2940 1598 3096 1670 pellis

1855 1692 2062 1758 Induis,
2088 1700 2140 1748 ct
2163 1692 2340 1764 prisca
2372 1691 2584 1748 refoves
2603 1707 2741 1748 nova
2771 1701 2992 1763 pectora
3016 1692 3147 1748 vita.

1857 1783 2112 1841 Cerneris
2138 1783 2425 1853 ignicomis
2450 1783 2574 1838 coeli
2599 1798 2722 1838 cum
2757 1782 2989 1838 nubibus
3016 1783 3116 1848 ire,

1858 1877 2180 1948 Etpopulos
2206 1892 2420 1939 omnes,
2453 1877 2791 1946 linguasque,
2825 1877 3105 1946 tribusque
3133 1884 3339 1935 tenere.

1783 1988 1830 2051 Β
1859 1967 2090 2026 Sedibus
2115 1968 2243 2023 hinc
2270 1969 2462 2038 positis
2494 1970 2766 2039 patefacta
2792 1968 3066 2023 volumina
3097 1969 3281 2025 cordis

1856 2061 2106 2135 lnspicis,
2135 2072 2190 2120 et
2213 2063 2446 2135 geminis
2475 2062 2723 2117 mortalia
2747 2061 2943 2117 dividis
2969 2062 3101 2117 oris.

1857 2155 1967 2212 iios
1988 2156 2148 2211 morti
2177 2164 2459 2224 exemptos
2488 2163 2544 2209 et
2566 2154 2693 2210 vita:
2723 2153 2844 2210 luce
2865 2168 3123 2209 coruscos

1855 2247 2097 2306 C(Btibus
2123 2246 2384 2318 angelicis
2411 2243 2726 2301 coelestibus
2756 2245 2955 2302 inseris
2975 2245 3146 2302 aulis:

1853 2340 1978 2398 illos
2005 2341 2268 2413 prmcipiti
2295 2339 2634 2396 ﬂammarum
2663 2340 2876 2396 turbine
2901 2348 3088 2412 raptos

1854 2431 2070 2504 ignibus
2098 2431 2338 2498 azternis,
2371 2440 2611 2502 atraeque
2642 2431 2918 2498 immergis
2942 2431 3139 2502 abysso

1854 2523 1968 2578 illic
1997 2522 2198 2578 laetitiae
2223 2537 2383 2580 voces
2406 2532 2460 2578 et
2488 2522 2701 2578 cantica
2728 2520 2979 2577 laudum:

1854 2614 1954 2671 Hic
1974 2613 2129 2671 dolor
2160 2623 2215 2671 et
2240 2615 2475 2687 gemitus
2508 2624 2679 2670 totum
2707 2613 2983 2668 resonavit
3007 2612 3062 2668 in
3087 2628 3282 2668 aevum.

1853 2706 1991 2762 Hinc
2020 2722 2126 2773 me,
2153 2721 2357 2776 quaeso,
2391 2721 2540 2762 reum
2569 2704 2778 2775 peccati
2804 2704 2925 2759 labe
2959 2705 3165 2774 piatum

1854 2802 2031 2872 Eripe,
2057 2800 2273 2857 Christe
2296 2809 2508 2871 potens,
2539 2799 2795 2854 elementi
2819 2797 3041 2852 numine
3066 2795 3282 2852 ﬂorum.

1925 2893 1970 2952 Ο
1991 2894 2165 2949 virtus
2187 2902 2390 2949 aeterna
2419 2892 2536 2957 Dei,
2573 2906 2736 2962 quam
2759 2890 3012 2946 machina
3037 2889 3227 2944 mundi

1858 2986 2102 3058 Suscipit
2132 2995 2430 3050 auctorem,
2460 2985 2546 3040 cui
2583 2985 2750 3040 servit
2777 2992 2921 3038 terra
2950 2983 3236 3054 polusque,

1857 3081 1943 3137 Sit
1972 3081 2071 3136 tibi
2104 3096 2349 3137 summus
2379 3081 2571 3144 honor,
2602 3078 2672 3134 sit
2693 3077 2886 3149 gloria,
2910 3077 3087 3148 sitque
3119 3074 3448 3148 triumphus,

1857 3175 1942 3231 Sit
1961 3190 2187 3246 regnum
2218 3173 2337 3228 sine
2366 3172 2473 3226 ﬁne
2503 3184 2757 3237 manens,
2789 3170 2860 3224 sit
2881 3170 3054 3240 gratia
3081 3183 3300 3240 perpes,

1858 3265 2098 3320 Mortalis
2130 3274 2182 3320 te
2208 3263 2387 3334 lingua
2417 3270 2597 3328 canat,
2630 3269 2686 3317 te
2707 3260 2894 3317 coelica
2922 3260 3084 3316 turba

1783 3357 1830 3422 C
1862 3355 2140 3420 Personet,
2177 3363 2232 3410 et
2264 3363 2405 3409 totus
2429 3355 2481 3408 in
2508 3353 2720 3409 laudem
2759 3359 3052 3422 concrepet
3078 3352 3248 3408 orbis.

1861 3446 1939 3504 Te
1963 3447 2219 3519 pavidum
2250 3454 2458 3517 pectus,
2493 3453 2547 3500 te
2569 3444 2740 3500 corda
2766 3443 3080 3510 trementia,
3116 3451 3168 3497 te
3189 3455 3318 3508 vox,

1859 3539 1938 3595 Te
1960 3541 2050 3612 pia
2079 3555 2232 3594 mens
2256 3539 2486 3604 recinat,
2519 3546 2571 3593 te
2599 3526 2810 3594 viscera
2837 3544 2953 3594 tota
2976 3533 3266 3592 resultent.

2029 3761 2339 3804 EPIGRAIIIA
2375 3760 2517 3802 LIBRI
2557 3756 2895 3801 HOMILIABUI
2931 3755 3128 3799 TOTIUS
3162 3757 3290 3798 ΔΝΝΙ

2000 3858 2066 3896 ea:
2101 3842 2423 3895 diversorum
2475 3836 2700 3892 Patrum
2728 3833 3040 3890 tractatibus
3065 3834 3317 3888 ordinati.

1859 3934 1905 3992 Ο
1931 3933 2167 4006 prudens
2201 3933 2392 3996 lector,
2416 3931 2540 3986 vitae
2563 3929 2649 3985 cui
2680 3943 2810 3984 cura
2833 3927 3108 3998 perennis,

1860 4025 2084 4097 Perlege
2107 4032 2434 4095 praesentem
2466 4021 2710 4078 studioso
2732 4028 2956 4092 pectore
2985 4019 3204 4086 librum,

1861 4121 1940 4174 Ex
1961 4126 2206 4174 veterum
2242 4117 2401 4173 dictis
2430 4115 2689 4172 collectus
2720 4114 2953 4184 denique
2983 4113 3232 4182 Patrum,

1861 4210 2005 4278 Quos
2033 4208 2293 4280 probitas,
2325 4223 2462 4279 quos
2490 4213 2638 4262 recta
2672 4204 2807 4262 ﬂdes
2836 4205 2904 4260 ad
2931 4204 3110 4261 sidera
3132 4204 3302 4271 vexit,

1861 4300 2072 4356 Emicat
2100 4315 2164 4355 ac
2194 4308 2339 4356 totus
2367 4299 2630 4355 doctrina:
2657 4297 2907 4368 lampade
2935 4295 3125 4369 fulget.

1932 4390 2128 4446 Pandit
2148 4386 2350 4446 luciﬂui
2380 4390 2638 4461 mysteria
2668 4397 2859 4446 sancta
2887 4388 3018 4452 diei,

1863 4485 1982 4553 Quo
2008 4483 2188 4540 Patris
2212 4485 2404 4540 aeterni
2438 4484 2680 4555 genitum
2706 4484 2826 4540 sine
2848 4490 3094 4552 tempore
3118 4481 3359 4538 Verbum

1863 4572 1979 4630 Non
2007 4588 2074 4628 ex
2105 4573 2225 4630 labe
2246 4573 2373 4638 viri,
2411 4574 2504 4629 sed
2533 4575 2598 4630 de
2623 4573 2828 4628 virtute
2853 4572 3112 4628 Tonantis

1937 4665 2146 4722 Nostra:
2176 4665 2363 4720 habitu
2394 4664 2598 4729 formae,
2625 4663 2771 4719 dictu
2803 4662 3050 4718 mirabile
3077 4665 3090 4718 ι
3121 4663 3348 4732 sumpto:

1792 4726 1839 4786 θ
1865 4759 2106 4830 Sponsus
2133 4766 2192 4814 ιιι
2214 4774 2242 4814 e
2274 4757 2510 4813 thalamo
2537 4726 2616 4812 sic
2638 4755 2875 4828 Virginis
2895 4755 3074 4811 editus
3093 4753 3214 4810 alvo

163 4858 292 4924 Es,
317 4858 921 4933 aurum,argentum,et
952 4869 1101 4917 testae
1120 4875 1242 4916 cum
1264 4859 1530 4930 fragmine
1556 4858 1759 4913 ferrum
1861 4851 2088 4919 Prodiit,
2120 4860 2175 4906 et
2206 4859 2399 4906 moesto
2427 4865 2564 4904 nova
2596 4847 2789 4918 gaudia
2816 4845 3008 4902 detulit
3052 4845 3192 4902 orbi.

165 4951 436 5019 Solvitur,
467 4962 524 5008 et
547 4953 756 5024 stipulae
780 4961 1024 5024 raptatur
1056 4953 1107 5007 in
1139 4967 1267 5007 aera
1299 4965 1470 5006 more.

162 5044 273 5100 Ast
304 5043 442 5116 lapis
473 5046 674 5117 ingenti
704 5060 1052 5102 suceresccns
1079 5044 1284 5099 vertice
1308 5050 1547 5098 montem

162 5135 370 5202 Eﬂicit,
397 5144 455 5192 et
487 5147 635 5193 vasta
663 5146 832 5193 totum
859 5137 998 5192 mole
1019 5144 1250 5206 occupat
1272 5133 1481 5189 orbem.

161 5225 424 5283 Alstibus
452 5227 690 5284 horriﬁci
711 5227 923 5282 ﬂamma
952 5227 1257 5282 exundante
1279 5224 1474 5280 camini

166 5319 312 5376 Tres
333 5319 487 5391 jussu
516 5320 669 5391 pueri
698 5321 840 5391 regis
865 5321 1150 5375 traduntur
1183 5317 1370 5388 iniqui.

162 5411 414 5482 Angelus
436 5416 611 5468 almus
637 5411 790 5466 adest
817 5410 1025 5465 medius
1059 5409 1315 5474 fornacis,
1344 5416 1399 5464 et
1429 5424 1572 5463 aurae

165 5512 409 5569 Roscida
435 5509 600 5566 ﬂabra
622 5509 776 5580 jacit,
801 5509 1113 5578 dirimitque
1139 5506 1385 5562 incendia
1419 5515 1601 5560 vento.

164 5608 256 5664 liii
285 5608 599 5679 magnificas
623 5605 856 5678 gratanti
883 5614 1097 5674 pectore
1123 5602 1308 5659 laudes

165 5708 466 5758 Astrorum
493 5709 548 5756 et
576 5709 736 5755 terrae
757 5698 999 5754 referunt
1031 5696 1316 5768 pelagique
1345 5695 1556 5766 parenti

165 5794 486 5851 Persistunt
512 5793 733 5859 hilares,
764 5793 987 5863 ipsoque
1012 5798 1238 5846 vocante
1263 5797 1514 5860 tyranno,

158 5885 260 5942 'Ex
292 5884 469 5939 medio
492 5883 628 5939 iretis
656 5883 954 5954 procedunt
979 5881 1213 5936 vultibus
1243 5879 1372 5949 igni.

171 5971 448 6030 Hirantur
472 5982 701 6044 satrapae
724 6014 737 6039 ,
772 5975 1036 6029 mirantur
1065 5973 1293 6027 barb‘ara
1325 5969 1487 6025 corda

1934 4948 2115 5004 Haeret
2143 4948 2267 5003 huic
2297 4955 2505 5018 martyr
2542 4942 2926 4999 celeberrimus
2962 4956 3059 4998 ore
3093 4954 3340 5007 corusco,

1861 5043 2148 5100 intendens
2173 5041 2372 5097 coelum
2400 5047 2694 5106 natumque
2713 5051 2781 5089 ex
2802 5033 3019 5106 Virgine
3047 5033 3344 5099 Christum,

1863 5136 1944 5190 Ad
1977 5133 2152 5189 Patris
2181 5133 2425 5190 dextram
2452 5135 2684 5184 stantem
2712 5139 2875 5195 super
2900 5126 3102 5180 aethera
3129 5137 3380 5188 cernens,

1865 5227 2002 5281 Dum
2030 5232 2218 5280 sancto
2239 5223 2430 5293 plenus
2457 5217 2752 5289 spiramine
2774 5231 2935 5272 saxea
2974 5217 3156 5293 corda.

1862 5322 2132 5390 increpat,
2159 5328 2212 5374 et
2239 5291 2476 5387 lapidum
2505 5319 2789 5383 quassatus
2819 5310 2961 5368 mole
2984 5291 3241 5384 prec'atur
3266 5325 3280 5362 :

1865 5414 2080 5484 Accipe,
2109 5424 2312 5482 quaeso,
2340 5422 2534 5471 meam,
2568 5405 2714 5467 Jesu,
2745 5419 2841 5460 rex
2864 5403 3086 5476 inclyte,
3113 5409 3349 5459 mentem

1865 5505 1930 5558 Et
1954 5502 2178 5575 genibus
2199 5498 2350 5555 ﬂexis
2373 5513 2471 5569 pro
2495 5498 2649 5567 queis
2680 5496 2774 5552 tibi
2801 5494 3062 5566 supplico,
3092 5506 3276 5566 parce.

1865 5596 2006 5667 Ergo
2035 5595 2138 5649 ﬂde
2168 5593 2347 5649 clarus
2367 5590 2622 5646 doctrinae
2650 5588 2872 5643 fulmine
2905 5586 3129 5658 pollens,

1866 5683 2146 5740 Terribilis
2174 5681 2344 5752 signis
2367 5681 2601 5752 pretiosa
2631 5686 2804 5734 morte
2826 5684 3092 5740 sacratus,

1864 5777 2106 5833 Nominis
2137 5776 2251 5846 ipse
2274 5774 2354 5830 sui
2386 5772 2705 5844 praecelsum
2735 5785 2928 5826 muntts
2955 5767 3202 5836 adeptus,

1864 5870 2152 5927 leestem
2185 5869 2348 5924 sumit
2383 5877 2537 5938 parta
2575 5881 2675 5937 pro
2705 5863 2860 5918 laude
2887 5874 3166 5917 coronam.

1935 5963 2174 6034 Martyrii
2209 5961 2391 6017 ﬂorem
2426 5961 2667 6030 sequitur
2699 5956 2796 6010 ﬂos
2816 5952 3162 6024 virginitatis,
