3970 6306
610 478 723 539 ’275
1827 479 2036 538 FLORl
2066 479 2147 537 DL

2253 480 2347 539 Ν
2389 483 2691 543 MONACHI
2930 442 2933 445 δ
3737 498 3803 557 an

607 594 668 654 ln
694 597 902 671 gremio
929 596 1130 654 Christi
1158 596 1420 653 recubans
1466 609 1621 652 sacer
1651 593 1739 652 ille
1763 595 2015 653 Joannes.

609 688 877 749 Maximus
903 689 1091 746 aeterni
1121 705 1298 759 praeco
1334 705 1431 762 per
1463 690 1656 746 saecula
1695 688 1881 755 Verbi,

610 782 764 851 Quod
794 797 916 838 cum
957 781 1115 838 Patre
1137 783 1249 838 Deo
1279 798 1494 855 semper
1522 782 1666 839 Deus
1688 782 1866 839 omnia
1896 780 2047 848 fecit,

609 871 838 939 Caelum,
868 874 1132 940 tellurem,
1163 891 1334 941 mare,
1367 884 1590 939 tartara,
1637 875 1838 940 sidera,
1884 881 2098 939 ventos,

610 964 680 1021 Et
696 980 1030 1037 quaecunque
1053 964 1158 1038 poli
1199 981 1365 1040 gyrus
1389 966 1764 1038 complectitur
1790 967 1999 1038 ingens,

608 1056 679 1115 Et
705 1059 963 1130 quidquid
993 1074 1219 1130 superos
1244 1060 1511 1115 excedens
1538 1058 1721 1115 incolit
1741 1072 1893 1122 axos,

609 1148 819 1222 Proque
855 1150 970 1223 ipso
1002 1150 1133 1207 felix
1171 1151 1433 1207 Pathmaei
1454 1151 1682 1223 gurgitis
1707 1149 1878 1205 exsul.

610 1238 762 1295 Unde
787 1250 1005 1312 repente
1034 1242 1140 1315 poli
1172 1242 1315 1298 celsa
1346 1243 1411 1298 ad
1442 1242 1655 1314 fastigia
1681 1250 1890 1313 raptus,

604 1331 782 1388 Aurea
810 1333 1092 1404 perculsus
1127 1334 1260 1391 vidit
1298 1333 1621 1389 candelabra
1658 1341 1887 1403 septem,

605 1423 774 1494 lnque
807 1391 1001 1482 horum
1043 1428 1220 1483 medio
1256 1426 1508 1482 dilectum
1535 1391 1785 1482 incedere
1827 1391 2126 1486 Christum,
2192 1391 2197 1395 ι

606 1516 872 1574 Vestitum
900 1516 1119 1589 poderis
1147 1519 1341 1587 sacris,
1375 1519 1459 1575 cui
1488 1534 1623 1574 zona
1657 1516 1925 1572 mamillas

603 1609 787 1666 Aurea
816 1611 1172 1683 praecingens,
1197 1611 1486 1667 candentia
1506 1618 1727 1683 pectora
1751 1608 1936 1672 comit,

604 1700 837 1760 Caesaris
866 1704 1022 1760 niveo
1049 1702 1203 1761 ﬂoret
1231 1704 1539 1759 veneranda
1569 1701 1784 1774 capillo,

606 1795 905 1854 Horribiles
927 1798 1069 1855 oeuli
1094 1796 1393 1854 ﬂammanti
1421 1797 1541 1853 luce
1571 1803 1880 1863 coruscant,

605 1891 674 1948 Et
699 1891 868 1948 facies
895 1892 1043 1947 rutili
1070 1891 1354 1964 przefulget
1388 1891 1520 1947 solis
1542 1892 1609 1947 ad
1636 1892 1827 1957 instar,

604 1985 872 2057 lgnitique
897 1985 1060 2057 pedes
1089 1984 1385 2041 auricalchi
1423 1999 1571 2040 more
1597 1985 1913 2049 rubescunt,

606 2077 726 2145 Quo
761 2076 948 2145 rapida
972 2075 1179 2131 validus
1209 2074 1428 2131 fornace
1449 2074 1725 2131 examinat
1765 2073 1925 2146 ignis,

606 2170 673 2225 Et
704 2179 911 2242 septem
941 2170 1112 2227 stellis
1142 2181 1368 2226 ornatur
1394 2170 1614 2225 dextera
1645 2166 1879 2239 fulgens,

607 2264 970 2334 Tcrribilique
993 2265 1177 2336 biceps
1206 2264 1351 2320 ensis
1377 2262 1645 2335 processit
1665 2261 1734 2317 ab
1759 2276 1874 2317 ore.

608 2362 825 2420 Corruit
862 2363 963 2420 hoc
991 2363 1109 2420 viso
1146 2378 1242 2418 ceu
1276 2358 1542 2418 mortuus.
1586 2358 1680 2415 ille
1714 2366 2056 2414 trementem.

611 2456 831 2512 Solatur
856 2456 1053 2513 blando
1093 2455 1347 2527 alloquio,
1380 2456 1677 2525 dextraque
1700 2452 1931 2523 benigna

609 2549 801 2619 Erigit,
828 2557 883 2605 et
912 2548 1034 2605 coeli
1073 2555 1285 2605 sacrata
1315 2562 1413 2619 per
1437 2546 1618 2603 omnia
1644 2546 1791 2602 ducit

605 2642 735 2711 Quae
756 2658 915 2699 sacro
944 2642 1213 2714 descripta
1238 2641 1511 2697 volumine
1543 2655 1649 2695 non
1678 2637 1821 2708 capit
1861 2636 2022 2701 ullus,

604 2736 666 2792 Ni
697 2750 851 2793 sacer
872 2737 1139 2798 internam
1167 2744 1375 2791 reserat
1399 2733 1484 2790 cui
1509 2731 1742 2805 Spiritus
1771 2746 1980 2787 aurem.

675 2828 771 2884 His
806 2829 946 2885 liber
973 2829 1061 2884 hic
1089 2828 1276 2884 laudes
1308 2826 1574 2883 infantum
1598 2842 1661 2883 ex
1687 2825 1875 2882 ordine
1895 2822 2072 2895 jungit

605 2921 707 2990 Qui
739 2921 900 2992 primi
924 2919 994 2976 ob
1014 2919 1288 2976 Christum
1317 2918 1519 2976 crudeli
1551 2926 1696 2974 sorte
1720 2915 2006 2988 perempti,

603 3012 872 3084 Perpetuo
902 3009 1104 3068 Christi
1141 3027 1286 3066 nunc
1317 3026 1485 3082 regno
1509 3018 1565 3065 et
1590 3023 1723 3080 pace
1749 3009 2021 3062 fruuntur.

676 3104 877 3161 Edocet
902 3103 1124 3159 Octava:
1148 3103 1277 3173 quid
1302 3102 1472 3159 sectio
1495 3101 1722 3174 mystica
1744 3098 1883 3154 lueis

605 3195 800 3250 lnnuat
822 3195 1061 3265 antiqua:
1084 3208 1334 3249 reserans
1360 3192 1644 3266 aenigmata
1670 3191 1822 3261 legis.

678 3283 901 3340 Transit
927 3284 996 3340 ad
1028 3283 1231 3358 egregii
1270 3283 1531 3340 solemnia
1558 3298 1710 3338 sacra
1738 3282 1845 3337 diei

605 3375 725 3443 Quo
759 3375 903 3447 regis
924 3375 1101 3433 nostri
1126 3374 1396 3431 cunabula
1420 3374 1546 3429 vilia
1572 3373 1775 3430 Christi

606 3465 919 3522 Muneribus
946 3465 1104 3521 trinis
1129 3466 1304 3539 pietas
1333 3474 1590 3522 venerata
1618 3465 1915 3538 Magorum,

610 3557 792 3614 Thure
822 3559 992 3614 Deum
1024 3559 1227 3625 docuit,
1259 3554 1461 3631 Regem
1492 3557 1723 3631 signavit
1750 3559 1804 3614 in
1836 3574 1989 3620 auro,

607 3649 996 3722 Mortalemque
1025 3651 1300 3708 hominem
1345 3652 1565 3724 myrrha
1605 3651 1849 3722 depinxit
1873 3666 2077 3717 amara,

604 3743 777 3813 Quem
798 3743 899 3800 sibi
932 3743 1182 3800 sidereus
1204 3750 1533 3799 monstrarat
1558 3743 1625 3798 ab
1648 3744 1852 3799 aethere
1877 3741 2078 3814 fulgor,

678 3835 774 3892 His
801 3836 974 3892 sociat
999 3834 1207 3891 clarum
1229 3847 1520 3891 numeroso
1548 3834 1749 3890 lumine
1775 3833 1992 3899 festum,

606 3927 727 3998 Quo
761 3936 917 3984 tener
939 3926 1006 3982 ad
1029 3926 1169 3983 sacri
1200 3927 1454 3983 devectus
1482 3926 1669 3983 limina
1694 3925 1897 3997 templi,

608 4022 939 4078 Turturihus
968 4019 1199 4093 geminis
1228 4020 1424 4093 duplici
1468 4036 1562 4075 seu
1591 4020 1741 4091 prole
1772 4020 2034 4076 columbae

608 4111 816 4169 Divinis
830 4110 1040 4182 placuit
1058 4111 1457 4182 conspectibus,
1490 4125 1555 4166 ac
1579 4110 1726 4165 senis
1752 4109 1879 4164 almi

608 4201 905 4274 Complexu
937 4202 1215 4268 astrictus,
1240 4198 1436 4258 Iudaeae
1461 4201 1631 4273 gloria
1659 4201 1835 4271 gentis

607 4296 678 4352 Et
705 4296 798 4352 lux
825 4296 992 4352 totius
1017 4294 1267 4352 Christus
1292 4296 1626 4367 promittitur
1654 4295 1821 4349 orbis.

680 4387 806 4443 Inde
831 4396 1025 4458 quater
1050 4387 1171 4443 deni
1202 4388 1370 4442 nectit
1392 4387 1601 4457 jejunia
1622 4386 1772 4442 solis.

608 4478 738 4549 Quae
763 4479 1025 4536 Dominus
1050 4479 1241 4551 iuncto
1264 4480 1524 4551 transegit
1545 4489 1787 4549 tempore
1812 4477 1971 4541 lunae,

609 4570 896 4628 Debellans
923 4571 1142 4627 rabidas
1168 4572 1373 4642 antiqui
1400 4572 1656 4627 daemonis
1693 4573 1823 4637 iras,

609 4661 779 4730 Quem
806 4662 1006 4734 gemini
1038 4669 1191 4717 vates
1229 4662 1453 4717 totidem
1483 4662 1766 4733 pugnando
1792 4664 1979 4719 diebus

609 4753 825 4825 lmpasti
849 4753 995 4810 nullo
1022 4763 1274 4825 poterant
1296 4754 1610 4825 pervincere
1636 4763 1815 4824 pacto.

610 4845 717 4902 Ter
749 4862 867 4904 sese
894 4847 1183 4904 horrendis
1209 4854 1455 4902 erexerat
1486 4846 1763 4916 improbus
1790 4848 1978 4914 armis,

611 4937 718 4995 Ter
741 4938 944 4998 Christi
974 4940 1149 4996 valida
1181 4939 1463 4997 confossus
1484 4939 1704 5009 cuspide
1726 4940 1907 4994 cessit.

612 5028 768 5087 Unde
792 5045 949 5087 sacer
975 5040 1151 5087 totum
1179 5030 1333 5088 ﬂoret
1359 5044 1477 5085 mos
1499 5028 1586 5084 ille
1612 5045 1711 5100 per
1735 5031 1943 5093 orbem,

613 5127 821 5184 Vicinis
850 5126 1069 5184 Paschae
1099 5127 1448 5192 solemnibus,
1487 5126 1539 5180 in
1567 5126 1761 5197 quibus
1792 5130 1893 5182 atri

612 5218 846 5275 Guttura
879 5234 1020 5278 saeva
1051 5218 1159 5289 lupi
1188 5225 1456 5273 mactatus
1484 5218 1716 5288 perculit
1745 5218 1950 5290 Agnus,

612 5308 685 5367 Ut
704 5310 888 5383 jejuna
917 5310 1034 5380 pari
1062 5308 1403 5364 celebrentur
1423 5316 1660 5379 tempora
1688 5319 1834 5373 voto,

613 5401 683 5456 Et
703 5390 967 5472 castigato
995 5408 1252 5456 curentur
1278 5416 1505 5473 corpora
1530 5403 1695 5467 victu,

613 5491 953 5549 Christicolis
973 5493 1166 5564 quibus
1193 5494 1370 5550 infesti
1412 5494 1562 5553 furor
1589 5499 1836 5555 imminet
1867 5500 2054 5557 hostis.

687 5584 796 5639 Ista
821 5584 1078 5641 salutiferi
1110 5589 1352 5657 sequitur
1373 5588 1491 5646 laus
1514 5591 1711 5663 inclyta
1742 5592 1890 5665 ligni,

615 5673 736 5742 Quo
762 5674 960 5731 veteris
979 5676 1115 5732 mire
1142 5676 1314 5734 deleta
1349 5688 1433 5736 est
1461 5682 1642 5738 cautio
1674 5682 1867 5753 eulpae,

619 5768 752 5823 Dum
786 5784 955 5839 genus
972 5770 1264 5829 humanum
1289 5775 1442 5831 vetiti
1470 5779 1612 5848 quod
1644 5779 1812 5834 tactio
1833 5778 1958 5849 ligni

617 5858 895 5932 Perpetua:
912 5863 1104 5921 mortis
1129 5865 1263 5921 dura
1302 5866 1507 5925 ditione
1541 5878 1815 5938 gravarat,

617 5952 721 6011 Per
744 5956 946 6029 lignum
970 5967 1184 6015 πίθηκε
1204 5960 1397 6031 recipit
1432 5977 1567 6016 nova
1598 5961 1788 6032 gaudia
1816 5961 1959 6027 vita,

2233 601 2281 661 Α
2310 598 2445 655 Cum
2474 600 2723 659 Christus
2750 618 2934 660 sacras
2972 605 3290 676 expandens
3333 605 3385 663 in
3412 622 3565 664 cruce
3591 612 3765 684 palmas,

2302 694 2430 751 Adae
2459 695 2576 751 dira
2609 698 2699 769 pio
2724 699 2880 755 tersit
2905 698 3098 757 delicta
3125 701 3336 773 priore.

2373 788 2588 845 Eminet
2614 791 2741 847 hinc
2766 780 2880 848 veri
2911 792 3109 851 festum
3141 796 3397 854 mira‘sile
3422 798 3646 870 Paschae,

2302 877 2419 946 Quo
2444 879 2692 938 Christus
2720 882 2924 940 tumulo
2953 884 3161 941 devicta
3187 894 3372 943 morte
3404 905 3684 965 resurgens,

2301 971 2382 1026 Ad
2410 970 2595 1043 jugem
2625 974 2792 1029 vitam
2823 975 3176 1033 moribundos
3209 981 3499 1036 transtulit
3524 993 3676 1053 artus,

2299 1063 2591 1120 Auctorem
2615 1064 2745 1124 lethi
2776 1067 3011 1135 domuit,
3044 1070 3366 1143 lethumque
3396 1075 3633 1143 peremit,

2301 1156 2515 1229 Eripuit
2538 1161 2747 1231 priscos
2773 1166 2919 1222 erebi
2949 1167 3014 1223 de
3040 1182 3263 1226 carcere
3281 1172 3481 1244 justus,

2300 1250 2378 1306 Ae
2399 1267 2583 1309 secum
2615 1255 2795 1326 plures
2826 1260 3065 1319 rediviva
3096 1264 3149 1319 in
3173 1280 3346 1321 carne
3377 1267 3655 1339 reducens,

2301 1343 2550 1403 Ostendit
2571 1350 2714 1406 saecli
2744 1350 2921 1409 felicia
2951 1355 3091 1411 dona
3120 1356 3314 1415 futuri.

2371 1437 2501 1494 Post
2532 1440 2645 1498 haec
2674 1444 2943 1516 magniﬁci
2978 1450 3237 1519 praeclara
3272 1454 3522 1511 ascensio
3542 1453 3736 1512 Christi.

2300 1527 2493 1601 Fulget
2517 1531 2584 1607 ad
2622 1534 2846 1591 aetherei
2875 1542 3170 1598 remeantis
3194 1543 3438 1600 culmina
3466 1545 3651 1616 templi,

2302 1618 2421 1688 Quo
2462 1637 2560 1680 nec
2608 1641 2834 1699 magnus
2875 1629 3063 1688 Εηοοιι
3110 1636 3295 1705 rapuit
3334 1626 3510 1708 'quem
3556 1639 3711 1693 dextra
3744 1634 3805 1692 'fo

3593 1727 3766 1802 [nantis

2301 1809 2414 1867 Nec
2434 1826 2591 1868 sacer
2612 1811 2756 1870 Elias
2777 1831 2939 1872 curru
2962 1816 3280 1877 ﬂammante
3311 1831 3533 1892 repente

2305 1899 2565 1960 Sublatus
2595 1907 2784 1978 rapido
2815 1910 2990 1981 potuit
3014 1920 3310 1981 penetrare
3340 1913 3557 1981 volatu;

2226 1970 2275 2030 Β
2305 1995 2414 2052 Sed
2445 2001 2621 2070 potuit
2649 1970 2917 2070 Christus,
2950 1970 3089 2062 etelo
3116 2009 3207 2079 qui
3232 2018 3433 2080 sponte
3459 1970 3688 2081 supremo

2303 2088 2633 2159 Adveniens,
2660 2094 2802 2151 ultro
2823 2097 3088 2154 mortales
3113 2098 3297 2155 induit
3322 2110 3495 2167 artus,

2305 2181 2440 2238 Cum
2473 2184 2640 2239 voluit
2671 2187 2890 2258 propria
2919 2188 2972 2243 in
3000 2189 3199 2245 caelum
3231 2191 3439 2247 virtute
3467 2191 3646 2247 redire.

2305 2272 2420 2342 Qua
2445 2276 2621 2346 patria
2646 2277 2838 2334 dexter
2866 2280 3068 2337 residet
3094 2282 3352 2340 sublimis
3372 2283 3441 2339 ab
3464 2300 3601 2348 arce,

2303 2364 2432 2422 Inde
2457 2366 2558 2422 sub
2585 2377 2832 2426 extremo
2856 2381 3116 2430 venturus
3146 2382 3398 2447 tempore
3421 2373 3614 2440 mundi,

2304 2458 2579 2531 Angeltets
2603 2462 2799 2517 turmis
2828 2468 2991 2534 atque
3021 2466 3162 2538 ignis
3190 2468 3408 2524 turbine
3432 2476 3603 2537 septus
3629 2481 3642 2531 ;

2308 2549 2645 2624 Supplicium
2673 2556 2859 2627 pravis
2891 2573 2986 2613 sua
3019 2560 3244 2630 praemia
3278 2561 3501 2616 reddere
3522 2558 3678 2631 justis.

2377 2643 2472 2701 His
2499 2646 2707 2709 adnexa
2746 2649 2923 2705 nitent
2946 2650 3249 2707 clarissima
3281 2653 3420 2709 festa
3447 2648 3644 2722 superni

2304 2736 2544 2794 Muneris
2573 2753 2604 2794 a
2637 2737 2854 2797 Christo
2877 2743 3129 2813 promissi
3159 2745 3230 2799 ab
3248 2745 3455 2800 :etherc
3481 2740 3635 2805 missi,

2304 2827 2440 2884 Cum
2467 2845 2624 2887 sacer
2652 2846 2683 2888 e
2707 2833 2846 2889 caelo
2876 2834 3097 2891 violenti
3124 2835 3359 2892 turbinis
3389 2837 3554 2895 instar

2307 2919 2540 2992 Spiritus
2573 2923 2851 2992 exsiliens,
2881 2925 3161 2982 credentia
3182 2928 3352 2983 corda
3377 2926 3575 3000 petivit,

2305 3012 2701 3085 Discipulisque
2725 3014 2818 3071 Dei
2842 3032 3004 3087 supra
3026 3026 3187 3090 caput
3206 3018 3406 3090 igneus
3432 3025 3621 3082 astans,

2308 3102 2588 3160 Multifidis
2618 3106 2768 3163 visus
2791 3106 3022 3181 ﬂagrare
3051 3109 3104 3164 in
3135 3111 3344 3168 vertice
3373 3108 3580 3181 linguis,

2306 3194 2568 3252 Accendit
2596 3197 2823 3280 tepidos,
2847 3200 3092 3257 infirmos
3122 3202 3323 3259 robore
3344 3201 3509 3266 fulsit,

2306 3285 2524 3358 Ignaros
2550 3288 2761 3354 docuit,
2793 3289 3096 3362 linguarum
3120 3308 3348 3348 munera
3384 3291 3533 3349 fudit.

2224 3356 2273 3422 Ο
2338 3356 2350 3358 ἡ
2376 3380 2504 3438 Haec
2526 3397 2689 3455 super
2714 3356 2986 3441 adduntur
3014 3384 3236 3442 Patrum
3263 3388 3352 3459 pia
3383 3385 3517 3447 dicta
3546 3391 3759 3438 sacrorum

2307 3474 2653 3542 Sanctorum,
2685 3491 2718 3531 ο
2742 3476 2935 3544 lector,
2966 3477 3127 3535 claris
3153 3476 3497 3536 accommoda
3521 3472 3672 3537 festis,

2306 3567 2380 3626 Ut
2398 3568 2563 3638 capiti
2598 3584 2812 3642 semper
2838 3571 3081 3626 haereant
3104 3587 3200 3627 sua
3233 3573 3477 3629 membra
3499 3577 3709 3640 superno.

2304 3661 2382 3717 Ac
2407 3663 2641 3732 primum
2668 3664 2901 3720 eximius
2929 3665 3126 3721 residet
3153 3665 3395 3738 Baptista
3424 3662 3653 3721 Joannes.

2305 3754 2384 3810 Ex
2412 3756 2563 3811 senio
2594 3755 2751 3812 fessis
2794 3758 2932 3813 mire
2960 3759 3300 3830 genitoribus
3331 3766 3497 3821 ortus,

2305 3846 2728 3918 V'aticinansque
2752 3849 2903 3920 prius
2926 3861 3247 3924 conceptum
3280 3852 3497 3921 Virgine
3524 3842 3755 3903 Christum,

2306 3940 2616 3997 Visceribus
2641 3942 2830 3998 matris
2859 3959 3026 4015 quam
3060 3945 3184 4000 vitae
3214 3946 3392 4002 exiret
3418 3944 3469 3998 in
3504 3951 3661 4005 auras,

2305 4036 2422 4102 Quo
2445 4034 2624 4091 nullus
2645 4035 2817 4107 major
2845 4036 3085 4092 mulieris
3110 4047 3271 4097 natus
3296 4039 3531 4099 habetur,

2305 4125 2515 4196 Quique
2540 4125 2633 4182 Dei
2670 4126 2870 4183 mundo
2897 4127 3219 4183 monstravit
3256 4127 3470 4189 sedulus
3498 4132 3682 4195 agnum,

2306 4219 2372 4273 Et
2402 4234 2627 4290 pravum
2654 4227 2805 4274 recto
2830 4228 3173 4277 commutans
3203 4222 3374 4277 limite
3399 4218 3594 4280 callem,

2304 4311 2553 4367 Ostendit
2580 4312 2791 4367 cunctis
2812 4327 2919 4382 quo
2947 4312 3163 4368 tramite
3187 4312 3332 4369 celsa
3361 4312 3587 4385 polorum

2306 4406 2489 4479 Regna
2524 4415 2713 4477 petant
2738 4406 2938 4463 veteris
2967 4406 3193 4462 maculis
3219 4407 3423 4463 erroris
3444 4396 3685 4471 ademptis.

2302 4499 2430 4555 Inde
2454 4498 2598 4554 Petri
2621 4507 2675 4553 et
2696 4497 2849 4554 Pauli
2886 4498 3078 4555 festum
3101 4499 3390 4571 praenobile
3415 4495 3583 4568 fulget,

2302 4592 2448 4660 Quos
2473 4589 2659 4646 Romae
2687 4589 2903 4647 infausti
2939 4592 3116 4647 rabies
3156 4608 3353 4648 vesana
3382 4584 3589 4647 Neronis

2226 4725 2279 4784 Ι)
2304 4684 2561 4740 Ecclesiae
2592 4684 2768 4741 claros
2798 4685 2917 4741 fidei
2946 4686 3143 4756 pietate
3171 4687 3472 4759 magistros.

2306 4774 2561 4829 Doctrina
2589 4776 2845 4848 insignes,
2885 4778 3158 4849 signorum
3184 4778 3303 4833 lucc
3330 4784 3586 4834 coruscos,

2304 4863 2517 4922 Virtute
2541 4866 2767 4925 invictos
2795 4866 3008 4924 diversa
3031 4878 3175 4925 sorte
3209 4868 3452 4941 peremit.

2304 4954 2438 5010 Nam
2475 4972 2608 5011 crux
2638 4958 2703 5012 ad
2731 4958 2927 5013 etelum
2960 4960 3099 5013 versi
3136 4960 3356 5031 vestigia
3385 4958 3522 5012 Petri

2303 5047 2532 5114 Direxit,
2568 5048 2889 5120 Christoque
2929 5066 3027 5105 suo
3053 5056 3322 5107 revocavit
3344 5057 3594 5108 ovantem.

2303 5141 2372 5195 At
2396 5141 2582 5196 cervix
2610 5140 2759 5199 Pauli
2795 5142 2973 5214 gladio
3001 5143 3218 5198 desecta
3259 5142 3480 5201 nefando

2307 5229 2592 5285 Doctorem
2625 5231 2850 5285 nitidum
2883 5233 3097 5288 vestivit
3125 5236 3401 5307 sanguinis
3425 5239 3576 5289 ostro,

2304 5321 2749 5393 Purpureumque
2778 5323 2900 5393 polo
2936 5334 3058 5395 post
3094 5326 3277 5397 praelia
3305 5325 3443 5381 mille
3470 5311 3664 5375 remisit-

2376 5414 2678 5470 Maehabzea
2709 5415 2904 5471 dehinc
2939 5421 3234 5473 certamina
3268 5419 3501 5474 laudibus
3524 5403 3654 5465 almis

2306 5505 2657 5576 Prosequitur
2682 5508 2877 5580 stylus,
2914 5519 2969 5565 et
2996 5511 3224 5581 pulchro
3254 5523 3492 5569 sermone
3516 5496 3733 5575 perum“,

2288 5597 2404 5666 Qui
2438 5607 2642 5668 septem
2682 5597 2878 5657 fratres
2908 5617 3011 5656 una
3040 5604 3299 5674 genitrice
3320 5599 3473 5660 creati

2305 5690 2556 5745 Antiochi
2581 5706 2749 5747 saevas
2773 5691 3017 5749 vicerunt
3046 5693 3259 5751 fortiter
3283 5696 3416 5757 iras,

2305 5782 2383 5837 Ae
2412 5790 2532 5852 post
2560 5782 2905 5839 multimodos
2935 5798 3109 5855 preme
3141 5783 3444 5842 bacchantis
3467 5783 3653 5846 agones,

2305 5874 2565 5930 (lcelcstes
2591 5892 2712 5931 cum
2744 5884 2916 5932 matre
2952 5877 3038 5948 pia
3069 5882 3314 5935 meruere
3350 5882 3567 5931 coronas.

2312 5965 2478 6022 Matre
2507 5969 2650 6039 piam
2682 5983 2801 6039 qua:
2828 5976 2955 6025 tunc
2993 5979 3216 6042 septeno
3241 5973 3452 6049 pignore
3480 5959 3651 6014 fetam,
