3970 6306
180 385 284 443 281

1083 385 1450 446 EXPOSI'I‘IO
1486 389 1554 446 IN
1592 389 1742 447 EPP.
1785 392 2014 451 PAULI.
2053 427 2122 439 —
2159 397 2265 454 EP.
2305 399 2397 456 AD
2433 398 2599 456 ROM.

3354 416 3464 473 282

179 497 431 606 ἀεξθξξι-ιζ
461 497 576 606 ‘(S-
631 495 792 569 Λυςον
857 499 1006 570 ερὶειο
1060 501 1130 554 ad
1198 500 1452 596 Sixtum.
1498 512 1629 561 tom.
1695 505 3461 606 11.Atuerun_t.(S.Aug.,lib.deTrinit.,tom.VIlI,coI.IGE54.)

181 592 295 648 col.
324 592 480 663 877.)

260 699 445 760 Gratia
477 707 622 761 nobis
651 716 700 762 ct
737 724 844 778 pax
873 726 905 763 (ι
935 707 1045 764 Deo
1076 709 1236 767 Patre
1259 721 1304 766 et
1337 712 1560 768 Domino
1600 724 1780 770 nostro

177 797 312 855 Iesu
336 797 563 854 Christo.
588 799 772 856 Gratia
796 801 890 857 Dei
911 816 1084 872 qua...
1107 811 1161 860 et
1185 805 1482 876 prophetm.
1509 806 1592 878 (S.
1614 807 1779 879 Aug.,

178 890 278 945 lib.
322 907 341 946 1
368 890 841 960 Retractationum,
869 901 998 949 tom.
1021 893 1062 960 I,
1089 894 1192 950 col.
1225 895 1375 965 625.)

239 982 480 1038 Primum
494 984 772 1055 quidem...
789 987 844 1041 in
862 988 1102 1042 universo
1118 989 1332 1044 mundo.
1351 989 1547 1046 Beatus
1562 993 1773 1048 enim...

180 1092 294 1132 non
316 1077 506 1133 Deum.
539 1076 620 1150 (S.
662 1078 824 1151 Aug.,
874 1079 965 1134 lib.
997 1081 1060 1136 de
1103 1079 1320 1147 Ovibus,
1379 1092 1507 1138 tom.
1541 1085 1607 1151 V,
1643 1099 1695 1155 p.
1725 1102 1771 1150 1,

178 1169 291 1226 col.
318 1170 471 1242 διδ.)

258 1282 423 1340 Testis
449 1287 587 1339 enim
614 1286 744 1340 mihi
767 1295 842 1342 est
877 1285 1086 1343 Deus...
1108 1290 1243 1344 sicut
1267 1296 1316 1343 et
1341 1289 1396 1343 in
1431 1290 1629 1344 cazteris
1653 1305 1776 1360 gen-

179 1377 325 1432 tibus
343 1375 542 1433 Grarcis
563 1395 623 1433 ac
645 1379 901 1435 barbaris.
916 1380 1030 1452 Ego
1042 1391 1222 1437 autem
1238 1381 1360 1437 dico
1375 1382 1545 1447 vobis,
1567 1398 1672 1437 non
1691 1383 1776 1453 ju-

177 1483 374 1523 rare...
408 1469 549 1523 malo
572 1476 656 1524 est
687 1469 848 1527 illius.
870 1470 952 1543 (S.
979 1470 1139 1543 Aug.,
1167 1470 1257 1525 lib.
1283 1487 1299 1526 1
1327 1472 1391 1526 de
1410 1488 1647 1527 sermone
1674 1471 1774 1526 Do-

176 1563 312 1616 mini
341 1563 394 1616 in
426 1572 615 1630 monte,
659 1570 788 1619 tom.
817 1563 902 1632 III,
930 1580 984 1637 p.
1021 1581 1058 1631 ι,
1103 1565 1208 1621 col.
1244 1565 1382 1621 1255
1411 1576 1467 1622 et
1495 1567 1636 1638 seq.)

255 1673 585 1747 Sapientibus
606 1684 652 1742 et
676 1677 1037 1748 insipientibus
1058 1676 1262 1731 debitor
1283 1693 1421 1743 sum,
1453 1678 1530 1730 ita
1554 1677 1694 1748 quod
1717 1677 1770 1732 in

176 1778 567 1840 mepromptum
583 1779 656 1824 est
681 1780 726 1825 et
742 1769 904 1835 vobis,
918 1770 1006 1840 qui
1029 1769 1212 1825 Romae
1230 1771 1374 1837 estis,
1391 1771 1767 1842 evangelizare.

1951 603 2010 694 In
2027 604 2222 661 talibus
2235 607 2380 663 enim
2401 607 2594 666 formis
2607 611 2770 667 etiam
2789 614 2928 670 idola
2944 617 3313 688 instituerunt,
3329 603 3459 693 etc.,

1881 713 2047 769 usque
2068 699 2137 752 ad
2163 700 2530 759 destruantur.
2560 703 2682 774 (Id.,
2729 706 2820 760 lib.
2851 705 3044 775 Serm.,
3074 719 3205 768 tom.
3237 714 3302 780 V,
3333 733 3385 787 p.
3417 735 3459 786 1,
3545 713 3566 738 ‘

1879 791 1985 848 col.
2017 791 2157 848 1022
2184 802 2239 848 et
2268 795 2410 866 seq.)
2439 795 2537 862 Id.,
2578 815 2643 853 ea:
2664 798 2829 871 bapt.,
2861 808 2992 857 tom.
3015 803 3110 872 IX,
3137 806 3243 863 col.
3273 808 3380 864 454
3403 819 3461 865 et

1879 899 1973 941 seu
1979 927 1992 941 .

1939 883 2019 958 (ιο)

1949 978 2207 1046 Quamvis
2255 982 2400 1038 enim
2455 983 2618 1041 homo
2675 985 3015 1048 Christianus
3050 991 3267 1059 litteris,
3328 1003 3456 1062 etc.,

1878 1089 2039 1218 ustlyue
2065 1075 2134 1129 ad
2163 1076 2290 1132 fecit
2329 1077 2577 1148 intelligi.
2609 1079 2707 1150 (Id.
2731 1122 2746 1146 ,
2774 1081 2838 1136 de
2876 1081 3029 1139 Civit.
3073 1083 3192 1150 Dei,
3224 1093 3357 1142 tom.
3395 1089 3458 1154 V,

1878 1177 1942 1218 co
1968 1203 1982 1218 .
2035 1164 2190 1218 254.)

1876 1164 1982 1218 col.
2035 1164 2190 1239 234.)

1946 1275 2173 1335 Hermes
2194 1278 2498 1352 Egyptius,
2523 1297 2681 1354 quem
2709 1282 3109 1356 Trimegistum,
3139 1295 3269 1354 etc.,
3302 1307 3464 1361 usque

1876 1373 1944 1426 ad
1997 1371 2114 1428 ﬁeri
2168 1372 2562 1430 daemoniorum
2592 1375 2715 1447 (Id.,
2747 1376 2836 1430 lib.
2870 1379 2935 1432 de
2970 1377 3192 1434 Civitate
3222 1379 3319 1435 Dei
3338 1397 3459 1452 VIII,

1879 1473 2009 1520 tom.
2046 1463 2156 1530 VII,
2189 1465 2291 1521 col.
2323 1466 2510 1544 247st
2534 1468 2675 1541 seq.)

1947 1577 2230 1634 Daemones
2259 1579 2444 1650 itaque
2467 1581 2557 1651 qui
2581 1581 2901 1639 colunturin
2932 1585 3147 1656 templis
3173 1601 3269 1658 per
3289 1597 3460 1646 artem

1876 1671 2080 1737 nescio,
2113 1678 2244 1734 etc.,
2275 1688 2438 1743 usque
2467 1673 2535 1726 ad
2560 1671 2654 1728 Dei
2676 1675 3034 1749 providentia.
3085 1677 3210 1749 (ld.,
3251 1680 3314 1734 de
3350 1678 3460 1736 Civ.

1875 1759 1990 1826 Dei,
2024 1769 2152 1816 tom.
2185 1760 2294 1827 VII,
2327 1762 2430 1818 col.
2474 1764 2627 1836 252.)

177 1862 263 1918 Tu
307 1864 584 1934 perfecisti
622 1864 789 1922 solem
831 1873 886 1920 et
917 1864 1118 1920 lunam.
1157 1863 1338 1920 Solem
1370 1864 1768 1934 spiritualcs,...
1801 1881 1848 1942 Β
1949 1862 2169 1934 Species
2214 1852 2578 1922 membrorum
2642 1880 2774 1931 etc.,
2809 1886 2969 1938 usque
2993 1872 3063 1925 ad
3101 1873 3284 1928 videre
3330 1889 3460 1929 c011-

177 1955 395 2012 debitor
439 1972 577 2012 sum.
625 1955 707 2027 (S.
757 1958 918 2029 Aug.,
957 1957 1013 2011 in
1063 1955 1198 2027 psal.
1251 1972 1444 2022 Lxxm,
1499 1964 1629 2012 tom.
1679 1957 1768 2024 IV,

175 2054 326 2116 part.
350 2063 388 2113 1,
421 2048 523 2102 col.
570 2047 722 2120 941.)
928 2047 930 2049 ’

254 2158 378 2213 Non
426 2161 564 2214 enim
615 2159 928 2218 erubesco...
979 2159 1174 2216 Judteo
1217 2158 1445 2231 primum
1486 2169 1535 2215 et
1566 2159 1769 2216 erco.

175 2253 612 2323 Objicicbatur...
669 2265 776 2310 tam
807 2255 996 2310 libera.
1023 2252 1106 2327 (S.
1142 2254 1304 2324 Aug.,
1326 2255 1380 2308 in
1410 2253 1546 2324 psal.
1578 2269 1770 2319 1.xv111,

175 2357 309 2403 tom.
334 2345 425 2414 IV,
452 2363 504 2418 p.
537 2363 575 2412 1,
603 2346 706 2402 col.
750 2346 854 2402 856
875 2355 930 2401 et
965 2346 1104 2418 seq.)

246 2461 467 2515 Justitia
489 2461 627 2516 enim
659 2460 757 2516 Dei
783 2461 839 2516 in
867 2477 926 2516 eo
951 2459 1211 2517 revelatur
1251 2477 1316 2515 ea:
1362 2459 1467 2529 ﬁde
1505 2460 1561 2513 in
1588 2458 1770 2528 fidem.

171 2555 506 2625 Intelligitur
531 2554 749 2624 quidem
799 2553 933 2609 ﬁdes
984 2569 1091 2623 qua
1122 2552 1417 2608 creduntur
1466 2565 1531 2606 ea
1579 2564 1764 2620 quae...

169 2645 639 2715 prmstantissima:
670 2643 939 2699 veritatis.
974 2641 1058 2714 (S.
1109 2642 1274 2712 Aug.,
1309 2641 1399 2695 lib.
1424 2640 1771 2713 quazstionum

171 2736 474 2808 Evangelii,
499 2751 552 2805 q.
577 2736 634 2802 2,
671 2741 799 2790 tom.
824 2733 909 2800 III,
940 2749 995 2806 p.
1026 2750 1066 2800 1,
1096 2733 1201 2790 col.
1237 2732 1377 2787 1552
1406 2742 1462 2787 et
1488 2730 1629 2802 seq.)

243 2850 458 2907 Idem...
486 2849 872 2921 consequentia
899 2849 1113 2904 docent.
1145 2845 1226 2917 (S.
1250 2846 1417 2918 Aug.,
1442 2845 1530 2900 lib.
1562 2845 1626 2899 de
1653 2843 1773 2914 Spi-

166 2947 278 2999 ritu
310 2955 360 2999 et
387 2943 583 3009 littera,
610 2951 742 2999 tom.
775 2941 842 3007 Χ,
879 2956 933 3011 p.
965 2957 1005 3006 1,
1033 2939 1136 2995 col.
1166 2939 1266 2994 211
1295 2946 1350 2994 et
1392 2936 1537 3008 seq.)

243 3055 335 3108 Ait
383 3053 643 3109 Dominus
707 3051 882 3108 Jesus.
936 3050 1050 3121 Ego
1104 3065 1218 3104 sum
1285 3049 1410 3114 via,
1476 3045 1666 3101 veritas
1725 3055 1772 3099 et

165 3146 368 3210 rita...,
418 3145 700 3214 iniquitate
730 3143 990 3197 detinent.
1023 3139 1105 3212 (S.
1148 3143 1310 3211 Aug.,
1343 3146 1498 3193 tract.
1529 3138 1593 3192 de
1642 3135 1772 3190 Ver-

164 3237 247 3289 eis
294 3235 516 3306 apostoli
569 3233 658 3298 55,
690 3240 821 3288 tom.
869 3231 934 3297 V,
976 3240 1114 3302 part.
1149 3247 1198 3295 1,
1245 3229 1348 3284 col.
1387 3227 1537 3296 776.)

242 3348 379 3416 Quis
418 3348 567 3404 novit
621 3353 950 3417 potestatem
996 3345 1091 3398 ira:
1143 3352 1268 3408 tuas,
1315 3351 1420 3397 etc.
1481 3357 1644 3412 usque
1701 3342 1770 3395 ad

167 3439 483 3511 impiorum.
546 3437 672 3510 (ld.,
714 3439 770 3491 in
816 3434 951 3490 vsal.
983 3431 1763 3502 Lxxx1x,tom.lV,p.11,col.

172 3531 362 3602 ms)
457 3588 465 3595 ,

243 3645 495 3717 Nunquid
542 3645 694 3711 dixit,
730 3652 864 3712 etc.,
914 3659 1076 3712 usque
1133 3641 1201 3696 ad
1251 3640 1396 3696 stulti
1440 3637 1570 3694 facti
1625 3634 1771 3695 sunt.

162 3738 295 3810 (ld.,
328 3754 482 3792 serat.
534 3737 628 3803 56,
658 3737 721 3791 de
767 3736 931 3791 verbis
974 3734 1202 3806 Evang.,
1245 3743 1374 3788 tom.
1427 3734 1486 3796 V,
1541 3741 1681 3803 part.
1731 3747 1770 3799 1,

165 3830 279 3886 col.
343 3829 448 3883 776
482 3839 536 3884 et
593 3828 733 3899 seq.)

245 3942 400 3999 Unde
413 3942 632 4012 probas,
661 3951 792 4009 etc.,
811 3957 973 4012 usque
987 3940 1055 3994 ad
1080 3938 1294 3994 fortiter
1322 3935 1618 3993 ambulare.
1647 3935 1771 4006 (ld.,

162 4033 326 4097 ibid.,
367 4041 498 4089 tom.
533 4033 576 4089 V
600 4073 615 4099 ,
669 4047 726 4102 p.
764 4048 802 4099 1,
834 4032 939 4087 col.
977 4031 1076 4085 777
1104 4040 1161 4085 et
1187 4031 1330 4102 seq.)

242 4148 340 4202 Via
371 4146 583 4202 Domini
612 4156 704 4201 aut
733 4161 838 4202 non
884 4155 1026 4211 erat,
1055 4151 1146 4199 aut
1188 4142 1407 4203 latebat,
1438 4149 1567 4208 etc.,
1602 4157 1762 4214 usque

161 4244 236 4296 ad
295 4241 398 4295 nisi
446 4241 498 4294 in
531 4249 602 4295 te.
659 4238 780 4311 (Id.,
838 4253 995 4293 serm.
1051 4237 1106 4302 8,
1167 4236 1231 4289 de
1283 4233 1446 4289 verbis
1476 4232 1772 4304 Evangelii,

163 4346 304 4390 tom.
336 4334 405 4399 V,
433 4348 486 4402 p.
529 4349 582 4398 1,
607 4331 708 4387 col.
743 4331 850 4386 456
873 4339 929 4384 et
957 4331 1097 4400 seq.)

239 4405 537 4480 Invisibilia
566 4425 704 4478 enim
726 4423 838 4493 ejus
866 4438 958 4493 per
983 4438 1045 4476 ea
1065 4436 1184 4491 qua:
1206 4420 1349 4491 facta
1369 4427 1491 4475 sunt
1514 4416 1774 4474 intellecta

158 4519 582 4588 conspiciuntur.
605 4515 756 4574 Unde
772 4522 1074 4586 arguuntur
1087 4513 1141 4568 in
1156 4512 1293 4568 libro
1307 4511 1622 4582 Sapientiae,
1640 4517 1746 4566 etc.
1759 4551 1774 4578 ,

158 4627 335 4683 usque
364 4610 432 4664 ad
471 4624 592 4664 cum
625 4609 793 4664 Deum
821 4607 1133 4677 quaerimus.
1160 4605 1287 4673 (Id.,
1321 4603 1413 4658 lib.
1441 4604 1505 4658 de
1523 4602 1778 4657 Trinitate

157 4720 255 4766 xv,
309 4710 437 4755 tum.
474 4699 604 4764 VIII,
657 4699 758 4754 col.
793 4697 975 4768 1058.)

1875 1961 2067 2015 suevit.
2103 1960 2227 2033 (ld.,
2263 1961 2316 2015 in
2339 1962 2476 2031 psal.
2514 1978 2670 2030 cx111,
2722 1973 2852 2019 tom.
2901 1965 2988 2030 IV,
3013 1981 3154 2036 p.11,
3188 1965 3290 2020 col.
3329 1966 3464 2022 1485

1875 2059 1929 2106 et
1959 2052 2100 2121 seq.)

1947 2167 2209 2223 Viderunt
2273 2168 2388 2224 haec
2454 2168 2940 2240 intelligentiores,
2989 2177 3138 2237 etc.,
3189 2187 3351 2242 usque
3397 2170 3465 2224 ad

1873 2261 2160 2318 subvertit.
2225 2260 2348 2333 (ld.,
2392 2259 2482 2316 lib.
2535 2277 2586 2316 1v
2635 2262 2700 2317 de
2741 2261 2959 2318 Civitate
3003 2262 3120 2330 Dei,
3171 2271 3301 2318 tom.
3355 2261 3464 2330 VII,

1873 2354 1976 2410 col.
2005 2354 2108 2410 156
2131 2361 2184 2410 et
2209 2354 2351 2426 seq.)

1946 2475 2126 2534 Brevis
2166 2479 2400 2534 omnium
2448 2495 2566 2550 qua:
2603 2479 2852 2536 adversus
2905 2479 3167 2536 idolorum
3219 2479 3463 2544 cultores,

1876 2571 1980 2626 sive
2005 2571 2329 2627 institutores
2352 2588 2513 2643 supra
2553 2574 2616 2626 ab
2639 2573 2872 2644 apostolo
2921 2575 3061 2628 dicta
3088 2582 3230 2640 sunt,
3268 2574 3467 2643 recapi‘

1875 2664 2084 2720 tulatio.
2103 2665 2238 2732 Quia
2271 2681 2392 2720 cum
2429 2666 2810 2736 cognovissent
2843 2666 3178 2732 Deum,etc.,
3213 2681 3374 2735 usque
3395 2666 3464 2720 ad

1876 2757 2198 2812 illuminabit
2219 2766 2273 2814 te
2294 2758 2562 2815 Christus.
2595 2759 2722 2831 (Id.,
2747 2759 2837 2814 lib.
2872 2759 2934 2813 de
2951 2757 3161 2814 Natura
3182 2769 3230 2814 et
3255 2757 3464 2825 Gratia,

1879 2860 2009 2909 tom.
2040 2850 2111 2919 Χ,
2132 2868 2188 2924 p.
2229 2869 2270 2919 1,
2295 2852 2400 2908 col.
2433 2851 2540 2908 258
2562 2861 2618 2909 et
2647 2853 2788 2925 seq.)

1946 2975 2081 3031 Item
2123 2975 2307 3032 brevis
2350 2975 2666 3032 eorumdem
2720 2977 3012 3032 verborum
3065 2977 3462 3048 rccapitulatio.
3523 3009 3526 3012 ~

1879 3064 2162 3120 Revelatur
2200 3067 2337 3121 enim
2368 3067 2449 3120 ira
2473 3065 2570 3121 Dei
2613 3068 2676 3120 de
2737 3067 2863 3121 cwlo
2919 3084 3076 3139 super
3132 3085 3334 3123 omnem
3365 3071 3464 3122 im-

1875 3156 2136 3227 pietatem.
2197 3158 2458 3224 Quorum,
2488 3167 2618 3225 etc.,
2665 3175 2827 3228 usque
2847 3159 2916 3213 ad
2943 3175 3106 3230 quam
3126 3161 3460 3215 Creatorem.

1801 3275 1846 3338 ρ
1880 3251 2003 3322 (Id.,
2047 3268 2203 3306 serm.
2226 3253 2290 3306 de
2328 3250 2557 3307 Kalend.
2585 3251 2854 3318 Januarii,
2883 3260 3010 3308 tom.
3031 3254 3098 3321 V,
3121 3262 3262 3325 part.
3292 3271 3333 3320 1,
3359 3254 3462 3308 col.

1879 3343 2012 3398 1021
2045 3352 2100 3400 et
2125 3344 2266 3417 seq.)

1945 3444 2051 3501 Sed
2079 3459 2158 3501 vae
2175 3445 2292 3527 tibi,
2327 3446 2370 3502 si
2392 3445 2660 3504 amaveris
2678 3447 2892 3504 condita
2919 3455 2972 3505 et
3001 3448 3306 3504 deserueris
3347 3462 3468 3503 con-

1871 3538 2105 3595 ditorem
2151 3537 2261 3610 (Ex
2309 3557 2545 3597 sermone
2599 3542 2840 3597 secunda:
2887 3542 3140 3613 Epistolas
3189 3542 3459 3612 Joannis).

1875 3629 2110 3686 Pulchra
2139 3631 2237 3687 tibi
2275 3642 2426 3698 sunt,
2455 3632 2550 3690 sed
2581 3641 2788 3703 quanto
2813 3643 2898 3690 est
2947 3634 3038 3690 ille
3068 3634 3342 3706 pulchrior
3371 3633 3464 3704 qui

1878 3723 1981 3780 ista
2013 3724 2290 3780 formavit.
2322 3725 2572 3781 Intendat
2605 3728 2844 3783 Charitas
2875 3736 3075 3783 vestra.
3120 3727 3198 3784 Ne
3215 3736 3466 3799 surrepat

1877 3815 2029 3871 vobis
2061 3815 2316 3882 Satanas,
2349 3816 2554 3882 dicens,
2585 3831 2707 3885 quae
2746 3815 2882 3872 solet
2903 3816 3106 3872 dicere.
3134 3815 3280 3874 Bene
3309 3816 3462 3872 nobis

1876 3907 1950 3962 sit
1975 3906 2032 3962 in
2055 3915 2305 3962 creatura
2337 3907 2454 3962 Dei.
2490 3906 2669 3974 Quare
2700 3905 2846 3962 illam
2893 3905 3022 3962 fecit
3050 3907 3210 3972 Deus,
3259 3906 3363 3962 uisi
3404 3915 3464 3961 ut

1874 3998 2012 4054 bene
2037 3998 2195 4054 nobis
2219 3998 2322 4053 sit?
2353 4007 2408 4053 et
2452 3997 2810 4063 inebriantur,
2857 4005 2912 4052 et
2934 4005 3190 4067 pereunt,
3223 4004 3278 4052 et
3323 3996 3463 4053 obli-

1879 4091 2160 4168 viscuntur
2198 4098 2501 4146 creatorem
2545 4105 2723 4156 suum,
2776 4089 2903 4145 dum
2951 4105 3057 4145 non
3101 4099 3465 4160 temperanter

1879 4184 1974 4239 sed
1996 4181 2290 4253 cupiditate
2318 4190 2547 4236 utuntur
2583 4179 2801 4247 creatis,
2834 4190 2892 4236 et
2913 4189 3128 4237 creator
3157 4181 3459 4237 contemni-

1878 4285 1985 4332 tur.
2014 4275 2091 4330 De
2117 4275 2313 4331 talibus
2353 4273 2488 4329 dicit
2504 4272 2792 4345 Apostolus
2819 4287 2834 4327 :
2857 4271 3152 4328 Coluerunt
3179 4279 3234 4328 et
3261 4272 3463 4328 servie-

1877 4377 2007 4426 runt
2033 4377 2300 4426 creaturae
2335 4367 2515 4433 potius
2557 4381 2724 4438 quam
2765 4366 3021 4431 creatori,
3052 4366 3144 4435 qui
3176 4372 3260 4420 est
3291 4366 3458 4420 bene-

1878 4460 2055 4517 dictus
2080 4461 2134 4516 in
2159 4459 2379 4515 saataila.
2420 4458 2538 4514 Non
2564 4465 2618 4514 te
2646 4457 2900 4528 prohibet
2927 4457 3068 4512 Deus
3111 4470 3295 4512 amare
3331 4456 3460 4522 ista,

1881 4555 1976 4610 sed
1999 4567 2104 4609 non
2128 4553 2352 4625 diligere
2397 4553 2466 4610 ad
2510 4552 2923 4618 beatitudinem,
2959 4551 3052 4606 sed
3083 4550 3381 4621 approbare
3407 4557 3463 4604 et

1803 4647 2103 4711 Dlaudare
2142 4654 2202 4701 ut
2231 4660 2383 4702 ames
2428 4653 2751 4701 creatorem.
2798 4643 2940 4713 Ergo
2991 4641 3137 4697 dedit
3183 4641 3279 4696 tibi
3319 4641 3463 4696 Deus

1881 4741 1985 4794 ista
2028 4737 2233 4804 omnia,
2264 4753 2386 4792 ama
2429 4737 2580 4792 illum
2629 4734 2719 4805 qui
2750 4733 2896 4789 fecit.
2931 4731 3058 4787 Plus
3086 4738 3170 4787 est
3197 4731 3341 4802 quod
3365 4731 3461 4786 tibi

240 4816 508 4871 Viderunt
529 4829 658 4886 ergo
706 4813 816 4880 ἱειῖν
850 4821 981 4879 θιοον
1034 4829 1197 4882 usque
1243 4814 1312 4867 ad
1368 4818 1564 4868 cuncta
1591 4817 1776 4866 creata
1880 4832 1993 4886 vult
2041 4832 2190 4898 dare,
2237 4831 2291 4886 id
2331 4836 2417 4885 est
2447 4829 2684 4898 seipsum
2713 4827 2804 4897 qui
2835 4827 2938 4881 ista
2977 4824 3122 4880 fecit.
3175 4815 3461 4880 Credimus

156 4916 318 4965 sunt.
350 4907 471 4979 (Id.,
500 4906 592 4960 lib.
626 4906 690 4959 de
716 4903 937 4960 Civitate
957 4904 1054 4959 Dei
1083 4919 1200 4970 vm,
1233 4913 1363 4960 tom.
1400 4903 1510 4971 VII,
1535 4903 1637 4959 col.
1668 4901 1768 4956 251

157 5009 218 5055 et
245 5003 397 5071 seq.)

237 5111 620 5182 Philosophos,
654 5119 784 5177 etc.,
843 5125 1003 5180 usque
1045 5108 1114 5162 ad
1161 5106 1402 5178 inﬁgere.
1432 5103 1559 5177 (Id.,
1591 5103 1676 5158 lib.
1706 5106 1770 5160 de

164 5207 436 5263 Trinitate
458 5220 532 5273 1v,
583 5213 715 5260 tom.
757 5201 891 5268 VIII,
932 5201 1038 5258 col.
1077 5199 1228 5271 905.)

245 5320 362 5376 Nec
390 5320 455 5376 ad
478 5318 620 5374 aliud
646 5317 864 5390 quidem
886 5314 1212 5389 dignihabiti
1243 5320 1369 5369 sunt
1394 5319 1454 5367 ut
1480 5312 1536 5366 in
1562 5310 1642 5367 eis
1665 5311 1768 5367 ista

161 5430 274 5488 per
305 5421 522 5468 sanctos
543 5409 762 5482 angelos
788 5408 1188 5473 nuntiarentur,
1217 5405 1332 5462 sive
1352 5405 1650 5461 forinsecus
1671 5417 1769 5474 per

164 5522 374 5566 sensus
413 5506 679 5576 corporis,
711 5503 826 5558 sive
872 5501 1225 5558 interioribus
1268 5498 1687 5555 revelationibus
1711 5497 1766 5552 in

165 5601 374 5674 spiritu
419 5597 714 5668 expressis,
760 5606 893 5662 etc.,
938 5609 1104 5666 usque
1149 5593 1218 5646 ad
1269 5591 1574 5662 pervenire.
1637 5589 1759 5661 (ld.,

165 5703 337 5751 tract.
363 5689 637 5762 Evangelii
661 5687 948 5744 secundum
967 5684 1130 5742 Joan.
1153 5700 1217 5751 11,
1233 5691 1365 5740 tom.
1388 5681 1475 5751 Ill,
1495 5681 1600 5739 col.
1625 5682 1765 5740 1590

164 5797 232 5845 et
261 5786 407 5858 seq.)

245 5879 512 5951 Praecipui
544 5878 782 5951 gentium
806 5875 1134 5948 philosophi,
1169 5882 1298 5943 etc.,
1325 5887 1488 5946 usque
1513 5871 1582 5928 ad
1607 5871 1759 5930 insti-

1879 4923 2045 4979 etiam
2069 4921 2214 4992 quod
2237 4920 2394 4976 sedet
2421 4917 2672 4974 Christus
2695 4917 2762 4970 ad
2793 4917 3070 4971 dexteram
3099 4913 3300 4981 Patris,
3325 4922 3458 4982 etc.,

1878 5031 2042 5087 usque
2067 5014 2140 5068 ad
2182 5011 2362 5072 futura
2390 5011 2480 5068 sit.
2528 5007 2650 5078 (Id.,
2702 5023 2857 5063 serm.
2913 5007 2976 5061 de
3017 5007 3288 5074 Symbolo,
3325 5016 3454 5064 tom.

1874 5105 1965 5173 v1,
1995 5105 2098 5160 col.
2124 5103 2270 5175 188.)

1944 5205 2170 5275 PrOpter
2193 5206 2332 5278 quod
2372 5204 2589 5260 tradidit
2625 5202 2742 5258 illos
2763 5203 2904 5258 Deus
2930 5205 2985 5258 in
3006 5203 3264 5259 desideria
3286 5204 3457 5260 cordis

1870 5315 2072 5365 eorum,
2099 5300 2154 5352 in
2199 5297 2610 5351 immunditiam.
2661 5294 2818 5350 Dedit
2857 5296 2976 5353 illos
3003 5297 3142 5352 Deus
3177 5297 3230 5350 in
3260 5312 3456 5352 concu-

1870 5390 2165 5464 piscentias
2194 5389 2374 5445 cordis
2414 5402 2626 5455 eorum,
2665 5397 2796 5456 etc.,
2843 5406 3002 5460 usque
3049 5389 3118 5443 ad
3163 5404 3456 5445 consense-

1869 5492 2000 5539 runt
2027 5481 2317 5553 iniquitati.
2347 5479 2469 5553 (Id.,
2497 5479 2589 5534 lib.
2627 5479 2691 5534 de
2712 5478 2913 5550 Spiritu
2932 5489 2982 5537 et
3009 5479 3202 5546 littera,
3229 5489 3357 5536 tom.
3388 5479 3454 5547 Χ,

1873 5583 2015 5646 part.
2057 5590 2109 5640 1,
2156 5571 2259 5629 col.
2307 5571 2459 5644 255.)

1939 5680 2036 5738 His
2077 5689 2134 5737 et
2185 5678 2380 5737 talibus
2404 5680 2748 5748 testimoniis,
2796 5689 2926 5749 etc.,
2989 5697 3150 5753 usque
3189 5681 3258 5735 ad
3303 5679 3459 5736 malis

1773 5799 1776 5802 ’
1865 5774 2044 5832 bona?
2083 5773 2205 5845 (Id.,
2236 5771 2326 5826 lib.
2377 5773 2440 5828 de
2462 5772 2648 5829 Gratia
2679 5782 2726 5828 et
2757 5772 2918 5828 libero
2961 5772 3199 5837 arbitrio,
3227 5779 3355 5825 tom.
3386 5767 3454 5834 Χ,

1867 5884 1922 5940 p.
1964 5885 2015 5938 1,
2059 5865 2164 5924 col.
2216 5866 2365 5938 909.)
