3970 6306
613 383 715 440 285

1832 368 2035 426 FLOR!
2070 367 2347 423 οιΑυυΝι
2386 367 2691 423 nomen:
3716 388 3778 442 ,8,

682 498 974 553 Mercedem
999 504 1234 551 mutuam
1262 511 1419 566 quam
1460 491 1683 564 oportuit
1704 488 1898 545 erroris
1918 486 2000 542 sui
2024 487 2080 540 in
2109 499 2188 539 se-
2213 482 2266 542 Α
2291 498 2354 538 ea:
2380 484 2600 554 epistola
2631 483 2858 538 secunda
2886 484 2954 537 ad
2986 482 3319 539 Valentinum
3346 493 3407 540 de
3429 486 3593 544 Gratia
3628 498 3777 559 ellibem

613 592 843 660 metipsis
880 589 1204 661 recipientes.
1260 585 1579 659 Oportuisse
1625 582 1825 655 quippe
1873 596 2005 647 non,
2057 587 2191 642 ctc.,

611 698 771 752 usque
799 681 868 735 ad
905 680 1135 751 turpiter
1162 679 1313 736 libet.
1362 676 1443 749 (S.
1476 678 1643 749 Aug.,
1675 675 1765 731 lib.
1803 691 1823 730 1
1873 682 2056 727 contra
2093 671 2196 726 ini-

609 775 805 829 micum
830 772 1027 845 lcgiset
1051 770 1442 843 prophetarum,
1475 777 1602 825 tom.
1634 766 1767 833 VIII,
1804 763 2087 833 col.6‘55.)
2140 777 2145 781 ·
2206 818 2217 827 ,

678 885 954 941 Inchoatio
977 890 1081 950 est,
1103 890 1233 948 ctc.,
1257 898 1419 955 usque
1439 881 1507 935 ad
1538 879 1791 952 gaudium
1836 874 2049 933 Domini
2095 873 2190 929 tui.

609 981 734 1052 (Id.,
764 982 818 1035 in
838 978 972 1051 psal.
995 993 1082 1045 γι,
1110 984 1243 1033 tom.
1279 974 1372 1043 IV,
1424 991 1478 1046 p.
1511 992 1569 1042 1,
1612 973 1715 1029 col.
1751 972 1868 1040 94.)

679 1089 847 1159 Hujus
898 1088 1063 1160 igitur
1090 1087 1186 1143 irae
1223 1087 1496 1142 inchoatio
1534 1094 1638 1150 est,
1679 1099 1843 1155 quam
1868 1083 1927 1138 in
1953 1082 2056 1137 hac
2084 1081 2195 1141 vita

605 1183 808 1254 patitur
835 1180 1066 1251 quisque
1086 1191 1358 1251 peccator.
1387 1178 1502 1234 Non
1542 1192 1671 1249 ergo
1700 1191 1910 1249 poenas,
1941 1184 2069 1241 ctc.,
2100 1192 2195 1229 us-

602 1289 702 1346 que
728 1273 797 1328 ad
836 1271 1139 1343 perdidisse
1166 1279 1385 1344 putatur
1421 1271 1582 1326 Deus.
1615 1269 1738 1341 (Id.,
1770 1270 1823 1323 in
1843 1267 1976 1339 psal.
2039 1266 2193 1339 LVII.)

671 1387 801 1443 Hzec
855 1386 996 1442 mala
1026 1402 1260 1451 morum,
1291 1394 1422 1451 ctc.,
1469 1401 1633 1456 usque
1670 1384 1741 1438 ad
1771 1382 2040 1455 signiﬁcat
2066 1397 2193 1455 gra-

602 1480 708 1535 tiae.
755 1477 878 1549 (Id.,
912 1475 1000 1531 Ea:
1025 1485 1252 1531 tratactu
1274 1478 1330 1530 in
1353 1473 1488 1546 psal.
1534 1490 1736 1554 L‘XXVII,
1775 1482 1904 1528 tom.
1949 1472 2039 1537 IV,
2066 1488 2119 1542 p.
2151 1488 2191 1538 1,

598 1567 707 1624 col.
761 1565 900 1622 1005
927 1576 982 1622 et
1002 1567 1145 1637 seq.)

671 1678 850 1741 Etiam
905 1693 1028 1734 cum
1072 1685 1285 1743 rectas,
1334 1685 1477 1741 etc...
1524 1692 1686 1747 usque
1727 1673 1797 1729 ad
1848 1673 2086 1745 stuporis
2138 1672 2231 1728 in»

601 1787 850 1843 corpore.
890 1772 1024 1845 (Id.,
1078 1771 1172 1827 lib.
1215 1772 1279 1827 de
1320 1770 1540 1826 Civitate
1593 1770 1685 1824 Dei
1725 1785 1835 1843 le,
1889 1778 2016 1824 tom.
2050 1767 2186 1840 VII.)

2301 573 2543 639 arbitrio,
2579 584 2708 627 tom.
2743 572 2803 638 Il,
2836 572 2937 628 col.
2965 573 3062 628 97I
3108 583 3164 629 et
3188 575 3334 647 seq.)

2368 664 2551 722 Gloria
2564 676 2761 733 autem,
2783 674 2832 721 et
2856 666 3107 733 bonor,et
3119 685 3227 738 pars
3250 670 3390 724 omni
3412 676 3624 742 aperanti
3639 678 3777 749 bona,

2296 757 2489 814 Judwa
2517 759 2746 830 primum
2768 768 2817 813 et
2836 756 3043 814 Greece.
3077 759 3184 815 Pax
3216 760 3438 824 Christi,
3474 763 3613 820 ﬁnem
3643 777 3781 840 tempo-

2297 849 2398 915 ris,
2426 856 2557 915 etc.,
2588 864 2751 919 usque
2781 851 2852 902 ad
2880 849 3104 919 spiritus
3132 858 3240 905 est.
3268 849 3350 921 (S.
3375 850 3530 923 Aug.,
3552 854 3626 909 lib.
3646 868 3780 915 ειτηερ.

2296 942 2494 997 tiarum
2534 940 2804 1013 Prosperi,
2849 948 2982 997 tom.
3014 939 3082 1007 X,
3111 951 3257 1012 part.
3293 959 3356 1007 11,
3384 943 3485 998 col.
3526 946 3675 1019 1891.)
3718 941 3723 952 ’

2369 1033 2495 1091 Non
2516 1035 2654 1090 enim
2686 1045 2762 1089 est
2788 1035 3020 1104 acceptio
3051 1050 3418 1105 personarum,
3445 1043 3565 1102 ctc.,
3601 1053 3726 1110 usque
3742 1045 3781 1098 ad

2290 1127 2694 1197 judicabunlur.
2727 1127 2997 1183 Nimirum
3031 1142 3156 1183 eum
3182 1128 3389 1184 diceret
3412 1129 3682 1200 Apostolus,
3701 1143 3779 1201 etc,

2297 1234 2459 1290 usque
2505 1220 2574 1272 ad
2638 1227 2955 1289 peccatores
3001 1224 3180 1273 terras.
3244 1217 3370 1286 (Id.,
3410 1218 3463 1273 in
3496 1220 3617 1289 psal.
3659 1237 3779 1290 exui],

2300 1320 2431 1366 tom.
2461 1310 2552 1378 IV,
2582 1326 2636 1382 p.
2663 1327 2727 1378 11,
2754 1310 2857 1366 col.
2894 1310 3035 1366 1572
3064 1319 3118 1367 et
3144 1311 3286 1383 seq.)

2370 1403 2649 1473 Ejusmodi
2690 1402 2850 1474 legem
2895 1419 2999 1457 non
3041 1402 3310 1470 habentes,
3337 1403 3436 1475 ipsi
3472 1405 3563 1459 sibi
3595 1416 3689 1461 sunt
3717 1408 3778 1475 lu,

2296 1498 2385 1570 qui
2412 1497 2688 1552 ostendunt
2728 1512 2858 1569 opus
2899 1495 3027 1566 legis
3070 1497 3326 1565 scriptum
3368 1497 3420 1550 in
3473 1498 3675 1553 cordibus
3698 1518 3779 1555 sui.

2298 1590 2453 1647 Nulla
2486 1600 2568 1646 est
2599 1588 2776 1643 anima
2821 1577 3169 1660 quantumvis
3191 1604 3444 1660 perversa
3467 1631 3481 1656 ,
3510 1607 3613 1661 qua:
3650 1600 3778 1657 tamen,

2297 1692 2429 1748 ctc.,
2458 1697 2619 1753 usque
2644 1680 2712 1734 ad
2738 1682 2956 1736 sentiat.
2989 1677 3087 1751 (Id.
3123 1678 3215 1732 lib.
3246 1693 3285 1733 11
3313 1678 3377 1732 de
3406 1689 3615 1734 sermone
3639 1681 3779 1736 Domini

2300 1774 2355 1827 in
2374 1783 2569 1838 monte,
2608 1781 2737 1827 tom.
2765 1771 2849 1838 III,
2876 1781 3017 1844 part.
3052 1788 3092 1837 1,
3127 1771 3233 1826 col.
3272 1771 3454 1842 1285.)

671 1863 805 1919 Tres
842 1878 971 1936 ergo
1015 1860 1350 1929 adiectiones,
1378 1874 1507 1927 ctc.,
1535 1877 1696 1932 usque
1745 1860 1812 1914 ad
1860 1867 2045 1931 et‘cgo
2080 1874 2189 1914 non
2217 1852 2268 1916 Β
2334 1862 2547 1932 ‘Manu,
2575 1874 2679 1921 etc.
2708 1907 2723 1932 ,
2762 1882 2924 1936 usque
2964 1864 3033 1917 ad
3058 1863 3349 1936 peregrino
3373 1870 3625 1935 praestare.
3652 1865 3774 1936 (Idem,

601 1972 760 2012 uxor.
816 1956 938 2029 (Id.,
984 1957 1042 2012 in
1084 1956 1220 2028 psal.
1263 1972 1349 2023 ιγ,
1384 1964 1519 2011 tom.
1546 1955 1639 2021 IV,
1690 1970 1744 2024 p.
1792 1970 1832 2021 1,
1875 1952 1978 2010 col.
2007 1952 2112 2008 650
2132 1960 2188 2009 et

607 2046 752 2118 Μ’)
1229 2118 1458 2176 CAPUT
1496 2118 1559 2175 ιι.

672 2229 900 2303 Propter
942 2249 1082 2306 quos
1119 2232 1489 2289 inexcusabilis
1532 2249 1607 2299 es,
1644 2249 1675 2286 ο
1712 2233 1868 2287 homo
1892 2231 2065 2286 omnis
2101 2246 2192 2302 qui

597 2323 832 2393 iudicas.
865 2322 990 2380 Illos
1021 2323 1326 2396 Scriptura,
1352 2332 1484 2391 ctc.,
1512 2341 1674 2395 usque
1704 2323 1774 2379 ad
1795 2321 1941 2391 justa
1965 2322 2193 2377 damna-

603 2413 693 2470 tio.
731 2413 853 2486 (Id.,
897 2414 1070 2487 Epist.
1124 2416 1193 2470 ad
1244 2414 1456 2471 Sixtum
1500 2415 1881 2486 presbyterum,
1928 2420 2061 2468 tom.
2122 2410 2188 2480 II,

599 2507 703 2564 col.
733 2507 839 2564 882
873 2518 929 2564 et
981 2508 1121 2581 seq.)

673 2617 947 2690 Scriptum
987 2628 1093 2686 est,
1115 2629 1247 2686 ctc.,
1269 2635 1431 2690 usque
1447 2620 1520 2675 ad
1550 2628 1603 2675 te
1635 2620 1813 2690 ipsum
1838 2620 2188 2676 condemnas.

597 2710 721 2785 (Id.,
752 2713 845 2769 lib.
877 2730 910 2770 γ
932 2716 1001 2771 de
1037 2715 1317 2786 baptismo,
1349 2723 1479 2777 tom.
1510 2714 1600 2781 IX,
1626 2716 1734 2772 col.
1759 2715 1908 2788 192.)

672 2826 872 2883 Eadem
896 2831 1034 2885 enim
1074 2831 1186 2901 agis
1215 2846 1335 2902 quae
1351 2830 1590 2901 judicas.
1639 2829 1849 2887 Scimus
1886 2832 2027 2887 enim
2050 2848 2189 2904 quo-

594 2920 742 2976 niam
760 2921 1028 2992 judicium
1061 2922 1157 2978 Dei
1183 2933 1259 2978 est
1288 2923 1579 2977 secundum
1608 2926 1876 2980 ueritatem
1906 2926 1963 2980 in
1980 2942 2074 2982 eos
2098 2928 2191 2999 qui

599 3010 731 3066 talia
763 3024 946 3083 agunt.
982 3012 1122 3069 IIuic
1146 3021 1327 3070 autem
1353 3014 1487 3069 dixit
1508 2999 1829 3085 Apostolus:
1858 3016 1961 3083 Qui
1992 3018 2190 3088 pradi-

600 3120 690 3158 cas
738 3120 843 3159 non
879 3104 1169 3176 furandum
1210 3105 1429 3175 furaris,
1483 3114 1539 3162 et
1580 3115 1796 3164 caetera.
1857 3108 2000 3166 Deus
2049 3108 2192 3178 apud

597 3210 761 3267 quem
790 3196 933 3252 nulla
972 3205 1057 3254 est
1084 3197 1360 3269 iniquitas,
1387 3208 1521 3267 ctc.,
1550 3216 1712 3272 usque
1741 3200 1811 3254 ad
1843 3200 2187 3257 commende-

597 3296 706 3345 tur.
737 3290 860 3362 (Id.,
888 3293 1038 3363 epist.
1088 3293 1157 3347 ad
1206 3293 1597 3362 Macedonium,
1639 3306 1774 3351 tom.
1817 3296 1883 3360 II,
1928 3295 2035 3352 col.
2078 3295 2184 3353 654

596 3387 653 3436 et
680 3380 824 3454 seq.)

668 3486 897 3553 Animus
918 3495 1061 3553 male
1080 3495 1183 3552 sibi
1215 3499 1489 3564 conscius,
1530 3509 1663 3565 ctc.,
1719 3515 1884 3570 usque
1912 3498 1983 3553 ad
2035 3499 2189 3554 dam—

594 3588 764 3647 IIItio.
810 3588 930 3661 (Id.,
960 3589 1052 3644 lib.
1101 3590 1491 3649 Sententiarum
1537 3589 1808 3663 Prosperi,
1852 3601 1985 3647 tom.
2015 3591 2087 3660 Χ,
2126 3607 2181 3665 p.

593 3693 636 3737 tt
653 3720 671 3747 ,
710 3679 816 3737 col.
846 3681 1031 3753 I870.)

664 3772 771 3831 Hic
795 3776 934 3831 enim
979 3777 1376 3845 misericordiie,
1405 3788 1537 3842 ctc.,
1585 3795 1744 3850 usque
1788 3780 1858 3834 ad
1903 3796 2184 3837 coronam.

593 3865 717 3939 (Id.,
767 3871 824 3925 in
864 3870 999 3941 μαι.
1036 3887 1104 3939 c,
1154 3882 1286 3927 tom.
1316 3870 1403 3938 IV,
1437 3887 1490 3942 p.
1534 3890 1613 3940 η,
1641 3874 1746 3929 col.
1800 3875 1942 3931 1252
1969 3875 2185 3948 etseq.)

662 3979 803 4049 Quid
839 3991 947 4038 tam
984 3984 1373 4057 Ionganimum,
1416 3996 1545 4051 ctc.,
1603 4004 1765 4058 usque
1790 3989 1859 4042 ad
1903 3989 1956 4042 in
1981 3990 2185 4058 gemitu

592 4073 918 4131 columbino.
942 4076 1067 4148 (Id.,
1094 4078 1151 4131 in
1175 4078 1313 4149 psal.
1342 4093 1437 4146 cn,
1481 4087 1612 4134 tom.
1656 4079 1746 4147 IV,
1779 4088 1919 4151 part.
1975 4096 2049 4145 ιι,
2080 4080 2183 4136 col.

595 4164 778 4236 isse.)

660 4255 947 4315 Intendant
972 4277 1100 4333 ergo
1130 4262 1220 4331 qui
1270 4271 1468 4330 amant,
1510 4273 1639 4330 ctc.,
1687 4280 1849 4334 usque
1897 4264 1966 4317 ad
2016 4263 2186 4318 corri-

591 4350 754 4421 garis.
798 4351 922 4424 (Id.,
959 4363 1112 4408 tract.
1143 4353 1212 4409 55
1235 4355 1289 4408 in
1325 4353 1514 4423 Joan.,
1556 4366 1686 4411 tom.
1736 4355 1822 4419 III,
1851 4371 1904 4426 p.
1954 4370 2028 4421 ιι,
2079 4353 2182 4410 col.

591 4441 731 4499 1659
752 4451 808 4499 et
837 4446 978 4516 seq.)

662 4555 961 4613 Secundum
993 4560 1247 4615 duritiam
1277 4570 1450 4615 autem
1481 4571 1625 4615 tuam
1656 4572 1704 4615 et
1728 4562 2050 4633 impmnitens
2070 4581 2182 4632 cor,

588 4649 914 4708 lhesaurizas
947 4652 1039 4707 tibi
1085 4653 1221 4707 iram
1250 4654 1305 4708 in
1328 4654 1414 4708 die
1449 4655 1545 4708 ira:
1584 4663 1634 4708 et
1682 4629 2013 4710 reuelationis
2048 4629 2185 4727 justi
2215 4629 2268 4691 Β
2366 4644 2471 4699 sed
2503 4644 2645 4714 (μιοδ
2672 4644 2936 4714 adium“,
2969 4652 3099 4711 (δίο-ν
3130 4661 3295 4717 αεηαε
3330 4643 3398 4698 ad
3434 4638 3586 4695 imus
3619 4630 3771 4727 datm,-

589 4738 775 4809 iudicii
803 4742 917 4810 Dei,
945 4754 1042 4799 etc.
1067 4744 1391 4809 Thesauros,
1426 4754 1557 4812 ctc.,
1586 4764 1746 4819 usque
1768 4748 1836 4801 ad
1867 4748 2180 4818 implentur.

592 4834 715 4907 (Id.,
765 4835 857 4892 lib.
913 4853 931 4893 1
980 4847 1161 4892 contra
1220 4838 1491 4893 inimicum
1533 4838 1660 4912 legis
1698 4849 1748 4895 et
1787 4841 2180 4913 prop/telarum,

592 4933 722 4982 tom.
773 4925 910 4995 VIII,
959 4928 1065 4985 col.
1100 4928 1200 4985 621
1227 4937 1281 4984 et
1313 4930 1455 5001 seq.)

661 5044 929 5113 Quidquid
954 5059 1085 5116 ergo
1116 5045 1277 5100 homo
1316 5046 1445 5101 facit
1479 5048 1657 5113 modo,
1707 5018 1842 5114 ctc.,
1894 5065 2061 5119 usque
2109 5049 2179 5103 ad

590 5150 644 5193 1n
667 5133 848 5189 futuro
875 5135 1172 5205 possideas.
1204 5134 1328 5207 (Id.,
1361 5154 1516 5193 serm.
1562 5139 1626 5194 de
1669 5157 1819 5195 versu
1865 5140 2000 5211 psal.
2030 5139 2173 5194 Deus

591 5182 644 5193 ,.-
667 5182 844 5189 ---ην
875 5182 1172 5205 ,νη-μη--
1206 5182 1328 5207 (-m,
1361 5182 1516 5193 --.....
1562 5182 1624 5194 ..ν
1671 5182 1819 5195 -.......
1865 5182 2000 5211 μω...
2030 5182 2171 5194 νην

590 5225 862 5296 manifeste
892 5226 1076 5293 veniet,
1102 5236 1231 5283 tom.
1274 5229 1339 5294 V,
1380 5239 1520 5301 part.
1568 5247 1618 5297 1,
1651 5230 1755 5286 col.
1811 5231 1910 5286 129
1946 5239 2001 5285 et
2028 5231 2170 5302 seq.)

2290 5199 2390 5270 ptio
2420 5216 2798 5270 personarum.
2843 5202 3034 5274 (Idem,
3084 5203 3174 5257 lib.
3222 5201 3285 5255 de
3328 5197 3513 5270 Spiritu
3557 5197 3597 5242 et
3630 5182 3689 5235 litt

2280 5302 2410 5349 tom.
2438 5293 2507 5363 X,
2528 5304 2668 5367 part.
2701 5313 2751 5364 1,
2775 5297 2875 5353 col.
2915 5296 3022 5351 226
3049 5308 3105 5351 et
3129 5296 3271 5367 seq.)

659 5338 861 5396 Contra
897 5324 1156 5411 Spiritum
1187 5352 1454 5409 sanctum,
1510 5354 1641 5410 ctc.,
1690 5361 1856 5413 usque
1912 5345 1983 5398 ad
2026 5344 2170 5413 judi-

592 5447 734 5493 care.
758 5432 880 5504 (Id.,
910 5451 1064 5489 serm.
1086 5436 1155 5490 de
1189 5436 1510 5511 blasphemia
1545 5437 1779 5509 Spiritus
1808 5438 2003 5503 sancti,
2033 5446 2159 5495 tom.

594 5526 658 5595 V,
684 5542 740 5599 p.
769 5542 820 5594 1,
850 5528 954 5583 col.
981 5528 1085 5585 455
1106 5539 1161 5587 et
1188 5533 1329 5602 seq.)

2294 1962 2349 2015 in
2373 1959 2510 2032 psal.
2537 1976 2666 2024 Lvu,
2711 1968 2842 2015 tom.
2866 1958 2958 2024 IV,
2982 1966 3127 2028 part.
3164 1974 3203 2022 1,
3241 1957 3347 2013 col.
3381 1956 3482 2013 675
3504 1967 3555 2012 et
3582 1957 3691 2028 seq.)

2367 2051 2741 2107 Testimonium
2756 2050 3001 2105 reddente
3013 2048 3119 2104 illis
3139 2049 3459 2105 conscientia
3479 2049 3776 2121 ipsorum,elc..

2292 2159 2466 2215 usque
2504 2144 2572 2200 ad
2606 2141 2867 2214 judicabit
2891 2139 3031 2196 Deus
3061 2140 3269 2196 occulta
3306 2140 3579 2195 hominum.
3603 2140 3778 2195 Dominus

2292 2254 2392 2310 per
2416 2237 2766 2309 Prophetam.
2785 2234 2852 2290 Et
2878 2249 2995 2300 ero,
3032 2234 3233 2305 inquit,
3261 2234 3415 2290 testis
3436 2232 3575 2289 velox
3601 2231 3776 2287 maleﬁcis

2295 2336 2352 2384 et
2397 2324 2653 2399 periuris,
2696 2333 2803 2382 etc.
2833 2366 2849 2393 ,
2904 2340 3066 2396 usque
3107 2325 3177 2379 ad
3234 2324 3616 2380 conscientiam.
3658 2321 3776 2392 (Idem,

2293 2419 2385 2475 lib.
2419 2434 2489 2473 xx
2515 2419 2582 2473 de
2601 2416 2760 2473 Civil.
2796 2416 2918 2483 Dei,
2942 2426 3073 2472 tom.
3106 2415 3216 2482 VII,
3251 2416 3354 2472 col.
3388 2414 3529 2487 762.)

2362 2515 2482 2573 Non
2510 2515 2967 2587 quemadmodum
2992 2514 3243 2585 iudicant
3270 2514 3526 2579 homines,
3546 2521 3653 2577 ctc.,
3674 2525 3776 2579 usqu:

2293 2610 2363 2664 ad
2384 2607 2819 2665 defendentibus.
2864 2607 3055 2679 (Idem,
3080 2609 3137 2663 in
3160 2607 3302 2679 psal.
3338 2623 3413 2673 1x,
3445 2617 3564 2663 tom.
3595 2603 3662 2668 IV,
3686 2610 3774 2674 part.

2292 2718 2312 2757 ι
2332 2742 2348 2767 ,
2378 2701 2482 2758 col.
2513 2701 2663 2773 121.)

2363 2794 2634 2853 Decidant
2677 2808 2808 2863 ergo
2834 2808 2864 2849 a
2904 2793 3328 2866 cogitationibus
3366 2792 3492 2858 suis,
3532 2799 3641 2855 ctc.,
3674 2802 3774 2857 usque

2293 2887 2363 2942 ad
2406 2887 2538 2959 justi
2581 2887 2775 2958 iudicii
2815 2886 2931 2944 Dei.
2980 2886 3173 2958 (Idem,
3237 2888 3292 2941 in
3331 2885 3460 2942 ml.
3508 2900 3553 2950 ν,
3598 2892 3697 2938 tom.
3718 2875 3771 2939 Iv.

2290 2993 2344 3051 p.
2379 2994 2398 3033 1
2417 3019 2433 3044 ,
2460 2978 2564 3034 col.
2592 2977 2708 3049 88.)

2363 3072 2555 3127 Omnia
2580 3087 2744 3141 opera
2770 3070 2856 3126 vel
2896 3070 3063 3135 bona,
3087 3079 3222 3138 ctc.,
3260 3087 3418 3142 usque
3448 3069 3513 3124 ad
3538 3068 3585 3123 in
3605 3062 3771 3121 nihilum.

2294 3167 2485 3240 (Idem,
2514 3168 2571 3223 in
2588 3167 2725 3239 psal.
2754 3183 2945 3233 cxvnl,
2976 3176 3121 3238 part.
3152 3184 3231 3233 11,
3280 3167 3380 3223 col.
3414 3162 3577 3232 1571.)

2364 3259 2425 3316 Si
2454 3270 2630 3315 autem
2665 3270 2723 3314 tu
2747 3260 2973 3316 Judwus
3004 3259 3415 3331 cognominaris,
3453 3257 3571 3311 sicut
3605 3251 3771 3318 scriptum

2292 3362 2388 3407 est.
2421 3350 2663 3408 Judaeum
2716 3352 2916 3424 arguit,
2968 3364 3101 3417 ctc.,
3157 3369 3322 3423 usque
3371 3349 3437 3404 ad
3486 3344 3669 3418 apudte
3702 3338 3772 3392 laus

2292 3459 2433 3500 mea.
2476 3443 2664 3516 (Idem,
2717 3445 2809 3501 lib.
2846 3445 2911 3500 de
2943 3444 3148 3516 Spiritu
3192 3454 3245 3499 et
3286 3442 3475 3508 littera,
3501 3451 3613 3495 tom.
3634 3432 3684 3497 Χ,
3699 3444 3769 3500 par-

2290 3550 2333 3602 1,
2359 3534 2442 3591 col
2461 3535 2565 3590 207
2594 3544 2649 3590 et
2679 3538 2820 3606 seq.)

2286 3642 2293 3647 ‘
2363 3623 2726 3693 Circumcisio,
2767 3636 2898 3694 etc.,
2943 3641 3114 3698 usque
3141 3627 3208 3681 ad
3264 3623 3649 3697 prmoaricatores
3678 3611 3770 3680 legit-

2285 3714 2464 3787 Opera
2482 3717 2620 3789 legis
2657 3718 2916 3788 bipertita
2937 3725 3084 3772 sunt.
3119 3715 3257 3772 Nam
3300 3715 3509 3787 partim,
3534 3715 3643 3770 ctc.,
3667 3711 3770 3769 αεηιε

2291 3812 2359 3867 ad
2381 3812 2466 3867 lex
2502 3812 2702 3881 pendet
2744 3819 2799 3867 et
2857 3811 3152 3883 prophetas.
3208 3810 3397 3874 (Idem,
3446 3820 3601 3876 expos.
3636 3797 3687 3852 ad
3708 3792 3771 3847 lia-

2286 3903 2410 3969 lat.,
2439 3913 2567 3958 tom.
2605 3902 2688 3968 III,
2724 3912 2865 3974 part.
2896 3919 2939 3958 11
2962 3944 2976 3969 ,
3005 3902 3109 3958 col.
3137 3902 3325 3973 2117.)

2364 3995 2487 4050 Νοη
2527 3986 2663 4051 enim
2692 3997 2782 4067 qui
2811 3997 2867 4050 in
2910 3995 3187 4066 manifesto
3237 3994 3454 4051 Judteus
3487 3998 3571 4055 est,
3614 3992 3710 4045 ctc.,
3739 3978 3771 4029 ὶι

2291 4088 2615 4165 abscondito,
2643 4102 2816 4157 usque
2841 4087 2907 4141 ad
2935 4087 3024 4142 sed
3069 4103 3135 4141 ea;
3180 4085 3287 4140 Deo
3322 4095 3414 4140 est.
3450 4080 3574 4136 Dicit
3619 4076 3773 4168 Apost?

2290 4180 2396 4246 lus,
2445 4190 2578 4247 ctc.,
2634 4197 2795 4251 usque
2833 4181 2902 4235 ad
2951 4180 3302 4250 Evangelium
3353 4192 3536 4233 meum.
3583 4170 3771 4243 (ldemdl
3862 4176 3863 4225 i

2288 4271 2422 4342 psal.
2460 4287 2621 4338 Lxxv,
2648 4281 2776 4326 tom.
2802 4271 2890 4338 IV,
2926 4271 3165 4342 p.1,col.
3200 4270 3305 4326 956
3332 4280 3383 4325 et
3404 4270 3532 4336 seq.)

2361 4364 2461 4432 Qui
2488 4379 2618 4437 ergo
2643 4373 2932 4429 noverunt,
2961 4372 3096 4430 ctc.,
3121 4380 3284 4431 usque
3307 4362 3373 4417 ad
3395 4362 3615 4433 ignorant
3641 4349 3768 4437 Deuui.

2286 4457 2478 4530 (Idem,
2503 4432 2596 4512 lib.
2619 4458 2684 4512 de
2702 4457 2894 4513 Gratia
2907 4467 2953 4513 et
2978 4457 3068 4513 lib.
3097 4457 3278 4521 arbit.,
3301 4466 3424 4512 tom.
3450 4451 3507 4518 X,
3528 4454 3642 4522 part.
3660 4432 3769 4507 1,col.

2287 4551 2394 4609 884
2423 4565 2477 4608 et
2503 4553 2644 4623 seq.)

3860 4235 3866 4447 Ι

2290 4744 2495 4790 rentur.
2567 4735 2758 4808 (Idem,
2842 4744 2997 4809 tract.
3080 4735 3282 4806 Evang.
3361 4730 3613 4788 semiudum
3663 4716 3767 4773 Iona.

2289 4844 2513 4894 Lxxxix,
2543 4836 2673 4883 tom.
2703 4827 2787 4895 Ill,
2813 4838 2954 4898 part.
2987 4844 3057 4893 ιι,
3100 4828 3203 4884 col.
3242 4829 3374 4886 1557
3403 4835 3455 4881 et
3474 4819 3595 4891 seq.)

2364 4920 2487 4974 Non
2520 4922 2657 4974 enim
2699 4922 2966 4976 auditores
2991 4921 3116 4992 legis
3155 4923 3293 4993 justi
3347 4930 3459 4976 sunt
3487 4911 3607 4985 apud
3638 4904 3766 4959 Deum,

2286 5021 2417 5079 εισι,
2472 5029 2645 5085 usque
2705 5014 2774 5069 ad
2826 5016 3111 5070 secundum
3167 5014 3497 5086 Evnngelium
3548 5003 3768 5061 meatur?!

2284 5106 2466 5163 Iesum
2491 5107 2778 5163 Christum.
2806 5110 3106 5167 Videndum
3129 5121 3227 5177 est,
3265 5118 3388 5173 ctc.,
3415 5117 3558 5175 usque
3589 5092 3645 5223 ad,
3667 5096 3767 5142 πεδ’

2284 5199 2386 5223 ...πη
2420 5216 2773 5223 ...η----ῆμηημ
2844 5202 3006 5223 λιμῷ
3089 5203 3150 5223 ιιι
3232 5201 3284 5223 Α-
3334 5197 3512 5223 a..:..:...
3558 5197 3597 5223 οι
3647 5182 3764 5223 inerti.

3693 5190 3764 5232 era,

2347 5524 2490 5592 Quid
2510 5542 2635 5598 ergo
2664 5525 2891 5597 amplius
2912 5526 3127 5593 Judazo,
3153 5540 3320 5597 usque
3353 5521 3414 5578 ad
3442 5518 3556 5574 sicut
3584 5500 3762 5570 sui?”

657 5639 753 5696 Ira
773 5650 820 5697 et
843 5642 1153 5715 indignatio,
1176 5644 1451 5699 tribulatio
1491 5653 1540 5699 et
1571 5644 1821 5714 angustia
1864 5645 1920 5699 in
1960 5660 2169 5700 omnem
2276 5650 2367 5696 est.
2402 5641 2511 5713 Ego
2536 5650 2721 5698 autem
2765 5642 2877 5698 dixi
2912 5642 2966 5695 in
2996 5641 3199 5697 exslasi
3243 5636 3357 5696 mea
3419 5640 3538 5693 ειοον
3570 5599 3762 5715 ’ΝΜ-ἒξ

587 5695 817 5792 animum
843 5695 1071 5793 tota;
1085 5695 1832 5809 .5;.‘.‘...‘.-‘.‘"...1...,‘3.7...~
1860 5695 2171 5808 sunt

2290 5735 2371 5791 uni
2423 5695 2692 5793 altissimi.
2749 5695 3323 5809 (εΪΑιιέζείριηι.
3370 5743 3481 5792 ριν,
3537 5728 3644 5774 ιοιιι.
3692 5695 3759 5756 IV‘

585 5826 773 5887 Gravi.
795 5824 903 5891 Soli
918 5832 1061 5888 enim
1084 5830 1310 5901 parvuli,
1330 5839 1462 5896 ctc.,
1484 5846 1645 5902 usque
1661 5831 1799 5893 adet
1813 5829 2025 5888 Graece.
2043 5831 2187 5903 (Id.,,

2278 5841 2417 5902 part.
2440 5850 2509 5898 ιι,
2538 5832 2641 5887 col.
2697 5831 2884 5903 uss.)

2876 5227 3034 5269 ιυυΙΙΙ,
3084 5227 3174 5257 Ποο
3222 5227 3284 5255 ut:
3328 5227 3513 5270 ομιιιιιι
3557 5227 3593 5242 ιι
3630 5227 3705 5235 ν---τ
3755 5227 3761 5232 -

2915 5296 3022 5351 226
3049 5308 3105 5351 et
3129 5296 3271 5367 seq.)

2876 5410 3104 5469 CAPUT
3160 5411 3243 5468 Ill.

2876 5526 2947 5581 sl
2953 5527 3127 5593 udam,
3153 5540 3320 5597 usque
3353 5521 3414 5578 ad
3442 5518 3556 5574 sicut
3584 5500 3762 5570 86W"

2876 5692 2877 5695 η
2912 5642 2966 5695 in
2996 5641 3199 5697 exslasi
3243 5636 3357 5696 mea
3419 5640 3538 5693 ctc.,
3570 5626 3695 5687 «84W
3718 5599 3762 5656 δέ

2899 5737 3038 5809 Aug.
3089 5740 3143 5792 in
3193 5741 3323 5808 psal.
3370 5743 3481 5792 ριν,
3537 5728 3644 5774 lout.
3692 5695 3759 5756 ΙΨ

2876 5842 2884 5890 i
