3970 6306
230 408 343 469 285

307 524 470 584 Verbi
508 519 682 595 gratia
706 560 723 589 ,
760 528 989 593 potens,
1028 527 1133 575 etc.
1160 558 1177 583 ,

226 615 604 675 mendacium.
644 612 911 687 (S.Aug.,
953 610 1044 666 lib.
1099 627 1282 675 serm.,
1325 619 1453 665 tom.
1496 606 1561 674 ν,
1604 614 1745 678 part.
1785 622 1822 671 ι,

229 708 339 767 col.
370 706 475 763 501
511 714 567 762 et
600 703 741 777 seq.)

307 803 378 861 Ut
405 801 876 873 justiﬁceris,...et
905 814 997 870 ego
1036 808 1284 870 tanquam
1318 805 1560 869 peccator
1572 794 1829 866 judicor?

226 896 333 955 Cui
361 896 529 958 dicat,
561 891 773 949 diﬁicile
799 900 881 947 est
907 891 1207 953 advertere,
1241 900 1373 953 etc.,
1402 903 1562 957 usque
1588 886 1657 939 ad
1695 884 1827 941 facti

226 994 363 1043 sunt
387 984 653 1041 homines.
708 981 832 1053 (ld.,
863 981 917 1036 in
949 979 1081 1053 psal.
1118 996 1165 1043 L,
1204 987 1334 1034 tom.
1360 977 1447 1044 IV,
1477 987 1616 1048 part.
1648 994 1684 1044 ι,
1717 975 1819 1030 col.

227 1077 341 1135 590
369 1087 423 1134 et
446 1075 590 1147 seq.)

306 1164 377 1221 Et
406 1182 510 1220 non
540 1164 673 1218 sicut
706 1160 1143 1232 blasphemamur,
1173 1171 1221 1215 et
1246 1161 1380 1215 sicut
1412 1159 1562 1215 aiunt
1610 1159 1825 1232 quidam

230 1276 330 1315 nos
371 1258 565 1321 dicere,
612 1255 871 1327 faciamus
914 1252 1055 1308 mala
1085 1262 1138 1306 ut
1167 1252 1371 1308 veniant
1408 1253 1563 1319 bona,
1601 1269 1825 1324 quorum

227 1350 505 1407 damnatio
536 1349 694 1421 justo
738 1357 833 1402 est.
880 1345 1126 1407 Perversi
1175 1345 1445 1411 homines,
1490 1354 1616 1410 etc.,
1662 1362 1826 1416 usque

228 1445 303 1498 ad
328 1441 563 1499 cantabo
592 1438 707 1506 tibi,
744 1438 989 1494 Domine.
1043 1437 1166 1509 (ld.,
1200 1437 1291 1491 lib.
1322 1438 1385 1492 de
1424 1434 1609 1493 Gratia
1652 1447 1700 1492 et
1732 1437 1822 1493 lib.

194 1600 202 1608 ι
228 1533 418 1600 arbit.,
450 1542 582 1587 tom.
614 1530 684 1596 X,
712 1537 852 1600 part.
880 1545 921 1595 ι,
947 1528 1049 1584 col.
1080 1528 1230 1601 910.)

306 1648 450 1715 Quid
472 1664 593 1720 ergo
611 1644 957 1717 praecedimus
987 1662 1075 1701 eos
1095 1646 1122 1699 7
1170 1644 1539 1716 Nequaquam.
1594 1646 1826 1703 Conten-

230 1741 437 1796 tiouem
464 1740 659 1811 ipsam,
685 1744 816 1803 etc.,
843 1751 1006 1801 usque
1025 1738 1095 1798 ad
1122 1737 1560 1795 interfectoribus
1586 1736 1820 1795 Domini.

229 1833 434 1905 (ld.,in
450 1832 714 1904 cmpos.“
732 1827 936 1894 Galat.,
956 1839 1087 1889 tam.
1118 1830 1205 1896 Ill,
1232 1838 1378 1901 part.
1408 1847 1468 1897 ιι,
1496 1830 1602 1888 col.
1632 1831 1818 1905 2107.)
1850 1880 1899 1943 Β

305 1946 523 2003 Causati
557 1946 695 2001 enim
728 1960 909 2000 sumus
938 1944 1156 1999 Judteos
1178 1954 1248 1999 -et
1287 1944 1499 2001 Crtecos
1523 1960 1698 2001 omnes
1727 1947 1821 2001 sub

224 2050 444 2112 peccato
482 2055 685 2104 esse,...
716 2028 836 2092 non
866 2046 944 2093 est
974 2039 1240 2109 requirens
1268 2037 1458 2093 Deum.
1502 2036 1686 2110 Usque
1715 2055 1824 2097 non

226 2141 318 2189 est
373 2132 535 2188 timor
591 2130 688 2187 Dei
744 2140 870 2186 ante
920 2130 1107 2186 octdos
1157 2145 1365 2186 eorum.
1442 2129 1701 2188 Dominus
1758 2133 1826 2190 de

225 2224 394 2291 ccelo,
442 2232 574 2288 etc.,
621 2237 786 2293 usque
837 2222 907 2275 ad
960 2235 1068 2275 non
1106 2221 1303 2277 timent
1340 2221 1529 2278 Deum.
1592 2222 1719 2296 (ld.,
1769 2225 1823 2281 in

222 2319 367 2389 psal.
399 2333 520 2385 xru,
548 2323 682 2373 tom.
715 2315 807 2380 lV,
837 2323 979 2386 part.
1010 2330 1049 2382 ι,
1078 2314 1183 2371 col.
1216 2314 1313 2371 141
1347 2323 1402 2371 et
1430 2314 1573 2387 seq.)

301 2407 510 2466 Scimus
552 2419 728 2462 autem
769 2409 1020 2478 quoniam
1069 2421 1394 2480 quacunque
1430 2405 1519 2461 lea:
1560 2406 1820 2478 loquitur,

224 2502 313 2557 his
333 2501 422 2573 qui
447 2501 505 2555 in
533 2499 644 2571 lege
667 2508 791 2557 sunt
816 2498 1070 2570 loquitur.
1110 2498 1168 2551 in
1350 2500 1522 2564 enim,
1555 2507 1683 2565 etc.,
1735 2515 1822 2554 uss-

221 2609 326 2665 que
370 2593 439 2646 ad
489 2592 833 2647 misereatur.
883 2589 1006 2662 (ld.,
1051 2591 1106 2645 iu
1148 2590 1472 2661 empositione
1527 2587 1699 2661 Epist.
1750 2591 1821 2646 ad

221 2682 410 2739 Galat.
444 2691 576 2740 tom.
608 2683 697 2749 ill,
728 2691 869 2754 part.
900 2698 961 2749 ιι,
982 2682 1088 2743 col.
1110 2682 1300 2752 2125.)

300 2795 578 2852 Conclusit
622 2793 901 2865 Scriptura
933 2794 1112 2850 omnia
1152 2793 1252 2849 sub
1289 2803 1537 2864 peccato,
1570 2802 1702 2860 elc.,
1732 2809 1820 2847 us—

217 2906 329 2961 que
351 2888 422 2943 ad
447 2904 631 2945 coram
652 2898 729 2945 te.
786 2888 911 2961 (ld.,
937 2888 991 2944 in
1016 2888 1151 2961 psal.
1179 2903 1366 2954 cxvm,
1395 2896 1528 2945 tom.
1559 2887 1651 2955 Ν,
1674 2896 1813 2957 part.

218 2995 289 3046 ιι,
322 2980 426 3036 col.
458 2980 643 3049 1581.)

300 3070 441 3137 Quia
463 3086 528 3125 ea:
550 3070 791 3143 operibus
812 3069 940 3141 legis
965 3086 1069 3125 non
1082 3069 1471 3141 justiﬁcabitur
1498 3071 1668 3124 omnis
1692 3086 1816 3124 caro

217 3179 407 3217 coram
434 3162 545 3218 illo.
579 3161 658 3218 Ex
687 3163 941 3234 operibus
975 3162 1107 3234 legis
1127 3205 1141 3230 ,
1173 3172 1303 3227 etc.,
1336 3179 1498 3235 usque
1522 3162 1591 3216 ad
1622 3163 1812 3217 crede-

1108 372 1501 460 ,Exposmo
1543 400 1606 456 IN
1645 400 1792 455 EPP.
1836 398 2059 457 PAULI.
2105 428 2175 442 -ρα
2214 400 2315 458 EP.
2358 402 2447 457 AD
2490 402 2656 460 nou.

1220 534 1381 589 usque
1415 517 1484 570 ad
1523 515 1588 569 ad
1636 523 1685 568 te
1725 512 1837 567 vult
1866 514 1909 575 Α

3417 409 3525 465 286

2014 513 2133 584 (ld.,
2183 516 2236 568 in
2263 514 2397 585 psal.
2452 514 2645 585 cxvu.)
2679 511 2781 570 Ubi
2833 521 2914 570 est
2962 529 3091 587 ergo
3122 516 3368 588 gloriatio
3402 521 3532 577 tua?

1932 604 2166 660 Exclusa
2193 613 2296 661 est.
2330 605 2433 660 Per
2458 621 2623 676 quam
2654 604 2870 676 legem?
2913 606 3221 663 factorum?
3251 608 3389 666 Non.
3421 608 3527 668 Sed

1928 712 2031 768 per
2072 696 2244 768 legem
2276 696 2420 751 ﬁdei.
2473 696 2598 752 Haec
2626 706 2710 753 est
2739 697 2823 753 lex
2872 697 2994 753 ﬁdei
3025 715 3129 770 qua
3165 701 3440 759 credimus
3471 711 3525 760 et

1931 803 2150 844 oramus
2174 803 2272 859 per
2296 788 2527 859 gratiam
2554 788 2711 845 nobis
2741 790 2931 845 donari
2957 832 2969 855 ,
3001 798 3061 845 ut
3088 789 3351 849 faciamus
3381 795 3525 866 quod

1928 897 2027 954 per
2057 882 2415 951 nosmetipsos
2437 880 2661 954 implere
2692 898 2798 938 non
2824 899 3144 954 possumus,
3176 900 3243 940 ne
3268 886 3525 957 ignorau-

1930 983 2011 1029 tes
2041 973 2131 1029 Dei
2157 972 2424 1042 justitiam
2446 1015 2461 1039 ,
2492 982 2546 1031 et
2585 983 2827 1030 nostram
2873 975 3113 1035 volentes
3161 978 3526 1052 constituere,

1922 1066 2147 1138 iustitiae
2175 1065 2270 1121 Dei
2320 1082 2427 1121 non
2451 1082 2637 1123 smnus
2669 1067 2914 1138 subjecti.
2947 1066 3002 1121 In
3042 1066 3158 1139 lege
3205 1068 3385 1140 itaque
3410 1054 3526 1127 iac-

1930 1167 2104 1214 torum
2150 1166 2233 1214 est
2274 1158 2369 1213 Dei
2409 1158 2647 1229 iubentis
2690 1158 2925 1230 justitia,
2958 1158 3012 1215 in
3041 1158 3158 1231 lege
3189 1168 3369 1215 autem
3400 1159 3524 1215 ﬁdei

1930 1251 2299 1307 subvenientis
2328 1250 2719 1306 misericordia.

1998 1344 2332 1399 Arbitramur
2366 1346 2504 1399 enim
2519 1345 2811 1415 justi/icari
2835 1344 3101 1401 hominem
3123 1361 3216 1415 per
3234 1344 3390 1415 ﬁdem
3415 1346 3526 1401 sine

1928 1437 2167 1508 aperibus
2193 1435 2341 1507 legis.
2370 1438 2451 1491 An
2478 1436 2792 1491 Juda’orum
2834 1435 2969 1490 Deus
2992 1436 3239 1490 tantum?
3262 1435 3451 1491 Nonne
3475 1444 3524 1491 et

1925 1529 2154 1601 gentium
2173 1521 2346 1582 ?'Imo
2377 1536 2424 1582 et
2454 1528 2702 1599 gentium.
2734 1525 2857 1599 (ld.,
2879 1543 3035 1581 serm.
3060 1526 3124 1580 de
3154 1525 3525 1583 lmmolatione

1927 1618 2084 1673 Isaac
2102 1617 2170 1671 ad
2187 1615 2306 1671 Gal.
2327 1618 2428 1691 ιν.)
2446 1615 2691 1673 Credidit
2711 1617 2984 1672 Abraham
3002 1617 3112 1673 Deo
3132 1625 3188 1672 et
3209 1625 3519 1688 reputatum

1926 1716 2012 1764 est
2032 1708 2106 1763 illi
2137 1709 2203 1763 ad
2218 1707 2513 1778 justitiam,
2528 1709 2803 1764 etamieus
2824 1708 2916 1763 Dei
2935 1709 3234 1779 appellatus
3249 1716 3348 1763 est.
3368 1709 3524 1776 Quod

1927 1800 2154 1856 credidit
2169 1800 2301 1865 Deo,
2318 1801 2466 1855 intus
2480 1801 2531 1855 in
2547 1800 2731 1865 corde,
2745 1801 2796 1854 in
2814 1800 2924 1855 sola
2941 1800 3044 1855 ﬁde
3057 1799 3320 1867 est.Quod
3338 1809 3521 1855 autem

1929 1894 2315 1951 immolandum
2340 1893 2509 1948 ﬁlium
2537 1894 2721 1960 duxit,
2751 1894 2892 1964 quod
2916 1893 3216 1965 intrepidus
3240 1893 3522 1948 dexteram

1926 1988 2177 2053 armavit,
2204 1986 2346 2058 quod
2367 1985 2477 2058 jam
2508 1985 2699 2041 feriret
2718 1985 2823 2041 nisi
2845 1981 2978 2041 voce
3000 1992 3298 2051 teneretur,
3327 1998 3522 2055 magna

1926 2080 2060 2137 ﬁdes
2091 2088 2171 2137 est
2221 2080 2445 2151 utique,
2494 2079 2587 2134 sed
2646 2087 2700 2133 et
2750 2092 3005 2149 magnum
3053 2092 3205 2147 opus.
3239 2077 3306 2132 Et
3346 2077 3523 2147 ipsum

1926 2188 2063 2247 opus
2084 2172 2328 2228 laudavit
2360 2172 2503 2229 Deus
2522 2213 2538 2238 ,
2566 2186 2686 2228 cum
2715 2172 2944 2238 diceret,
2969 2172 3225 2242 quoniam
3254 2170 3523 2228 exaudisti

1926 2282 2111 2323 vocem
2161 2280 2359 2320 meam.
2411 2263 2590 2333 Quare
2638 2279 2768 2337 ergo
2817 2263 3092 2335 apostolus
3147 2262 3350 2319 Paulus
3399 2263 3518 2319 ait:

1921 2352 2581 2425 Arbitramur‘justiﬁcari
2610 2355 2885 2411 hominem
2917 2370 3015 2427 per
3045 2354 3204 2409 ﬁdem
3234 2355 3350 2410 sine
3380 2370 3513 2425 ope-

1925 2449 2076 2505 ribus
2100 2448 2270 2521 legis?
2298 2448 2366 2503 Et
2394 2447 2502 2503 alio
2528 2447 2646 2502 loco
2675 2447 2825 2502 dicit.
2878 2446 2974 2501 Est
3001 2447 3132 2516 ﬁdes
3167 2463 3281 2520 qua;
3307 2464 3399 2517 per
3438 2447 3520 2501 di-

1922 2541 2195 2597 lectionem
2242 2550 2508 2614 operatur.
2543 2539 2825 2608 Quomodo
2856 2539 2990 2596 ﬁdes
3034 2555 3131 2611 per
3173 2540 3519 2596 dilectionem

1921 2641 2196 2706 operatur,
2231 2639 2286 2688 et
2310 2632 2583 2703 quomodo
2623 2630 2957 2701 justiﬁcatur
3003 2631 3165 2685 homo
3212 2645 3310 2701 per
3356 2631 3516 2686 ﬁdem

1923 2724 2037 2779 sine
2063 2723 2318 2794 operibus
2362 2723 2528 2795 legis?
2561 2722 2804 2778 Credidit
2836 2721 3058 2792 aliquis,
3092 2722 3337 2793 percepit
3387 2721 3510 2777 ﬁdei

1922 2825 2297 2885 sacramenta,
2347 2825 2402 2873 et
2449 2824 2693 2871 mortuus
2745 2824 2857 2882 est,
2913 2814 3082 2870 defuit
3126 2815 3202 2869 illi
3252 2815 3516 2886 operandi

1921 2916 2151 2978 tempus.
2190 2906 2332 2974 Quid
2375 2905 2639 2962 dicimus?
2684 2905 2823 2973 Quia
2869 2918 2974 2963 non
3020 2912 3110 2960 est
3149 2903 3517 2975 iustiﬁcatus?

1916 2997 2083 3054 Plane
2109 2998 2337 3054 dicimus
2359 2995 2742 3067 justiﬁeatum,
2778 2995 3090 3053 credentem
3140 2988 3194 3049 in
3241 3009 3365 3050 eum
3414 2993 3510 3065 qui

1914 3089 2177 3162 justiﬁca‘t
2204 3090 2448 3161 impium.
2480 3089 2621 3161 Ergo
2654 3089 2760 3145 iste
2795 3088 3128 3160 justiﬁcatus
3153 3095 3272 3154 est,
3299 3094 3356 3141 et
3379 3101 3513 3158 ope-

1920 3194 2071 3240 ratus
2096 3199 2201 3240 non
2237 3192 2338 3239 est.
2370 3182 2630 3255 lmpletur
2663 3181 2929 3237 sententia
2978 3179 3207 3251 apostoli
3233 3180 3464 3235 dicentis
3493 3195 3509 3233 :

214 3253 567 3325 τεηίυτυυάον
582 3254 638 3308 in
652 3253 974 3325 επροιείτίοηο
991 3253 1243 3344 ΕΡίξίοίίε
1261 3254 1332 3308 ad
1354 3251 1706 3319 autat-1‘0"“
1723 3251 1808 3320 ω’
1841 3251 1886 3315 C
1917 3275 2166 3330 Arbitror
2183 3251 2473 3344 iustiﬁcari
2506 3272 2784 3328 hominem
2810 3286 2909 3341 per
2932 3269 3095 3326 ﬁdem
3116 3271 3238 3327 sine
3258 3271 3515 3343 operibus

218 3354 368 3416 part.
401 3362 441 3400 ιι
466 3387 479 3411 ,
510 3345 613 3401 col.
644 3345 785 3400 21M
815 3354 871 3400 et
900 3359 1016 3414 seq.
1046 3343 1114 3400 ad
1140 3344 1329 3418 2l16.)

300 3454 407 3514 Per
425 3458 588 3532 legem
611 3460 749 3514 enim
771 3460 1000 3532 cognitio
1024 3461 1243 3531 peccati.
1273 3460 1524 3531 Cognitio
1549 3460 1685 3519 dixit
1706 3470 1815 3517 neu

219 3551 641 3617 consummatio,
667 3558 797 3619 etc.,
828 3567 990 3622 usque
1011 3551 1081 3605 ad
1125 3551 1266 3621 quod
1293 3552 1382 3617 lex
1409 3554 1671 3624 imperat.’
1689 3552 1811 3625 (ld.,

215 3639 316 3694 lib.
363 3642 425 3695 de
450 3639 635 3696 Gratia
658 3650 706 3697 et
739 3642 900 3697 libero
944 3642 1126 3709 arbit.,
1159 3651 1289 3698 tom.
1318 3644 1364 3699 X
1387 3685 1400 3709 ,
1438 3651 1579 3715 part.
1613 3659 1664 3709 ι,
1706 3642 1809 3699 col.

215 3731 349 3789 894.

294 3825 428 3883 Nam
475 3826 593 3883 sine
624 3827 717 3883 Dei
765 3827 936 3895 dono,
978 3836 1111 3895 etc.,
1156 3845 1316 3902 usque
1362 3830 1433 3884 ml
1474 3830 1808 3902 prephetari.

212 3917 342 3992 (ld.,
372 3917 462 3973 lib.
487 3919 785 3985 enchirid.,'
807 3927 940 3976 tom.
975 3917 1072 3986 Vl,
1105 3920 1209 3975 col.
1243 3919 1393 3991 287.)

290 4010 429 4079 Quia
478 4026 580 4066 non
621 4010 1029 4080 justilicabitur,
1070 4022 1196 4077 elc.,
1230 4030 1391 4083 usque
1420 4013 1489 4067 ad
1520 4029 1618 4068 nec
1664 4014 1805 4069 indi-

207 4117 346 4174 gens
369 4101 506 4172 lege.
540 4101 662 4174 (ld.,
685 4103 779 4160 lib.
806 4103 870 4159 de
890 4101 1090 4175 Spiritu
1116 4114 1163 4159 et
1187 4104 1384 4171 littera,
1415 4112 1541 4159 tom.
1568 4104 1635 4171 Χ,
1664 4113 1806 4177 part.

209 4213 266 4261 ι,
298 4196 401 4251 col.
442 4194 547 4252 208
578 4204 633 4252 et
661 4197 802 4267 seq.)

289 4287 447 4342 Nunc
475 4297 649 4342 autem
678 4289 789 4343 sine
830 4288 938 4359 lege
971 4288 1182 4360 justitia
1214 4287 1311 4344 Dei
1340 4290 1678 4361 manifestata
1706 4300 1802 4357 est,

1914 3370 2069 3443 legis.
2098 3369 2266 3425 Latro
2312 3369 2406 3439 qui
2457 3384 2579 3425 cum
2627 3366 2856 3423 Domino
2882 3365 3174 3420 cruciﬁxus
3221 3373 3306 3420 est
3347 3365 3512 3421 corde

1867 3493 1881 3507 ο
1914 3463 2139 3521 credidit
2173 3464 2239 3518 ad
2261 3462 2531 3534 justitiam
2552 3501 2567 3527 ,
2595 3475 2690 3516 ore
2719 3458 3004 3515 confessus
3033 3466 3119 3514 est
3159 3457 3227 3513 ad
3253 3457 3506 3514 salutem.

1914 3556 2048 3611 Nam
2075 3555 2208 3610 ﬁdes
2233 3570 2353 3625 quae
2380 3568 2477 3625 per
2505 3550 2849 3606 dilectionem
2878 3558 3158 3619 operatur,
3199 3557 3255 3604 et
3303 3549 3351 3605 si
3402 3564 3509 3604 non

1913 3651 1984 3704 sit
2006 3651 2058 3703 in
2084 3665 2190 3719 quo
2217 3648 2457 3702 exterius
2488 3652 2761 3715 operetur,
2792 3643 2845 3697 in
2875 3642 3040 3697 corde
3068 3648 3246 3696 tamen
3275 3641 3364 3697 illa
3393 3640 3506 3697 fer-

1911 3757 2044 3797 vens
2093 3750 2358 3795 servatur.
2404 3736 2540 3793 Nam
2587 3743 2745 3791 erant
2770 3733 2991 3805 quidam
3043 3732 3096 3787 in
3139 3732 3257 3803 lege
3299 3732 3393 3803 qui
3438 3734 3506 3789 de

1911 3833 2165 3904 operibus
2208 3831 2342 3903 legis
2382 3829 2771 3902 gloriabantur,
2810 3841 2930 3897 qua:
2958 3825 3190 3881 fortasse
3233 3840 3338 3881 non
3372 3825 3505 3880 dile-

1910 3925 2088 3980 ctione
2108 3965 2121 3991 ,
2146 3923 2241 3978 sed
2270 3923 2463 3977 timore
2494 3920 2769 3975 facrebant
2801 3935 2813 3973 :
2844 3926 2901 3974 et
2947 3914 3203 3973 volebant
3233 3931 3299 3973 se
3322 3916 3502 3987 justus

1907 3998 2114 4082 videri,
2143 4022 2198 4072 et
2233 4013 2470 4087 praeponi
2501 4013 2754 4085 gentibus
2774 4054 2786 4074 ,
2817 4026 2937 4082 qua:
2966 4024 3102 4081 opus
3127 4008 3261 4081 legis
3288 4026 3395 4064 non
3419 4009 3501 4066 fe-

1908 4117 2115 4166 cerant.
2147 4108 2438 4180 Apostolus
2468 4115 2647 4162 autem
2676 4106 2984 4178 prmdicans
3013 4104 3173 4160 ﬁdem
3210 4106 3497 4178 gentibus,

1845 4239 1848 4241 λ
1905 4216 2027 4256 cum
2060 4215 2154 4255 eos
2196 4201 2288 4270 qui
2338 4198 2671 4254 accedebant
2719 4198 2785 4252 ad
2823 4196 3149 4262 Dominum,
3176 4197 3388 4252 videret
3406 4197 3497 4266 ju-

1906 4292 2170 4347 stiﬁcatos
2198 4308 2264 4346 ex
2290 4290 2425 4355 ﬁde,
2466 4298 2527 4344 ut
2551 4292 2664 4360 jam
2702 4289 2794 4359 qui
2823 4289 3168 4345 crediderant
3205 4289 3343 4343 bone
3371 4302 3500 4357 ope-

202 4380 495 4449 testiﬁcata
520 4397 613 4449 per
642 4379 803 4452 legem
841 4391 890 4436 et
927 4382 1225 4452 prophetas.
1277 4379 1625 4451 Evangelium
1659 4383 1803 4438 enim
1905 4397 2176 4448 rarentur,
2209 4400 2314 4439 non
2353 4383 2479 4454 quia
2523 4382 2663 4437 bene
2701 4379 2912 4451 operati
2961 4389 3090 4435 sunt
3136 4381 3364 4434 credere
3391 4392 3499 4432 me-

202 4471 581 4528 testimonium
614 4470 778 4526 habet
816 4487 845 4526 a
888 4470 1008 4543 lege
1039 4480 1091 4526 et
1120 4472 1421 4542 prophetis.
1456 4472 1609 4530 Unde
1638 4474 1802 4529 etiam
1906 4487 2180 4547 rerentur,
2208 4477 2532 4534 exclamavit
2555 4491 2780 4533 securus
2810 4483 2864 4529 et
2908 4474 3016 4539 ait,
3048 4474 3171 4543 quia
3214 4480 3392 4541 potest
3412 4470 3496 4540 ju-

200 4564 258 4620 in
293 4569 476 4616 monte
504 4562 646 4618 inter
677 4570 961 4634 utramque
987 4578 1275 4634 personam
1322 4564 1530 4621 medius
1565 4564 1802 4623 salvator
1830 4619 1875 4637 ,η
1906 4573 2132 4627 stiﬁcari
2159 4572 2323 4627 homo
2350 4585 2413 4625 ex
2442 4569 2547 4624 ﬁde
2572 4569 2687 4622 sine
2708 4565 2963 4637 operibus
2988 4564 3153 4635 legis,
3182 4572 3241 4617 ut
3270 4562 3345 4616 illi
3375 4577 3492 4616 ma-

198 4652 430 4710 eﬁ‘ulsit.
459 4651 651 4709 Omnes
675 4656 812 4708 enim
838 4666 1198 4725 peccaverunt,
1221 4664 1352 4724 etc.,
1371 4674 1533 4729 usque
1558 4660 1627 4714 ad
1666 4661 1798 4716 cba-
1828 4651 1879 4681 υ
1906 4664 1986 4736 gis
2015 4680 2122 4718 non
2154 4662 2354 4718 fuerint
2394 4660 2557 4732 justi,
2586 4659 2676 4729 qui
2706 4658 2850 4728 quod
2890 4655 3161 4711 faciebant
3190 4655 3390 4709 timore
3417 4652 3492 4708 fa-

199 4749 342 4804 ritas
382 4747 696 4818 inspiretur.
724 4747 850 4820 (ld.,
872 4749 927 4805 in
947 4749 1081 4816 psal.
1107 4767 1171 4807 xc
1195 4751 1248 4806 in
1272 4740 1536 4810 prooemio
1575 4766 1621 4809 et
1659 4756 1797 4827 psal.
1901 4757 2119 4811 ciebant
2155 4769 2278 4810 cum
2305 4752 2439 4807 ﬁdes
2460 4767 2558 4823 per
2579 4750 2923 4806 dilectionem
2945 4755 3200 4817 operetur
3221 4746 3274 4801 in
3298 4745 3485 4814 corde,

192 4854 394 4906 cxvtn,
420 4847 551 4895 tom.
586 4837 676 4908 IV,
703 4856 757 4913 p.
790 4856 866 4904 ιι,
896 4840 1000 4897 col.
1032 4841 1169 4897 1574
1200 4852 1253 4898 et
1278 4844 1417 4916 seq.)
1899 4857 2063 4902 etiam
2092 4847 2137 4902 si
2169 4846 2301 4901 loris
2347 4861 2450 4899 non
2500 4843 2613 4898 exit
2657 4843 2708 4896 in
2745 4855 2929 4912 opere.
2979 4841 3272 4910 Apostolus
3300 4841 3467 4912 praedi

276 4931 473 4989 Omnes
500 4945 841 5005 peccaverunt
873 4944 920 4990 et
947 4946 1093 5006 egent
1126 4935 1297 5008 gloria
1324 4938 1441 4994 Dei.
1476 4938 1589 4996 Etsi
1650 4943 1793 4998 enim
1898 4956 2031 4995 cans
2051 4981 2065 5006 ,
2093 4947 2221 5004 etc.,
2257 4951 2419 5010 usque
2441 4937 2510 4989 ad
2542 4935 2726 4990 multis
2755 4935 2805 4988 in
2832 4934 2965 4991 locis
2987 4935 3244 4990 ostendit.
3272 4936 3370 5009 (Id.
3420 4951 3488 4993 ex

183 5025 314 5097 jam
340 5041 530 5083 sumus
561 5026 612 5083 in
641 5025 859 5082 Christo
892 5041 1028 5082 nova
1065 5036 1336 5094 creatura,
1371 5039 1501 5096 etc.,
1532 5048 1693 5104 usque
1723 5034 1793 5089 ad

192 5115 533 5171 damnantis.
551 5115 675 5187 (ld.,
702 5116 790 5171 lib.
816 5117 879 5172 de
904 5117 1117 5172 Natura
1136 5128 1187 5173 et
1208 5119 1400 5190 gratia,
1419 5129 1547 5177 tom.
1576 5123 1642 5191 X,
1667 5141 1720 5196 p.
1747 5143 1788 5195 ι,

92 5207 96 5209 Α
189 5206 305 5263 col.
338 5204 446 5261 249
474 5202 532 5261 et
556 5204 698 5280 seq.)

271 5296 377 5351 Ubi
402 5307 476 5353 est
512 5316 636 5370 ergo
662 5298 909 5370 gloriatio
937 5310 1029 5355 tua
1049 5301 1074 5367 2
1094 5300 1327 5356 Exclusa
1365 5311 1460 5358 est.
1506 5302 1612 5358 Per
1631 5322 1790 5376 quam

191 5390 408 5462 legem?
438 5389 764 5447 Factorum?
805 5391 948 5448 Non.
1004 5391 1107 5448 Sed
1144 5410 1239 5465 per
1280 5392 1442 5467 legem
1484 5396 1629 5465 ﬁdei.
1663 5395 1787 5453 Sive

191 5483 606 5557 gloriationem,
630 5492 760 5549 etc.,
788 5501 950 5556 usque
976 5485 1045 5539 ad
1072 5484 1428 5541 defluxerunt.
1460 5487 1584 5560 (ld.,
1608 5489 1662 5542 in
1694 5488 1785 5542 lib.

192 5574 264 5628 de
291 5570 494 5645 Spiritu
513 5585 560 5629 et
583 5574 779 5641 littera,
800 5573 1014 5640 tom.X,
1051 5591 1102 5646 p.
1131 5592 1168 5641 ι,
1201 5576 1303 5632 col.
1333 5577 1435 5632 910
1459 5587 1510 5633 et
1540 5580 1678 5651 seq.)

268 5668 389 5726 Lex
407 5684 537 5740 ergo
565 5669 829 5727 factorum
854 5712 868 5736 ,
896 5678 1024 5737 etc.,
1052 5686 1213 5743 usque
1234 5672 1303 5726 ad
1329 5675 1565 5744 gratuita
1590 5676 1783 5746 gratia.

193 5760 439 5837 (ld.,lib.
465 5765 529 5819 de
559 5762 765 5839 Spiritu
793 5773 840 5819 et
866 5762 1072 5832 littera,
1104 5771 1232 5821 tom.
1265 5764 1341 5833 X,
1372 5784 1425 5841 p.
1458 5784 1509 5836 ι,
1543 5768 1643 5825 col.
1681 5768 1787 5825 215

194 5863 257 5917 et
292 5855 436 5929 seq.)
1284 5845 1293 5855 ’

1896 5022 2029 5089 libro
2054 5032 2253 5099 Qumst.
2284 5031 2386 5097 85,
2422 5039 2551 5085 tom.
2587 5028 2686 5094 Vl,
2718 5027 2818 5083 col.
2850 5028 2917 5083 87
2948 5037 3003 5084 et
3025 5028 3166 5099 seq.)

1970 5125 2103 5179 Cum
2135 5138 2265 5196 ergo
2296 5123 2456 5185 dicit,
2490 5131 2620 5185 etc.,
2655 5136 2816 5191 usque
2858 5120 2927 5174 ad
2970 5135 3090 5190 qiue
3134 5122 3315 5176 exteri
3342 5121 3486 5192 Apo-

1898 5219 2043 5276 sto'i.
2075 5217 2198 5291 (ld.,
2228 5217 2317 5270 lib.
2347 5215 2410 5269 de
2429 5212 2564 5267 Fide
2585 5222 2634 5267 et
2655 5213 2915 5283 operibus,
2944 5222 3078 5267 tom.
3111 5211 3208 5278 Vl,
3242 5212 3346 5268 col.
3378 5213 3478 5268 2H

1897 5320 1952 5364 et
1983 5309 2123 5379 seq.)

1970 5401 2234 5466 Quoniam
2261 5398 2471 5471 quidem
2493 5414 2629 5452 unus
2659 5407 2733 5452 est
2773 5396 2916 5452 Deus
2957 5399 3047 5469 qui
3080 5396 3347 5468 justiﬁcat
3384 5398 3489 5452 cir-

1897 5491 2267 5547 cumcisionem
2294 5505 2359 5545 ea:
2384 5489 2518 5559 ﬁde,
2566 5497 2615 5543 et
2662 5490 2980 5560 pra’putium
3008 5504 3101 5560 per
3128 5489 3305 5558 ﬁdem.
3336 5489 3480 5545 Unus

1895 5583 2039 5638 enim
2060 5583 2199 5635 Deus
2227 5580 2316 5652 qui
2339 5578 2625 5649 justiﬁcat,
2640 5590 2744 5636 etc.
2758 5622 2772 5646 ,
2787 5597 2950 5651 usque
2965 5581 3033 5635 ad
3049 5596 3145 5651 per
3160 5580 3339 5635 ﬁdem.
3358 5581 3480 5649 (ld.,

1895 5675 1988 5730 lib.
2023 5674 2087 5728 de
2110 5672 2313 5747 Spiritu
2341 5682 2388 5727 et
2411 5673 2606 5740 littera,
2632 5683 2764 5728 tom.
2790 5668 2864 5740 Χ,
2883 5690 2938 5746 p.
2966 5673 3239 5738 t,cnl.25l
3267 5682 3317 5726 et
3340 5671 3481 5742 seq.)

1968 5765 2157 5839 Legem
2177 5782 2297 5838 ergo
2318 5766 2751 5835 destruimus-per
2769 5765 2928 5835 [idem
2945 5764 2968 5819 .’
2987 5765 3157 5820 Absit.
3183 5762 3287 5819 Sed
3316 5761 3482 5831 legent

1892 5861 2197 5920 statuimus.
2241 5858 2345 5917 Per
2383 5859 2559 5931 legem
2596 5858 2832 5930 cognitio
2871 5858 3113 5937 peccati,
3157 5864 3290 5924 etc.,
3319 5869 3481 5928 usque
