  <div class='ocr_page' id='page_1' title='image "/cluster/home/n/w/nwhite01/storage/ocr_20150623/119/hvd.32044015466915/149.png"; bbox 0 0 3970 6306; ppageno 0'>
   <div class='ocr_carea' id='block_1_1' title="bbox 613 348 734 436">
    <p class='ocr_par' dir='ltr' id='par_1_1' title="bbox 613 348 734 436">
     <span class='ocr_line' id='line_1_1' title="bbox 613 348 734 436; baseline -0.017 0"><span class='ocrx_word' id='word_1_1' title='bbox 613 348 734 436; x_wconf 70' lang='lat' dir='ltr'><strong>2m</strong></span> 
     </span>
    </p>
   </div>
   <div class='ocr_carea' id='block_1_2' title="bbox 1815 384 2682 452">
    <p class='ocr_par' dir='ltr' id='par_1_2' title="bbox 1815 384 2682 452">
     <span class='ocr_line' id='line_1_2' title="bbox 1815 384 2682 452; baseline 0.012 -12"><span class='ocrx_word' id='word_1_2' title='bbox 1815 384 2019 443; x_wconf 76' lang='lat' dir='ltr'><strong>FLORI</strong></span> <span class='ocrx_word' id='word_1_3' title='bbox 2062 387 2338 448; x_wconf 86' lang='lat' dir='ltr'><strong>DlACONl</strong></span> <span class='ocrx_word' id='word_1_4' title='bbox 2376 390 2682 452; x_wconf 80' lang='lat' dir='ltr'><strong>MONACHI</strong></span> 
     </span>
    </p>
   </div>
   <div class='ocr_carea' id='block_1_3' title="bbox 3713 420 3778 478">
    <p class='ocr_par' dir='ltr' id='par_1_3' title="bbox 3713 420 3778 478">
     <span class='ocr_line' id='line_1_3' title="bbox 3713 420 3778 478; baseline 0 0"><span class='ocrx_word' id='word_1_5' title='bbox 3713 420 3778 478; x_wconf 67' lang='lat'><strong>288</strong></span> 
     </span>
    </p>
   </div>
   <div class='ocr_carea' id='block_1_4' title="bbox 613 493 3778 590">
    <p class='ocr_par' dir='ltr' id='par_1_4' title="bbox 613 493 3778 590">
     <span class='ocr_line' id='line_1_4' title="bbox 613 493 3778 590; baseline 0.013 -42"><span class='ocrx_word' id='word_1_6' title='bbox 613 495 680 548; x_wconf 86' lang='lat' dir='ltr'><strong>ad</strong></span> <span class='ocrx_word' id='word_1_7' title='bbox 710 493 1024 552; x_wconf 87' lang='lat' dir='ltr'><strong>liberiestis.</strong></span> <span class='ocrx_word' id='word_1_8' title='bbox 1044 493 1124 567; x_wconf 88' lang='lat' dir='ltr'><strong>(S.</strong></span> <span class='ocrx_word' id='word_1_9' title='bbox 1145 493 1305 567; x_wconf 65' lang='lat' dir='ltr'><strong>Aug,</strong></span> <span class='ocrx_word' id='word_1_10' title='bbox 1327 495 1609 568; x_wconf 81' lang='lat' dir='ltr'><strong>Iom.X,p.</strong></span> <span class='ocrx_word' id='word_1_11' title='bbox 1640 497 1800 565; x_wconf 82' lang='lat' dir='ltr'><strong>t,col.</strong></span> <span class='ocrx_word' id='word_1_12' title='bbox 1828 497 1936 552; x_wconf 79' lang='grc'><strong>255</strong></span> <span class='ocrx_word' id='word_1_13' title='bbox 1959 507 2016 556; x_wconf 86' lang='lat' dir='ltr'><strong>et</strong></span> <span class='ocrx_word' id='word_1_14' title='bbox 2042 501 2184 574; x_wconf 85' lang='lat' dir='ltr'><strong>seq.)</strong></span> <span class='ocrx_word' id='word_1_15' title='bbox 2215 507 2271 568; x_wconf 75' lang='grc' dir='ltr'><strong>Α</strong></span> <span class='ocrx_word' id='word_1_16' title='bbox 2368 505 2424 561; x_wconf 92' lang='lat' dir='ltr'><strong>Si</strong></span> <span class='ocrx_word' id='word_1_17' title='bbox 2438 508 2639 564; x_wconf 89' lang='lat' dir='ltr'><strong>veteris</strong></span> <span class='ocrx_word' id='word_1_18' title='bbox 2651 511 3257 585; x_wconf 82' lang='lat' dir='ltr'><strong>populi,etc.,usquead</strong></span> <span class='ocrx_word' id='word_1_19' title='bbox 3276 520 3778 590; x_wconf 76' lang='lat' dir='ltr'><strong>manebitintetemum.</strong></span> 
     </span>
    </p>
   </div>
   <div class='ocr_carea' id='block_1_5' title="bbox 1224 652 1580 712">
    <p class='ocr_par' dir='ltr' id='par_1_5' title="bbox 1224 652 1580 712">
     <span class='ocr_line' id='line_1_5' title="bbox 1224 652 1580 712; baseline 0.006 -2"><span class='ocrx_word' id='word_1_20' title='bbox 1224 652 1452 712; x_wconf 85' lang='lat' dir='ltr'><strong>CAPUT</strong></span> <span class='ocrx_word' id='word_1_21' title='bbox 1488 655 1580 712; x_wconf 82' lang='lat' dir='ltr'><strong>IV.</strong></span> 
     </span>
    </p>
   </div>
   <div class='ocr_carea' id='block_1_6' title="bbox 681 763 2194 848">
    <p class='ocr_par' dir='ltr' id='par_1_6' title="bbox 681 763 2194 848">
     <span class='ocr_line' id='line_1_6' title="bbox 681 763 2194 848; baseline 0.01 -30"><span class='ocrx_word' id='word_1_22' title='bbox 681 763 822 832; x_wconf 82' lang='lat' dir='ltr'><strong>Quid</strong></span> <span class='ocrx_word' id='word_1_23' title='bbox 846 783 968 838; x_wconf 88' lang='lat' dir='ltr'><strong>ergo</strong></span> <span class='ocrx_word' id='word_1_24' title='bbox 997 769 1256 836; x_wconf 77' lang='lat' dir='ltr'><strong>dicemus,</strong></span> <span class='ocrx_word' id='word_1_25' title='bbox 1302 781 1428 838; x_wconf 91' lang='lat' dir='ltr'><strong>etc.,</strong></span> <span class='ocrx_word' id='word_1_26' title='bbox 1475 787 1649 843; x_wconf 86' lang='lat' dir='ltr'><strong>usque</strong></span> <span class='ocrx_word' id='word_1_27' title='bbox 1677 773 1744 830; x_wconf 91' lang='lat' dir='ltr'><strong>ad</strong></span> <span class='ocrx_word' id='word_1_28' title='bbox 1789 775 1880 830; x_wconf 89' lang='lat' dir='ltr'><strong>sed</strong></span> <span class='ocrx_word' id='word_1_29' title='bbox 1925 793 2030 832; x_wconf 87' lang='lat' dir='ltr'><strong>non</strong></span> <span class='ocrx_word' id='word_1_30' title='bbox 2052 777 2194 848; x_wconf 87' lang='lat' dir='ltr'><strong>apud</strong></span> 
     </span>
    </p>
   </div>
   <div class='ocr_carea' id='block_1_7' title="bbox 609 854 2190 937">
    <p class='ocr_par' dir='ltr' id='par_1_7' title="bbox 609 854 2190 937">
     <span class='ocr_line' id='line_1_7' title="bbox 609 854 2190 937; baseline 0.01 -29"><span class='ocrx_word' id='word_1_31' title='bbox 609 854 801 910; x_wconf 84' lang='lat' dir='ltr'><strong>Deum.</strong></span> <span class='ocrx_word' id='word_1_32' title='bbox 831 858 1122 928; x_wconf 74' lang='lat' dir='ltr'><strong>Apostolus</strong></span> <span class='ocrx_word' id='word_1_33' title='bbox 1149 877 1271 917; x_wconf 91' lang='lat' dir='ltr'><strong>cum</strong></span> <span class='ocrx_word' id='word_1_34' title='bbox 1295 864 1702 937; x_wconf 71' lang='lat' dir='ltr'><strong>commendaret</strong></span> <span class='ocrx_word' id='word_1_35' title='bbox 1723 864 1996 934; x_wconf 77' lang='lat' dir='ltr'><strong>justitiam</strong></span> <span class='ocrx_word' id='word_1_36' title='bbox 2015 909 2030 935; x_wconf 94' lang='lat'><strong>,</strong></span> <span class='ocrx_word' id='word_1_37' title='bbox 2063 877 2190 935; x_wconf 83' lang='lat' dir='ltr'><strong>etc.,</strong></span> 
     </span>
    </p>
   </div>
   <div class='ocr_carea' id='block_1_8' title="bbox 607 953 2192 1031">
    <p class='ocr_par' dir='ltr' id='par_1_8' title="bbox 607 953 2192 1031">
     <span class='ocr_line' id='line_1_8' title="bbox 607 953 2192 1031; baseline 0.01 -30"><span class='ocrx_word' id='word_1_38' title='bbox 607 964 769 1020; x_wconf 86' lang='lat' dir='ltr'><strong><em>usque</em></strong></span> <span class='ocrx_word' id='word_1_39' title='bbox 796 953 864 1005; x_wconf 88' lang='lat' dir='ltr'><strong>ad</strong></span> <span class='ocrx_word' id='word_1_40' title='bbox 896 961 1072 1008; x_wconf 90' lang='lat' dir='ltr'><strong>tamen</strong></span> <span class='ocrx_word' id='word_1_41' title='bbox 1110 964 1293 1010; x_wconf 88' lang='lat' dir='ltr'><strong>secuta</strong></span> <span class='ocrx_word' id='word_1_42' title='bbox 1343 965 1490 1012; x_wconf 86' lang='lat' dir='ltr'><strong>sunt.</strong></span> <span class='ocrx_word' id='word_1_43' title='bbox 1523 958 1650 1029; x_wconf 89' lang='lat' dir='ltr'><strong>(ld.,</strong></span> <span class='ocrx_word' id='word_1_44' title='bbox 1673 960 1729 1014; x_wconf 85' lang='lat' dir='ltr'><strong>in</strong></span> <span class='ocrx_word' id='word_1_45' title='bbox 1749 961 1884 1031; x_wconf 88' lang='lat' dir='ltr'><strong>psal.</strong></span> <span class='ocrx_word' id='word_1_46' title='bbox 1931 977 2062 1015; x_wconf 63' lang='grc' dir='ltr'>χχχι</span> <span class='ocrx_word' id='word_1_47' title='bbox 2083 1001 2099 1026; x_wconf 88' lang='grc'><strong>,</strong></span> <span class='ocrx_word' id='word_1_48' title='bbox 2135 963 2192 1017; x_wconf 87' lang='lat' dir='ltr'><strong>in</strong></span> 
     </span>
    </p>
   </div>
   <div class='ocr_carea' id='block_1_9' title="bbox 571 1041 1911 1125">
    <p class='ocr_par' dir='ltr' id='par_1_9' title="bbox 571 1041 1911 1125">
     <span class='ocr_line' id='line_1_9' title="bbox 571 1041 1911 1125; baseline 0.012 -32"><span class='ocrx_word' id='word_1_49' title='bbox 571 1112 584 1117; x_wconf 89' lang='lat'><em>_</em></span> <span class='ocrx_word' id='word_1_50' title='bbox 603 1041 912 1110; x_wconf 81' lang='lat' dir='ltr'><strong>prtefatione</strong></span> <span class='ocrx_word' id='word_1_51' title='bbox 931 1085 945 1110; x_wconf 95' lang='lat'><strong>,</strong></span> <span class='ocrx_word' id='word_1_52' title='bbox 975 1053 1104 1100; x_wconf 90' lang='lat' dir='ltr'><strong>tom.</strong></span> <span class='ocrx_word' id='word_1_53' title='bbox 1136 1047 1226 1114; x_wconf 79' lang='grc' dir='ltr'>ιν,</span> <span class='ocrx_word' id='word_1_54' title='bbox 1258 1064 1314 1120; x_wconf 91' lang='lat' dir='ltr'><strong>p.</strong></span> <span class='ocrx_word' id='word_1_55' title='bbox 1343 1062 1388 1115; x_wconf 78' lang='grc'>1,</span> <span class='ocrx_word' id='word_1_56' title='bbox 1421 1051 1524 1106; x_wconf 91' lang='lat' dir='ltr'><strong>col.</strong></span> <span class='ocrx_word' id='word_1_57' title='bbox 1554 1052 1661 1107; x_wconf 81' lang='grc'><strong>258</strong></span> <span class='ocrx_word' id='word_1_58' title='bbox 1687 1060 1742 1107; x_wconf 91' lang='lat' dir='ltr'><strong>et</strong></span> <span class='ocrx_word' id='word_1_59' title='bbox 1769 1053 1911 1125; x_wconf 87' lang='lat' dir='ltr'><strong>seq.)</strong></span> 
     </span>
    </p>
   </div>
   <div class='ocr_carea' id='block_1_10' title="bbox 603 1224 2189 1301">
    <p class='ocr_par' dir='ltr' id='par_1_10' title="bbox 603 1224 2189 1301">
     <span class='ocr_line' id='line_1_10' title="bbox 603 1224 2189 1301; baseline 0.012 -25"><span class='ocrx_word' id='word_1_60' title='bbox 603 1224 652 1276; x_wconf 85' lang='lat' dir='ltr'><strong><em>et</em></strong></span> <span class='ocrx_word' id='word_1_61' title='bbox 683 1232 977 1294; x_wconf 88' lang='lat' dir='ltr'><strong>reputatum</strong></span> <span class='ocrx_word' id='word_1_62' title='bbox 1003 1238 1078 1282; x_wconf 88' lang='lat' dir='ltr'><strong>est</strong></span> <span class='ocrx_word' id='word_1_63' title='bbox 1099 1228 1179 1282; x_wconf 90' lang='lat' dir='ltr'><strong>illi</strong></span> <span class='ocrx_word' id='word_1_64' title='bbox 1199 1231 1269 1284; x_wconf 89' lang='lat' dir='ltr'><strong><em>ad</em></strong></span> <span class='ocrx_word' id='word_1_65' title='bbox 1283 1231 1572 1301; x_wconf 77' lang='lat' dir='ltr'><strong>justitiam.</strong></span> <span class='ocrx_word' id='word_1_66' title='bbox 1602 1235 1828 1291; x_wconf 87' lang='lat' dir='ltr'><strong>Factum</strong></span> <span class='ocrx_word' id='word_1_67' title='bbox 1855 1245 1937 1293; x_wconf 84' lang='lat' dir='ltr'><strong>est</strong></span> <span class='ocrx_word' id='word_1_68' title='bbox 1967 1239 2189 1295; x_wconf 85' lang='lat' dir='ltr'><strong>verbum</strong></span> 
     </span>
    </p>
   </div>
   <div class='ocr_carea' id='block_1_11' title="bbox 603 1315 2188 1399">
    <p class='ocr_par' dir='ltr' id='par_1_11' title="bbox 603 1315 2188 1399">
     <span class='ocr_line' id='line_1_11' title="bbox 603 1315 2188 1399; baseline 0.011 -30"><span class='ocrx_word' id='word_1_69' title='bbox 603 1315 815 1371; x_wconf 88' lang='lat' dir='ltr'><strong>Domini</strong></span> <span class='ocrx_word' id='word_1_70' title='bbox 865 1318 932 1373; x_wconf 90' lang='lat' dir='ltr'><strong>ad</strong></span> <span class='ocrx_word' id='word_1_71' title='bbox 984 1320 1292 1391; x_wconf 79' lang='lat' dir='ltr'><strong>Abraham,</strong></span> <span class='ocrx_word' id='word_1_72' title='bbox 1339 1333 1657 1399; x_wconf 85' lang='lat' dir='ltr'><strong>etc.,usgue</strong></span> <span class='ocrx_word' id='word_1_73' title='bbox 1703 1330 1771 1382; x_wconf 89' lang='lat' dir='ltr'><strong>ad</strong></span> <span class='ocrx_word' id='word_1_74' title='bbox 1816 1325 2188 1388; x_wconf 82' lang='lat' dir='ltr'><strong>circumcisus.</strong></span> 
     </span>
    </p>
   </div>
   <div class='ocr_carea' id='block_1_12' title="bbox 602 1407 2046 1493">
    <p class='ocr_par' dir='ltr' id='par_1_12' title="bbox 602 1407 2046 1493">
     <span class='ocr_line' id='line_1_12' title="bbox 602 1407 2046 1493; baseline 0.01 -32"><span class='ocrx_word' id='word_1_75' title='bbox 602 1407 698 1478; x_wconf 76' lang='lat' dir='ltr'><strong>(ltl.</strong></span> <span class='ocrx_word' id='word_1_76' title='bbox 734 1408 827 1464; x_wconf 90' lang='lat' dir='ltr'><strong>lib.</strong></span> <span class='ocrx_word' id='word_1_77' title='bbox 853 1412 917 1466; x_wconf 85' lang='lat' dir='ltr'><strong>de</strong></span> <span class='ocrx_word' id='word_1_78' title='bbox 950 1410 1106 1470; x_wconf 84' lang='lat' dir='ltr'><strong>Civit.</strong></span> <span class='ocrx_word' id='word_1_79' title='bbox 1135 1414 1251 1468; x_wconf 87' lang='lat' dir='ltr'><strong>Dei.</strong></span> <span class='ocrx_word' id='word_1_80' title='bbox 1287 1415 1387 1483; x_wconf 90' lang='grc'><strong>16,</strong></span> <span class='ocrx_word' id='word_1_81' title='bbox 1432 1424 1564 1472; x_wconf 87' lang='lat' dir='ltr'><strong>tom.</strong></span> <span class='ocrx_word' id='word_1_82' title='bbox 1604 1417 1862 1485; x_wconf 64' lang='lat' dir='ltr'><strong>Vll,&#39;col.</strong></span> <span class='ocrx_word' id='word_1_83' title='bbox 1895 1421 2046 1493; x_wconf 79' lang='lat'><strong>500.)</strong></span> 
     </span>
    </p>
   </div>
   <div class='ocr_carea' id='block_1_13' title="bbox 670 1499 2189 1587">
    <p class='ocr_par' dir='ltr' id='par_1_13' title="bbox 670 1499 2189 1587">
     <span class='ocr_line' id='line_1_13' title="bbox 670 1499 2189 1587; baseline 0.012 -34"><span class='ocrx_word' id='word_1_84' title='bbox 670 1499 738 1554; x_wconf 90' lang='lat' dir='ltr'><strong>Et</strong></span> <span class='ocrx_word' id='word_1_85' title='bbox 770 1503 863 1572; x_wconf 96' lang='lat' dir='ltr'><strong>qui</strong></span> <span class='ocrx_word' id='word_1_86' title='bbox 911 1521 1016 1559; x_wconf 90' lang='lat' dir='ltr'><strong>non</strong></span> <span class='ocrx_word' id='word_1_87' title='bbox 1058 1517 1324 1576; x_wconf 83' lang='lat' dir='ltr'><strong>operatur,</strong></span> <span class='ocrx_word' id='word_1_88' title='bbox 1359 1510 1589 1565; x_wconf 84' lang='lat' dir='ltr'><strong>credenti</strong></span> <span class='ocrx_word' id='word_1_89' title='bbox 1627 1523 1801 1567; x_wconf 90' lang='lat' dir='ltr'><strong>autem</strong></span> <span class='ocrx_word' id='word_1_90' title='bbox 1841 1516 1895 1568; x_wconf 90' lang='lat' dir='ltr'><strong>in</strong></span> <span class='ocrx_word' id='word_1_91' title='bbox 1937 1532 2056 1570; x_wconf 89' lang='lat' dir='ltr'><strong>eum</strong></span> <span class='ocrx_word' id='word_1_92' title='bbox 2099 1517 2189 1587; x_wconf 88' lang='lat' dir='ltr'><strong>qui</strong></span> 
     </span>
    </p>
   </div>
   <div class='ocr_carea' id='block_1_14' title="bbox 587 1594 2188 1678">
    <p class='ocr_par' dir='ltr' id='par_1_14' title="bbox 587 1594 2188 1678">
     <span class='ocr_line' id='line_1_14' title="bbox 587 1594 2188 1678; baseline 0.011 -31"><span class='ocrx_word' id='word_1_93' title='bbox 587 1594 854 1664; x_wconf 79' lang='lat' dir='ltr'><strong>justiﬁcat</strong></span> <span class='ocrx_word' id='word_1_94' title='bbox 897 1598 1136 1668; x_wconf 90' lang='lat' dir='ltr'><strong><em>impium,</em></strong></span> <span class='ocrx_word' id='word_1_95' title='bbox 1172 1612 1448 1671; x_wconf 88' lang='lat' dir='ltr'><strong>reputatur</strong></span> <span class='ocrx_word' id='word_1_96' title='bbox 1479 1604 1609 1672; x_wconf 86' lang='lat' dir='ltr'><strong>ﬁdes</strong></span> <span class='ocrx_word' id='word_1_97' title='bbox 1661 1607 1775 1676; x_wconf 88' lang='lat' dir='ltr'><strong>ejus</strong></span> <span class='ocrx_word' id='word_1_98' title='bbox 1820 1609 1889 1662; x_wconf 88' lang='lat' dir='ltr'><strong><em>ad</em></strong></span> <span class='ocrx_word' id='word_1_99' title='bbox 1922 1608 2188 1678; x_wconf 74' lang='lat' dir='ltr'><strong>justitiam</strong></span> 
     </span>
    </p>
   </div>
   <div class='ocr_carea' id='block_1_15' title="bbox 594 1689 2186 1771">
    <p class='ocr_par' dir='ltr' id='par_1_15' title="bbox 594 1689 2186 1771">
     <span class='ocr_line' id='line_1_15' title="bbox 594 1689 2186 1771; baseline 0.01 -30"><span class='ocrx_word' id='word_1_100' title='bbox 594 1689 881 1744; x_wconf 82' lang='lat' dir='ltr'><strong>secundum</strong></span> <span class='ocrx_word' id='word_1_101' title='bbox 905 1695 1230 1764; x_wconf 89' lang='lat' dir='ltr'><strong>propositum</strong></span> <span class='ocrx_word' id='word_1_102' title='bbox 1257 1697 1443 1766; x_wconf 76' lang='lat' dir='ltr'><strong>gratia:</strong></span> <span class='ocrx_word' id='word_1_103' title='bbox 1473 1696 1592 1752; x_wconf 85' lang='lat' dir='ltr'><strong>Dei.</strong></span> <span class='ocrx_word' id='word_1_104' title='bbox 1622 1699 1832 1770; x_wconf 87' lang='lat' dir='ltr'><strong>(ld.,ad</strong></span> <span class='ocrx_word' id='word_1_105' title='bbox 1849 1700 2186 1771; x_wconf 79' lang='lat' dir='ltr'><strong>Bonifacium</strong></span> 
     </span>
    </p>
   </div>
   <div class='ocr_carea' id='block_1_16' title="bbox 592 1782 2184 1864">
    <p class='ocr_par' dir='ltr' id='par_1_16' title="bbox 592 1782 2184 1864">
     <span class='ocr_line' id='line_1_16' title="bbox 592 1782 2184 1864; baseline 0.009 -30"><span class='ocrx_word' id='word_1_106' title='bbox 592 1798 784 1851; x_wconf 80' lang='lat' dir='ltr'><strong><em>papam</em></strong></span> <span class='ocrx_word' id='word_1_107' title='bbox 848 1782 1052 1857; x_wconf 81' lang='lat' dir='ltr'><strong>Urbis.)</strong></span> <span class='ocrx_word' id='word_1_108' title='bbox 1105 1785 1162 1842; x_wconf 91' lang='lat' dir='ltr'><strong>Si</strong></span> <span class='ocrx_word' id='word_1_109' title='bbox 1217 1802 1461 1857; x_wconf 76' lang='lat' dir='ltr'><strong>quaerere</strong></span> <span class='ocrx_word' id='word_1_110' title='bbox 1507 1790 1740 1846; x_wconf 88' lang='lat' dir='ltr'><strong>voluerit</strong></span> <span class='ocrx_word' id='word_1_111' title='bbox 1785 1803 1911 1848; x_wconf 84' lang='lat' dir='ltr'><strong>ante</strong></span> <span class='ocrx_word' id='word_1_112' title='bbox 1954 1795 2184 1864; x_wconf 80' lang='lat' dir='ltr'><strong>gratiam</strong></span> 
     </span>
    </p>
   </div>
   <div class='ocr_carea' id='block_1_17' title="bbox 2301 593 3776 690">
    <p class='ocr_par' dir='ltr' id='par_1_17' title="bbox 2301 593 3776 690">
     <span class='ocr_line' id='line_1_17' title="bbox 2301 593 3776 690; baseline 0.019 -41"><span class='ocrx_word' id='word_1_113' title='bbox 2301 593 2383 667; x_wconf 91' lang='lat' dir='ltr'><strong>(S.</strong></span> <span class='ocrx_word' id='word_1_114' title='bbox 2413 596 2576 670; x_wconf 84' lang='lat' dir='ltr'><strong>Aug.,</strong></span> <span class='ocrx_word' id='word_1_115' title='bbox 2617 599 2767 668; x_wconf 88' lang='lat' dir='ltr'><strong>epist.</strong></span> <span class='ocrx_word' id='word_1_116' title='bbox 2820 603 2887 654; x_wconf 92' lang='lat' dir='ltr'><strong><em>ad</em></strong></span> <span class='ocrx_word' id='word_1_117' title='bbox 2928 601 3277 661; x_wconf 78' lang='lat' dir='ltr'><strong>Maximinum</strong></span> <span class='ocrx_word' id='word_1_118' title='bbox 3318 610 3577 680; x_wconf 79' lang='lat' dir='ltr'><strong>Arianum,</strong></span> <span class='ocrx_word' id='word_1_119' title='bbox 3610 625 3706 674; x_wconf 88' lang='lat' dir='ltr'><strong>tom.</strong></span> <span class='ocrx_word' id='word_1_120' title='bbox 3737 623 3776 690; x_wconf 85' lang='lat' dir='ltr'><strong>ll,</strong></span> 
     </span>
    </p>
   </div>
   <div class='ocr_carea' id='block_1_18' title="bbox 2297 687 2542 762">
    <p class='ocr_par' dir='ltr' id='par_1_18' title="bbox 2297 687 2542 762">
     <span class='ocr_line' id='line_1_18' title="bbox 2297 687 2542 762; baseline 0 -20"><span class='ocrx_word' id='word_1_121' title='bbox 2297 687 2403 744; x_wconf 92' lang='lat' dir='ltr'><strong>col.</strong></span> <span class='ocrx_word' id='word_1_122' title='bbox 2428 687 2542 762; x_wconf 85' lang='lat'><strong>96.)</strong></span> 
     </span>
    </p>
   </div>
   <div class='ocr_carea' id='block_1_19' title="bbox 2372 781 3779 875">
    <p class='ocr_par' dir='ltr' id='par_1_19' title="bbox 2372 781 3779 875">
     <span class='ocr_line' id='line_1_19' title="bbox 2372 781 3779 875; baseline 0.018 -39"><span class='ocrx_word' id='word_1_123' title='bbox 2372 781 2499 838; x_wconf 85' lang='lat' dir='ltr'><strong>Non</strong></span> <span class='ocrx_word' id='word_1_124' title='bbox 2529 784 2668 839; x_wconf 88' lang='lat' dir='ltr'><strong>enim</strong></span> <span class='ocrx_word' id='word_1_125' title='bbox 2688 801 2779 857; x_wconf 88' lang='lat' dir='ltr'><strong>per</strong></span> <span class='ocrx_word' id='word_1_126' title='bbox 2809 787 2971 857; x_wconf 88' lang='lat' dir='ltr'><strong>legem</strong></span> <span class='ocrx_word' id='word_1_127' title='bbox 2999 790 3278 858; x_wconf 86' lang='lat' dir='ltr'><strong>promissio</strong></span> <span class='ocrx_word' id='word_1_128' title='bbox 3292 794 3507 852; x_wconf 81' lang='lat' dir='ltr'><strong>Abralue</strong></span> <span class='ocrx_word' id='word_1_129' title='bbox 3521 803 3674 856; x_wconf 83' lang='lat' dir='ltr'><strong>semini</strong></span> <span class='ocrx_word' id='word_1_130' title='bbox 3694 807 3779 875; x_wconf 72' lang='lat' dir='ltr'><strong>ejus,</strong></span> 
     </span>
    </p>
   </div>
   <div class='ocr_carea' id='block_1_20' title="bbox 2297 876 3780 960">
    <p class='ocr_par' dir='ltr' id='par_1_20' title="bbox 2297 876 3780 960">
     <span class='ocr_line' id='line_1_20' title="bbox 2297 876 3780 960; baseline 0.018 -32"><span class='ocrx_word' id='word_1_131' title='bbox 2297 883 2352 929; x_wconf 90' lang='lat' dir='ltr'><strong>ut</strong></span> <span class='ocrx_word' id='word_1_132' title='bbox 2379 876 2542 932; x_wconf 74' lang='lat' dir='ltr'><strong>[iteres</strong></span> <span class='ocrx_word' id='word_1_133' title='bbox 2569 887 2698 932; x_wconf 88' lang='lat' dir='ltr'><strong>esset</strong></span> <span class='ocrx_word' id='word_1_134' title='bbox 2719 881 2947 936; x_wconf 85' lang='lat' dir='ltr'><strong>mundus</strong></span> <span class='ocrx_word' id='word_1_135' title='bbox 2973 923 2988 946; x_wconf 95' lang='lat'><strong>,</strong></span> <span class='ocrx_word' id='word_1_136' title='bbox 3014 884 3106 937; x_wconf 90' lang='lat' dir='ltr'><strong><em>sed</em></strong></span> <span class='ocrx_word' id='word_1_137' title='bbox 3128 901 3220 954; x_wconf 87' lang='lat' dir='ltr'><strong>per</strong></span> <span class='ocrx_word' id='word_1_138' title='bbox 3248 887 3508 956; x_wconf 77' lang='lat' dir='ltr'><strong>justitiam</strong></span> <span class='ocrx_word' id='word_1_139' title='bbox 3534 893 3653 960; x_wconf 83' lang='lat' dir='ltr'><strong>ﬁdei.</strong></span> <span class='ocrx_word' id='word_1_140' title='bbox 3679 897 3780 956; x_wconf 82' lang='lat' dir='ltr'><strong>Fides</strong></span> 
     </span>
    </p>
   </div>
   <div class='ocr_carea' id='block_1_21' title="bbox 2295 966 3782 1052">
    <p class='ocr_par' dir='ltr' id='par_1_21' title="bbox 2295 966 3782 1052">
     <span class='ocr_line' id='line_1_21' title="bbox 2295 966 3782 1052; baseline 0.015 -32"><span class='ocrx_word' id='word_1_141' title='bbox 2295 966 2527 1022; x_wconf 64' lang='lat' dir='ltr'><strong>Abrahae</strong></span> <span class='ocrx_word' id='word_1_142' title='bbox 2547 1009 2560 1034; x_wconf 93' lang='lat'><strong>,</strong></span> <span class='ocrx_word' id='word_1_143' title='bbox 2583 977 2712 1034; x_wconf 89' lang='lat' dir='ltr'><strong>etc.,</strong></span> <span class='ocrx_word' id='word_1_144' title='bbox 2739 987 2900 1042; x_wconf 87' lang='lat' dir='ltr'><strong>usque</strong></span> <span class='ocrx_word' id='word_1_145' title='bbox 2926 972 2992 1025; x_wconf 90' lang='lat' dir='ltr'><strong><em>ad</em></strong></span> <span class='ocrx_word' id='word_1_146' title='bbox 3021 976 3456 1043; x_wconf 86' lang='lat' dir='ltr'><strong>promissionem.</strong></span> <span class='ocrx_word' id='word_1_147' title='bbox 3481 980 3589 1052; x_wconf 89' lang='lat' dir='ltr'><strong>(ld.,</strong></span> <span class='ocrx_word' id='word_1_148' title='bbox 3616 984 3685 1038; x_wconf 82' lang='lat' dir='ltr'><strong>lib.</strong></span> <span class='ocrx_word' id='word_1_149' title='bbox 3704 988 3782 1043; x_wconf 75' lang='lat' dir='ltr'><strong>Sea-</strong></span> 
     </span>
    </p>
   </div>
   <div class='ocr_carea' id='block_1_22' title="bbox 2191 1057 3668 1146">
    <p class='ocr_par' dir='ltr' id='par_1_22' title="bbox 2191 1057 3668 1146">
     <span class='ocr_line' id='line_1_22' title="bbox 2191 1057 3668 1146; baseline 0.013 -37"><span class='ocrx_word' id='word_1_150' title='bbox 2191 1092 2200 1098; x_wconf 85' lang='lat'><strong><em>-</em></strong></span> <span class='ocrx_word' id='word_1_151' title='bbox 2293 1059 2575 1113; x_wconf 88' lang='lat' dir='ltr'><strong>tentiarum</strong></span> <span class='ocrx_word' id='word_1_152' title='bbox 2606 1057 2853 1132; x_wconf 84' lang='lat' dir='ltr'><strong>Prosperi</strong></span> <span class='ocrx_word' id='word_1_153' title='bbox 2872 1103 2888 1128; x_wconf 92' lang='lat'><strong>,</strong></span> <span class='ocrx_word' id='word_1_154' title='bbox 2921 1073 3050 1119; x_wconf 91' lang='lat' dir='ltr'><strong>tom.</strong></span> <span class='ocrx_word' id='word_1_155' title='bbox 3085 1065 3167 1132; x_wconf 79' lang='grc' dir='ltr'>Χ,</span> <span class='ocrx_word' id='word_1_156' title='bbox 3198 1083 3254 1138; x_wconf 90' lang='lat' dir='ltr'><strong>p.</strong></span> <span class='ocrx_word' id='word_1_157' title='bbox 3281 1067 3353 1135; x_wconf 82' lang='grc'>2,</span> <span class='ocrx_word' id='word_1_158' title='bbox 3392 1070 3492 1126; x_wconf 87' lang='lat' dir='ltr'><strong>col.</strong></span> <span class='ocrx_word' id='word_1_159' title='bbox 3518 1073 3668 1146; x_wconf 88' lang='grc'>1878.)</span> 
     </span>
    </p>
   </div>
   <div class='ocr_carea' id='block_1_23' title="bbox 679 1133 2191 1209">
    <p class='ocr_par' dir='ltr' id='par_1_23' title="bbox 679 1133 2191 1209">
     <span class='ocr_line' id='line_1_23' title="bbox 679 1133 2191 1209; baseline 0.011 -24"><span class='ocrx_word' id='word_1_160' title='bbox 679 1133 819 1198; x_wconf 83' lang='lat' dir='ltr'><strong>Quid</strong></span> <span class='ocrx_word' id='word_1_161' title='bbox 847 1136 984 1189; x_wconf 88' lang='lat' dir='ltr'><strong>enim</strong></span> <span class='ocrx_word' id='word_1_162' title='bbox 1027 1135 1306 1209; x_wconf 87' lang='lat' dir='ltr'><strong>Scriptura</strong></span> <span class='ocrx_word' id='word_1_163' title='bbox 1327 1142 1498 1196; x_wconf 84' lang='lat' dir='ltr'><strong>dicit?</strong></span> <span class='ocrx_word' id='word_1_164' title='bbox 1523 1141 1759 1199; x_wconf 86' lang='lat' dir='ltr'><strong>Credidit</strong></span> <span class='ocrx_word' id='word_1_165' title='bbox 1787 1145 2054 1201; x_wconf 84' lang='lat' dir='ltr'><strong>Abraham</strong></span> <span class='ocrx_word' id='word_1_166' title='bbox 2081 1147 2191 1202; x_wconf 88' lang='lat' dir='ltr'><strong>Deo</strong></span> 
     </span>
    </p>
   </div>
   <div class='ocr_carea' id='block_1_24' title="bbox 2367 1148 3778 1236">
    <p class='ocr_par' dir='ltr' id='par_1_24' title="bbox 2367 1148 3778 1236">
     <span class='ocr_line' id='line_1_24' title="bbox 2367 1148 3778 1236; baseline 0.015 -32"><span class='ocrx_word' id='word_1_167' title='bbox 2367 1148 2423 1204; x_wconf 89' lang='lat' dir='ltr'><strong>Si</strong></span> <span class='ocrx_word' id='word_1_168' title='bbox 2455 1151 2599 1206; x_wconf 91' lang='lat' dir='ltr'><strong>enim</strong></span> <span class='ocrx_word' id='word_1_169' title='bbox 2629 1151 2715 1208; x_wconf 81' lang='lat' dir='ltr'><strong>lex</strong></span> <span class='ocrx_word' id='word_1_170' title='bbox 2737 1151 3034 1224; x_wconf 88' lang='lat' dir='ltr'><strong>justiﬁcat,</strong></span> <span class='ocrx_word' id='word_1_171' title='bbox 3067 1166 3205 1223; x_wconf 84' lang='lat' dir='ltr'><strong>etc.,</strong></span> <span class='ocrx_word' id='word_1_172' title='bbox 3239 1178 3404 1233; x_wconf 84' lang='lat' dir='ltr'><strong>usque</strong></span> <span class='ocrx_word' id='word_1_173' title='bbox 3433 1166 3498 1220; x_wconf 88' lang='lat' dir='ltr'><strong><em>ad</em></strong></span> <span class='ocrx_word' id='word_1_174' title='bbox 3523 1169 3701 1236; x_wconf 82' lang='lat' dir='ltr'><strong>gavisus</strong></span> <span class='ocrx_word' id='word_1_175' title='bbox 3717 1185 3778 1226; x_wconf 83' lang='lat' dir='ltr'><strong>est.</strong></span> 
     </span>
    </p>
   </div>
   <div class='ocr_carea' id='block_1_25' title="bbox 2294 1241 3779 1331">
    <p class='ocr_par' dir='ltr' id='par_1_25' title="bbox 2294 1241 3779 1331">
     <span class='ocr_line' id='line_1_25' title="bbox 2294 1241 3779 1331; baseline 0.015 -36"><span class='ocrx_word' id='word_1_176' title='bbox 2294 1241 2419 1313; x_wconf 87' lang='lat' dir='ltr'><strong>(ld.,</strong></span> <span class='ocrx_word' id='word_1_177' title='bbox 2449 1244 2504 1296; x_wconf 88' lang='lat' dir='ltr'><strong>in</strong></span> <span class='ocrx_word' id='word_1_178' title='bbox 2528 1246 2852 1315; x_wconf 74' lang='lat' dir='ltr'><strong>expositione</strong></span> <span class='ocrx_word' id='word_1_179' title='bbox 2881 1246 3054 1314; x_wconf 88' lang='lat' dir='ltr'><strong>Epist.</strong></span> <span class='ocrx_word' id='word_1_180' title='bbox 3081 1253 3150 1304; x_wconf 88' lang='lat' dir='ltr'><strong><em>ad</em></strong></span> <span class='ocrx_word' id='word_1_181' title='bbox 3177 1250 3432 1320; x_wconf 86' lang='lat' dir='ltr'><strong><em>Galatas,</em></strong></span> <span class='ocrx_word' id='word_1_182' title='bbox 3458 1265 3574 1313; x_wconf 89' lang='lat' dir='ltr'><strong>tom.</strong></span> <span class='ocrx_word' id='word_1_183' title='bbox 3597 1258 3728 1331; x_wconf 84' lang='lat' dir='ltr'><strong>Ill,p.</strong></span> <span class='ocrx_word' id='word_1_184' title='bbox 3746 1280 3779 1326; x_wconf 79' lang='lat' dir='ltr'><strong>Il,</strong></span> 
     </span>
    </p>
   </div>
   <div class='ocr_carea' id='block_1_26' title="bbox 2292 1333 2613 1408">
    <p class='ocr_par' dir='ltr' id='par_1_26' title="bbox 2292 1333 2613 1408">
     <span class='ocr_line' id='line_1_26' title="bbox 2292 1333 2613 1408; baseline 0.006 -20"><span class='ocrx_word' id='word_1_185' title='bbox 2292 1333 2394 1389; x_wconf 90' lang='lat' dir='ltr'><strong>col.</strong></span> <span class='ocrx_word' id='word_1_186' title='bbox 2428 1334 2613 1408; x_wconf 87' lang='grc'>2121.)</span> 
     </span>
    </p>
   </div>
   <div class='ocr_carea' id='block_1_27' title="bbox 2363 1427 3782 1503">
    <p class='ocr_par' dir='ltr' id='par_1_27' title="bbox 2363 1427 3782 1503">
     <span class='ocr_line' id='line_1_27' title="bbox 2363 1427 3782 1503; baseline 0.011 -23"><span class='ocrx_word' id='word_1_187' title='bbox 2363 1427 2426 1481; x_wconf 84' lang='lat' dir='ltr'><strong>Si</strong></span> <span class='ocrx_word' id='word_1_188' title='bbox 2445 1429 2585 1482; x_wconf 90' lang='lat' dir='ltr'><strong>enim</strong></span> <span class='ocrx_word' id='word_1_189' title='bbox 2623 1430 2715 1500; x_wconf 85' lang='lat' dir='ltr'><strong>qui</strong></span> <span class='ocrx_word' id='word_1_190' title='bbox 2758 1446 2823 1484; x_wconf 75' lang='lat' dir='ltr'><strong>ex</strong></span> <span class='ocrx_word' id='word_1_191' title='bbox 2863 1431 2971 1501; x_wconf 83' lang='lat' dir='ltr'><strong>lege</strong></span> <span class='ocrx_word' id='word_1_192' title='bbox 3013 1433 3248 1490; x_wconf 75' lang='lat' dir='ltr'><strong>ltwredes</strong></span> <span class='ocrx_word' id='word_1_193' title='bbox 3287 1445 3443 1503; x_wconf 85' lang='lat' dir='ltr'><strong>sunt,</strong></span> <span class='ocrx_word' id='word_1_194' title='bbox 3489 1442 3710 1495; x_wconf 78' lang='lat' dir='ltr'><strong>exinanita</strong></span> <span class='ocrx_word' id='word_1_195' title='bbox 3738 1455 3782 1496; x_wconf 79' lang='lat' dir='ltr'><strong>ut</strong></span> 
     </span>
    </p>
   </div>
   <div class='ocr_carea' id='block_1_28' title="bbox 2291 1517 3781 1600">
    <p class='ocr_par' dir='ltr' id='par_1_28' title="bbox 2291 1517 3781 1600">
     <span class='ocr_line' id='line_1_28' title="bbox 2291 1517 3781 1600; baseline 0.009 -30"><span class='ocrx_word' id='word_1_196' title='bbox 2291 1517 2443 1586; x_wconf 78' lang='lat' dir='ltr'><strong>ﬁdes,</strong></span> <span class='ocrx_word' id='word_1_197' title='bbox 2461 1518 2656 1574; x_wconf 88' lang='lat' dir='ltr'><strong>abolita</strong></span> <span class='ocrx_word' id='word_1_198' title='bbox 2677 1530 2753 1575; x_wconf 89' lang='lat' dir='ltr'><strong><em>est</em></strong></span> <span class='ocrx_word' id='word_1_199' title='bbox 2767 1524 3044 1590; x_wconf 86' lang='lat' dir='ltr'><strong>promissio</strong></span> <span class='ocrx_word' id='word_1_200' title='bbox 3057 1524 3144 1594; x_wconf 80' lang='lat' dir='ltr'><strong>(ea:</strong></span> <span class='ocrx_word' id='word_1_201' title='bbox 3169 1525 3260 1580; x_wconf 89' lang='lat' dir='ltr'><strong>lib.</strong></span> <span class='ocrx_word' id='word_1_202' title='bbox 3281 1543 3344 1592; x_wconf 90' lang='grc' dir='ltr'><strong>ιι,</strong></span> <span class='ocrx_word' id='word_1_203' title='bbox 3360 1537 3532 1583; x_wconf 87' lang='lat' dir='ltr'><strong>contra</strong></span> <span class='ocrx_word' id='word_1_204' title='bbox 3543 1529 3781 1600; x_wconf 63' lang='lat' dir='ltr'><strong>lulianum.)</strong></span> 
     </span>
    </p>
   </div>
   <div class='ocr_carea' id='block_1_29' title="bbox 2291 1607 3781 1691">
    <p class='ocr_par' dir='ltr' id='par_1_29' title="bbox 2291 1607 3781 1691">
     <span class='ocr_line' id='line_1_29' title="bbox 2291 1607 3781 1691; baseline 0.009 -30"><span class='ocrx_word' id='word_1_205' title='bbox 2291 1607 2402 1662; x_wconf 90' lang='lat' dir='ltr'><strong>lmo</strong></span> <span class='ocrx_word' id='word_1_206' title='bbox 2445 1609 2814 1666; x_wconf 83' lang='lat' dir='ltr'><strong>destrueretur</strong></span> <span class='ocrx_word' id='word_1_207' title='bbox 2862 1614 3181 1682; x_wconf 83' lang='lat' dir='ltr'><strong>promissio,</strong></span> <span class='ocrx_word' id='word_1_208' title='bbox 3224 1617 3269 1671; x_wconf 89' lang='lat' dir='ltr'><strong>si</strong></span> <span class='ocrx_word' id='word_1_209' title='bbox 3315 1632 3379 1672; x_wconf 78' lang='lat' dir='ltr'><strong>ex</strong></span> <span class='ocrx_word' id='word_1_210' title='bbox 3424 1619 3534 1690; x_wconf 83' lang='lat' dir='ltr'><strong>lege</strong></span> <span class='ocrx_word' id='word_1_211' title='bbox 3579 1622 3781 1691; x_wconf 82' lang='lat' dir='ltr'><strong>quisquam</strong></span> 
     </span>
    </p>
   </div>
   <div class='ocr_carea' id='block_1_30' title="bbox 2282 1699 3778 1780">
    <p class='ocr_par' dir='ltr' id='par_1_30' title="bbox 2282 1699 3778 1780">
     <span class='ocr_line' id='line_1_30' title="bbox 2282 1699 3778 1780; baseline 0.009 -28"><span class='ocrx_word' id='word_1_212' title='bbox 2282 1699 2462 1769; x_wconf 88' lang='lat' dir='ltr'><strong>justus</strong></span> <span class='ocrx_word' id='word_1_213' title='bbox 2489 1711 2654 1758; x_wconf 87' lang='lat' dir='ltr'><strong>esset.</strong></span> <span class='ocrx_word' id='word_1_214' title='bbox 2683 1701 2742 1758; x_wconf 88' lang='lat' dir='ltr'><strong>Si</strong></span> <span class='ocrx_word' id='word_1_215' title='bbox 2769 1703 2915 1759; x_wconf 91' lang='lat' dir='ltr'><strong>enim</strong></span> <span class='ocrx_word' id='word_1_216' title='bbox 2947 1705 3040 1775; x_wconf 88' lang='lat' dir='ltr'><strong>qui</strong></span> <span class='ocrx_word' id='word_1_217' title='bbox 3071 1722 3139 1762; x_wconf 86' lang='lat' dir='ltr'><strong>ex</strong></span> <span class='ocrx_word' id='word_1_218' title='bbox 3166 1706 3286 1780; x_wconf 89' lang='lat' dir='ltr'><strong>lege</strong></span> <span class='ocrx_word' id='word_1_219' title='bbox 3311 1709 3543 1766; x_wconf 62' lang='lat' dir='ltr'><strong>haeredes</strong></span> <span class='ocrx_word' id='word_1_220' title='bbox 3563 1715 3778 1776; x_wconf 72' lang='lat' dir='ltr'><strong>sntit,ch</strong></span> 
     </span>
    </p>
   </div>
   <div class='ocr_carea' id='block_1_31' title="bbox 2289 1792 3779 1870">
    <p class='ocr_par' dir='ltr' id='par_1_31' title="bbox 2289 1792 3779 1870">
     <span class='ocr_line' id='line_1_31' title="bbox 2289 1792 3779 1870; baseline 0.008 -26"><span class='ocrx_word' id='word_1_221' title='bbox 2289 1792 2475 1846; x_wconf 88' lang='lat' dir='ltr'><strong>nanita</strong></span> <span class='ocrx_word' id='word_1_222' title='bbox 2507 1801 2592 1848; x_wconf 89' lang='lat' dir='ltr'><strong>est</strong></span> <span class='ocrx_word' id='word_1_223' title='bbox 2628 1793 2763 1850; x_wconf 88' lang='lat' dir='ltr'><strong>ﬁdes</strong></span> <span class='ocrx_word' id='word_1_224' title='bbox 2785 1835 2799 1862; x_wconf 89' lang='lat'><strong>,</strong></span> <span class='ocrx_word' id='word_1_225' title='bbox 2837 1804 3101 1853; x_wconf 88' lang='lat' dir='ltr'><strong>evacuata</strong></span> <span class='ocrx_word' id='word_1_226' title='bbox 3132 1806 3218 1854; x_wconf 89' lang='lat' dir='ltr'><strong>est</strong></span> <span class='ocrx_word' id='word_1_227' title='bbox 3246 1802 3547 1870; x_wconf 88' lang='lat' dir='ltr'><strong>promissio.</strong></span> <span class='ocrx_word' id='word_1_228' title='bbox 3575 1801 3664 1857; x_wconf 71' lang='lat' dir='ltr'><strong>Lex</strong></span> <span class='ocrx_word' id='word_1_229' title='bbox 3693 1806 3779 1856; x_wconf 77' lang='lat' dir='ltr'><strong>enim</strong></span> 
     </span>
    </p>
   </div>
   <div class='ocr_carea' id='block_1_32' title="bbox 595 1873 3778 1961">
    <p class='ocr_par' dir='ltr' id='par_1_32' title="bbox 595 1873 3778 1961">
     <span class='ocr_line' id='line_1_32' title="bbox 595 1873 3778 1961; baseline 0.005 -29"><span class='ocrx_word' id='word_1_230' title='bbox 595 1873 724 1942; x_wconf 91' lang='lat' dir='ltr'><strong>quid</strong></span> <span class='ocrx_word' id='word_1_231' title='bbox 750 1877 1012 1932; x_wconf 88' lang='lat' dir='ltr'><strong>meruerit</strong></span> <span class='ocrx_word' id='word_1_232' title='bbox 1045 1885 1121 1932; x_wconf 88' lang='lat' dir='ltr'><strong>ut.</strong></span> <span class='ocrx_word' id='word_1_233' title='bbox 1139 1879 1416 1950; x_wconf 86' lang='lat' dir='ltr'><strong>acciperet</strong></span> <span class='ocrx_word' id='word_1_234' title='bbox 1461 1896 1582 1937; x_wconf 91' lang='lat' dir='ltr'><strong>eam</strong></span> <span class='ocrx_word' id='word_1_235' title='bbox 1601 1923 1617 1948; x_wconf 92' lang='lat'><strong><em>,</em></strong></span> <span class='ocrx_word' id='word_1_236' title='bbox 1666 1883 1807 1938; x_wconf 88' lang='lat' dir='ltr'><strong>mala</strong></span> <span class='ocrx_word' id='word_1_237' title='bbox 1854 1900 1951 1940; x_wconf 87' lang='lat' dir='ltr'><strong>sua</strong></span> <span class='ocrx_word' id='word_1_238' title='bbox 1980 1887 2180 1956; x_wconf 88' lang='lat' dir='ltr'><strong>poterit</strong></span> <span class='ocrx_word' id='word_1_239' title='bbox 2206 1883 2254 1945; x_wconf 92' lang='lat' dir='ltr'><strong>B</strong></span> <span class='ocrx_word' id='word_1_240' title='bbox 2282 1884 2418 1938; x_wconf 88' lang='lat' dir='ltr'><strong>iram</strong></span> <span class='ocrx_word' id='word_1_241' title='bbox 2441 1894 2709 1954; x_wconf 88' lang='lat' dir='ltr'><strong>operatur.</strong></span> <span class='ocrx_word' id='word_1_242' title='bbox 2735 1889 2819 1943; x_wconf 84' lang='lat' dir='ltr'><strong>Ad</strong></span> <span class='ocrx_word' id='word_1_243' title='bbox 2841 1888 2944 1944; x_wconf 87' lang='lat' dir='ltr'><strong>hoc</strong></span> <span class='ocrx_word' id='word_1_244' title='bbox 2967 1892 3174 1961; x_wconf 87' lang='lat' dir='ltr'><strong>utique,</strong></span> <span class='ocrx_word' id='word_1_245' title='bbox 3198 1901 3259 1947; x_wconf 91' lang='lat' dir='ltr'><strong>ut</strong></span> <span class='ocrx_word' id='word_1_246' title='bbox 3282 1894 3350 1950; x_wconf 89' lang='lat' dir='ltr'><strong>ad</strong></span> <span class='ocrx_word' id='word_1_247' title='bbox 3378 1895 3508 1950; x_wconf 84' lang='lat' dir='ltr'><strong>iram</strong></span> <span class='ocrx_word' id='word_1_248' title='bbox 3535 1895 3778 1950; x_wconf 82' lang='lat' dir='ltr'><strong>evadendam</strong></span> 
     </span>
    </p>
   </div>
   <div class='ocr_carea' id='block_1_33' title="bbox 596 1963 2176 2037">
    <p class='ocr_par' dir='ltr' id='par_1_33' title="bbox 596 1963 2176 2037">
     <span class='ocr_line' id='line_1_33' title="bbox 596 1963 2176 2037; baseline 0.011 -19"><span class='ocrx_word' id='word_1_249' title='bbox 596 1963 761 2020; x_wconf 92' lang='lat' dir='ltr'><strong>homo</strong></span> <span class='ocrx_word' id='word_1_250' title='bbox 797 1967 1042 2023; x_wconf 91' lang='lat' dir='ltr'><strong>invenire</strong></span> <span class='ocrx_word' id='word_1_251' title='bbox 1089 1983 1196 2025; x_wconf 93' lang='lat' dir='ltr'><strong>non</strong></span> <span class='ocrx_word' id='word_1_252' title='bbox 1241 1971 1419 2037; x_wconf 90' lang='lat' dir='ltr'><strong>bona,</strong></span> <span class='ocrx_word' id='word_1_253' title='bbox 1448 1973 1662 2030; x_wconf 91' lang='lat' dir='ltr'><strong>etiamsi</strong></span> <span class='ocrx_word' id='word_1_254' title='bbox 1709 1990 1834 2030; x_wconf 89' lang='lat' dir='ltr'><strong>eum</strong></span> <span class='ocrx_word' id='word_1_255' title='bbox 1883 1977 2043 2033; x_wconf 88' lang='lat' dir='ltr'><strong>unius</strong></span> <span class='ocrx_word' id='word_1_256' title='bbox 2072 1980 2176 2036; x_wconf 88' lang='lat' dir='ltr'><strong>diei</strong></span> 
     </span>
    </p>
   </div>
   <div class='ocr_carea' id='block_1_34' title="bbox 592 2055 2180 2133">
    <p class='ocr_par' dir='ltr' id='par_1_34' title="bbox 592 2055 2180 2133">
     <span class='ocr_line' id='line_1_34' title="bbox 592 2055 2180 2133; baseline 0.01 -22"><span class='ocrx_word' id='word_1_257' title='bbox 592 2056 760 2113; x_wconf 87' lang='lat' dir='ltr'><strong>vitam</strong></span> <span class='ocrx_word' id='word_1_258' title='bbox 792 2059 1081 2115; x_wconf 89' lang='lat' dir='ltr'><strong>habentem</strong></span> <span class='ocrx_word' id='word_1_259' title='bbox 1125 2075 1288 2132; x_wconf 86' lang='lat' dir='ltr'><strong>super</strong></span> <span class='ocrx_word' id='word_1_260' title='bbox 1321 2055 1521 2118; x_wconf 82' lang='lat' dir='ltr'><strong>terram</strong></span> <span class='ocrx_word' id='word_1_261' title='bbox 1558 2065 1735 2133; x_wconf 81' lang='lat' dir='ltr'><strong>gratia</strong></span> <span class='ocrx_word' id='word_1_262' title='bbox 1767 2066 2067 2126; x_wconf 87' lang='lat' dir='ltr'><strong>Salvatoris</strong></span> <span class='ocrx_word' id='word_1_263' title='bbox 2095 2071 2180 2126; x_wconf 89' lang='lat' dir='ltr'><strong>in-</strong></span> 
     </span>
    </p>
   </div>
   <div class='ocr_carea' id='block_1_35' title="bbox 591 2151 2178 2234">
    <p class='ocr_par' dir='ltr' id='par_1_35' title="bbox 591 2151 2178 2234">
     <span class='ocr_line' id='line_1_35' title="bbox 591 2151 2178 2234; baseline 0.008 -27"><span class='ocrx_word' id='word_1_264' title='bbox 591 2151 820 2207; x_wconf 83' lang='lat' dir='ltr'><strong>venerit.</strong></span> <span class='ocrx_word' id='word_1_265' title='bbox 853 2151 988 2220; x_wconf 87' lang='lat' dir='ltr'><strong>Quia</strong></span> <span class='ocrx_word' id='word_1_266' title='bbox 1015 2154 1060 2210; x_wconf 89' lang='lat' dir='ltr'><strong>si</strong></span> <span class='ocrx_word' id='word_1_267' title='bbox 1087 2153 1292 2226; x_wconf 89' lang='lat' dir='ltr'><strong>aliquid</strong></span> <span class='ocrx_word' id='word_1_268' title='bbox 1320 2156 1448 2212; x_wconf 91' lang='lat' dir='ltr'><strong>boni</strong></span> <span class='ocrx_word' id='word_1_269' title='bbox 1481 2152 1739 2228; x_wconf 86' lang='lat' dir='ltr'><strong>operatur</strong></span> <span class='ocrx_word' id='word_1_270' title='bbox 1770 2160 1932 2217; x_wconf 91' lang='lat' dir='ltr'><strong>homo</strong></span> <span class='ocrx_word' id='word_1_271' title='bbox 1963 2170 2024 2217; x_wconf 92' lang='lat' dir='ltr'><strong>ut</strong></span> <span class='ocrx_word' id='word_1_272' title='bbox 2052 2178 2178 2234; x_wconf 88' lang='lat' dir='ltr'><strong>gra-</strong></span> 
     </span>
    </p>
   </div>
   <div class='ocr_carea' id='block_1_36' title="bbox 592 2244 2180 2321">
    <p class='ocr_par' dir='ltr' id='par_1_36' title="bbox 592 2244 2180 2321">
     <span class='ocr_line' id='line_1_36' title="bbox 592 2244 2180 2321; baseline 0.009 -24"><span class='ocrx_word' id='word_1_273' title='bbox 592 2244 722 2298; x_wconf 87' lang='lat' dir='ltr'><strong>tiam</strong></span> <span class='ocrx_word' id='word_1_274' title='bbox 751 2252 1046 2312; x_wconf 89' lang='lat' dir='ltr'><strong>mereatur,</strong></span> <span class='ocrx_word' id='word_1_275' title='bbox 1077 2261 1186 2302; x_wconf 92' lang='lat' dir='ltr'><strong>non</strong></span> <span class='ocrx_word' id='word_1_276' title='bbox 1217 2246 1266 2302; x_wconf 89' lang='lat' dir='ltr'><strong>ei</strong></span> <span class='ocrx_word' id='word_1_277' title='bbox 1311 2262 1524 2306; x_wconf 90' lang='lat' dir='ltr'><strong>merces</strong></span> <span class='ocrx_word' id='word_1_278' title='bbox 1554 2251 1856 2321; x_wconf 87' lang='lat' dir='ltr'><strong>imputatur</strong></span> <span class='ocrx_word' id='word_1_279' title='bbox 1883 2255 2180 2312; x_wconf 90' lang='lat' dir='ltr'><strong>secundum</strong></span> 
     </span>
    </p>
   </div>
   <div class='ocr_carea' id='block_1_37' title="bbox 589 2336 2180 2405">
    <p class='ocr_par' dir='ltr' id='par_1_37' title="bbox 589 2336 2180 2405">
     <span class='ocr_line' id='line_1_37' title="bbox 589 2336 2180 2405; baseline 0.011 -18"><span class='ocrx_word' id='word_1_280' title='bbox 589 2336 822 2404; x_wconf 83' lang='lat' dir='ltr'><strong>gratiam</strong></span> <span class='ocrx_word' id='word_1_281' title='bbox 841 2375 855 2403; x_wconf 91' lang='lat'><strong>,</strong></span> <span class='ocrx_word' id='word_1_282' title='bbox 886 2336 980 2392; x_wconf 90' lang='lat' dir='ltr'><strong>sed</strong></span> <span class='ocrx_word' id='word_1_283' title='bbox 1007 2338 1304 2394; x_wconf 90' lang='lat' dir='ltr'><strong>secundum</strong></span> <span class='ocrx_word' id='word_1_284' title='bbox 1331 2340 1594 2397; x_wconf 90' lang='lat' dir='ltr'><strong>debitum.</strong></span> <span class='ocrx_word' id='word_1_285' title='bbox 1629 2342 1686 2398; x_wconf 91' lang='lat' dir='ltr'><strong>Si</strong></span> <span class='ocrx_word' id='word_1_286' title='bbox 1716 2354 1899 2401; x_wconf 89' lang='lat' dir='ltr'><strong>autem</strong></span> <span class='ocrx_word' id='word_1_287' title='bbox 1927 2347 2099 2403; x_wconf 86' lang='lat' dir='ltr'><strong>credit</strong></span> <span class='ocrx_word' id='word_1_288' title='bbox 2124 2349 2180 2405; x_wconf 85' lang='lat' dir='ltr'><strong>in</strong></span> 
     </span>
    </p>
   </div>
   <div class='ocr_carea' id='block_1_38' title="bbox 593 2427 2178 2507">
    <p class='ocr_par' dir='ltr' id='par_1_38' title="bbox 593 2427 2178 2507">
     <span class='ocr_line' id='line_1_38' title="bbox 593 2427 2178 2507; baseline 0.009 -26"><span class='ocrx_word' id='word_1_289' title='bbox 593 2442 717 2481; x_wconf 92' lang='lat' dir='ltr'><strong>eum</strong></span> <span class='ocrx_word' id='word_1_290' title='bbox 740 2428 830 2496; x_wconf 90' lang='lat' dir='ltr'><strong>qui</strong></span> <span class='ocrx_word' id='word_1_291' title='bbox 850 2427 1118 2498; x_wconf 81' lang='lat' dir='ltr'><strong>justiﬁcat</strong></span> <span class='ocrx_word' id='word_1_292' title='bbox 1144 2431 1370 2502; x_wconf 91' lang='lat' dir='ltr'><strong>impium</strong></span> <span class='ocrx_word' id='word_1_293' title='bbox 1387 2473 1402 2499; x_wconf 93' lang='lat'><strong>,</strong></span> <span class='ocrx_word' id='word_1_294' title='bbox 1427 2443 1484 2488; x_wconf 88' lang='lat' dir='ltr'><strong>ut</strong></span> <span class='ocrx_word' id='word_1_295' title='bbox 1506 2433 1792 2502; x_wconf 89' lang='lat' dir='ltr'><strong>deputetur</strong></span> <span class='ocrx_word' id='word_1_296' title='bbox 1814 2435 1948 2492; x_wconf 89' lang='lat' dir='ltr'><strong>ﬁdes</strong></span> <span class='ocrx_word' id='word_1_297' title='bbox 1973 2435 2090 2507; x_wconf 89' lang='lat' dir='ltr'><strong>ejus</strong></span> <span class='ocrx_word' id='word_1_298' title='bbox 2112 2440 2178 2496; x_wconf 89' lang='lat' dir='ltr'><strong>ad</strong></span> 
     </span>
    </p>
   </div>
   <div class='ocr_carea' id='block_1_39' title="bbox 585 2518 2180 2600">
    <p class='ocr_par' dir='ltr' id='par_1_39' title="bbox 585 2518 2180 2600">
     <span class='ocr_line' id='line_1_39' title="bbox 585 2518 2180 2600; baseline 0.008 -26"><span class='ocrx_word' id='word_1_299' title='bbox 585 2518 854 2589; x_wconf 81' lang='lat' dir='ltr'><strong>justitiam</strong></span> <span class='ocrx_word' id='word_1_300' title='bbox 897 2520 1094 2594; x_wconf 73' lang='lat' dir='ltr'><strong>(justus</strong></span> <span class='ocrx_word' id='word_1_301' title='bbox 1119 2524 1264 2579; x_wconf 91' lang='lat' dir='ltr'><strong>enim</strong></span> <span class='ocrx_word' id='word_1_302' title='bbox 1306 2540 1374 2580; x_wconf 73' lang='lat' dir='ltr'><strong>ex</strong></span> <span class='ocrx_word' id='word_1_303' title='bbox 1406 2525 1513 2580; x_wconf 91' lang='lat' dir='ltr'><strong>ﬁde</strong></span> <span class='ocrx_word' id='word_1_304' title='bbox 1548 2526 1723 2600; x_wconf 85' lang='lat' dir='ltr'><strong>vivit),</strong></span> <span class='ocrx_word' id='word_1_305' title='bbox 1759 2527 2002 2598; x_wconf 82' lang='lat' dir='ltr'><strong>profecto</strong></span> <span class='ocrx_word' id='word_1_306' title='bbox 2028 2539 2180 2587; x_wconf 90' lang='lat' dir='ltr'><strong>ante-</strong></span> 
     </span>
    </p>
   </div>
   <div class='ocr_carea' id='block_1_40' title="bbox 588 2613 2179 2689">
    <p class='ocr_par' dir='ltr' id='par_1_40' title="bbox 588 2613 2179 2689">
     <span class='ocr_line' id='line_1_40' title="bbox 588 2613 2179 2689; baseline 0.009 -24"><span class='ocrx_word' id='word_1_307' title='bbox 588 2626 751 2681; x_wconf 86' lang='lat' dir='ltr'><strong>quam</strong></span> <span class='ocrx_word' id='word_1_308' title='bbox 780 2613 955 2684; x_wconf 86' lang='lat' dir='ltr'><strong>gratia</strong></span> <span class='ocrx_word' id='word_1_309' title='bbox 993 2613 1347 2684; x_wconf 85' lang='lat' dir='ltr'><strong>justiﬁcetur,</strong></span> <span class='ocrx_word' id='word_1_310' title='bbox 1398 2618 1501 2673; x_wconf 90' lang='lat' dir='ltr'><strong>hoc</strong></span> <span class='ocrx_word' id='word_1_311' title='bbox 1560 2626 1645 2674; x_wconf 90' lang='lat' dir='ltr'><strong>est</strong></span> <span class='ocrx_word' id='word_1_312' title='bbox 1687 2618 1868 2689; x_wconf 90' lang='lat' dir='ltr'><strong>justus</strong></span> <span class='ocrx_word' id='word_1_313' title='bbox 1914 2621 2179 2679; x_wconf 82' lang='lat' dir='ltr'><strong>elliciatur</strong></span> 
     </span>
    </p>
   </div>
   <div class='ocr_carea' id='block_1_41' title="bbox 585 2705 2177 2782">
    <p class='ocr_par' dir='ltr' id='par_1_41' title="bbox 585 2705 2177 2782">
     <span class='ocr_line' id='line_1_41' title="bbox 585 2705 2177 2782; baseline 0.009 -23"><span class='ocrx_word' id='word_1_314' title='bbox 585 2705 783 2777; x_wconf 89' lang='lat' dir='ltr'><strong>impius</strong></span> <span class='ocrx_word' id='word_1_315' title='bbox 805 2746 820 2772; x_wconf 93' lang='lat'><strong>,</strong></span> <span class='ocrx_word' id='word_1_316' title='bbox 850 2708 978 2776; x_wconf 91' lang='lat' dir='ltr'><strong>quid</strong></span> <span class='ocrx_word' id='word_1_317' title='bbox 1007 2716 1092 2764; x_wconf 92' lang='lat' dir='ltr'><strong>est</strong></span> <span class='ocrx_word' id='word_1_318' title='bbox 1118 2709 1223 2764; x_wconf 90' lang='lat' dir='ltr'><strong>nisi</strong></span> <span class='ocrx_word' id='word_1_319' title='bbox 1256 2710 1489 2782; x_wconf 90' lang='lat' dir='ltr'><strong>impius?</strong></span> <span class='ocrx_word' id='word_1_320' title='bbox 1517 2711 1690 2779; x_wconf 86' lang='lat' dir='ltr'><strong>Quem</strong></span> <span class='ocrx_word' id='word_1_321' title='bbox 1736 2715 1781 2769; x_wconf 93' lang='lat' dir='ltr'><strong>si</strong></span> <span class='ocrx_word' id='word_1_322' title='bbox 1823 2716 2064 2772; x_wconf 86' lang='lat' dir='ltr'><strong>debitum</strong></span> <span class='ocrx_word' id='word_1_323' title='bbox 2093 2732 2177 2774; x_wconf 89' lang='lat' dir='ltr'><strong>se-</strong></span> 
     </span>
    </p>
   </div>
   <div class='ocr_carea' id='block_1_42' title="bbox 585 2800 2170 2877">
    <p class='ocr_par' dir='ltr' id='par_1_42' title="bbox 585 2800 2170 2877">
     <span class='ocr_line' id='line_1_42' title="bbox 585 2800 2170 2877; baseline 0.009 -26"><span class='ocrx_word' id='word_1_324' title='bbox 585 2807 860 2868; x_wconf 88' lang='lat' dir='ltr'><strong>queretur,</strong></span> <span class='ocrx_word' id='word_1_325' title='bbox 877 2801 1006 2870; x_wconf 92' lang='lat' dir='ltr'><strong>quid</strong></span> <span class='ocrx_word' id='word_1_326' title='bbox 1022 2800 1142 2870; x_wconf 89' lang='lat' dir='ltr'><strong>ejus</strong></span> <span class='ocrx_word' id='word_1_327' title='bbox 1162 2804 1358 2859; x_wconf 89' lang='lat' dir='ltr'><strong>merito</strong></span> <span class='ocrx_word' id='word_1_328' title='bbox 1379 2804 1481 2860; x_wconf 91' lang='lat' dir='ltr'><strong>nisi</strong></span> <span class='ocrx_word' id='word_1_329' title='bbox 1497 2806 1818 2877; x_wconf 91' lang='lat' dir='ltr'><strong>supplicium</strong></span> <span class='ocrx_word' id='word_1_330' title='bbox 1837 2808 2170 2866; x_wconf 87' lang='lat' dir='ltr'><strong>redderetur.</strong></span> 
     </span>
    </p>
   </div>
   <div class='ocr_carea' id='block_1_43' title="bbox 584 2890 2175 2976">
    <p class='ocr_par' dir='ltr' id='par_1_43' title="bbox 584 2890 2175 2976">
     <span class='ocr_line' id='line_1_43' title="bbox 584 2890 2175 2976; baseline 0.007 -29"><span class='ocrx_word' id='word_1_331' title='bbox 584 2890 642 2948; x_wconf 88' lang='lat' dir='ltr'><strong>Si</strong></span> <span class='ocrx_word' id='word_1_332' title='bbox 671 2907 799 2963; x_wconf 79' lang='lat' dir='ltr'><strong>ergo</strong></span> <span class='ocrx_word' id='word_1_333' title='bbox 827 2894 1031 2963; x_wconf 86' lang='lat' dir='ltr'><strong>gratia,</strong></span> <span class='ocrx_word' id='word_1_334' title='bbox 1056 2895 1171 2966; x_wconf 90' lang='lat' dir='ltr'><strong>jam</strong></span> <span class='ocrx_word' id='word_1_335' title='bbox 1202 2911 1310 2952; x_wconf 91' lang='lat' dir='ltr'><strong>non</strong></span> <span class='ocrx_word' id='word_1_336' title='bbox 1348 2912 1416 2952; x_wconf 81' lang='lat' dir='ltr'><strong>ex</strong></span> <span class='ocrx_word' id='word_1_337' title='bbox 1446 2899 1732 2968; x_wconf 84' lang='lat' dir='ltr'><strong>operibus,</strong></span> <span class='ocrx_word' id='word_1_338' title='bbox 1787 2901 2024 2972; x_wconf 89' lang='lat' dir='ltr'><strong>alioquin</strong></span> <span class='ocrx_word' id='word_1_339' title='bbox 2054 2919 2175 2976; x_wconf 83' lang='lat' dir='ltr'><strong>gra-</strong></span> 
     </span>
    </p>
   </div>
   <div class='ocr_carea' id='block_1_44' title="bbox 583 2984 2176 3060">
    <p class='ocr_par' dir='ltr' id='par_1_44' title="bbox 583 2984 2176 3060">
     <span class='ocr_line' id='line_1_44' title="bbox 583 2984 2176 3060; baseline 0.009 -22"><span class='ocrx_word' id='word_1_340' title='bbox 583 2985 656 3038; x_wconf 88' lang='lat' dir='ltr'><strong>tia</strong></span> <span class='ocrx_word' id='word_1_341' title='bbox 681 2984 795 3052; x_wconf 89' lang='lat' dir='ltr'><strong>jam</strong></span> <span class='ocrx_word' id='word_1_342' title='bbox 825 3001 932 3041; x_wconf 92' lang='lat' dir='ltr'><strong>non</strong></span> <span class='ocrx_word' id='word_1_343' title='bbox 962 2997 1047 3043; x_wconf 87' lang='lat' dir='ltr'><strong>est</strong></span> <span class='ocrx_word' id='word_1_344' title='bbox 1073 2990 1268 3060; x_wconf 86' lang='lat' dir='ltr'><strong>gratia.</strong></span> <span class='ocrx_word' id='word_1_345' title='bbox 1299 2987 1568 3059; x_wconf 89' lang='lat' dir='ltr'><strong>Operihus</strong></span> <span class='ocrx_word' id='word_1_346' title='bbox 1598 2992 1746 3047; x_wconf 88' lang='lat' dir='ltr'><strong>enim</strong></span> <span class='ocrx_word' id='word_1_347' title='bbox 1779 2993 2020 3050; x_wconf 89' lang='lat' dir='ltr'><strong>debitum</strong></span> <span class='ocrx_word' id='word_1_348' title='bbox 2052 2997 2176 3052; x_wconf 86' lang='lat' dir='ltr'><strong>red-</strong></span> 
     </span>
    </p>
   </div>
   <div class='ocr_carea' id='block_1_45' title="bbox 582 3077 2167 3161">
    <p class='ocr_par' dir='ltr' id='par_1_45' title="bbox 582 3077 2167 3161">
     <span class='ocr_line' id='line_1_45' title="bbox 582 3077 2167 3161; baseline 0.01 -31"><span class='ocrx_word' id='word_1_349' title='bbox 582 3077 747 3143; x_wconf 88' lang='lat' dir='ltr'><strong>ditur,</strong></span> <span class='ocrx_word' id='word_1_350' title='bbox 773 3079 947 3149; x_wconf 89' lang='lat' dir='ltr'><strong>gratia</strong></span> <span class='ocrx_word' id='word_1_351' title='bbox 978 3082 1147 3150; x_wconf 88' lang='lat' dir='ltr'><strong>gratis</strong></span> <span class='ocrx_word' id='word_1_352' title='bbox 1176 3081 1355 3150; x_wconf 89' lang='lat' dir='ltr'><strong>datur,</strong></span> <span class='ocrx_word' id='word_1_353' title='bbox 1402 3085 1544 3140; x_wconf 91' lang='lat' dir='ltr'><strong>unde</strong></span> <span class='ocrx_word' id='word_1_354' title='bbox 1586 3087 1753 3141; x_wconf 88' lang='lat' dir='ltr'><strong>etiam</strong></span> <span class='ocrx_word' id='word_1_355' title='bbox 1799 3099 2167 3161; x_wconf 87' lang='lat' dir='ltr'><strong>nuncupatur.</strong></span> 
     </span>
    </p>
   </div>
   <div class='ocr_carea' id='block_1_46' title="bbox 582 3169 2170 3253">
    <p class='ocr_par' dir='ltr' id='par_1_46' title="bbox 582 3169 2170 3253">
     <span class='ocr_line' id='line_1_46' title="bbox 582 3169 2170 3253; baseline 0.01 -30"><span class='ocrx_word' id='word_1_356' title='bbox 582 3169 695 3226; x_wconf 86' lang='lat' dir='ltr'><strong>Hoc</strong></span> <span class='ocrx_word' id='word_1_357' title='bbox 719 3181 805 3227; x_wconf 89' lang='lat' dir='ltr'><strong>est</strong></span> <span class='ocrx_word' id='word_1_358' title='bbox 829 3187 966 3243; x_wconf 93' lang='lat' dir='ltr'><strong>opus</strong></span> <span class='ocrx_word' id='word_1_359' title='bbox 996 3174 1122 3241; x_wconf 91' lang='lat' dir='ltr'><strong>Dei,</strong></span> <span class='ocrx_word' id='word_1_360' title='bbox 1154 3184 1287 3241; x_wconf 91' lang='lat' dir='ltr'><strong>etc.,</strong></span> <span class='ocrx_word' id='word_1_361' title='bbox 1318 3193 1482 3248; x_wconf 87' lang='lat' dir='ltr'><strong>usque</strong></span> <span class='ocrx_word' id='word_1_362' title='bbox 1509 3179 1578 3232; x_wconf 84' lang='lat' dir='ltr'><strong>ad</strong></span> <span class='ocrx_word' id='word_1_363' title='bbox 1605 3179 1955 3236; x_wconf 88' lang='lat' dir='ltr'><strong>dilectionem</strong></span> <span class='ocrx_word' id='word_1_364' title='bbox 1979 3197 2170 3253; x_wconf 87' lang='lat' dir='ltr'><strong>opera-</strong></span> 
     </span>
    </p>
   </div>
   <div class='ocr_carea' id='block_1_47' title="bbox 2282 1977 2929 2050">
    <p class='ocr_par' dir='ltr' id='par_1_47' title="bbox 2282 1977 2929 2050">
     <span class='ocr_line' id='line_1_47' title="bbox 2282 1977 2929 2050; baseline 0.009 -20"><span class='ocrx_word' id='word_1_365' title='bbox 2282 1978 2453 2046; x_wconf 86' lang='lat' dir='ltr'><strong>gratia</strong></span> <span class='ocrx_word' id='word_1_366' title='bbox 2475 1977 2572 2034; x_wconf 86' lang='lat' dir='ltr'><strong>Dei</strong></span> <span class='ocrx_word' id='word_1_367' title='bbox 2602 1981 2929 2050; x_wconf 86' lang='lat' dir='ltr'><strong>requiratur.</strong></span> 
     </span>
    </p>
   </div>
   <div class='ocr_carea' id='block_1_48' title="bbox 2355 2066 3779 2150">
    <p class='ocr_par' dir='ltr' id='par_1_48' title="bbox 2355 2066 3779 2150">
     <span class='ocr_line' id='line_1_48' title="bbox 2355 2066 3779 2150; baseline 0.01 -29"><span class='ocrx_word' id='word_1_368' title='bbox 2355 2066 2457 2122; x_wconf 87' lang='lat' dir='ltr'><strong>Ubi</strong></span> <span class='ocrx_word' id='word_1_369' title='bbox 2487 2070 2624 2124; x_wconf 89' lang='lat' dir='ltr'><strong>enim</strong></span> <span class='ocrx_word' id='word_1_370' title='bbox 2651 2087 2755 2126; x_wconf 89' lang='lat' dir='ltr'><strong>non</strong></span> <span class='ocrx_word' id='word_1_371' title='bbox 2779 2083 2854 2128; x_wconf 89' lang='lat' dir='ltr'><strong>est</strong></span> <span class='ocrx_word' id='word_1_372' title='bbox 2895 2073 2980 2129; x_wconf 80' lang='lat' dir='ltr'><strong>lea:</strong></span> <span class='ocrx_word' id='word_1_373' title='bbox 3000 2114 3016 2142; x_wconf 96' lang='lat'><strong><em>,</em></strong></span> <span class='ocrx_word' id='word_1_374' title='bbox 3049 2093 3142 2132; x_wconf 84' lang='lat' dir='ltr'><strong>nec</strong></span> <span class='ocrx_word' id='word_1_375' title='bbox 3164 2081 3541 2150; x_wconf 65' lang='lat' dir='ltr'><strong>prevaricatio.</strong></span> <span class='ocrx_word' id='word_1_376' title='bbox 3570 2079 3716 2139; x_wconf 86' lang='lat' dir='ltr'><strong>Omnis</strong></span> <span class='ocrx_word' id='word_1_377' title='bbox 3733 2080 3779 2135; x_wconf 81' lang='lat' dir='ltr'><strong>le-</strong></span> 
     </span>
    </p>
   </div>
   <div class='ocr_carea' id='block_1_49' title="bbox 2282 2161 3778 2240">
    <p class='ocr_par' dir='ltr' id='par_1_49' title="bbox 2282 2161 3778 2240">
     <span class='ocr_line' id='line_1_49' title="bbox 2282 2161 3778 2240; baseline 0.009 -29"><span class='ocrx_word' id='word_1_378' title='bbox 2282 2171 2403 2228; x_wconf 90' lang='lat' dir='ltr'><strong>gem</strong></span> <span class='ocrx_word' id='word_1_379' title='bbox 2435 2161 2785 2229; x_wconf 64' lang='lat' dir='ltr'><strong>praeteriens,</strong></span> <span class='ocrx_word' id='word_1_380' title='bbox 2829 2173 2960 2232; x_wconf 89' lang='lat' dir='ltr'><strong>etc.,</strong></span> <span class='ocrx_word' id='word_1_381' title='bbox 2995 2182 3158 2238; x_wconf 83' lang='lat' dir='ltr'><strong>usque</strong></span> <span class='ocrx_word' id='word_1_382' title='bbox 3187 2171 3259 2223; x_wconf 87' lang='lat' dir='ltr'><strong><em>ad</em></strong></span> <span class='ocrx_word' id='word_1_383' title='bbox 3291 2171 3479 2226; x_wconf 90' lang='lat' dir='ltr'><strong>merita</strong></span> <span class='ocrx_word' id='word_1_384' title='bbox 3499 2186 3604 2228; x_wconf 88' lang='lat' dir='ltr'><strong>sua.</strong></span> <span class='ocrx_word' id='word_1_385' title='bbox 3641 2171 3778 2240; x_wconf 75' lang='lat' dir='ltr'><strong>(ld.,iit</strong></span> 
     </span>
    </p>
   </div>
   <div class='ocr_carea' id='block_1_50' title="bbox 2281 2251 3554 2335">
    <p class='ocr_par' dir='ltr' id='par_1_50' title="bbox 2281 2251 3554 2335">
     <span class='ocr_line' id='line_1_50' title="bbox 2281 2251 3554 2335; baseline 0.011 -30"><span class='ocrx_word' id='word_1_386' title='bbox 2281 2251 2416 2320; x_wconf 86' lang='lat' dir='ltr'><strong>psal.</strong></span> <span class='ocrx_word' id='word_1_387' title='bbox 2451 2267 2590 2320; x_wconf 81' lang='lat' dir='ltr'><strong>Lxx,</strong></span> <span class='ocrx_word' id='word_1_388' title='bbox 2624 2261 2758 2311; x_wconf 89' lang='lat' dir='ltr'><strong>tom.</strong></span> <span class='ocrx_word' id='word_1_389' title='bbox 2787 2254 2878 2324; x_wconf 72' lang='grc' dir='ltr'>ιν,</span> <span class='ocrx_word' id='word_1_390' title='bbox 2905 2272 2961 2326; x_wconf 90' lang='lat' dir='ltr'><strong>p.</strong></span> <span class='ocrx_word' id='word_1_391' title='bbox 2989 2273 3042 2326; x_wconf 88' lang='grc' dir='ltr'><strong>ι,</strong></span> <span class='ocrx_word' id='word_1_392' title='bbox 3075 2261 3181 2317; x_wconf 89' lang='lat' dir='ltr'><strong>col.</strong></span> <span class='ocrx_word' id='word_1_393' title='bbox 3211 2262 3319 2319; x_wconf 88' lang='lat'><strong>879</strong></span> <span class='ocrx_word' id='word_1_394' title='bbox 3348 2273 3401 2319; x_wconf 91' lang='lat' dir='ltr'><strong>et</strong></span> <span class='ocrx_word' id='word_1_395' title='bbox 3424 2266 3554 2335; x_wconf 89' lang='lat' dir='ltr'><strong>seq.)</strong></span> 
     </span>
    </p>
   </div>
   <div class='ocr_carea' id='block_1_51' title="bbox 2355 2348 3869 2429">
    <p class='ocr_par' dir='ltr' id='par_1_51' title="bbox 2355 2348 3869 2429">
     <span class='ocr_line' id='line_1_51' title="bbox 2355 2348 3869 2429; baseline 0.01 -27"><span class='ocrx_word' id='word_1_396' title='bbox 2355 2348 2454 2418; x_wconf 82' lang='lat' dir='ltr'><strong>(Ex</strong></span> <span class='ocrx_word' id='word_1_397' title='bbox 2485 2348 2579 2404; x_wconf 86' lang='lat' dir='ltr'><strong>lib.</strong></span> <span class='ocrx_word' id='word_1_398' title='bbox 2611 2361 2796 2408; x_wconf 87' lang='lat' dir='ltr'><strong>contra</strong></span> <span class='ocrx_word' id='word_1_399' title='bbox 2819 2351 3144 2427; x_wconf 78' lang='lat' dir='ltr'><strong>lulianum.)</strong></span> <span class='ocrx_word' id='word_1_400' title='bbox 3172 2356 3286 2414; x_wconf 88' lang='lat' dir='ltr'><strong>Cur</strong></span> <span class='ocrx_word' id='word_1_401' title='bbox 3313 2375 3419 2416; x_wconf 92' lang='lat' dir='ltr'><strong>non</strong></span> <span class='ocrx_word' id='word_1_402' title='bbox 3442 2359 3774 2429; x_wconf 75' lang='lat' dir='ltr'><strong>attendis,mgo.</strong></span> 
     </span>
    </p>
   </div>
   <div class='ocr_carea' id='block_1_52' title="bbox 2281 2441 3774 2523">
    <p class='ocr_par' dir='ltr' id='par_1_52' title="bbox 2281 2441 3774 2523">
     <span class='ocr_line' id='line_1_52' title="bbox 2281 2441 3774 2523; baseline 0.008 -27"><span class='ocrx_word' id='word_1_403' title='bbox 2281 2441 2403 2498; x_wconf 89' lang='lat' dir='ltr'><strong>ideo</strong></span> <span class='ocrx_word' id='word_1_404' title='bbox 2432 2458 2540 2498; x_wconf 90' lang='lat' dir='ltr'><strong>non</strong></span> <span class='ocrx_word' id='word_1_405' title='bbox 2569 2457 2689 2501; x_wconf 87' lang='lat' dir='ltr'><strong>esse</strong></span> <span class='ocrx_word' id='word_1_406' title='bbox 2718 2446 2964 2504; x_wconf 64' lang='lat' dir='ltr'><strong>heredes</strong></span> <span class='ocrx_word' id='word_1_407' title='bbox 2991 2449 3060 2505; x_wconf 91' lang='lat' dir='ltr'><strong>de</strong></span> <span class='ocrx_word' id='word_1_408' title='bbox 3087 2449 3238 2523; x_wconf 86' lang='lat' dir='ltr'><strong>lege,</strong></span> <span class='ocrx_word' id='word_1_409' title='bbox 3277 2454 3404 2523; x_wconf 85' lang='lat' dir='ltr'><strong>quia</strong></span> <span class='ocrx_word' id='word_1_410' title='bbox 3435 2453 3518 2509; x_wconf 82' lang='lat' dir='ltr'><strong>lex</strong></span> <span class='ocrx_word' id='word_1_411' title='bbox 3547 2454 3658 2508; x_wconf 87' lang='lat' dir='ltr'><strong>iram</strong></span> <span class='ocrx_word' id='word_1_412' title='bbox 3695 2467 3774 2522; x_wconf 73' lang='lat' dir='ltr'><strong>ope</strong></span> 
     </span>
    </p>
   </div>
   <div class='ocr_carea' id='block_1_53' title="bbox 2281 2535 3776 2615">
    <p class='ocr_par' dir='ltr' id='par_1_53' title="bbox 2281 2535 3776 2615">
     <span class='ocr_line' id='line_1_53' title="bbox 2281 2535 3776 2615; baseline 0.006 -29"><span class='ocrx_word' id='word_1_413' title='bbox 2281 2535 2467 2588; x_wconf 85' lang='lat' dir='ltr'><strong>ratur?</strong></span> <span class='ocrx_word' id='word_1_414' title='bbox 2496 2535 2590 2591; x_wconf 90' lang='lat' dir='ltr'><strong>Ubi</strong></span> <span class='ocrx_word' id='word_1_415' title='bbox 2620 2536 2768 2592; x_wconf 90' lang='lat' dir='ltr'><strong>enim</strong></span> <span class='ocrx_word' id='word_1_416' title='bbox 2795 2552 2903 2596; x_wconf 89' lang='lat' dir='ltr'><strong>non</strong></span> <span class='ocrx_word' id='word_1_417' title='bbox 2931 2547 3018 2596; x_wconf 91' lang='lat' dir='ltr'><strong>est</strong></span> <span class='ocrx_word' id='word_1_418' title='bbox 3039 2539 3128 2598; x_wconf 83' lang='lat' dir='ltr'><strong>lex</strong></span> <span class='ocrx_word' id='word_1_419' title='bbox 3145 2583 3160 2610; x_wconf 94' lang='lat'><strong><em>,</em></strong></span> <span class='ocrx_word' id='word_1_420' title='bbox 3197 2558 3299 2600; x_wconf 90' lang='lat' dir='ltr'><strong>nec</strong></span> <span class='ocrx_word' id='word_1_421' title='bbox 3326 2545 3679 2615; x_wconf 69' lang='lat' dir='ltr'><strong>praevaricatio.</strong></span> <span class='ocrx_word' id='word_1_422' title='bbox 3697 2543 3776 2596; x_wconf 79' lang='lat' dir='ltr'><strong>Ideo</strong></span> 
     </span>
    </p>
   </div>
   <div class='ocr_carea' id='block_1_54' title="bbox 2280 2629 3774 2705">
    <p class='ocr_par' dir='ltr' id='par_1_54' title="bbox 2280 2629 3774 2705">
     <span class='ocr_line' id='line_1_54' title="bbox 2280 2629 3774 2705; baseline 0.003 -28"><span class='ocrx_word' id='word_1_423' title='bbox 2280 2632 2458 2679; x_wconf 88' lang='lat' dir='ltr'><strong>autem</strong></span> <span class='ocrx_word' id='word_1_424' title='bbox 2511 2641 2578 2682; x_wconf 80' lang='lat' dir='ltr'><strong>ex</strong></span> <span class='ocrx_word' id='word_1_425' title='bbox 2626 2629 3020 2698; x_wconf 88' lang='lat' dir='ltr'><strong>promissione,</strong></span> <span class='ocrx_word' id='word_1_426' title='bbox 3068 2632 3197 2702; x_wconf 87' lang='lat' dir='ltr'><strong>quia</strong></span> <span class='ocrx_word' id='word_1_427' title='bbox 3252 2633 3394 2690; x_wconf 89' lang='lat' dir='ltr'><strong>Deus</strong></span> <span class='ocrx_word' id='word_1_428' title='bbox 3433 2635 3563 2705; x_wconf 90' lang='lat' dir='ltr'><strong>quod</strong></span> <span class='ocrx_word' id='word_1_429' title='bbox 3602 2632 3774 2704; x_wconf 79' lang='lat' dir='ltr'><strong>promisit</strong></span> 
     </span>
    </p>
   </div>
   <div class='ocr_carea' id='block_1_55' title="bbox 2279 2717 3869 2800">
    <p class='ocr_par' dir='ltr' id='par_1_55' title="bbox 2279 2717 3869 2800">
     <span class='ocr_line' id='line_1_55' title="bbox 2279 2717 3869 2800; baseline 0.009 -29"><span class='ocrx_word' id='word_1_430' title='bbox 2279 2718 2394 2787; x_wconf 91' lang='lat' dir='ltr'><strong>ipse</strong></span> <span class='ocrx_word' id='word_1_431' title='bbox 2423 2717 2575 2774; x_wconf 83' lang='lat' dir='ltr'><strong>facit.</strong></span> <span class='ocrx_word' id='word_1_432' title='bbox 2603 2718 2708 2787; x_wconf 87' lang='lat' dir='ltr'><strong>Qui</strong></span> <span class='ocrx_word' id='word_1_433' title='bbox 2737 2723 2883 2777; x_wconf 87' lang='lat' dir='ltr'><strong>enim</strong></span> <span class='ocrx_word' id='word_1_434' title='bbox 2909 2735 3177 2796; x_wconf 75' lang='lat' dir='ltr'><strong>praecepta</strong></span> <span class='ocrx_word' id='word_1_435' title='bbox 3218 2725 3354 2800; x_wconf 81' lang='lat' dir='ltr'><strong>legis</strong></span> <span class='ocrx_word' id='word_1_436' title='bbox 3381 2727 3586 2799; x_wconf 88' lang='lat' dir='ltr'><strong>implere</strong></span> <span class='ocrx_word' id='word_1_437' title='bbox 3608 2741 3656 2781; x_wconf 89' lang='lat' dir='ltr'><strong>se</strong></span> <span class='ocrx_word' id='word_1_438' title='bbox 3675 2732 3775 2794; x_wconf 78' lang='lat' dir='ltr'><strong>putat</strong></span> <span class='ocrx_word' id='word_1_439' title='bbox 3868 2717 3869 2786; x_wconf 59' lang='grc' dir='ltr'><strong>ι</strong></span> 
     </span>
    </p>
   </div>
   <div class='ocr_carea' id='block_1_56' title="bbox 2277 2812 3869 2892">
    <p class='ocr_par' dir='ltr' id='par_1_56' title="bbox 2277 2812 3869 2892">
     <span class='ocr_line' id='line_1_56' title="bbox 2277 2812 3869 2892; baseline 0.003 -28"><span class='ocrx_word' id='word_1_440' title='bbox 2277 2823 2377 2879; x_wconf 89' lang='lat' dir='ltr'><strong>per</strong></span> <span class='ocrx_word' id='word_1_441' title='bbox 2406 2812 2696 2869; x_wconf 87' lang='lat' dir='ltr'><strong>arbitrium</strong></span> <span class='ocrx_word' id='word_1_442' title='bbox 2721 2816 2953 2887; x_wconf 66' lang='lat' dir='ltr'><strong>propriae</strong></span> <span class='ocrx_word' id='word_1_443' title='bbox 2978 2817 3279 2875; x_wconf 89' lang='lat' dir='ltr'><strong>voluntatis</strong></span> <span class='ocrx_word' id='word_1_444' title='bbox 3303 2821 3418 2876; x_wconf 90' lang='lat' dir='ltr'><strong>sine</strong></span> <span class='ocrx_word' id='word_1_445' title='bbox 3437 2819 3608 2892; x_wconf 88' lang='lat' dir='ltr'><strong>spiritu</strong></span> <span class='ocrx_word' id='word_1_446' title='bbox 3629 2817 3770 2889; x_wconf 69' lang='lat' dir='ltr'><strong>gratia,</strong></span> <span class='ocrx_word' id='word_1_447' title='bbox 3868 2833 3869 2892; x_wconf 46' lang='grc' dir='ltr'><strong>ι</strong></span> 
     </span>
    </p>
   </div>
   <div class='ocr_carea' id='block_1_57' title="bbox 2277 2899 3770 2982">
    <p class='ocr_par' dir='ltr' id='par_1_57' title="bbox 2277 2899 3770 2982">
     <span class='ocr_line' id='line_1_57' title="bbox 2277 2899 3770 2982; baseline 0.003 -29"><span class='ocrx_word' id='word_1_448' title='bbox 2277 2914 2430 2955; x_wconf 91' lang='lat' dir='ltr'><strong>suam</strong></span> <span class='ocrx_word' id='word_1_449' title='bbox 2469 2901 2739 2971; x_wconf 86' lang='lat' dir='ltr'><strong>justitiam</strong></span> <span class='ocrx_word' id='word_1_450' title='bbox 2781 2906 2897 2962; x_wconf 86' lang='lat' dir='ltr'><strong>vult</strong></span> <span class='ocrx_word' id='word_1_451' title='bbox 2927 2908 3298 2978; x_wconf 87' lang='lat' dir='ltr'><strong>constituere,</strong></span> <span class='ocrx_word' id='word_1_452' title='bbox 3328 2926 3434 2968; x_wconf 92' lang='lat' dir='ltr'><strong>non</strong></span> <span class='ocrx_word' id='word_1_453' title='bbox 3457 2899 3686 2982; x_wconf 84' lang='lat' dir='ltr'><strong>justitiam</strong></span> <span class='ocrx_word' id='word_1_454' title='bbox 3713 2905 3770 2960; x_wconf 78' lang='lat' dir='ltr'><strong>Dei</strong></span> 
     </span>
    </p>
   </div>
   <div class='ocr_carea' id='block_1_58' title="bbox 2277 3005 2492 3049">
    <p class='ocr_par' dir='ltr' id='par_1_58' title="bbox 2277 3005 2492 3049">
     <span class='ocr_line' id='line_1_58' title="bbox 2277 3005 2492 3049; baseline 0.014 -3"><span class='ocrx_word' id='word_1_455' title='bbox 2277 3005 2492 3049; x_wconf 88' lang='lat' dir='ltr'><strong>sumere</strong></span> 
     </span>
    </p>
   </div>
   <div class='ocr_carea' id='block_1_59' title="bbox 2347 3084 3771 3167">
    <p class='ocr_par' dir='ltr' id='par_1_59' title="bbox 2347 3084 3771 3167">
     <span class='ocr_line' id='line_1_59' title="bbox 2347 3084 3771 3167; baseline 0.004 -28"><span class='ocrx_word' id='word_1_456' title='bbox 2347 3084 2476 3141; x_wconf 90' lang='lat' dir='ltr'><strong>Ideo</strong></span> <span class='ocrx_word' id='word_1_457' title='bbox 2495 3103 2561 3144; x_wconf 77' lang='lat' dir='ltr'><strong>ea;</strong></span> <span class='ocrx_word' id='word_1_458' title='bbox 2581 3089 2708 3159; x_wconf 81' lang='lat' dir='ltr'><strong><em>ﬁde,</em></strong></span> <span class='ocrx_word' id='word_1_459' title='bbox 2736 3098 2792 3147; x_wconf 88' lang='lat' dir='ltr'><strong>ut</strong></span> <span class='ocrx_word' id='word_1_460' title='bbox 2813 3096 3098 3150; x_wconf 88' lang='lat' dir='ltr'><strong>secundum</strong></span> <span class='ocrx_word' id='word_1_461' title='bbox 3121 3097 3351 3167; x_wconf 85' lang='lat' dir='ltr'><strong>gratiam</strong></span> <span class='ocrx_word' id='word_1_462' title='bbox 3372 3096 3519 3167; x_wconf 83' lang='lat' dir='ltr'><strong>ﬁmo</strong></span> <span class='ocrx_word' id='word_1_463' title='bbox 3543 3096 3600 3150; x_wconf 85' lang='lat' dir='ltr'><strong>sit</strong></span> <span class='ocrx_word' id='word_1_464' title='bbox 3617 3092 3771 3164; x_wconf 69' lang='lat' dir='ltr'><strong>prouis-</strong></span> 
     </span>
    </p>
   </div>
   <div class='ocr_carea' id='block_1_60' title="bbox 2275 3177 3766 3264">
    <p class='ocr_par' dir='ltr' id='par_1_60' title="bbox 2275 3177 3766 3264">
     <span class='ocr_line' id='line_1_60' title="bbox 2275 3177 3766 3264; baseline 0.009 -33"><span class='ocrx_word' id='word_1_465' title='bbox 2275 3177 2352 3231; x_wconf 82' lang='lat' dir='ltr'><strong>sio</strong></span> <span class='ocrx_word' id='word_1_466' title='bbox 2377 3181 2519 3234; x_wconf 84' lang='lat' dir='ltr'><strong>omni</strong></span> <span class='ocrx_word' id='word_1_467' title='bbox 2541 3185 2745 3247; x_wconf 86' lang='lat' dir='ltr'><strong>semini,</strong></span> <span class='ocrx_word' id='word_1_468' title='bbox 2770 3203 2874 3241; x_wconf 88' lang='lat' dir='ltr'><strong>non</strong></span> <span class='ocrx_word' id='word_1_469' title='bbox 2901 3191 2947 3242; x_wconf 89' lang='lat' dir='ltr'><strong>ei</strong></span> <span class='ocrx_word' id='word_1_470' title='bbox 2977 3192 3067 3261; x_wconf 87' lang='lat' dir='ltr'><strong>qui</strong></span> <span class='ocrx_word' id='word_1_471' title='bbox 3090 3209 3154 3246; x_wconf 77' lang='lat' dir='ltr'><strong>ea:</strong></span> <span class='ocrx_word' id='word_1_472' title='bbox 3185 3193 3299 3264; x_wconf 87' lang='lat' dir='ltr'><strong>lege</strong></span> <span class='ocrx_word' id='word_1_473' title='bbox 3325 3204 3397 3249; x_wconf 85' lang='lat' dir='ltr'><strong>est</strong></span> <span class='ocrx_word' id='word_1_474' title='bbox 3423 3195 3593 3249; x_wconf 87' lang='lat' dir='ltr'><strong>solum.</strong></span> <span class='ocrx_word' id='word_1_475' title='bbox 3610 3191 3687 3262; x_wconf 82' lang='lat' dir='ltr'><strong>(Ex</strong></span> <span class='ocrx_word' id='word_1_476' title='bbox 3708 3189 3766 3240; x_wconf 84' lang='lat' dir='ltr'><strong>lib.</strong></span> 
     </span>
    </p>
   </div>
   <div class='ocr_carea' id='block_1_61' title="bbox 583 3261 2168 3357">
    <p class='ocr_par' dir='ltr' id='par_1_61' title="bbox 583 3263 2167 3344">
     <span class='ocr_line' id='line_1_61' title="bbox 583 3263 2167 3344; baseline 0.01 -28"><span class='ocrx_word' id='word_1_477' title='bbox 583 3270 692 3317; x_wconf 90' lang='lat' dir='ltr'><strong>tur.</strong></span> <span class='ocrx_word' id='word_1_478' title='bbox 740 3263 864 3335; x_wconf 89' lang='lat' dir='ltr'><strong>(ld.,</strong></span> <span class='ocrx_word' id='word_1_479' title='bbox 908 3275 1060 3321; x_wconf 85' lang='lat' dir='ltr'><strong>tract.</strong></span> <span class='ocrx_word' id='word_1_480' title='bbox 1110 3267 1382 3339; x_wconf 82' lang='lat' dir='ltr'><strong>Evangelii</strong></span> <span class='ocrx_word' id='word_1_481' title='bbox 1421 3273 1708 3327; x_wconf 88' lang='lat' dir='ltr'><strong>secundum</strong></span> <span class='ocrx_word' id='word_1_482' title='bbox 1750 3273 2034 3343; x_wconf 81' lang='lat' dir='ltr'><strong>Joannem,</strong></span> <span class='ocrx_word' id='word_1_483' title='bbox 2067 3278 2167 3344; x_wconf 79' lang='grc'><strong>29,</strong></span> 
     </span>
    </p>
   </div>
   <div class='ocr_carea' id='block_1_62' title="bbox 2274 3261 3768 3357">
    <p class='ocr_par' dir='ltr' id='par_1_62' title="bbox 2278 3261 3768 3357">
     <span class='ocr_line' id='line_1_62' title="bbox 2278 3261 3768 3357; baseline 0.007 -33"><span class='ocrx_word' id='word_1_484' title='bbox 2278 3285 2349 3336; x_wconf 87' lang='grc' dir='ltr'><strong>ιι,</strong></span> <span class='ocrx_word' id='word_1_485' title='bbox 2394 3272 2458 3326; x_wconf 91' lang='lat' dir='ltr'><strong>de</strong></span> <span class='ocrx_word' id='word_1_486' title='bbox 2485 3271 2757 3344; x_wconf 86' lang='lat' dir='ltr'><strong>Baptismo</strong></span> <span class='ocrx_word' id='word_1_487' title='bbox 2787 3281 3174 3357; x_wconf 84' lang='lat' dir='ltr'><strong>parvulorum.)</strong></span> <span class='ocrx_word' id='word_1_488' title='bbox 3207 3261 3264 3341; x_wconf 78' lang='lat' dir='ltr'><strong>Id</strong></span> <span class='ocrx_word' id='word_1_489' title='bbox 3312 3295 3394 3342; x_wconf 87' lang='lat' dir='ltr'><strong>est</strong></span> <span class='ocrx_word' id='word_1_490' title='bbox 3433 3286 3518 3355; x_wconf 90' lang='lat' dir='ltr'><strong>qui</strong></span> <span class='ocrx_word' id='word_1_491' title='bbox 3557 3261 3623 3339; x_wconf 6' lang='lat' dir='ltr'><strong>exi</strong></span> <span class='ocrx_word' id='word_1_492' title='bbox 3649 3278 3768 3334; x_wconf 71' lang='lat' dir='ltr'><strong>Veteri</strong></span> 
     </span>
    </p>
   </div>
   <div class='ocr_carea' id='block_1_63' title="bbox 587 3359 1358 3430">
    <p class='ocr_par' dir='ltr' id='par_1_63' title="bbox 587 3359 1358 3430">
     <span class='ocr_line' id='line_1_63' title="bbox 587 3359 1358 3430; baseline 0.009 -18"><span class='ocrx_word' id='word_1_493' title='bbox 587 3365 717 3414; x_wconf 91' lang='lat' dir='ltr'><strong>tom.</strong></span> <span class='ocrx_word' id='word_1_494' title='bbox 746 3359 846 3426; x_wconf 92' lang='lat' dir='ltr'><strong>lll,</strong></span> <span class='ocrx_word' id='word_1_495' title='bbox 871 3375 924 3430; x_wconf 93' lang='lat' dir='ltr'><strong>p.</strong></span> <span class='ocrx_word' id='word_1_496' title='bbox 958 3377 1030 3430; x_wconf 89' lang='grc' dir='ltr'>ιι,</span> <span class='ocrx_word' id='word_1_497' title='bbox 1059 3363 1162 3418; x_wconf 89' lang='lat' dir='ltr'><strong>col.</strong></span> <span class='ocrx_word' id='word_1_498' title='bbox 1197 3364 1358 3419; x_wconf 81' lang='grc'>1651.</span> 
     </span>
    </p>
   </div>
   <div class='ocr_carea' id='block_1_64' title="bbox 650 3450 2167 3531">
    <p class='ocr_par' dir='ltr' id='par_1_64' title="bbox 650 3450 2167 3531">
     <span class='ocr_line' id='line_1_64' title="bbox 650 3450 2167 3531; baseline 0.009 -26"><span class='ocrx_word' id='word_1_499' title='bbox 650 3450 903 3522; x_wconf 82' lang='lat' dir='ltr'><strong>Nunquid</strong></span> <span class='ocrx_word' id='word_1_500' title='bbox 933 3453 1076 3511; x_wconf 90' lang='lat' dir='ltr'><strong>inter</strong></span> <span class='ocrx_word' id='word_1_501' title='bbox 1109 3457 1426 3522; x_wconf 88' lang='lat' dir='ltr'><strong>credentes,</strong></span> <span class='ocrx_word' id='word_1_502' title='bbox 1466 3468 1596 3524; x_wconf 86' lang='lat' dir='ltr'><strong>etc.,</strong></span> <span class='ocrx_word' id='word_1_503' title='bbox 1637 3476 1798 3531; x_wconf 86' lang='lat' dir='ltr'><strong>usque</strong></span> <span class='ocrx_word' id='word_1_504' title='bbox 1821 3461 1890 3515; x_wconf 87' lang='lat' dir='ltr'><strong><em>ad</em></strong></span> <span class='ocrx_word' id='word_1_505' title='bbox 1919 3468 1976 3516; x_wconf 88' lang='lat' dir='ltr'><strong>nt</strong></span> <span class='ocrx_word' id='word_1_506' title='bbox 2003 3461 2167 3518; x_wconf 83' lang='lat' dir='ltr'><strong>facia-</strong></span> 
     </span>
    </p>
   </div>
   <div class='ocr_carea' id='block_1_65' title="bbox 579 3544 2169 3619">
    <p class='ocr_par' dir='ltr' id='par_1_65' title="bbox 579 3544 2169 3619">
     <span class='ocr_line' id='line_1_65' title="bbox 579 3544 2169 3619; baseline 0.006 -23"><span class='ocrx_word' id='word_1_507' title='bbox 579 3556 702 3598; x_wconf 87' lang='lat' dir='ltr'><strong>mus</strong></span> <span class='ocrx_word' id='word_1_508' title='bbox 731 3550 787 3597; x_wconf 88' lang='lat' dir='ltr'><strong>et</strong></span> <span class='ocrx_word' id='word_1_509' title='bbox 827 3557 945 3598; x_wconf 91' lang='lat' dir='ltr'><strong>nos.</strong></span> <span class='ocrx_word' id='word_1_510' title='bbox 997 3544 1128 3613; x_wconf 86' lang='lat' dir='ltr'><strong>(ld.,</strong></span> <span class='ocrx_word' id='word_1_511' title='bbox 1163 3554 1316 3600; x_wconf 90' lang='lat' dir='ltr'><strong>tract.</strong></span> <span class='ocrx_word' id='word_1_512' title='bbox 1349 3546 1628 3619; x_wconf 85' lang='lat' dir='ltr'><strong>Evangelii</strong></span> <span class='ocrx_word' id='word_1_513' title='bbox 1668 3550 1953 3604; x_wconf 89' lang='lat' dir='ltr'><strong>secundum</strong></span> <span class='ocrx_word' id='word_1_514' title='bbox 1999 3549 2169 3606; x_wconf 84' lang='lat' dir='ltr'><strong>Joan-</strong></span> 
     </span>
    </p>
   </div>
   <div class='ocr_carea' id='block_1_66' title="bbox 578 3633 1842 3713">
    <p class='ocr_par' dir='ltr' id='par_1_66' title="bbox 578 3633 1842 3713">
     <span class='ocr_line' id='line_1_66' title="bbox 578 3633 1842 3713; baseline 0.007 -25"><span class='ocrx_word' id='word_1_515' title='bbox 578 3649 694 3688; x_wconf 90' lang='lat' dir='ltr'><strong>nem</strong></span> <span class='ocrx_word' id='word_1_516' title='bbox 723 3633 822 3702; x_wconf 84' lang='grc'>72,</span> <span class='ocrx_word' id='word_1_517' title='bbox 857 3643 987 3690; x_wconf 90' lang='lat' dir='ltr'><strong>tom.</strong></span> <span class='ocrx_word' id='word_1_518' title='bbox 1018 3635 1110 3701; x_wconf 88' lang='grc' dir='ltr'><strong>ΙΙΙ,</strong></span> <span class='ocrx_word' id='word_1_519' title='bbox 1145 3653 1197 3708; x_wconf 91' lang='lat' dir='ltr'><strong>p.</strong></span> <span class='ocrx_word' id='word_1_520' title='bbox 1235 3654 1304 3704; x_wconf 89' lang='grc' dir='ltr'>ιι,</span> <span class='ocrx_word' id='word_1_521' title='bbox 1341 3640 1444 3695; x_wconf 90' lang='lat' dir='ltr'><strong>col.</strong></span> <span class='ocrx_word' id='word_1_522' title='bbox 1477 3641 1615 3697; x_wconf 78' lang='grc'>1825</span> <span class='ocrx_word' id='word_1_523' title='bbox 1642 3651 1696 3697; x_wconf 84' lang='lat' dir='ltr'><strong>et</strong></span> <span class='ocrx_word' id='word_1_524' title='bbox 1727 3656 1842 3713; x_wconf 86' lang='lat' dir='ltr'><strong>seq.</strong></span> 
     </span>
    </p>
   </div>
   <div class='ocr_carea' id='block_1_67' title="bbox 647 3727 2168 3811">
    <p class='ocr_par' dir='ltr' id='par_1_67' title="bbox 647 3727 2168 3811">
     <span class='ocr_line' id='line_1_67' title="bbox 647 3727 2168 3811; baseline 0.01 -29"><span class='ocrx_word' id='word_1_525' title='bbox 647 3727 789 3784; x_wconf 88' lang='lat' dir='ltr'><strong>Dicit</strong></span> <span class='ocrx_word' id='word_1_526' title='bbox 810 3729 1130 3799; x_wconf 84' lang='lat' dir='ltr'><strong>Apostolus,</strong></span> <span class='ocrx_word' id='word_1_527' title='bbox 1155 3733 1202 3787; x_wconf 91' lang='lat' dir='ltr'><strong>si</strong></span> <span class='ocrx_word' id='word_1_528' title='bbox 1242 3733 1552 3802; x_wconf 87' lang='lat' dir='ltr'><strong>Abraham,</strong></span> <span class='ocrx_word' id='word_1_529' title='bbox 1598 3744 1732 3802; x_wconf 89' lang='lat' dir='ltr'><strong>etc.,</strong></span> <span class='ocrx_word' id='word_1_530' title='bbox 1765 3753 1927 3809; x_wconf 87' lang='lat' dir='ltr'><strong>usque</strong></span> <span class='ocrx_word' id='word_1_531' title='bbox 1956 3739 2024 3792; x_wconf 86' lang='lat' dir='ltr'><strong>ad</strong></span> <span class='ocrx_word' id='word_1_532' title='bbox 2046 3754 2168 3811; x_wconf 84' lang='lat' dir='ltr'><strong>ope-</strong></span> 
     </span>
    </p>
   </div>
   <div class='ocr_carea' id='block_1_68' title="bbox 575 3821 2167 3900">
    <p class='ocr_par' dir='ltr' id='par_1_68' title="bbox 575 3821 2167 3900">
     <span class='ocr_line' id='line_1_68' title="bbox 575 3821 2167 3900; baseline 0.008 -24"><span class='ocrx_word' id='word_1_533' title='bbox 575 3821 726 3878; x_wconf 82' lang='lat' dir='ltr'><strong>ribus</strong></span> <span class='ocrx_word' id='word_1_534' title='bbox 754 3823 932 3880; x_wconf 87' lang='lat' dir='ltr'><strong>bonis.</strong></span> <span class='ocrx_word' id='word_1_535' title='bbox 977 3825 1101 3897; x_wconf 92' lang='lat' dir='ltr'><strong>(ld.,</strong></span> <span class='ocrx_word' id='word_1_536' title='bbox 1145 3836 1299 3883; x_wconf 89' lang='lat' dir='ltr'><strong>tract.</strong></span> <span class='ocrx_word' id='word_1_537' title='bbox 1349 3826 1624 3900; x_wconf 86' lang='lat' dir='ltr'><strong>Evangelii</strong></span> <span class='ocrx_word' id='word_1_538' title='bbox 1669 3832 1957 3886; x_wconf 86' lang='lat' dir='ltr'><strong>secundum</strong></span> <span class='ocrx_word' id='word_1_539' title='bbox 1997 3832 2167 3888; x_wconf 81' lang='lat' dir='ltr'><strong>Joan-</strong></span> 
     </span>
    </p>
   </div>
   <div class='ocr_carea' id='block_1_69' title="bbox 574 3914 1664 3991">
    <p class='ocr_par' dir='ltr' id='par_1_69' title="bbox 574 3914 1664 3991">
     <span class='ocr_line' id='line_1_69' title="bbox 574 3914 1664 3991; baseline 0.006 -23"><span class='ocrx_word' id='word_1_540' title='bbox 574 3930 712 3981; x_wconf 85' lang='lat' dir='ltr'><strong>nem,</strong></span> <span class='ocrx_word' id='word_1_541' title='bbox 742 3914 835 3983; x_wconf 91' lang='lat'><strong>80,</strong></span> <span class='ocrx_word' id='word_1_542' title='bbox 865 3923 1000 3972; x_wconf 91' lang='lat' dir='ltr'><strong>tom.</strong></span> <span class='ocrx_word' id='word_1_543' title='bbox 1029 3916 1118 3984; x_wconf 93' lang='lat' dir='ltr'><strong>lll,</strong></span> <span class='ocrx_word' id='word_1_544' title='bbox 1142 3932 1197 3988; x_wconf 93' lang='lat' dir='ltr'><strong>p.</strong></span> <span class='ocrx_word' id='word_1_545' title='bbox 1230 3934 1300 3985; x_wconf 91' lang='grc' dir='ltr'><strong>ιι,</strong></span> <span class='ocrx_word' id='word_1_546' title='bbox 1341 3920 1444 3975; x_wconf 89' lang='lat' dir='ltr'><strong>col.</strong></span> <span class='ocrx_word' id='word_1_547' title='bbox 1481 3920 1664 3991; x_wconf 76' lang='grc'>1845.)</span> 
     </span>
    </p>
   </div>
   <div class='ocr_carea' id='block_1_70' title="bbox 645 4003 2164 4086">
    <p class='ocr_par' dir='ltr' id='par_1_70' title="bbox 645 4003 2164 4086">
     <span class='ocr_line' id='line_1_70' title="bbox 645 4003 2164 4086; baseline 0.01 -29"><span class='ocrx_word' id='word_1_548' title='bbox 645 4003 791 4059; x_wconf 90' lang='lat' dir='ltr'><strong>Sicut</strong></span> <span class='ocrx_word' id='word_1_549' title='bbox 832 4017 880 4060; x_wconf 92' lang='lat' dir='ltr'><strong><em>et</em></strong></span> <span class='ocrx_word' id='word_1_550' title='bbox 912 4006 1084 4061; x_wconf 82' lang='lat' dir='ltr'><strong>David</strong></span> <span class='ocrx_word' id='word_1_551' title='bbox 1113 4009 1270 4076; x_wconf 88' lang='lat' dir='ltr'><strong>dicit,</strong></span> <span class='ocrx_word' id='word_1_552' title='bbox 1294 4019 1419 4077; x_wconf 81' lang='lat' dir='ltr'><strong>etc.,</strong></span> <span class='ocrx_word' id='word_1_553' title='bbox 1450 4027 1622 4082; x_wconf 87' lang='lat' dir='ltr'><strong>usque</strong></span> <span class='ocrx_word' id='word_1_554' title='bbox 1652 4014 1716 4068; x_wconf 86' lang='lat' dir='ltr'><strong>ad</strong></span> <span class='ocrx_word' id='word_1_555' title='bbox 1743 4016 1901 4068; x_wconf 87' lang='lat' dir='ltr'><strong>etiam</strong></span> <span class='ocrx_word' id='word_1_556' title='bbox 1947 4016 2003 4070; x_wconf 84' lang='lat' dir='ltr'><strong>in</strong></span> <span class='ocrx_word' id='word_1_557' title='bbox 2029 4033 2164 4086; x_wconf 77' lang='lat' dir='ltr'><strong>prte-</strong></span> 
     </span>
    </p>
   </div>
   <div class='ocr_carea' id='block_1_71' title="bbox 571 4094 2161 4175">
    <p class='ocr_par' dir='ltr' id='par_1_71' title="bbox 571 4094 2161 4175">
     <span class='ocr_line' id='line_1_71' title="bbox 571 4094 2161 4175; baseline 0.012 -30"><span class='ocrx_word' id='word_1_558' title='bbox 571 4095 757 4164; x_wconf 88' lang='lat' dir='ltr'><strong>putio?</strong></span> <span class='ocrx_word' id='word_1_559' title='bbox 781 4094 1094 4165; x_wconf 87' lang='lat' dir='ltr'><strong>Propterea,</strong></span> <span class='ocrx_word' id='word_1_560' title='bbox 1131 4099 1326 4168; x_wconf 88' lang='lat' dir='ltr'><strong>inquit,</strong></span> <span class='ocrx_word' id='word_1_561' title='bbox 1359 4102 1452 4158; x_wconf 90' lang='lat' dir='ltr'><strong>tibi</strong></span> <span class='ocrx_word' id='word_1_562' title='bbox 1483 4103 1586 4158; x_wconf 87' lang='lat' dir='ltr'><strong>hoc</strong></span> <span class='ocrx_word' id='word_1_563' title='bbox 1616 4105 1798 4171; x_wconf 85' lang='lat' dir='ltr'><strong>dixi,o</strong></span> <span class='ocrx_word' id='word_1_564' title='bbox 1822 4107 2005 4174; x_wconf 91' lang='lat' dir='ltr'><strong>homo,</strong></span> <span class='ocrx_word' id='word_1_565' title='bbox 2032 4118 2161 4175; x_wconf 91' lang='lat' dir='ltr'><strong>etc.,</strong></span> 
     </span>
    </p>
   </div>
   <div class='ocr_carea' id='block_1_72' title="bbox 574 4185 2158 4266">
    <p class='ocr_par' dir='ltr' id='par_1_72' title="bbox 574 4185 2158 4266">
     <span class='ocr_line' id='line_1_72' title="bbox 574 4185 2158 4266; baseline 0.009 -29"><span class='ocrx_word' id='word_1_566' title='bbox 574 4200 737 4254; x_wconf 88' lang='lat' dir='ltr'><strong>usque</strong></span> <span class='ocrx_word' id='word_1_567' title='bbox 766 4185 836 4238; x_wconf 92' lang='lat' dir='ltr'><strong><em>ad</em></strong></span> <span class='ocrx_word' id='word_1_568' title='bbox 857 4186 1043 4244; x_wconf 90' lang='lat' dir='ltr'><strong>oculos</strong></span> <span class='ocrx_word' id='word_1_569' title='bbox 1067 4189 1456 4248; x_wconf 69' lang='lat' dir='ltr'><strong>misericordiae</strong></span> <span class='ocrx_word' id='word_1_570' title='bbox 1485 4193 1602 4250; x_wconf 90' lang='lat' dir='ltr'><strong>Dei.</strong></span> <span class='ocrx_word' id='word_1_571' title='bbox 1637 4195 1735 4264; x_wconf 72' lang='grc' dir='ltr'>(ιιι.</span> <span class='ocrx_word' id='word_1_572' title='bbox 1767 4196 1821 4250; x_wconf 88' lang='lat' dir='ltr'><strong>in</strong></span> <span class='ocrx_word' id='word_1_573' title='bbox 1843 4196 1978 4266; x_wconf 87' lang='lat' dir='ltr'><strong>psal.</strong></span> <span class='ocrx_word' id='word_1_574' title='bbox 2009 4214 2158 4266; x_wconf 78' lang='lat' dir='ltr'><strong>xxxi,</strong></span> 
     </span>
    </p>
   </div>
   <div class='ocr_carea' id='block_1_73' title="bbox 576 4275 1518 4354">
    <p class='ocr_par' dir='ltr' id='par_1_73' title="bbox 576 4275 1518 4354">
     <span class='ocr_line' id='line_1_73' title="bbox 576 4275 1518 4354; baseline 0.011 -25"><span class='ocrx_word' id='word_1_575' title='bbox 576 4283 705 4330; x_wconf 91' lang='lat' dir='ltr'><strong>tom.</strong></span> <span class='ocrx_word' id='word_1_576' title='bbox 739 4275 827 4342; x_wconf 83' lang='lat' dir='ltr'><strong>IV,</strong></span> <span class='ocrx_word' id='word_1_577' title='bbox 858 4293 913 4348; x_wconf 91' lang='lat' dir='ltr'><strong>p.</strong></span> <span class='ocrx_word' id='word_1_578' title='bbox 946 4294 992 4346; x_wconf 89' lang='grc' dir='ltr'><strong>ι,</strong></span> <span class='ocrx_word' id='word_1_579' title='bbox 1025 4278 1128 4336; x_wconf 89' lang='lat' dir='ltr'><strong>col.</strong></span> <span class='ocrx_word' id='word_1_580' title='bbox 1161 4280 1261 4336; x_wconf 81' lang='grc'>261</span> <span class='ocrx_word' id='word_1_581' title='bbox 1293 4289 1348 4336; x_wconf 91' lang='lat' dir='ltr'><strong>et</strong></span> <span class='ocrx_word' id='word_1_582' title='bbox 1378 4284 1518 4354; x_wconf 87' lang='lat' dir='ltr'><strong>seq.)</strong></span> 
     </span>
    </p>
   </div>
   <div class='ocr_carea' id='block_1_74' title="bbox 639 4368 2160 4450">
    <p class='ocr_par' dir='ltr' id='par_1_74' title="bbox 639 4368 2160 4450">
     <span class='ocr_line' id='line_1_74' title="bbox 639 4368 2160 4450; baseline 0.009 -24"><span class='ocrx_word' id='word_1_583' title='bbox 639 4368 800 4428; x_wconf 86' lang='lat' dir='ltr'><strong>Fides</strong></span> <span class='ocrx_word' id='word_1_584' title='bbox 823 4373 1227 4442; x_wconf 89' lang='lat' dir='ltr'><strong>commendari,</strong></span> <span class='ocrx_word' id='word_1_585' title='bbox 1255 4384 1389 4442; x_wconf 91' lang='lat' dir='ltr'><strong>etc.,</strong></span> <span class='ocrx_word' id='word_1_586' title='bbox 1411 4393 1573 4448; x_wconf 88' lang='lat' dir='ltr'><strong>usque</strong></span> <span class='ocrx_word' id='word_1_587' title='bbox 1594 4378 1664 4432; x_wconf 92' lang='lat' dir='ltr'><strong>ad</strong></span> <span class='ocrx_word' id='word_1_588' title='bbox 1689 4393 1790 4450; x_wconf 91' lang='lat' dir='ltr'><strong>per</strong></span> <span class='ocrx_word' id='word_1_589' title='bbox 1813 4379 2160 4438; x_wconf 90' lang='lat' dir='ltr'><strong>dilectionem</strong></span> 
     </span>
    </p>
   </div>
   <div class='ocr_carea' id='block_1_75' title="bbox 569 4466 2157 4546">
    <p class='ocr_par' dir='ltr' id='par_1_75' title="bbox 569 4466 2157 4546">
     <span class='ocr_line' id='line_1_75' title="bbox 569 4466 2157 4546; baseline 0.006 -28"><span class='ocrx_word' id='word_1_590' title='bbox 569 4472 823 4533; x_wconf 90' lang='lat' dir='ltr'><strong>operatur</strong></span> <span class='ocrx_word' id='word_1_591' title='bbox 851 4466 975 4535; x_wconf 87' lang='lat' dir='ltr'><strong>(ld.,</strong></span> <span class='ocrx_word' id='word_1_592' title='bbox 1005 4467 1058 4521; x_wconf 88' lang='lat' dir='ltr'><strong>in</strong></span> <span class='ocrx_word' id='word_1_593' title='bbox 1082 4467 1219 4538; x_wconf 91' lang='lat' dir='ltr'><strong>psal.</strong></span> <span class='ocrx_word' id='word_1_594' title='bbox 1254 4483 1420 4533; x_wconf 81' lang='lat' dir='ltr'><strong>van,</strong></span> <span class='ocrx_word' id='word_1_595' title='bbox 1456 4475 1588 4525; x_wconf 89' lang='lat' dir='ltr'><strong>tom.</strong></span> <span class='ocrx_word' id='word_1_596' title='bbox 1610 4469 1702 4537; x_wconf 75' lang='grc' dir='ltr'>Ν,</span> <span class='ocrx_word' id='word_1_597' title='bbox 1728 4487 1783 4541; x_wconf 90' lang='lat' dir='ltr'><strong>p.</strong></span> <span class='ocrx_word' id='word_1_598' title='bbox 1816 4488 1853 4536; x_wconf 92' lang='grc' dir='ltr'><strong>ι,</strong></span> <span class='ocrx_word' id='word_1_599' title='bbox 1878 4473 1981 4528; x_wconf 89' lang='lat' dir='ltr'><strong>col.</strong></span> <span class='ocrx_word' id='word_1_600' title='bbox 2008 4473 2157 4546; x_wconf 79' lang='lat'><strong>858.)</strong></span> 
     </span>
    </p>
   </div>
   <div class='ocr_carea' id='block_1_76' title="bbox 640 4555 2156 4630">
    <p class='ocr_par' dir='ltr' id='par_1_76' title="bbox 640 4555 2156 4630">
     <span class='ocr_line' id='line_1_76' title="bbox 640 4555 2156 4630; baseline 0.009 -21"><span class='ocrx_word' id='word_1_601' title='bbox 640 4555 829 4628; x_wconf 85' lang='lat' dir='ltr'><strong>Magna</strong></span> <span class='ocrx_word' id='word_1_602' title='bbox 862 4558 1009 4614; x_wconf 91' lang='lat' dir='ltr'><strong>enim</strong></span> <span class='ocrx_word' id='word_1_603' title='bbox 1055 4574 1219 4630; x_wconf 88' lang='lat' dir='ltr'><strong>opera</strong></span> <span class='ocrx_word' id='word_1_604' title='bbox 1267 4558 1517 4626; x_wconf 91' lang='lat' dir='ltr'><strong>Domini,</strong></span> <span class='ocrx_word' id='word_1_605' title='bbox 1555 4560 1827 4630; x_wconf 87' lang='lat' dir='ltr'><strong>exquisita</strong></span> <span class='ocrx_word' id='word_1_606' title='bbox 1870 4562 1923 4617; x_wconf 89' lang='lat' dir='ltr'><strong>in</strong></span> <span class='ocrx_word' id='word_1_607' title='bbox 1967 4579 2156 4622; x_wconf 88' lang='lat' dir='ltr'><strong>onmes</strong></span> 
     </span>
    </p>
   </div>
   <div class='ocr_carea' id='block_1_77' title="bbox 2280 3363 3177 3432">
    <p class='ocr_par' dir='ltr' id='par_1_77' title="bbox 2280 3363 3177 3432">
     <span class='ocr_line' id='line_1_77' title="bbox 2280 3363 3177 3432; baseline 0.017 -14"><span class='ocrx_word' id='word_1_608' title='bbox 2280 3363 2627 3425; x_wconf 89' lang='lat' dir='ltr'><strong>Testamento</strong></span> <span class='ocrx_word' id='word_1_609' title='bbox 2667 3373 2814 3426; x_wconf 89' lang='lat' dir='ltr'><strong>venit</strong></span> <span class='ocrx_word' id='word_1_610' title='bbox 2843 3375 2911 3430; x_wconf 89' lang='lat' dir='ltr'><strong>ad</strong></span> <span class='ocrx_word' id='word_1_611' title='bbox 2947 3373 3177 3432; x_wconf 87' lang='lat' dir='ltr'><strong>Novum.</strong></span> 
     </span>
    </p>
   </div>
   <div class='ocr_carea' id='block_1_78' title="bbox 2347 3455 3768 3540">
    <p class='ocr_par' dir='ltr' id='par_1_78' title="bbox 2347 3455 3768 3540">
     <span class='ocr_line' id='line_1_78' title="bbox 2347 3455 3768 3540; baseline 0.007 -28"><span class='ocrx_word' id='word_1_612' title='bbox 2347 3455 2453 3514; x_wconf 84' lang='lat' dir='ltr'><strong>Sed</strong></span> <span class='ocrx_word' id='word_1_613' title='bbox 2477 3469 2526 3514; x_wconf 87' lang='lat' dir='ltr'><strong><em>et</em></strong></span> <span class='ocrx_word' id='word_1_614' title='bbox 2546 3461 2594 3515; x_wconf 88' lang='lat' dir='ltr'><strong>ei</strong></span> <span class='ocrx_word' id='word_1_615' title='bbox 2617 3463 2706 3534; x_wconf 88' lang='lat' dir='ltr'><strong>qui</strong></span> <span class='ocrx_word' id='word_1_616' title='bbox 2727 3479 2792 3519; x_wconf 79' lang='lat' dir='ltr'><strong>ea:</strong></span> <span class='ocrx_word' id='word_1_617' title='bbox 2813 3465 2918 3534; x_wconf 80' lang='lat' dir='ltr'><strong>fide</strong></span> <span class='ocrx_word' id='word_1_618' title='bbox 2940 3476 3015 3522; x_wconf 90' lang='lat' dir='ltr'><strong>est</strong></span> <span class='ocrx_word' id='word_1_619' title='bbox 3041 3470 3293 3529; x_wconf 73' lang='lat' dir='ltr'><strong>Abrahaz.</strong></span> <span class='ocrx_word' id='word_1_620' title='bbox 3321 3471 3434 3529; x_wconf 86' lang='lat' dir='ltr'><strong>Non</strong></span> <span class='ocrx_word' id='word_1_621' title='bbox 3457 3471 3548 3528; x_wconf 90' lang='lat' dir='ltr'><strong>sibi</strong></span> <span class='ocrx_word' id='word_1_622' title='bbox 3568 3465 3768 3540; x_wconf 63' lang='lat' dir='ltr'><strong>praemissa</strong></span> 
     </span>
    </p>
   </div>
   <div class='ocr_carea' id='block_1_79' title="bbox 2275 3553 3768 3626">
    <p class='ocr_par' dir='ltr' id='par_1_79' title="bbox 2275 3553 3768 3626">
     <span class='ocr_line' id='line_1_79' title="bbox 2275 3553 3768 3626; baseline -0.003 -14"><span class='ocrx_word' id='word_1_623' title='bbox 2275 3553 2411 3626; x_wconf 86' lang='lat' dir='ltr'><strong>lege.</strong></span> <span class='ocrx_word' id='word_1_624' title='bbox 2462 3553 2544 3611; x_wconf 83' lang='lat' dir='ltr'><strong>Ex</strong></span> <span class='ocrx_word' id='word_1_625' title='bbox 2589 3556 2697 3614; x_wconf 86' lang='lat' dir='ltr'><strong>ﬁde</strong></span> <span class='ocrx_word' id='word_1_626' title='bbox 2738 3569 2922 3617; x_wconf 89' lang='lat' dir='ltr'><strong>autem</strong></span> <span class='ocrx_word' id='word_1_627' title='bbox 2965 3563 3246 3620; x_wconf 90' lang='lat' dir='ltr'><strong>Abraham</strong></span> <span class='ocrx_word' id='word_1_628' title='bbox 3304 3567 3358 3623; x_wconf 91' lang='lat' dir='ltr'><strong>id</strong></span> <span class='ocrx_word' id='word_1_629' title='bbox 3415 3576 3494 3623; x_wconf 90' lang='lat' dir='ltr'><strong>est</strong></span> <span class='ocrx_word' id='word_1_630' title='bbox 3546 3564 3768 3621; x_wconf 71' lang='lat' dir='ltr'><strong>imitatores</strong></span> 
     </span>
    </p>
   </div>
   <div class='ocr_carea' id='block_1_80' title="bbox 2272 3647 2726 3708">
    <p class='ocr_par' dir='ltr' id='par_1_80' title="bbox 2272 3647 2726 3708">
     <span class='ocr_line' id='line_1_80' title="bbox 2272 3647 2726 3708; baseline 0.009 -6"><span class='ocrx_word' id='word_1_631' title='bbox 2272 3647 2550 3704; x_wconf 79' lang='lat' dir='ltr'><strong>Abraham</strong></span> <span class='ocrx_word' id='word_1_632' title='bbox 2582 3649 2726 3708; x_wconf 90' lang='lat' dir='ltr'><strong>ﬁdei.</strong></span> 
     </span>
    </p>
   </div>
   <div class='ocr_carea' id='block_1_81' title="bbox 2345 3740 3764 3823">
    <p class='ocr_par' dir='ltr' id='par_1_81' title="bbox 2345 3740 3764 3823">
     <span class='ocr_line' id='line_1_81' title="bbox 2345 3740 3764 3823; baseline -0.004 -17"><span class='ocrx_word' id='word_1_633' title='bbox 2345 3740 2450 3806; x_wconf 79' lang='lat' dir='ltr'><strong>Qui</strong></span> <span class='ocrx_word' id='word_1_634' title='bbox 2475 3754 2551 3800; x_wconf 83' lang='lat' dir='ltr'><strong>est</strong></span> <span class='ocrx_word' id='word_1_635' title='bbox 2569 3755 2722 3817; x_wconf 86' lang='lat' dir='ltr'><strong>pater</strong></span> <span class='ocrx_word' id='word_1_636' title='bbox 2745 3764 2980 3807; x_wconf 82' lang='lat' dir='ltr'><strong>omnium</strong></span> <span class='ocrx_word' id='word_1_637' title='bbox 3011 3762 3285 3823; x_wconf 87' lang='lat' dir='ltr'><strong>nostrum,</strong></span> <span class='ocrx_word' id='word_1_638' title='bbox 3326 3755 3456 3811; x_wconf 88' lang='lat' dir='ltr'><strong>sicut</strong></span> <span class='ocrx_word' id='word_1_639' title='bbox 3483 3751 3685 3821; x_wconf 72' lang='lat' dir='ltr'><strong>scriptum</strong></span> <span class='ocrx_word' id='word_1_640' title='bbox 3705 3751 3764 3797; x_wconf 71' lang='lat' dir='ltr'><strong>tsi-</strong></span> 
     </span>
    </p>
   </div>
   <div class='ocr_carea' id='block_1_82' title="bbox 2272 3833 3766 3918">
    <p class='ocr_par' dir='ltr' id='par_1_82' title="bbox 2272 3833 3766 3918">
     <span class='ocr_line' id='line_1_82' title="bbox 2272 3833 3766 3918; baseline 0.011 -30"><span class='ocrx_word' id='word_1_641' title='bbox 2272 3833 2410 3900; x_wconf 84' lang='lat' dir='ltr'><strong>Quia</strong></span> <span class='ocrx_word' id='word_1_642' title='bbox 2438 3847 2642 3906; x_wconf 81' lang='lat' dir='ltr'><strong>patrem</strong></span> <span class='ocrx_word' id='word_1_643' title='bbox 2674 3841 2959 3898; x_wconf 89' lang='lat' dir='ltr'><strong>multarum</strong></span> <span class='ocrx_word' id='word_1_644' title='bbox 3000 3848 3235 3915; x_wconf 89' lang='lat' dir='ltr'><strong>gentium</strong></span> <span class='ocrx_word' id='word_1_645' title='bbox 3263 3849 3412 3918; x_wconf 85' lang='lat' dir='ltr'><strong>posui</strong></span> <span class='ocrx_word' id='word_1_646' title='bbox 3446 3857 3507 3901; x_wconf 92' lang='lat' dir='ltr'><strong>te.</strong></span> <span class='ocrx_word' id='word_1_647' title='bbox 3539 3843 3649 3899; x_wconf 77' lang='lat' dir='ltr'><strong>Cum</strong></span> <span class='ocrx_word' id='word_1_648' title='bbox 3670 3837 3766 3904; x_wconf 68' lang='lat' dir='ltr'><strong>AW‘</strong></span> 
     </span>
    </p>
   </div>
   <div class='ocr_carea' id='block_1_83' title="bbox 2269 3928 3764 4008">
    <p class='ocr_par' dir='ltr' id='par_1_83' title="bbox 2269 3928 3764 4008">
     <span class='ocr_line' id='line_1_83' title="bbox 2269 3928 3764 4008; baseline 0.009 -28"><span class='ocrx_word' id='word_1_649' title='bbox 2269 3928 2442 3985; x_wconf 88' lang='lat' dir='ltr'><strong>stolus</strong></span> <span class='ocrx_word' id='word_1_650' title='bbox 2469 3929 2634 3998; x_wconf 87' lang='lat' dir='ltr'><strong>dicat,</strong></span> <span class='ocrx_word' id='word_1_651' title='bbox 2667 3941 2796 4002; x_wconf 91' lang='lat' dir='ltr'><strong>etc.,</strong></span> <span class='ocrx_word' id='word_1_652' title='bbox 2829 3953 2991 4008; x_wconf 87' lang='lat' dir='ltr'><strong>usque</strong></span> <span class='ocrx_word' id='word_1_653' title='bbox 3013 3941 3081 3993; x_wconf 85' lang='lat' dir='ltr'><strong><em>ad</em></strong></span> <span class='ocrx_word' id='word_1_654' title='bbox 3103 3939 3309 3996; x_wconf 92' lang='lat' dir='ltr'><strong>donum</strong></span> <span class='ocrx_word' id='word_1_655' title='bbox 3337 3949 3419 3996; x_wconf 90' lang='lat' dir='ltr'><strong>est</strong></span> <span class='ocrx_word' id='word_1_656' title='bbox 3441 3940 3577 3994; x_wconf 83' lang='lat' dir='ltr'><strong>ﬁdes.</strong></span> <span class='ocrx_word' id='word_1_657' title='bbox 3596 3929 3764 4002; x_wconf 65' lang='lat' dir='ltr'><strong>(Id-.m-</strong></span> 
     </span>
    </p>
   </div>
   <div class='ocr_carea' id='block_1_84' title="bbox 2268 4019 3720 4103">
    <p class='ocr_par' dir='ltr' id='par_1_84' title="bbox 2268 4019 3720 4103">
     <span class='ocr_line' id='line_1_84' title="bbox 2268 4019 3720 4103; baseline 0.012 -30"><span class='ocrx_word' id='word_1_658' title='bbox 2268 4019 2332 4074; x_wconf 88' lang='lat' dir='ltr'><strong><em>de</em></strong></span> <span class='ocrx_word' id='word_1_659' title='bbox 2350 4021 2811 4090; x_wconf 79' lang='lat' dir='ltr'><strong>prtedestinatione</strong></span> <span class='ocrx_word' id='word_1_660' title='bbox 2834 4038 3026 4094; x_wconf 90' lang='lat' dir='ltr'><strong>sanct.,</strong></span> <span class='ocrx_word' id='word_1_661' title='bbox 3061 4038 3190 4086; x_wconf 89' lang='lat' dir='ltr'><strong>tom.</strong></span> <span class='ocrx_word' id='word_1_662' title='bbox 3225 4031 3274 4086; x_wconf 80' lang='grc' dir='ltr'>Χ</span> <span class='ocrx_word' id='word_1_663' title='bbox 3294 4075 3306 4098; x_wconf 91' lang='grc'><strong>,</strong></span> <span class='ocrx_word' id='word_1_664' title='bbox 3332 4050 3384 4103; x_wconf 89' lang='lat' dir='ltr'><strong>p.</strong></span> <span class='ocrx_word' id='word_1_665' title='bbox 3413 4049 3457 4096; x_wconf 90' lang='grc' dir='ltr'><strong>ι,</strong></span> <span class='ocrx_word' id='word_1_666' title='bbox 3490 4030 3581 4087; x_wconf 93' lang='lat' dir='ltr'><strong>col.</strong></span> <span class='ocrx_word' id='word_1_667' title='bbox 3609 4023 3720 4090; x_wconf 78' lang='grc'>976.)</span> 
     </span>
    </p>
   </div>
   <div class='ocr_carea' id='block_1_85' title="bbox 2340 4112 3763 4196">
    <p class='ocr_par' dir='ltr' id='par_1_85' title="bbox 2340 4112 3763 4196">
     <span class='ocr_line' id='line_1_85' title="bbox 2340 4112 3763 4196; baseline -0.002 -29"><span class='ocrx_word' id='word_1_668' title='bbox 2340 4112 2478 4178; x_wconf 86' lang='lat' dir='ltr'><strong>Quia</strong></span> <span class='ocrx_word' id='word_1_669' title='bbox 2491 4124 2694 4184; x_wconf 79' lang='lat' dir='ltr'><strong>patrem</strong></span> <span class='ocrx_word' id='word_1_670' title='bbox 2714 4117 3003 4174; x_wconf 90' lang='lat' dir='ltr'><strong>multarum</strong></span> <span class='ocrx_word' id='word_1_671' title='bbox 3020 4123 3251 4192; x_wconf 88' lang='lat' dir='ltr'><strong>gentium</strong></span> <span class='ocrx_word' id='word_1_672' title='bbox 3287 4124 3434 4196; x_wconf 86' lang='lat' dir='ltr'><strong>posui</strong></span> <span class='ocrx_word' id='word_1_673' title='bbox 3474 4131 3535 4176; x_wconf 86' lang='lat' dir='ltr'><strong>te.</strong></span> <span class='ocrx_word' id='word_1_674' title='bbox 3571 4118 3620 4173; x_wconf 90' lang='lat' dir='ltr'><strong>Si</strong></span> <span class='ocrx_word' id='word_1_675' title='bbox 3649 4113 3763 4172; x_wconf 85' lang='lat' dir='ltr'><strong>enim,</strong></span> 
     </span>
    </p>
   </div>
   <div class='ocr_carea' id='block_1_86' title="bbox 2266 4201 3762 4287">
    <p class='ocr_par' dir='ltr' id='par_1_86' title="bbox 2266 4201 3762 4287">
     <span class='ocr_line' id='line_1_86' title="bbox 2266 4201 3762 4287; baseline 0.007 -30"><span class='ocrx_word' id='word_1_676' title='bbox 2266 4213 2396 4269; x_wconf 88' lang='lat' dir='ltr'><strong>etc.,</strong></span> <span class='ocrx_word' id='word_1_677' title='bbox 2427 4221 2589 4275; x_wconf 88' lang='lat' dir='ltr'><strong>usque</strong></span> <span class='ocrx_word' id='word_1_678' title='bbox 2619 4207 2688 4261; x_wconf 88' lang='lat' dir='ltr'><strong><em>ad</em></strong></span> <span class='ocrx_word' id='word_1_679' title='bbox 2732 4210 2974 4266; x_wconf 88' lang='lat' dir='ltr'><strong>servient</strong></span> <span class='ocrx_word' id='word_1_680' title='bbox 3003 4213 3220 4270; x_wconf 87' lang='lat' dir='ltr'><strong>minori.</strong></span> <span class='ocrx_word' id='word_1_681' title='bbox 3282 4217 3420 4287; x_wconf 92' lang='lat' dir='ltr'><strong>(ld.,</strong></span> <span class='ocrx_word' id='word_1_682' title='bbox 3465 4215 3515 4270; x_wconf 87' lang='lat' dir='ltr'><strong>in</strong></span> <span class='ocrx_word' id='word_1_683' title='bbox 3539 4201 3762 4284; x_wconf 52' lang='lat' dir='ltr'><strong>psalmus)</strong></span> 
     </span>
    </p>
   </div>
   <div class='ocr_carea' id='block_1_87' title="bbox 2335 4294 3761 4380">
    <p class='ocr_par' dir='ltr' id='par_1_87' title="bbox 2335 4294 3761 4380">
     <span class='ocr_line' id='line_1_87' title="bbox 2335 4294 3761 4380; baseline -0.008 -17"><span class='ocrx_word' id='word_1_684' title='bbox 2335 4295 2562 4363; x_wconf 85' lang='lat' dir='ltr'><strong>Quando</strong></span> <span class='ocrx_word' id='word_1_685' title='bbox 2591 4314 2723 4371; x_wconf 84' lang='lat' dir='ltr'><strong>ergo</strong></span> <span class='ocrx_word' id='word_1_686' title='bbox 2755 4303 3038 4372; x_wconf 88' lang='lat' dir='ltr'><strong>promisit,</strong></span> <span class='ocrx_word' id='word_1_687' title='bbox 3068 4315 3198 4375; x_wconf 86' lang='lat' dir='ltr'><strong>etc.,</strong></span> <span class='ocrx_word' id='word_1_688' title='bbox 3228 4325 3392 4380; x_wconf 86' lang='lat' dir='ltr'><strong>usque</strong></span> <span class='ocrx_word' id='word_1_689' title='bbox 3411 4309 3476 4362; x_wconf 90' lang='lat' dir='ltr'><strong>ad</strong></span> <span class='ocrx_word' id='word_1_690' title='bbox 3501 4307 3639 4360; x_wconf 75' lang='lat' dir='ltr'><strong>donat</strong></span> <span class='ocrx_word' id='word_1_691' title='bbox 3666 4307 3704 4352; x_wconf 87' lang='lat' dir='ltr'><strong>et</strong></span> <span class='ocrx_word' id='word_1_692' title='bbox 3722 4294 3761 4347; x_wconf 84' lang='lat' dir='ltr'><strong>ﬁ-</strong></span> 
     </span>
    </p>
   </div>
   <div class='ocr_carea' id='block_1_88' title="bbox 2265 4389 3760 4465">
    <p class='ocr_par' dir='ltr' id='par_1_88' title="bbox 2265 4389 3760 4465">
     <span class='ocr_line' id='line_1_88' title="bbox 2265 4389 3760 4465; baseline 0.003 -19"><span class='ocrx_word' id='word_1_693' title='bbox 2265 4390 2408 4446; x_wconf 88' lang='lat' dir='ltr'><strong>dem.</strong></span> <span class='ocrx_word' id='word_1_694' title='bbox 2436 4389 2562 4461; x_wconf 91' lang='lat' dir='ltr'><strong>(ld.,</strong></span> <span class='ocrx_word' id='word_1_695' title='bbox 2588 4391 2679 4450; x_wconf 90' lang='lat' dir='ltr'><strong>lib.</strong></span> <span class='ocrx_word' id='word_1_696' title='bbox 2709 4394 2774 4451; x_wconf 84' lang='lat' dir='ltr'><strong>de</strong></span> <span class='ocrx_word' id='word_1_697' title='bbox 2792 4397 3255 4465; x_wconf 76' lang='lat' dir='ltr'><strong>prwdestinatione</strong></span> <span class='ocrx_word' id='word_1_698' title='bbox 3274 4410 3440 4458; x_wconf 81' lang='lat' dir='ltr'><strong>sanet.</strong></span> <span class='ocrx_word' id='word_1_699' title='bbox 3453 4440 3467 4465; x_wconf 91' lang='lat'><strong><em>,</em></strong></span> <span class='ocrx_word' id='word_1_700' title='bbox 3492 4408 3606 4453; x_wconf 89' lang='lat' dir='ltr'><strong>tom.</strong></span> <span class='ocrx_word' id='word_1_701' title='bbox 3623 4391 3722 4458; x_wconf 53' lang='grc' dir='ltr'><strong>ΧΑ).</strong></span> <span class='ocrx_word' id='word_1_702' title='bbox 3737 4402 3760 4450; x_wconf 77' lang='lat' dir='ltr'><strong>lt</strong></span> 
     </span>
    </p>
   </div>
   <div class='ocr_carea' id='block_1_89' title="bbox 2263 4482 3760 4634">
    <p class='ocr_par' dir='ltr' id='par_1_89' title="bbox 2263 4482 3760 4634">
     <span class='ocr_line' id='line_1_89' title="bbox 2263 4482 3760 4634; baseline 0.003 -24"><span class='ocrx_word' id='word_1_703' title='bbox 2263 4482 2667 4613; x_wconf 41' lang='grc' dir='ltr'><strong>οοῖλγὲἓόθειιηι</strong></span> <span class='ocrx_word' id='word_1_704' title='bbox 2689 4598 2703 4626; x_wconf 93' lang='grc'><strong>,</strong></span> <span class='ocrx_word' id='word_1_705' title='bbox 2735 4569 2860 4628; x_wconf 91' lang='lat' dir='ltr'><strong>etc.,</strong></span> <span class='ocrx_word' id='word_1_706' title='bbox 2905 4576 3080 4634; x_wconf 87' lang='lat' dir='ltr'><strong>usque</strong></span> <span class='ocrx_word' id='word_1_707' title='bbox 3108 4567 3178 4620; x_wconf 84' lang='lat' dir='ltr'><strong>ad</strong></span> <span class='ocrx_word' id='word_1_708' title='bbox 3225 4573 3272 4619; x_wconf 89' lang='lat' dir='ltr'><strong>et</strong></span> <span class='ocrx_word' id='word_1_709' title='bbox 3313 4578 3481 4619; x_wconf 72' lang='lat' dir='ltr'><strong>arena:</strong></span> <span class='ocrx_word' id='word_1_710' title='bbox 3509 4556 3660 4615; x_wconf 87' lang='lat' dir='ltr'><strong>maris.</strong></span> <span class='ocrx_word' id='word_1_711' title='bbox 3693 4546 3760 4614; x_wconf 70' lang='grc' dir='ltr'><strong>Οιῖί</strong></span> 
     </span>
    </p>
   </div>
   <div class='ocr_carea' id='block_1_90' title="bbox 567 4627 3760 4726">
    <p class='ocr_par' dir='ltr' id='par_1_90' title="bbox 567 4627 3760 4726">
     <span class='ocr_line' id='line_1_90' title="bbox 567 4627 3760 4726; baseline 0.005 -25"><span class='ocrx_word' id='word_1_712' title='bbox 567 4627 874 4706; x_wconf 87' lang='lat' dir='ltr'><strong>voluntates</strong></span> <span class='ocrx_word' id='word_1_713' title='bbox 901 4649 1037 4720; x_wconf 89' lang='lat' dir='ltr'><strong>ejus.</strong></span> <span class='ocrx_word' id='word_1_714' title='bbox 1069 4627 1209 4720; x_wconf 89' lang='lat' dir='ltr'><strong>Quid</strong></span> <span class='ocrx_word' id='word_1_715' title='bbox 1241 4627 1706 4722; x_wconf 79' lang='lat' dir='ltr'><strong>magniﬁcentius,</strong></span> <span class='ocrx_word' id='word_1_716' title='bbox 1728 4663 1860 4721; x_wconf 90' lang='lat' dir='ltr'><strong>etc.,</strong></span> <span class='ocrx_word' id='word_1_717' title='bbox 1896 4673 2058 4726; x_wconf 82' lang='lat' dir='ltr'><strong>usque</strong></span> <span class='ocrx_word' id='word_1_718' title='bbox 2085 4657 2152 4711; x_wconf 84' lang='lat' dir='ltr'><strong>ad</strong></span> <span class='ocrx_word' id='word_1_719' title='bbox 2183 4627 2234 4690; x_wconf 69' lang='grc' dir='ltr'><strong>Β</strong></span> <span class='ocrx_word' id='word_1_720' title='bbox 2261 4657 2416 4702; x_wconf 60' lang='grc' dir='ltr'>νοοθῑ</span> <span class='ocrx_word' id='word_1_721' title='bbox 2444 4661 2525 4713; x_wconf 61' lang='lat' dir='ltr'><strong>ea:</strong></span> <span class='ocrx_word' id='word_1_722' title='bbox 2556 4657 2690 4717; x_wconf 64' lang='grc' dir='ltr'><strong>(διο-ν</strong></span> <span class='ocrx_word' id='word_1_723' title='bbox 2720 4667 2882 4723; x_wconf 74' lang='lat' dir='ltr'><strong>usque</strong></span> <span class='ocrx_word' id='word_1_724' title='bbox 2913 4655 2982 4707; x_wconf 80' lang='grc' dir='ltr'><strong>αά</strong></span> <span class='ocrx_word' id='word_1_725' title='bbox 3027 4653 3214 4711; x_wconf 70' lang='lat' dir='ltr'><strong>ﬁdeles</strong></span> <span class='ocrx_word' id='word_1_726' title='bbox 3235 4654 3365 4712; x_wconf 65' lang='lat' dir='ltr'><strong>fac“</strong></span> <span class='ocrx_word' id='word_1_727' title='bbox 3401 4666 3586 4709; x_wconf 77' lang='lat' dir='ltr'><strong>sumus-</strong></span> <span class='ocrx_word' id='word_1_728' title='bbox 3613 4643 3706 4716; x_wconf 67' lang='grc' dir='ltr'><strong>(Μη</strong></span> <span class='ocrx_word' id='word_1_729' title='bbox 3726 4653 3760 4688; x_wconf 70' lang='grc'><strong>’³³</strong></span> 
     </span>
    </p>
   </div>
   <div class='ocr_carea' id='block_1_91' title="bbox 566 4740 2148 4814">
    <p class='ocr_par' dir='ltr' id='par_1_91' title="bbox 566 4740 2148 4814">
     <span class='ocr_line' id='line_1_91' title="bbox 566 4740 2148 4814; baseline 0.007 -23"><span class='ocrx_word' id='word_1_730' title='bbox 566 4740 968 4808; x_wconf 84' lang='lat' dir='ltr'><strong>magniﬁcentia</strong></span> <span class='ocrx_word' id='word_1_731' title='bbox 997 4757 1132 4813; x_wconf 93' lang='lat' dir='ltr'><strong>opus</strong></span> <span class='ocrx_word' id='word_1_732' title='bbox 1175 4743 1314 4814; x_wconf 88' lang='lat' dir='ltr'><strong>ejus.</strong></span> <span class='ocrx_word' id='word_1_733' title='bbox 1352 4742 1472 4811; x_wconf 91' lang='lat' dir='ltr'><strong>(ld.,</strong></span> <span class='ocrx_word' id='word_1_734' title='bbox 1508 4743 1561 4797; x_wconf 85' lang='lat' dir='ltr'><strong>in</strong></span> <span class='ocrx_word' id='word_1_735' title='bbox 1606 4744 1738 4812; x_wconf 87' lang='lat' dir='ltr'><strong>psal.</strong></span> <span class='ocrx_word' id='word_1_736' title='bbox 1773 4761 1869 4812; x_wconf 81' lang='lat' dir='ltr'><strong>cx,</strong></span> <span class='ocrx_word' id='word_1_737' title='bbox 1904 4755 2033 4802; x_wconf 89' lang='lat' dir='ltr'><strong>tom.</strong></span> <span class='ocrx_word' id='word_1_738' title='bbox 2061 4747 2148 4814; x_wconf 79' lang='grc' dir='ltr'>ιν,</span> 
     </span>
    </p>
   </div>
   <div class='ocr_carea' id='block_1_92' title="bbox 563 4833 1288 4908">
    <p class='ocr_par' dir='ltr' id='par_1_92' title="bbox 563 4833 1288 4908">
     <span class='ocr_line' id='line_1_92' title="bbox 563 4833 1288 4908; baseline 0.019 -26"><span class='ocrx_word' id='word_1_739' title='bbox 563 4847 616 4900; x_wconf 87' lang='lat' dir='ltr'><strong>p.</strong></span> <span class='ocrx_word' id='word_1_740' title='bbox 655 4847 714 4898; x_wconf 89' lang='grc' dir='ltr'><strong>ιι,</strong></span> <span class='ocrx_word' id='word_1_741' title='bbox 747 4833 853 4889; x_wconf 90' lang='lat' dir='ltr'><strong>col.</strong></span> <span class='ocrx_word' id='word_1_742' title='bbox 893 4835 1029 4891; x_wconf 76' lang='grc'>1464</span> <span class='ocrx_word' id='word_1_743' title='bbox 1057 4845 1115 4892; x_wconf 92' lang='lat' dir='ltr'><strong>et</strong></span> <span class='ocrx_word' id='word_1_744' title='bbox 1143 4837 1288 4908; x_wconf 89' lang='lat' dir='ltr'><strong>seq.)</strong></span> 
     </span>
    </p>
   </div>
   <div class='ocr_carea' id='block_1_93' title="bbox 631 4921 2152 5001">
    <p class='ocr_par' dir='ltr' id='par_1_93' title="bbox 631 4921 2152 5001">
     <span class='ocr_line' id='line_1_93' title="bbox 631 4921 2152 5001; baseline 0.009 -27"><span class='ocrx_word' id='word_1_745' title='bbox 631 4921 868 4980; x_wconf 85' lang='lat' dir='ltr'><strong>Dicimus</strong></span> <span class='ocrx_word' id='word_1_746' title='bbox 908 4927 1046 4980; x_wconf 88' lang='lat' dir='ltr'><strong>enim</strong></span> <span class='ocrx_word' id='word_1_747' title='bbox 1086 4927 1213 4996; x_wconf 86' lang='lat' dir='ltr'><strong><em>quia</em></strong></span> <span class='ocrx_word' id='word_1_748' title='bbox 1242 4933 1485 4996; x_wconf 87' lang='lat' dir='ltr'><strong>reputata</strong></span> <span class='ocrx_word' id='word_1_749' title='bbox 1524 4935 1600 4983; x_wconf 86' lang='lat' dir='ltr'><strong>est</strong></span> <span class='ocrx_word' id='word_1_750' title='bbox 1639 4928 1865 4986; x_wconf 74' lang='lat' dir='ltr'><strong>Abraha:</strong></span> <span class='ocrx_word' id='word_1_751' title='bbox 1910 4931 2042 5001; x_wconf 76' lang='lat' dir='ltr'><strong>ﬁdes</strong></span> <span class='ocrx_word' id='word_1_752' title='bbox 2082 4931 2152 4987; x_wconf 91' lang='lat' dir='ltr'><strong><em>ad</em></strong></span> 
     </span>
    </p>
   </div>
   <div class='ocr_carea' id='block_1_94' title="bbox 552 5013 2149 5088">
    <p class='ocr_par' dir='ltr' id='par_1_94' title="bbox 552 5013 2149 5088">
     <span class='ocr_line' id='line_1_94' title="bbox 552 5013 2149 5088; baseline 0.007 -21"><span class='ocrx_word' id='word_1_753' title='bbox 552 5013 842 5082; x_wconf 84' lang='lat' dir='ltr'><strong>justitiam.</strong></span> <span class='ocrx_word' id='word_1_754' title='bbox 875 5015 1152 5083; x_wconf 87' lang='lat' dir='ltr'><strong>Quomodo</strong></span> <span class='ocrx_word' id='word_1_755' title='bbox 1174 5033 1297 5088; x_wconf 87' lang='lat' dir='ltr'><strong>ergo</strong></span> <span class='ocrx_word' id='word_1_756' title='bbox 1325 5027 1564 5088; x_wconf 87' lang='lat' dir='ltr'><strong>reputata</strong></span> <span class='ocrx_word' id='word_1_757' title='bbox 1605 5031 1680 5075; x_wconf 88' lang='lat' dir='ltr'><strong>est</strong></span> <span class='ocrx_word' id='word_1_758' title='bbox 1710 5037 1728 5076; x_wconf 90' lang='lat'><strong><em>:</em></strong></span> <span class='ocrx_word' id='word_1_759' title='bbox 1763 5021 1830 5076; x_wconf 88' lang='lat' dir='ltr'><strong>In</strong></span> <span class='ocrx_word' id='word_1_760' title='bbox 1871 5024 2149 5078; x_wconf 87' lang='lat' dir='ltr'><strong>circumci-</strong></span> 
     </span>
    </p>
   </div>
   <div class='ocr_carea' id='block_1_95' title="bbox 559 5110 2147 5182">
    <p class='ocr_par' dir='ltr' id='par_1_95' title="bbox 559 5110 2147 5182">
     <span class='ocr_line' id='line_1_95' title="bbox 559 5110 2147 5182; baseline 0.003 -16"><span class='ocrx_word' id='word_1_761' title='bbox 559 5111 724 5176; x_wconf 83' lang='lat' dir='ltr'><strong>sione,</strong></span> <span class='ocrx_word' id='word_1_762' title='bbox 751 5127 820 5166; x_wconf 89' lang='lat' dir='ltr'><strong>an</strong></span> <span class='ocrx_word' id='word_1_763' title='bbox 869 5111 924 5164; x_wconf 87' lang='lat' dir='ltr'><strong>in</strong></span> <span class='ocrx_word' id='word_1_764' title='bbox 972 5111 1259 5181; x_wconf 78' lang='lat' dir='ltr'><strong>prteputio?</strong></span> <span class='ocrx_word' id='word_1_765' title='bbox 1289 5110 1414 5168; x_wconf 87' lang='lat' dir='ltr'><strong>Non</strong></span> <span class='ocrx_word' id='word_1_766' title='bbox 1439 5112 1495 5168; x_wconf 85' lang='lat' dir='ltr'><strong>in</strong></span> <span class='ocrx_word' id='word_1_767' title='bbox 1524 5114 1939 5182; x_wconf 87' lang='lat' dir='ltr'><strong>circumcisione,</strong></span> <span class='ocrx_word' id='word_1_768' title='bbox 1979 5117 2070 5170; x_wconf 86' lang='lat' dir='ltr'><strong><em>sed</em></strong></span> <span class='ocrx_word' id='word_1_769' title='bbox 2091 5116 2147 5172; x_wconf 87' lang='lat' dir='ltr'><strong>in</strong></span> 
     </span>
    </p>
   </div>
   <div class='ocr_carea' id='block_1_96' title="bbox 558 5205 2149 5283">
    <p class='ocr_par' dir='ltr' id='par_1_96' title="bbox 558 5205 2149 5283">
     <span class='ocr_line' id='line_1_96' title="bbox 558 5205 2149 5283; baseline 0.004 -24"><span class='ocrx_word' id='word_1_770' title='bbox 558 5207 836 5277; x_wconf 58' lang='lat' dir='ltr'><strong>pra’putio.</strong></span> <span class='ocrx_word' id='word_1_771' title='bbox 851 5205 1085 5262; x_wconf 87' lang='lat' dir='ltr'><strong>Adhibet</strong></span> <span class='ocrx_word' id='word_1_772' title='bbox 1097 5209 1423 5278; x_wconf 79' lang='lat' dir='ltr'><strong>exemplum,</strong></span> <span class='ocrx_word' id='word_1_773' title='bbox 1437 5217 1568 5276; x_wconf 90' lang='lat' dir='ltr'><strong>etc.,</strong></span> <span class='ocrx_word' id='word_1_774' title='bbox 1589 5227 1750 5282; x_wconf 86' lang='lat' dir='ltr'><strong>usque</strong></span> <span class='ocrx_word' id='word_1_775' title='bbox 1761 5211 1830 5265; x_wconf 91' lang='lat' dir='ltr'><strong><em>ad</em></strong></span> <span class='ocrx_word' id='word_1_776' title='bbox 1847 5210 2015 5267; x_wconf 92' lang='lat' dir='ltr'><strong>multo</strong></span> <span class='ocrx_word' id='word_1_777' title='bbox 2028 5222 2149 5283; x_wconf 91' lang='lat' dir='ltr'><strong>post</strong></span> 
     </span>
    </p>
   </div>
   <div class='ocr_carea' id='block_1_97' title="bbox 559 5298 2143 5374">
    <p class='ocr_par' dir='ltr' id='par_1_97' title="bbox 559 5298 2143 5374">
     <span class='ocr_line' id='line_1_97' title="bbox 559 5298 2143 5374; baseline 0.004 -22"><span class='ocrx_word' id='word_1_778' title='bbox 559 5298 681 5352; x_wconf 90' lang='lat' dir='ltr'><strong>data</strong></span> <span class='ocrx_word' id='word_1_779' title='bbox 708 5308 810 5355; x_wconf 90' lang='lat' dir='ltr'><strong>est.</strong></span> <span class='ocrx_word' id='word_1_780' title='bbox 843 5299 966 5371; x_wconf 87' lang='lat' dir='ltr'><strong>(ld.,</strong></span> <span class='ocrx_word' id='word_1_781' title='bbox 1007 5299 1061 5354; x_wconf 89' lang='lat' dir='ltr'><strong>in</strong></span> <span class='ocrx_word' id='word_1_782' title='bbox 1086 5302 1406 5372; x_wconf 78' lang='lat' dir='ltr'><strong>expositione</strong></span> <span class='ocrx_word' id='word_1_783' title='bbox 1440 5302 1695 5374; x_wconf 57' lang='lat' dir='ltr'><strong>Epistolas</strong></span> <span class='ocrx_word' id='word_1_784' title='bbox 1732 5304 1803 5358; x_wconf 90' lang='lat' dir='ltr'><strong><em>ad</em></strong></span> <span class='ocrx_word' id='word_1_785' title='bbox 1833 5302 2012 5360; x_wconf 85' lang='lat' dir='ltr'><strong>Galat.</strong></span> <span class='ocrx_word' id='word_1_786' title='bbox 2050 5320 2143 5372; x_wconf 87' lang='grc' dir='ltr'>ιιι,</span> 
     </span>
    </p>
   </div>
   <div class='ocr_carea' id='block_1_98' title="bbox 561 5390 1338 5468">
    <p class='ocr_par' dir='ltr' id='par_1_98' title="bbox 561 5390 1338 5468">
     <span class='ocr_line' id='line_1_98' title="bbox 561 5390 1338 5468; baseline 0.01 -25"><span class='ocrx_word' id='word_1_787' title='bbox 561 5397 688 5444; x_wconf 90' lang='lat' dir='ltr'><strong>tom.</strong></span> <span class='ocrx_word' id='word_1_788' title='bbox 718 5390 814 5457; x_wconf 93' lang='lat' dir='ltr'><strong>lll,</strong></span> <span class='ocrx_word' id='word_1_789' title='bbox 843 5407 897 5462; x_wconf 80' lang='grc' dir='ltr'>ιι.</span> <span class='ocrx_word' id='word_1_790' title='bbox 931 5407 990 5455; x_wconf 89' lang='grc' dir='ltr'><strong>ιι,</strong></span> <span class='ocrx_word' id='word_1_791' title='bbox 1021 5393 1122 5448; x_wconf 92' lang='lat' dir='ltr'><strong>col.</strong></span> <span class='ocrx_word' id='word_1_792' title='bbox 1152 5392 1338 5468; x_wconf 84' lang='grc'>2118.)</span> 
     </span>
    </p>
   </div>
   <div class='ocr_carea' id='block_1_99' title="bbox 629 5479 2141 5559">
    <p class='ocr_par' dir='ltr' id='par_1_99' title="bbox 629 5479 2141 5559">
     <span class='ocr_line' id='line_1_99' title="bbox 629 5479 2141 5559; baseline 0.009 -25"><span class='ocrx_word' id='word_1_793' title='bbox 629 5479 699 5534; x_wconf 89' lang='lat' dir='ltr'><strong>Et</strong></span> <span class='ocrx_word' id='word_1_794' title='bbox 731 5483 937 5552; x_wconf 88' lang='lat' dir='ltr'><strong>signum</strong></span> <span class='ocrx_word' id='word_1_795' title='bbox 980 5487 1175 5557; x_wconf 90' lang='lat' dir='ltr'><strong>accepit</strong></span> <span class='ocrx_word' id='word_1_796' title='bbox 1224 5488 1672 5555; x_wconf 89' lang='lat' dir='ltr'><strong>circumcisionis,</strong></span> <span class='ocrx_word' id='word_1_797' title='bbox 1702 5497 1825 5556; x_wconf 89' lang='lat' dir='ltr'><strong>etc.,</strong></span> <span class='ocrx_word' id='word_1_798' title='bbox 1865 5501 2040 5559; x_wconf 88' lang='lat' dir='ltr'><strong>usque</strong></span> <span class='ocrx_word' id='word_1_799' title='bbox 2074 5490 2141 5548; x_wconf 85' lang='lat' dir='ltr'><strong>ad</strong></span> 
     </span>
    </p>
   </div>
   <div class='ocr_carea' id='block_1_100' title="bbox 555 5578 2141 5652">
    <p class='ocr_par' dir='ltr' id='par_1_100' title="bbox 555 5578 2141 5652">
     <span class='ocr_line' id='line_1_100' title="bbox 555 5578 2141 5652; baseline 0.009 -24"><span class='ocrx_word' id='word_1_800' title='bbox 555 5590 674 5646; x_wconf 79' lang='lat' dir='ltr'><strong>qua:</strong></span> <span class='ocrx_word' id='word_1_801' title='bbox 694 5587 767 5630; x_wconf 90' lang='lat' dir='ltr'><strong>est</strong></span> <span class='ocrx_word' id='word_1_802' title='bbox 790 5578 842 5631; x_wconf 89' lang='lat' dir='ltr'><strong>in</strong></span> <span class='ocrx_word' id='word_1_803' title='bbox 863 5580 1116 5648; x_wconf 75' lang='lat' dir='ltr'><strong>prteputio</strong></span> <span class='ocrx_word' id='word_1_804' title='bbox 1135 5583 1305 5652; x_wconf 84' lang='lat' dir='ltr'><strong>patris</strong></span> <span class='ocrx_word' id='word_1_805' title='bbox 1331 5583 1495 5636; x_wconf 88' lang='lat' dir='ltr'><strong>nostri</strong></span> <span class='ocrx_word' id='word_1_806' title='bbox 1517 5582 1762 5637; x_wconf 75' lang='lat' dir='ltr'><strong>Abralue.</strong></span> <span class='ocrx_word' id='word_1_807' title='bbox 1785 5581 2141 5642; x_wconf 89' lang='lat' dir='ltr'><strong>Circumcisio</strong></span> 
     </span>
    </p>
   </div>
   <div class='ocr_carea' id='block_1_101' title="bbox 555 5667 2141 5746">
    <p class='ocr_par' dir='ltr' id='par_1_101' title="bbox 555 5667 2141 5746">
     <span class='ocr_line' id='line_1_101' title="bbox 555 5667 2141 5746; baseline 0.007 -24"><span class='ocrx_word' id='word_1_808' title='bbox 555 5667 737 5724; x_wconf 88' lang='lat' dir='ltr'><strong>carnis</strong></span> <span class='ocrx_word' id='word_1_809' title='bbox 779 5668 894 5742; x_wconf 88' lang='lat' dir='ltr'><strong>lege</strong></span> <span class='ocrx_word' id='word_1_810' title='bbox 921 5683 1191 5744; x_wconf 86' lang='lat' dir='ltr'><strong>praecepta</strong></span> <span class='ocrx_word' id='word_1_811' title='bbox 1222 5682 1336 5738; x_wconf 88' lang='lat' dir='ltr'><strong>est,</strong></span> <span class='ocrx_word' id='word_1_812' title='bbox 1364 5683 1497 5737; x_wconf 91' lang='lat' dir='ltr'><strong>etc.,</strong></span> <span class='ocrx_word' id='word_1_813' title='bbox 1541 5688 1703 5743; x_wconf 85' lang='lat' dir='ltr'><strong>usque</strong></span> <span class='ocrx_word' id='word_1_814' title='bbox 1734 5674 1803 5727; x_wconf 88' lang='lat' dir='ltr'><strong><em>ad</em></strong></span> <span class='ocrx_word' id='word_1_815' title='bbox 1845 5673 1958 5746; x_wconf 88' lang='lat' dir='ltr'><strong>jam</strong></span> <span class='ocrx_word' id='word_1_816' title='bbox 2005 5673 2141 5732; x_wconf 87' lang='lat' dir='ltr'><strong>liber</strong></span> 
     </span>
    </p>
   </div>
   <div class='ocr_carea' id='block_1_102' title="bbox 551 5760 2136 5839">
    <p class='ocr_par' dir='ltr' id='par_1_102' title="bbox 551 5760 2136 5839">
     <span class='ocr_line' id='line_1_102' title="bbox 551 5760 2136 5839; baseline 0.006 -25"><span class='ocrx_word' id='word_1_817' title='bbox 551 5769 653 5814; x_wconf 83' lang='lat' dir='ltr'><strong>est.</strong></span> <span class='ocrx_word' id='word_1_818' title='bbox 683 5760 803 5830; x_wconf 88' lang='lat' dir='ltr'><strong>(ld.,</strong></span> <span class='ocrx_word' id='word_1_819' title='bbox 835 5761 926 5817; x_wconf 89' lang='lat' dir='ltr'><strong>lib.</strong></span> <span class='ocrx_word' id='word_1_820' title='bbox 955 5762 1350 5820; x_wconf 88' lang='lat' dir='ltr'><strong>Sententiarum</strong></span> <span class='ocrx_word' id='word_1_821' title='bbox 1393 5760 1642 5834; x_wconf 84' lang='lat' dir='ltr'><strong>Prosperi</strong></span> <span class='ocrx_word' id='word_1_822' title='bbox 1663 5804 1678 5830; x_wconf 90' lang='lat'><strong>,</strong></span> <span class='ocrx_word' id='word_1_823' title='bbox 1712 5772 1840 5822; x_wconf 90' lang='lat' dir='ltr'><strong>tom.</strong></span> <span class='ocrx_word' id='word_1_824' title='bbox 1869 5766 1915 5822; x_wconf 82' lang='lat' dir='ltr'><strong>X</strong></span> <span class='ocrx_word' id='word_1_825' title='bbox 1935 5807 1950 5834; x_wconf 92' lang='lat'><strong><em>,</em></strong></span> <span class='ocrx_word' id='word_1_826' title='bbox 1978 5783 2032 5839; x_wconf 89' lang='lat' dir='ltr'><strong>p.</strong></span> <span class='ocrx_word' id='word_1_827' title='bbox 2066 5784 2102 5823; x_wconf 88' lang='grc' dir='ltr'><strong>ιι</strong></span> <span class='ocrx_word' id='word_1_828' title='bbox 2121 5810 2136 5835; x_wconf 94' lang='grc'><strong>,</strong></span> 
     </span>
    </p>
   </div>
   <div class='ocr_carea' id='block_1_103' title="bbox 551 5855 866 5928">
    <p class='ocr_par' dir='ltr' id='par_1_103' title="bbox 551 5855 866 5928">
     <span class='ocr_line' id='line_1_103' title="bbox 551 5855 866 5928; baseline -0.006 -16"><span class='ocrx_word' id='word_1_829' title='bbox 551 5855 656 5912; x_wconf 82' lang='lat' dir='ltr'><strong>col.</strong></span> <span class='ocrx_word' id='word_1_830' title='bbox 687 5857 866 5928; x_wconf 79' lang='grc'>1885.)</span> 
     </span>
    </p>
   </div>
   <div class='ocr_carea' id='block_1_104' title="bbox 2255 4740 3603 4818">
    <p class='ocr_par' dir='ltr' id='par_1_104' title="bbox 2255 4740 3603 4818">
     <span class='ocr_line' id='line_1_104' title="bbox 2255 4740 3603 4818; baseline 0 -24"><span class='ocrx_word' id='word_1_831' title='bbox 2255 4740 2391 4810; x_wconf 86' lang='lat' dir='ltr'><strong>psal.</strong></span> <span class='ocrx_word' id='word_1_832' title='bbox 2422 4756 2505 4807; x_wconf 87' lang='lat' dir='ltr'><strong>cv,</strong></span> <span class='ocrx_word' id='word_1_833' title='bbox 2533 4758 2698 4816; x_wconf 82' lang='lat' dir='ltr'><strong>cxvm</strong></span> <span class='ocrx_word' id='word_1_834' title='bbox 2717 4762 2731 4811; x_wconf 89' lang='lat'><strong>;</strong></span> <span class='ocrx_word' id='word_1_835' title='bbox 2753 4762 2911 4801; x_wconf 86' lang='lat' dir='ltr'><strong>serm.</strong></span> <span class='ocrx_word' id='word_1_836' title='bbox 2940 4748 3029 4814; x_wconf 89' lang='lat'><strong>77,</strong></span> <span class='ocrx_word' id='word_1_837' title='bbox 3056 4749 3122 4804; x_wconf 88' lang='lat' dir='ltr'><strong><em>de</em></strong></span> <span class='ocrx_word' id='word_1_838' title='bbox 3157 4749 3323 4804; x_wconf 86' lang='lat' dir='ltr'><strong>verbis</strong></span> <span class='ocrx_word' id='word_1_839' title='bbox 3351 4741 3603 4818; x_wconf 59' lang='lat' dir='ltr'><strong>Apostoli.)</strong></span> 
     </span>
    </p>
   </div>
   <div class='ocr_carea' id='block_1_105' title="bbox 2329 4829 3760 4909">
    <p class='ocr_par' dir='ltr' id='par_1_105' title="bbox 2329 4829 3760 4909">
     <span class='ocr_line' id='line_1_105' title="bbox 2329 4829 3760 4909; baseline -0.004 -23"><span class='ocrx_word' id='word_1_840' title='bbox 2329 4831 2401 4886; x_wconf 90' lang='lat' dir='ltr'><strong>Et</strong></span> <span class='ocrx_word' id='word_1_841' title='bbox 2434 4849 2537 4889; x_wconf 88' lang='lat' dir='ltr'><strong>non</strong></span> <span class='ocrx_word' id='word_1_842' title='bbox 2564 4835 2862 4904; x_wconf 81' lang='lat' dir='ltr'><strong>inﬁrmatus</strong></span> <span class='ocrx_word' id='word_1_843' title='bbox 2885 4848 2962 4894; x_wconf 89' lang='lat' dir='ltr'><strong>est</strong></span> <span class='ocrx_word' id='word_1_844' title='bbox 2982 4840 3039 4894; x_wconf 89' lang='lat' dir='ltr'><strong>in</strong></span> <span class='ocrx_word' id='word_1_845' title='bbox 3065 4839 3172 4909; x_wconf 82' lang='lat' dir='ltr'><strong>ﬁde</strong></span> <span class='ocrx_word' id='word_1_846' title='bbox 3192 4882 3206 4906; x_wconf 93' lang='lat'><strong>,</strong></span> <span class='ocrx_word' id='word_1_847' title='bbox 3232 4859 3324 4898; x_wconf 88' lang='lat' dir='ltr'><strong>nec</strong></span> <span class='ocrx_word' id='word_1_848' title='bbox 3355 4829 3662 4896; x_wconf 80' lang='lat' dir='ltr'><strong>consideravit</strong></span> <span class='ocrx_word' id='word_1_849' title='bbox 3685 4835 3760 4876; x_wconf 72' lang='grc' dir='ltr'><strong>εον·</strong></span> 
     </span>
    </p>
   </div>
   <div class='ocr_carea' id='block_1_106' title="bbox 2254 4920 3756 5006">
    <p class='ocr_par' dir='ltr' id='par_1_106' title="bbox 2254 4920 3756 5006">
     <span class='ocr_line' id='line_1_106' title="bbox 2254 4920 3756 5006; baseline -0.011 -24"><span class='ocrx_word' id='word_1_850' title='bbox 2254 4943 2352 4998; x_wconf 84' lang='lat' dir='ltr'><strong><em>pus</em></strong></span> <span class='ocrx_word' id='word_1_851' title='bbox 2400 4943 2555 4982; x_wconf 83' lang='lat' dir='ltr'><strong>suum</strong></span> <span class='ocrx_word' id='word_1_852' title='bbox 2596 4941 2926 5000; x_wconf 88' lang='lat' dir='ltr'><strong>emortuum,</strong></span> <span class='ocrx_word' id='word_1_853' title='bbox 2973 4950 3090 4988; x_wconf 90' lang='lat' dir='ltr'><strong>cum</strong></span> <span class='ocrx_word' id='word_1_854' title='bbox 3126 4935 3247 5006; x_wconf 90' lang='lat' dir='ltr'><strong>jam</strong></span> <span class='ocrx_word' id='word_1_855' title='bbox 3301 4935 3407 5005; x_wconf 84' lang='lat' dir='ltr'><strong>fere</strong></span> <span class='ocrx_word' id='word_1_856' title='bbox 3459 4937 3637 4985; x_wconf 84' lang='lat' dir='ltr'><strong>centum</strong></span> <span class='ocrx_word' id='word_1_857' title='bbox 3667 4920 3756 4972; x_wconf 71' lang='lat' dir='ltr'><strong>esset</strong></span> 
     </span>
    </p>
   </div>
   <div class='ocr_carea' id='block_1_107' title="bbox 2255 5009 3758 5088">
    <p class='ocr_par' dir='ltr' id='par_1_107' title="bbox 2255 5009 3758 5088">
     <span class='ocr_line' id='line_1_107' title="bbox 2255 5009 3758 5088; baseline -0.005 -16"><span class='ocrx_word' id='word_1_858' title='bbox 2255 5034 2513 5082; x_wconf 81' lang='lat' dir='ltr'><strong>annorum</strong></span> <span class='ocrx_word' id='word_1_859' title='bbox 2533 5060 2548 5087; x_wconf 97' lang='lat'><strong>,</strong></span> <span class='ocrx_word' id='word_1_860' title='bbox 2575 5029 2624 5076; x_wconf 87' lang='lat' dir='ltr'><strong><em>et</em></strong></span> <span class='ocrx_word' id='word_1_861' title='bbox 2662 5032 2952 5078; x_wconf 88' lang='lat' dir='ltr'><strong>emortuam</strong></span> <span class='ocrx_word' id='word_1_862' title='bbox 2985 5024 3190 5081; x_wconf 87' lang='lat' dir='ltr'><strong>vulvam</strong></span> <span class='ocrx_word' id='word_1_863' title='bbox 3216 5023 3413 5081; x_wconf 60' lang='lat' dir='ltr'><strong>Sarrae.</strong></span> <span class='ocrx_word' id='word_1_864' title='bbox 3445 5017 3678 5088; x_wconf 88' lang='lat' dir='ltr'><strong>Scriptum</strong></span> <span class='ocrx_word' id='word_1_865' title='bbox 3702 5009 3758 5059; x_wconf 74' lang='grc' dir='ltr'><strong>εει</strong></span> 
     </span>
    </p>
   </div>
   <div class='ocr_carea' id='block_1_108' title="bbox 2253 5100 3758 5184">
    <p class='ocr_par' dir='ltr' id='par_1_108' title="bbox 2253 5100 3758 5184">
     <span class='ocr_line' id='line_1_108' title="bbox 2253 5100 3758 5184; baseline -0.005 -14"><span class='ocrx_word' id='word_1_866' title='bbox 2253 5111 2309 5166; x_wconf 85' lang='grc' dir='ltr'><strong>ὶη</strong></span> <span class='ocrx_word' id='word_1_867' title='bbox 2355 5111 2594 5183; x_wconf 86' lang='lat' dir='ltr'><strong>Epistola</strong></span> <span class='ocrx_word' id='word_1_868' title='bbox 2641 5115 2709 5171; x_wconf 91' lang='lat' dir='ltr'><strong>ad</strong></span> <span class='ocrx_word' id='word_1_869' title='bbox 2750 5113 3026 5172; x_wconf 70' lang='lat' dir='ltr'><strong>Hebraeos.</strong></span> <span class='ocrx_word' id='word_1_870' title='bbox 3058 5115 3223 5184; x_wconf 89' lang='lat' dir='ltr'><strong>Fide,</strong></span> <span class='ocrx_word' id='word_1_871' title='bbox 3255 5125 3386 5183; x_wconf 89' lang='lat' dir='ltr'><strong>etc.,</strong></span> <span class='ocrx_word' id='word_1_872' title='bbox 3432 5125 3579 5183; x_wconf 88' lang='lat' dir='ltr'><strong>usque</strong></span> <span class='ocrx_word' id='word_1_873' title='bbox 3616 5101 3671 5158; x_wconf 76' lang='lat' dir='ltr'><strong><em>ad</em></strong></span> <span class='ocrx_word' id='word_1_874' title='bbox 3701 5100 3758 5151; x_wconf 69' lang='grc' dir='ltr'><strong>εει</strong></span> 
     </span>
    </p>
   </div>
   <div class='ocr_carea' id='block_1_109' title="bbox 2251 5184 3754 5277">
    <p class='ocr_par' dir='ltr' id='par_1_109' title="bbox 2251 5184 3754 5277">
     <span class='ocr_line' id='line_1_109' title="bbox 2251 5184 3754 5277; baseline -0.013 -17"><span class='ocrx_word' id='word_1_875' title='bbox 2251 5207 2470 5262; x_wconf 89' lang='lat' dir='ltr'><strong>mortui.</strong></span> <span class='ocrx_word' id='word_1_876' title='bbox 2496 5205 2619 5277; x_wconf 82' lang='lat' dir='ltr'><strong>(ld.,</strong></span> <span class='ocrx_word' id='word_1_877' title='bbox 2645 5207 2736 5262; x_wconf 90' lang='lat' dir='ltr'><strong>lib.</strong></span> <span class='ocrx_word' id='word_1_878' title='bbox 2762 5208 2827 5263; x_wconf 87' lang='lat' dir='ltr'><strong><em>de</em></strong></span> <span class='ocrx_word' id='word_1_879' title='bbox 2853 5208 2963 5264; x_wconf 87' lang='lat' dir='ltr'><strong>Civ.</strong></span> <span class='ocrx_word' id='word_1_880' title='bbox 2992 5208 3136 5277; x_wconf 89' lang='lat' dir='ltr'><strong>Dei.,</strong></span> <span class='ocrx_word' id='word_1_881' title='bbox 3166 5225 3285 5266; x_wconf 76' lang='lat' dir='ltr'><strong>xvr.</strong></span> <span class='ocrx_word' id='word_1_882' title='bbox 3309 5202 3557 5269; x_wconf 82' lang='lat' dir='ltr'><strong>tom.Vll,</strong></span> <span class='ocrx_word' id='word_1_883' title='bbox 3577 5195 3659 5254; x_wconf 90' lang='lat' dir='ltr'><strong>col.</strong></span> <span class='ocrx_word' id='word_1_884' title='bbox 3682 5184 3754 5243; x_wconf 82' lang='lat'><strong>507</strong></span> 
     </span>
    </p>
   </div>
   <div class='ocr_carea' id='block_1_110' title="bbox 2244 5308 2440 5372">
    <p class='ocr_par' dir='ltr' id='par_1_110' title="bbox 2244 5308 2440 5372">
     <span class='ocr_line' id='line_1_110' title="bbox 2244 5308 2440 5372; baseline 0 -18"><span class='ocrx_word' id='word_1_885' title='bbox 2244 5308 2300 5354; x_wconf 92' lang='lat' dir='ltr'><strong>et</strong></span> <span class='ocrx_word' id='word_1_886' title='bbox 2325 5315 2440 5372; x_wconf 91' lang='lat' dir='ltr'><strong>seq.</strong></span> 
     </span>
    </p>
   </div>
   <div class='ocr_carea' id='block_1_111' title="bbox 2317 5377 3749 5467">
    <p class='ocr_par' dir='ltr' id='par_1_111' title="bbox 2317 5377 3749 5467">
     <span class='ocr_line' id='line_1_111' title="bbox 2317 5377 3749 5467; baseline -0.016 -19"><span class='ocrx_word' id='word_1_887' title='bbox 2317 5391 2388 5448; x_wconf 84' lang='lat' dir='ltr'><strong>In</strong></span> <span class='ocrx_word' id='word_1_888' title='bbox 2408 5409 2805 5463; x_wconf 79' lang='lat' dir='ltr'><strong>repromissione</strong></span> <span class='ocrx_word' id='word_1_889' title='bbox 2822 5396 2958 5453; x_wconf 92' lang='lat' dir='ltr'><strong>enim</strong></span> <span class='ocrx_word' id='word_1_890' title='bbox 2981 5397 3098 5465; x_wconf 90' lang='lat' dir='ltr'><strong>Dei,</strong></span> <span class='ocrx_word' id='word_1_891' title='bbox 3127 5406 3250 5464; x_wconf 90' lang='lat' dir='ltr'><strong>etc.,</strong></span> <span class='ocrx_word' id='word_1_892' title='bbox 3273 5407 3438 5467; x_wconf 90' lang='lat' dir='ltr'><strong>usque</strong></span> <span class='ocrx_word' id='word_1_893' title='bbox 3461 5377 3749 5446; x_wconf 79' lang='lat' dir='ltr'><strong>adDomitntm</strong></span> 
     </span>
    </p>
   </div>
   <div class='ocr_carea' id='block_1_112' title="bbox 2250 5473 3748 5545">
    <p class='ocr_par' dir='ltr' id='par_1_112' title="bbox 2250 5473 3748 5545">
     <span class='ocr_line' id='line_1_112' title="bbox 2250 5473 3748 5545; baseline -0.009 -7"><span class='ocrx_word' id='word_1_894' title='bbox 2250 5493 2486 5538; x_wconf 83' lang='lat' dir='ltr'><strong>nostrum</strong></span> <span class='ocrx_word' id='word_1_895' title='bbox 2513 5503 2545 5540; x_wconf 91' lang='lat' dir='ltr'><strong><em>a</em></strong></span> <span class='ocrx_word' id='word_1_896' title='bbox 2572 5489 2812 5544; x_wconf 89' lang='lat' dir='ltr'><strong>mortuis.</strong></span> <span class='ocrx_word' id='word_1_897' title='bbox 2861 5488 3203 5545; x_wconf 87' lang='lat' dir='ltr'><strong>Promittenti</strong></span> <span class='ocrx_word' id='word_1_898' title='bbox 3249 5485 3470 5545; x_wconf 90' lang='lat' dir='ltr'><strong>credidit</strong></span> <span class='ocrx_word' id='word_1_899' title='bbox 3507 5473 3748 5535; x_wconf 61' lang='lat' dir='ltr'><strong>Abraham,</strong></span> 
     </span>
    </p>
   </div>
   <div class='ocr_carea' id='block_1_113' title="bbox 2249 5557 3746 5656">
    <p class='ocr_par' dir='ltr' id='par_1_113' title="bbox 2249 5557 3746 5656">
     <span class='ocr_line' id='line_1_113' title="bbox 2249 5557 3746 5656; baseline -0.013 -16"><span class='ocrx_word' id='word_1_900' title='bbox 2249 5588 2382 5644; x_wconf 76' lang='lat' dir='ltr'><strong>etc.,</strong></span> <span class='ocrx_word' id='word_1_901' title='bbox 2408 5595 2570 5650; x_wconf 87' lang='lat' dir='ltr'><strong>usque</strong></span> <span class='ocrx_word' id='word_1_902' title='bbox 2596 5581 2665 5635; x_wconf 89' lang='lat' dir='ltr'><strong><em>ad</em></strong></span> <span class='ocrx_word' id='word_1_903' title='bbox 2689 5597 2796 5638; x_wconf 88' lang='lat' dir='ltr'><strong>non</strong></span> <span class='ocrx_word' id='word_1_904' title='bbox 2817 5581 3038 5640; x_wconf 84' lang='lat' dir='ltr'><strong>fuerunt</strong></span> <span class='ocrx_word' id='word_1_905' title='bbox 3058 5583 3180 5656; x_wconf 86' lang='lat' dir='ltr'><strong>(ld.,</strong></span> <span class='ocrx_word' id='word_1_906' title='bbox 3211 5581 3300 5636; x_wconf 86' lang='lat' dir='ltr'><strong>lib.</strong></span> <span class='ocrx_word' id='word_1_907' title='bbox 3327 5580 3390 5636; x_wconf 87' lang='lat' dir='ltr'><strong>de</strong></span> <span class='ocrx_word' id='word_1_908' title='bbox 3413 5576 3525 5633; x_wconf 87' lang='lat' dir='ltr'><strong>Cor.</strong></span> <span class='ocrx_word' id='word_1_909' title='bbox 3545 5580 3586 5627; x_wconf 86' lang='lat' dir='ltr'><strong><em>et</em></strong></span> <span class='ocrx_word' id='word_1_910' title='bbox 3604 5557 3746 5638; x_wconf 51' lang='lat' dir='ltr'><strong>grati“.</strong></span> 
     </span>
    </p>
   </div>
   <div class='ocr_carea' id='block_1_114' title="bbox 2251 5670 3710 5757">
    <p class='ocr_par' dir='ltr' id='par_1_114' title="bbox 2251 5670 3710 5757">
     <span class='ocr_line' id='line_1_114' title="bbox 2251 5670 3710 5757; baseline 0.014 -32"><span class='ocrx_word' id='word_1_911' title='bbox 2251 5679 2380 5727; x_wconf 88' lang='lat' dir='ltr'><strong>tom.</strong></span> <span class='ocrx_word' id='word_1_912' title='bbox 2414 5670 2495 5740; x_wconf 84' lang='lat' dir='ltr'><strong>X,</strong></span> <span class='ocrx_word' id='word_1_913' title='bbox 2526 5689 2580 5744; x_wconf 89' lang='lat' dir='ltr'><strong>p.</strong></span> <span class='ocrx_word' id='word_1_914' title='bbox 2612 5691 2667 5740; x_wconf 93' lang='grc' dir='ltr'><strong>ι,</strong></span> <span class='ocrx_word' id='word_1_915' title='bbox 2700 5674 2804 5730; x_wconf 91' lang='lat' dir='ltr'><strong>col.</strong></span> <span class='ocrx_word' id='word_1_916' title='bbox 2837 5675 2988 5746; x_wconf 78' lang='grc'>958.)</span> <span class='ocrx_word' id='word_1_917' title='bbox 3609 5753 3622 5757; x_wconf 31' lang='grc' dir='ltr'><strong>Α</strong></span> <span class='ocrx_word' id='word_1_918' title='bbox 3686 5745 3710 5757; x_wconf 70' lang='grc'><strong>,,</strong></span> 
     </span>
    </p>
   </div>
   <div class='ocr_carea' id='block_1_115' title="bbox 2318 5743 3746 5843">
    <p class='ocr_par' dir='ltr' id='par_1_115' title="bbox 2318 5743 3746 5843">
     <span class='ocr_line' id='line_1_115' title="bbox 2318 5743 3746 5843; baseline -0.001 -21"><span class='ocrx_word' id='word_1_919' title='bbox 2318 5743 2628 5824; x_wconf 81' lang='lat' dir='ltr'><strong>Cavendum</strong></span> <span class='ocrx_word' id='word_1_920' title='bbox 2650 5781 2767 5837; x_wconf 90' lang='lat' dir='ltr'><strong>est,</strong></span> <span class='ocrx_word' id='word_1_921' title='bbox 2801 5778 2933 5837; x_wconf 86' lang='lat' dir='ltr'><strong>etc.,</strong></span> <span class='ocrx_word' id='word_1_922' title='bbox 2965 5743 3129 5843; x_wconf 88' lang='lat' dir='ltr'><strong>usque</strong></span> <span class='ocrx_word' id='word_1_923' title='bbox 3156 5773 3226 5827; x_wconf 80' lang='lat' dir='ltr'><strong><em>ad</em></strong></span> <span class='ocrx_word' id='word_1_924' title='bbox 3254 5773 3531 5829; x_wconf 87' lang='lat' dir='ltr'><strong>mereatur.</strong></span> <span class='ocrx_word' id='word_1_925' title='bbox 3558 5753 3658 5831; x_wconf 63' lang='lat' dir='ltr'><strong>(Id-9</strong></span> <span class='ocrx_word' id='word_1_926' title='bbox 3681 5743 3746 5800; x_wconf 57' lang='grc' dir='ltr'><strong>ηδ’</strong></span> 
     </span>
    </p>
   </div>
   <div class='ocr_carea' id='block_1_116' title="bbox 2246 5850 3462 5935">
    <p class='ocr_par' dir='ltr' id='par_1_116' title="bbox 2246 5850 3462 5935">
     <span class='ocr_line' id='line_1_116' title="bbox 2246 5850 3462 5935; baseline 0.002 -20"><span class='ocrx_word' id='word_1_927' title='bbox 2246 5859 2311 5915; x_wconf 85' lang='lat' dir='ltr'><strong>de</strong></span> <span class='ocrx_word' id='word_1_928' title='bbox 2340 5861 2505 5917; x_wconf 76' lang='lat' dir='ltr'><strong>vrted.</strong></span> <span class='ocrx_word' id='word_1_929' title='bbox 2536 5872 2704 5918; x_wconf 84' lang='lat' dir='ltr'><strong>sanet.</strong></span> <span class='ocrx_word' id='word_1_930' title='bbox 2749 5872 2879 5920; x_wconf 92' lang='lat' dir='ltr'><strong>tom.</strong></span> <span class='ocrx_word' id='word_1_931' title='bbox 2912 5862 2990 5932; x_wconf 83' lang='lat' dir='ltr'><strong>X,</strong></span> <span class='ocrx_word' id='word_1_932' title='bbox 3021 5880 3074 5935; x_wconf 92' lang='lat' dir='ltr'><strong>p.</strong></span> <span class='ocrx_word' id='word_1_933' title='bbox 3105 5882 3158 5934; x_wconf 88' lang='grc' dir='ltr'><strong>ι,</strong></span> <span class='ocrx_word' id='word_1_934' title='bbox 3188 5865 3290 5923; x_wconf 90' lang='lat' dir='ltr'><strong>col.</strong></span> <span class='ocrx_word' id='word_1_935' title='bbox 3319 5850 3462 5932; x_wconf 77' lang='grc'>965.)</span> 
     </span>
    </p>
   </div>
  </div>
