3970 6306
183 422 302 483 289

958 410 961 413 ’
1072 422 1441 482 EXPOSI’I'ID
1476 422 1546 481 IN
1586 422 1740 481 EPP.
1776 423 2005 483 PAULI.
2043 456 2115 467 —
2150 423 2258 480 EP.
2296 422 2389 479 AD
2425 422 2573 481 non

3370 432 3479 490 290

252 542 380 599 Hoc
407 541 675 614 promittit
702 541 877 607 Deus,
905 550 1037 608 etc.,
1094 557 1259 614 usque
1304 541 1373 597 ad
1401 540 1663 600 debitum.
1695 539 1781 614 (S.
1808 551 1864 614 Α
1888 540 2068 613 impiis
2096 551 2343 598 mortuus
2384 550 2487 597 est.
2532 540 2891 598 Desiderabas
2931 551 3113 600 autent
3142 547 3322 602 omnia
3351 562 3480 619 pos-

184 636 356 710 Aug.,
379 635 471 691 lib.
501 634 897 710 Sententiarum
918 632 1219 707 Prosperi.)

266 708 373 798 Qui
401 729 627 785 traditus
646 736 721 784 est
742 708 953 798 propter
973 726 1167 783 delicta
1192 735 1375 783 nostra
1411 736 1461 783 et
1496 726 1783 782 resurrexit

186 830 406 894 propter
414 818 851 892 justiﬁcationem
872 827 1128 874 nostram.
1148 817 1250 885 Qui
1274 827 1433 876 sanat
1446 833 1639 875 omnes
1663 818 1782 874 lan-

190 928 391 987 guores
414 921 567 979 tuos,
599 919 731 976 etc.,
761 927 924 982 usque
952 911 1022 965 ad
1052 910 1107 967 in
1133 911 1355 968 omium.
1383 909 1512 984 (ld.,
1541 911 1598 966 in
1641 909 1780 981 psal.

188 1026 299 1076 cst,
333 1017 464 1066 tom.
497 1008 591 1076 IV,
619 1024 675 1079 p.
714 1007 780 1073 2,
814 1007 923 1064 col.
957 1006 1144 1079 l32l.)

265 1101 520 1159 Traditus
544 1108 630 1157 est
650 1110 874 1173 propter
897 1099 1092 1156 delicta
1113 1109 1320 1168 nostra,
1346 1109 1477 1166 etc.,
1500 1116 1663 1170 usque
1713 1100 1783 1154 ad

188 1203 444 1268 msurgat
484 1194 718 1267 iustitia.
762 1193 886 1266 (Id.
949 1210 1103 1250 serm.
1149 1195 1215 1251 de
1245 1192 1487 1262 Pascha,
1539 1203 1668 1251 tom.
1715 1193 1779 1260 V,

186 1297 337 1364 part.
367 1304 419 1357 1,
447 1287 552 1346 col.
586 1286 772 1361 1120.)

822 1380 1050 1439 CAPUT
1088 1382 1156 1439 ν.

263 1472 558 1547 lustiﬁcati
581 1491 726 1547 ergo,
750 1485 1058 1546 etc.,usque
1078 1474 1144 1530 ad
1167 1476 1222 1529 in
1235 1491 1325 1546 spe
1346 1474 1529 1546 gloria:
1549 1474 1782 1545 ﬁliorum

186 1564 312 1624 Dei.
360 1567 649 1624 Justiﬁcati
706 1575 887 1622 autem
935 1567 1105 1639 gratis
1150 1580 1263 1638 per,
1315 1575 1448 1632 etc.,
1503 1584 1665 1639 usque
1712 1567 1783 1623 ad

186 1660 453 1731 suscepit.
482 1659 707 1732 (ld.,.ad
735 1657 913 1730 Boni].
945 1676 1135 1731 papam
1158 1658 1317 1716 Urbis
1337 1700 1350 1726 ,
1389 1668 1518 1717 tom.
1546 1659 1630 1727 X,
1655 1676 1708 1732 p.
1740 1676 1781 1729 1,

188 1749 297 1807 col.
323 1751 430 1808 579
456 1760 513 1808 et
541 1752 682 1823 seq.)

267 1841 392 1896 Non
430 1841 601 1897 solum
637 1851 845 1909 autem,
891 1853 1014 1909 etc.,
1062 1858 1235 1914 usque
1285 1846 1468 1916 adqui
1517 1846 1674 1901 datus
1705 1853 1781 1902 est

1804 680 1817 691 .
1886 633 2086 699 sidere,
2128 632 2239 690 noli
2286 647 2384 705 per
2424 633 2745 700 avaritiam,
2792 633 2887 691 sed
2927 649 3027 705 per
3072 637 3329 708 pietatem
3373 638 3479 696 hoc

1885 739 2151 796 quaerere.
2182 724 2240 781 Si
2268 725 2416 782 enim
2446 726 2525 781 ita
2557 726 2862 797 quaesieris,
2888 729 3211 800 possidebis.
3246 730 3479 790 Tenebis

1884 818 2031 875 enim
2074 833 2199 875 eum
2226 833 2325 891 per
2362 833 2524 891 quem
2568 818 2713 878 facta
2739 830 2869 879 sunt
2891 822 3094 893 omnia,
3125 832 3181 881 et
3210 840 3333 882 cum
3357 825 3479 899 ipso

1885 912 2066 969 omnia
2095 913 2398 985 possidebis
2478 930 2481 935 '
2520 938 2549 951 κ

1957 1002 2300 1061 Commendat
2320 1016 2495 1063 autem
2519 1024 2672 1064 suam
2712 1012 3023 1068 charttatem
3046 1011 3187 1069 Deus
3212 1016 3268 1070 in
3306 1014 3476 1085 nobis,

1884 1106 2013 1163 etc.,
2034 1110 2208 1168 usque
2235 1098 2304 1153 ad
2342 1098 2477 1154 salvi
2509 1101 2706 1156 erimus
2735 1102 2790 1155 in
2821 1103 2926 1157 vita
2953 1103 3138 1173 ipsius.
3170 1104 3481 1177 lncompre-

1884 1189 2165 1247 hensibilis
2206 1198 2292 1247 est
2335 1190 2555 1248 dilectio
2597 1209 2728 1263 qua,
2757 1202 2887 1260 etc.,
2922 1212 3084 1267 usque
3123 1196 3193 1250 ad
3223 1195 3359 1254 socii
3385 1199 3481 1254 de-

1883 1284 2159 1341 beremus.
2188 1284 2310 1356 (ld.,
2341 1299 2408 1341 ea:
2434 1294 2664 1341 tractatu
2697 1285 2974 1358 Evangelii
3002 1289 3289 1343 secundum
3312 1289 3474 1346 Joan.

1883 1391 1982 1443 cx,
2028 1378 2175 1434 etin
2228 1378 2364 1449 psal.
2415 1393 2596 1435 Luxv
2670 1387 2806 1436 tom.
2843 1379 2942 1449 Ill,
2990 1397 3155 1453 p.11,
3196 1380 3299 1439 col.
3338 1380 3479 1441 l923

1884 1476 1940 1523 et
1968 1468 2110 1539 seq.)

1956 1556 2289 1615 Tcstimonia
2333 1561 2531 1631 quippe
2567 1560 2696 1626 Dei,
2728 1569 2863 1627 etc.,
2906 1577 3068 1633 usque
3094 1561 3163 1615 ad
3193 1562 3352 1619 nobis
3380 1565 3476 1619 do-

1884 1649 2051 1704 navit.
2097 1649 2235 1720 (Id.,
2266 1666 2333 1706 ea:
2368 1659 2598 1707 tractatu
2630 1650 2767 1724 psal.
2806 1666 3006 1719 cxvnt,
3042 1659 3176 1709 tom.
3205 1652 3300 1723 IV,
3328 1669 3382 1725 p.
3408 1653 3474 1723 2,

1884 1742 1988 1799 col.
2025 1743 2210 1817 1515.)

1957 1834 2201 1891 Primum
2226 1837 2382 1893 nobis
2406 1839 2865 1908 persuadendum,
2894 1848 3028 1908 etc.,
3059 1856 3226 1912 usque
3257 1842 3326 1895 ad
3354 1856 3477 1911 per-

188 1931 363 1987 nobis.
388 1930 505 1988 Non
531 1932 714 2003 itaque
735 1947 833 2004 per
852 1947 953 1987 nos
974 1973 989 1999 ,
1014 1941 1142 1998 etc.,
1167 1950 1332 2006 usque
1352 1936 1421 1989 ad
1445 1936 1780 2004 patientiam.
1812 1928 1860 1990 Β
1888 1927 2202 1984 licerentur-
2234 1928 2357 2002 (ld.,
2390 1929 2483 1985 lib.
2511 1930 2577 1986 de
2627 1929 2883 1988 Trinitate
2920 1948 2995 2001 tv,
3029 1942 3161 1989 tom.
3191 1930 3303 1988 Vlll
3323 1972 3338 2001 ,
3368 1932 3473 1990 col.

190 2022 320 2095 (ld.,
343 2024 435 2080 lib.
450 2022 656 2079 deGra.
673 2041 721 2080 et
747 2023 896 2081 liber.
912 2024 1125 2092 arbitr.,
1148 2038 1279 2081 tom.
1297 2024 1491 2105 X.1,
1505 2027 1609 2083 col.
1632 2026 1785 2098 905.)

260 2114 373 2170 Nec
397 2130 499 2171 nos
523 2124 757 2181 moveat,
783 2124 915 2181 etc.,
945 2132 1109 2187 usque
1130 2118 1200 2173 ad
1224 2132 1322 2174 nos
1351 2118 1781 2176 imtuutabimur.

183 2204 315 2276 (ld.,
348 2204 412 2261 de
438 2206 620 2277 Agone
648 2205 955 2263 Christiano
977 2248 992 2275 ,
1023 2216 1155 2264 tom.
1188 2208 1256 2265 VI
1276 2251 1290 2276 ,
1319 2210 1422 2266 col.
1453 2210 1606 2283 295.)

262 2294 336 2352 Ut
382 2304 561 2352 autem
606 2297 736 2353 mali
782 2297 973 2364 bonis,
1010 2308 1142 2365 etc.,
1174 2316 1337 2371 usque
1378 2301 1448 2355 ad
1495 2302 1653 2358 datus
1701 2311 1787 2359 est

183 2388 365 2445 nobis.
394 2388 515 2460 (ld.,
544 2388 635 2444 lib.
667 2389 869 2457 Quaest.
898 2391 989 2455 83,
1018 2400 1147 2448 tom.
1182 2392 1248 2448 VI
1267 2434 1281 2458 ,
1311 2394 1414 2451 col.
1459 2396 1527 2451 95
1554 2395 1571 2467 )

261 2479 395 2551 Spes
411 2490 587 2535 autem
604 2497 710 2537 non
730 2483 1033 2552 confundit.
1048 2484 1180 2553 Quis
1195 2486 1383 2556 estqui
1400 2487 1785 2544 confunditur?

182 2579 323 2636 etc.,
349 2587 512 2642 usque
531 2570 601 2625 ad
623 2571 958 2628 conscientia
983 2589 1099 2629 sua.
1140 2574 1266 2647 (ld.,
1306 2577 1363 2629 in
1401 2575 1539 2647 psal;
1586 2593 1780 2645 χχχιιι,

183 2672 320 2719 tom.
356 2663 446 2731 IV,
473 2680 528 2736 p.
558 2679 610 2731 1,
639 2664 745 2721 col.
775 2664 883 2721 568
910 2675 965 2721 et
997 2668 1142 2738 seq.)

259 2757 400 2823 Quia
428 2757 659 2812 charitas
684 2757 784 2813 Dei
804 2758 1004 2829 diffusa
1024 2771 1100 2815 est
1131 2762 1185 2816 in
1211 2763 1457 2817 cordibus
1482 2766 1674 2819 nostris
1691 2781 1786 2834 per

182 2848 451 2920 Spiritum
495 2859 738 2905 sanctum
762 2852 873 2921 gni
902 2854 1060 2907 datus
1083 2861 1159 2907 est
1184 2852 1351 2907 nobis.
1375 2853 1416 2907 A
1447 2869 1556 2923 quo
1579 2855 1680 2909 nisi
1715 2856 1784 2910 ah

182 2939 310 3007 illo,
324 2947 453 3006 etc.,
476 2942 721 3012 usquead
733 2943 979 3014 cooperit
993 2943 1390 3000 multitudinem
1409 2953 1779 3014 peccatorum.

183 3031 313 3105 (ld.,
346 3033 439 3089 lib.
471 3035 537 3089 de
558 3034 687 3090 Nat.
723 3044 772 3090 et
799 3052 939 3107 gra.,
966 3053 1032 3091 ea:
1070 3053 1307 3093 sermone
1347 3038 1416 3093 ad
1442 3037 1691 3109 populunt
1720 3039 1784 3094 de

184 3125 393 3197 blasph.
436 3125 666 3200 Spiritus
696 3130 889 3187 sancti.

260 3222 375 3294 Ego
394 3221 670 3288 arbitror,
707 3230 837 3289 etc.,
860 3239 1023 3295 usque
1044 3241 1110 3279 aa
1136 3225 1419 3296 coagulum
1442 3238 1549 3279 non
1575 3232 1780 3279 tenent.

1885 2020 1987 2077 887
2011 2029 2067 2077 et
2093 2020 2237 2093 seq.)

1955 2113 2222 2179 Quoniam
2248 2130 2367 2168 cum
2406 2114 2581 2171 adhuc
2617 2126 2916 2187 peccatores
2943 2134 3194 2185 essemus,
3233 2117 3476 2173 Christus
3556 2174 3561 2175 ,

1883 2221 1977 2275 pro
2021 2204 2170 2260 nobis
2206 2214 2443 2260 mortuus
2471 2216 2569 2272 est,
2610 2214 2715 2262 etc.
2749 2207 2867 2263 Non
2898 2208 3068 2264 alium
3098 2208 3318 2264 modum
3348 2223 3470 2280 pos-

1883 2294 2116 2362 sibilem,
2148 2303 2280 2363 etc.,
2322 2311 2484 2367 usque
2508 2298 2578 2351 ad
2615 2296 2812 2354 fortius
2847 2306 2933 2355 est
2959 2299 3287 2356 hominibus.
3326 2298 3463 2371 (ld.,

1883 2387 1975 2443 lib.
2001 2389 2065 2444 de
2097 2388 2286 2444 Trinit.
2313 2404 2433 2455 χιιι,
2468 2398 2598 2445 tom.
2626 2389 2758 2456 VIII,
2789 2390 2897 2447 col.
2923 2391 3064 2446 1024
3087 2399 3142 2447 et
3163 2392 3306 2462 seq.)

1956 2480 2019 2536 Si
2047 2481 2203 2546 enim,
2229 2489 2363 2546 etc.,
2393 2496 2567 2552 usque
2593 2482 2661 2538 ad
2690 2482 2827 2538 salvi
2860 2484 3055 2538 erimus
3080 2484 3135 2538 in
3157 2485 3261 2539 vita
3286 2483 3474 2553 ipsius.

1882 2570 2025 2639 Ergo
2052 2585 2152 2640 pro
2178 2570 2359 2642 impiis
2377 2571 2627 2627 Christus
2650 2582 2898 2628 mortuus
2923 2582 3029 2637 est,
3052 2583 3185 2640 etc.,
3210 2590 3373 2645 usque
3399 2575 3471 2629 ad

1882 2660 2105 2730 sedpro
2134 2661 2308 2717 nobis.
2339 2662 2463 2734 (ld.,
2493 2679 2648 2718 serm.
2678 2664 2743 2718 tie
2772 2661 3031 2719 Passione
3059 2664 3319 2735 Domini.)

1955 2749 2127 2805 Multo
2176 2752 2343 2824 magis
2387 2769 2524 2808 nunc
2565 2754 2846 2823 justi/ictui
2887 2756 2944 2809 in
2988 2757 3244 2825 sanguine
3288 2757 3474 2826 ipsius,

1883 2843 2015 2896 salui
2043 2844 2239 2899 erimus
2264 2844 2330 2898 ab
2356 2845 2440 2898 ira
2465 2861 2558 2916 per
2587 2846 2779 2916 ipsum.
2805 2846 2978 2902 Filius
3006 2847 3123 2914 Dei,
3150 2856 3285 2915 etc.,
3316 2864 3480 2921 usque

1884 2938 1952 2989 ad
1985 2935 2206 3006 impium
2234 2935 2503 3007 relinquet
2530 2936 2699 3007 pium.
2731 2938 2830 3009 (Id.
2859 2939 2916 2993 in
2943 2939 3080 3009 psal.
3109 2942 3281 3010 xcvr.)

1954 3022 2064 3079 Cur
2092 3038 2226 3096 ergo
2253 3040 2361 3081 non
2399 3025 2553 3082 ﬁeret
2599 3042 2747 3084 mors
2774 3026 3011 3094 Christi,
3039 3036 3171 3094 etc.,
3202 3046 3365 3100 usque
3410 3030 3478 3083 ad

1884 3113 2204 3184 spiritaliter
2251 3124 2621 3188 regeneratus.
2656 3116 2783 3190 (ld.,
2818 3117 2910 3174 lib.
2954 3118 3019 3174 de
3066 3117 3252 3175 Trinit.
3282 3136 3397 3188 xui,
3427 3136 3475 3176 c.

1887 3204 1973 3270 16,
2004 3212 2137 3259 tom.
2164 3204 2295 3272 Vill,
2328 3205 2432 3262 col.
2462 3206 2600 3261 1050
2625 3215 2681 3263 ct
2702 3208 2844 3279 seq.)

183 3293 486 3383 (ld.,sernt.
500 3312 690 3368 Ascen.
705 3293 943 3380 Domini,
960 3313 1074 3376 t.V.
1090 3331 1143 3386 p.
1163 3331 1203 3381 1,
1216 3293 1320 3371 col.
1339 3314 1534 3370 l225et
1562 3315 1704 3385 seq.)

1953 3295 2240 3368 Propterea
2286 3298 2420 3354 sicut
2450 3316 2543 3375 per
2581 3316 2745 3355 unum
2782 3301 3044 3356 hominem
3082 3310 3351 3372 peccatum
3394 3304 3479 3357 in-

260 3401 517 3460 Charitas
544 3411 839 3476 congregat
865 3418 984 3460 nos.
1026 3404 1164 3473 Quia
1189 3420 1322 3461 vero
1343 3404 1508 3470 dicit,
1533 3412 1667 3471 etc.,
1694 3421 1780 3460 us-

180 3498 289 3568 que
310 3497 382 3551 ad
411 3495 644 3567 Spiritus
673 3496 791 3553 Dei.
840 3496 966 3569 (ld.,
997 3499 1054 3553 in
1080 3514 1318 3553 sermone
1366 3496 1539 3569 Epist.
1592 3496 1753 3553 Joan.

185 3594 325 3645 tam.
355 3586 454 3654 Ill,
483 3603 537 3659 p.
565 3602 605 3643 It
628 3628 642 3654 ,
672 3586 774 3644 col.
803 3586 995 3658 2052.)

268 3678 421 3735 Unde
444 3680 679 3747 scimds,
707 3688 838 3748 etc.,
867 3697 1028 3751 usque
1053 3682 1123 3735 ad
1152 3681 1311 3736 datus
1331 3689 1415 3737 est
1443 3682 1620 3737 nobis.
1656 3681 1781 3751 (ld.,

182 3786 348 3828 serm.
384 3771 489 3843 Ep.
525 3771 579 3827 8.
610 3772 796 3839 Joan.,
827 3781 958 3828 tom.
994 3770 1092 3838 Ill,
1120 3790 1172 3843 p.
1205 3772 1273 3837 2,
1303 3773 1408 3828 col.
1431 3772 1620 3845 2045.)

264 3863 425 3919 Dedit
446 3863 586 3921 dona
611 3862 951 3929 hominibus,
993 3871 1123 3929 etc.,
1169 3878 1332 3934 usque
1377 3863 1445 3917 ad
1468 3863 1563 3933 qui
1594 3862 1783 3919 dilexit

185 3972 313 4016 nos.
351 3956 476 4030 (ld.,
503 3972 664 4013 serm.
687 3972 835 4022 XLIV,
861 3956 929 4010 dc
950 3956 1092 4011 verb.
1127 3954 1358 4027 Evang.)

262 4049 409 4121 Ergo
438 4050 579 4106 unde
618 4049 711 4106 tibi
743 4044 1004 4114 charitas,
1047 4056 1180 4115 etc.,
1210 4064 1373 4120 usque
1414 4066 1482 4103 aa
1514 4051 1672 4105 datus
1702 4059 1788 4106 est

181 4143 371 4202 nobis.
402 4141 482 4215 (S.
504 4144 667 4215 Aug.,
713 4158 870 4200 serm.
922 4141 988 4197 de
1013 4142 1155 4199 vcrb.
1186 4142 1372 4214 Apost.
1416 4142 1507 4211 8i,
1550 4150 1682 4198 tom.
1714 4142 1758 4198 V

179 4245 333 4310 part.
359 4251 400 4303 1,
432 4235 538 4293 col.
565 4235 717 4307 925.)

254 4329 490 4387 Prorsus
537 4331 736 4387 donum
783 4339 868 4388 est
895 4331 1024 4399 Dei,
1068 4339 1200 4397 etc.,
1228 4347 1391 4407 usque
1428 4330 1498 4386 ad
1528 4340 1584 4387 et
1623 4331 1777 4388 Filio.

179 4423 323 4495 (ld.,
348 4423 440 4479 lib.
474 4423 597 4480 Sen.
626 4422 896 4494 Prosperi,
928 4433 1060 4480 tom.
1083 4421 1152 4491 Χ,
1182 4439 1239 4493 p.
1269 4422 1327 4489 2,
1355 4423 1457 4480 col.
1486 4422 1669 4495 1894.)

258 4514 333 4570 Ut
356 4516 482 4587 quid
508 4516 644 4570 enim
661 4514 1204 4586 Christus,etc.,quis
1242 4514 1435 4569 audeat
1471 4514 1628 4569 mori.
1666 4514 1776 4569 Aut

175 4619 319 4660 vero
346 4620 446 4675 pro
470 4604 713 4671 minimo,
741 4614 875 4669 etc.,
912 4620 1074 4675 usque
1120 4603 1189 4658 ad
1221 4611 1504 4659 secuturus
1547 4617 1627 4659 es.
1665 4601 1763 4673 (Id.

172 4698 235 4752 in
262 4695 401 4768 psal.
430 4713 653 4762 CXLVIII.
681 4706 812 4754 tom.
839 4696 928 4762 IV,
958 4713 1011 4769 p.
1042 4713 1101 4763 ιι,
1127 4696 1232 4753 col.
1266 4696 1446 4769 1942).

254 4787 452 4843 Omnia
493 4788 622 4844 mihi
665 4789 863 4843 tradita
903 4797 1056 4852 sunt,
1101 4787 1316 4858 inquit,
1362 4805 1395 4841 (ι
1439 4786 1601 4841 Patre
1642 4803 1781 4844 meo.

66 4896 71 4899 '
170 4883 440 4939 Fortasse
473 4880 718 4937 dicturus
747 4896 828 4936 es.
873 4879 1091 4936 Christo
1133 4888 1259 4935 sunt
1295 4878 1491 4934 tradita
1537 4878 1779 4947 nunquid

170 4974 353 5032 mihi?
376 4974 513 5029 Audi
536 4973 851 5045 Apostolqu
881 4973 1182 5028 dicentem:
1211 4971 1373 5038 Audi,
1404 4980 1467 5026 ut
1499 4971 1607 5027 dixi
1630 4970 1775 5041 jam-

169 5068 418 5134 dudum,
451 5081 518 5122 ne
559 5065 936 5138 desperatione
984 5063 1273 5136 frangaris.
1319 5063 1458 5118 Audi
1507 5063 1775 5133 quomodo

167 5172 397 5220 amatus
423 5176 482 5217 es
510 5175 617 5217 non
660 5159 944 5216 amandus.
988 5157 1129 5213 Audi
1156 5156 1423 5228 quomodo
1472 5163 1685 5210 amatus
1712 5170 1773 5211 es

169 5253 379 5325 turpis,
429 5251 625 5319 itedus,
675 5259 963 5320 antequam
1012 5259 1157 5307 esset
1205 5248 1259 5303 in
1321 5254 1372 5302 te
1418 5245 1564 5316 quod
1600 5245 1771 5300 amari

166 5350 404 5420 dignum
454 5354 617 5404 esset.
675 5346 900 5402 Amatus
950 5360 1009 5401 es
1057 5343 1209 5414 prius
1259 5351 1319 5397 ut
1359 5341 1554 5413 dignus
1612 5339 1771 5395 lieres

169 5440 274 5511 qui
326 5438 605 5495 amareris.
659 5437 871 5494 Etenim
917 5435 1156 5491 Christus
1212 5433 1376 5505 (sicut
1425 5434 1503 5487 ait
1540 5436 1773 5502 Aposto-

169 5533 286 5605 lus)
319 5550 413 5604 pro
440 5533 613 5603 impiis
650 5542 884 5587 mortuus
921 5541 1017 5586 est.
1046 5531 1129 5585 An
1175 5528 1316 5585 forte
1352 5528 1549 5598 impius
1585 5541 1764 5583 mere-

169 5628 345 5683 batur
370 5624 579 5680 amari?
604 5623 798 5691 Qumro
832 5623 962 5693 quid
990 5622 1301 5677 merebatur
1344 5620 1577 5691 impius?
1607 5621 1761 5676 dam-

170 5717 300 5775 nari
336 5716 644 5787 respondes.
684 5716 933 5781 Christus
967 5723 1147 5770 tamen
1175 5729 1272 5785 pro
1294 5712 1488 5783 impiis
1515 5723 1763 5769 mortuus

168 5822 279 5869 est.
312 5810 447 5866 Ecce
471 5811 598 5881 quid
623 5811 712 5866 tibi
743 5811 1041 5881 praestitum
1065 5818 1149 5866 est
1173 5808 1356 5885 impio.
1384 5806 1501 5863 Jam
1524 5810 1614 5878 pio
1635 5807 1763 5879 quid

170 5903 463 5962 SCI‘\’;tltlI'?
510 5902 646 5970 Quid
696 5904 1103 5973 praestituntest
1146 5900 1345 5972 impio?
1374 5899 1633 5975 Christus.
1663 5913 1764 5972 pro

1887 3390 2041 3443 travit
2064 3389 2119 3444 in
2146 3390 2283 3445 hunc
2320 3390 2597 3456 mundum,
2627 3401 2676 3445 et
2703 3407 2795 3462 per
2830 3402 3101 3462 peccatum
3127 3409 3294 3460 mors,
3319 3401 3369 3449 et
3403 3393 3480 3447 ita

1887 3480 1941 3533 in
1979 3496 2156 3536 omnes
2195 3481 2429 3536 homines
2467 3483 2788 3542 pertransiit.
2821 3483 3017 3538 Prima:
3058 3485 3479 3556 trangrcssionis

1886 3582 2168 3645 peceatum
2192 3589 2300 3631 non
2330 3576 2735 3647 propagatione,
2764 3585 2896 3641 etc.,
2946 3593 3109 3647 usque
3138 3578 3207 3631 ad
3249 3578 3345 3636 sed
3370 3593 3480 3634 una

1887 3678 2035 3719 caro.
2079 3663 2206 3734 (ld.,
2235 3663 2327 3719 lib.
2378 3681 2396 3719 1
2429 3664 2495 3720 de
2522 3663 2793 3737 Baptismo
2831 3665 3194 3735 parvulorum,
3226 3676 3359 3724 tom.
3401 3667 3474 3735 Χ,

1887 3772 1940 3826 p.
1969 3772 2008 3822 1,
2036 3755 2141 3811 col.
2172 3756 2277 3810 114
2306 3764 2363 3811 et
2392 3756 2534 3827 seq.)

1961 3845 2068 3903 Sed
2093 3845 2255 3902 homo
2285 3845 2450 3902 habet
2481 3855 2537 3902 ct
2564 3861 2782 3918 ptenam
2812 3848 3112 3919 propriam.
3154 3857 3287 3917 etc.,
3318 3866 3478 3906 usoue

1887 3938 1957 3991 ad
1986 3952 2158 4008 genus
2197 3938 2517 3995 humanum.
2558 3938 2681 4011 (ld.,
2718 3938 3026 4010 Enchirid.,
3073 3949 3200 3998 tom.
3235 3942 3339 4010 VI,
3368 3942 3474 4001 col.

1885 4028 1993 4084 244
2018 4038 2074 4085 et
2098 4031 2241 4102 seq.)

1959 4120 2163 4177 Praeter
2198 4123 2302 4179 hoc
2328 4122 2638 4190 vinculum,
2675 4133 2807 4188 etc.,
2836 4140 3001 4196 usque
3042 4125 3110 4179 ad
3150 4124 3324 4181 Adam
3366 4141 3476 4183 non

1887 4220 1970 4269 est
2005 4221 2185 4271 natus.
2216 4213 2315 4285 (ld.
2342 4214 2395 4269 in
2423 4212 2560 4285 psal.
2597 4231 2650 4283 1.,
2680 4222 2810 4270 tom.
2840 4214 2933 4283 IV,
2962 4230 3016 4287 p.
3049 4229 3098 4283 1,
3136 4214 3243 4272 col.
3286 4216 3387 4274 591
3421 4224 3478 4271 et

1886 4311 2028 4381 seq.)

1957 4401 2144 4457 Videte
2188 4416 2338 4473 ergo,
2386 4401 2611 4466 fratres,
2656 4412 2787 4467 etc.,
2831 4418 2993 4474 usque
3035 4401 3104 4456 ad
3146 4409 3198 4457 le
3242 4400 3468 4458 invenit.

1882 4491 2005 4566 (ld.,
2038 4492 2212 4549 Serm.
2242 4510 2297 4549 tv
2322 4495 2388 4549 de
2413 4495 2549 4550 verb.
2578 4493 2860 4565 Apostoli.)

1948 4585 2083 4641 Illud
2120 4587 2264 4643 enim
2298 4588 2389 4645 ubi
2424 4589 2506 4644 vel
2538 4589 2774 4644 maxime
2807 4587 2941 4644 ﬁdes
2984 4586 3295 4643 Christiana
3341 4601 3471 4644 con-

1807 4665 1860 4726 D
1885 4678 2048 4744 sistit,
2073 4689 2204 4744 etc.,
2232 4690 2393 4752 uSqne
2418 4680 2488 4735 ad
2517 4694 2687 4750 genus
2713 4680 3031 4734 humanum.
3063 4677 3188 4748 (ld.,
3218 4682 3370 4749 epist.
3399 4679 3469 4733 ad

1884 4766 2061 4839 Optat.
2087 4771 2405 4842 episcopum,
2433 4780 2564 4826 tom.
2586 4769 2650 4836 ll,
2683 4770 2785 4826 col.
2813 4769 2919 4825 858
2940 4778 2995 4823 et
3020 4768 3165 4839 seq.)

1952 4859 2042 4915 Ille
2085 4877 2225 4916 unus
2254 4877 2420 4917 unum
2446 4869 2751 4932 peccatum,
2780 4868 2910 4927 etc.,
2940 4875 3101 4930 usque
3129 4859 3198 4914 ad
3237 4874 3269 4913 a
3315 4861 3467 4918 dam-

1879 4953 2099 5010 natione
2161 4954 2400 5013 liberari.
2458 4953 2613 5027 (ld.,
2664 4952 2977 5021 Enchirid.,
3023 4960 3155 5010 tom.
3205 4952 3314 5022 Vl,
3358 4953 3465 5013 col.

1876 5043 2030 5116 256.)

1951 5136 2094 5194 Nam
2105 5140 2373 5211 judicium
2398 5156 2462 5195 ea:
2487 5155 2591 5194 uno
2613 5140 2669 5194 in
2693 5139 3201 5205 condemnationem,
3222 5144 3329 5194 etc.
3356 5134 3464 5193 Sed

1875 5244 1994 5295 cur,
2022 5230 2221 5301 inquis,
2254 5230 2428 5301 gratia
2457 5228 2553 5285 Dei
2578 5242 2687 5283 non
2713 5227 3028 5295 secundum,
3052 5235 3181 5295 etc.,
3206 5243 3369 5299 usque
3392 5227 3463 5280 ad

1876 5324 2017 5394 apud
2043 5324 2213 5380 Deum
2243 5324 2535 5379 invenitur.
2583 5318 2708 5395 (ld.,
2735 5321 2828 5377 lib.
2864 5322 2928 5377 de
2953 5322 3091 5377 dono
3127 5335 3464 5393 perseveran-

1874 5416 1985 5483 tiae,
2012 5423 2143 5471 tom.
2168 5413 2237 5481 Χ,
2268 5430 2323 5486 ρ.
2349 5430 2412 5482 ιι,
2440 5414 2544 5470 col.
2576 5412 2761 5486 1002.)

1944 5528 2119 5600 Igitur
2147 5529 2280 5583 sicut
2310 5544 2404 5598 per
2433 5528 2587 5584 unius
2634 5527 2906 5593 delictum,
2936 5538 3062 5594 etc.,
3095 5541 3269 5596 usque
3312 5524 3381 5582 ad
3405 5521 3463 5580 in

1864 5619 2300 5691 justi/icationem
2361 5621 2498 5675 vim.
2546 5618 3010 5689 Quemadmodum
3064 5618 3208 5675 enim
3270 5631 3461 5674 omnes

1871 5712 2123 5776 omnino,
2176 5721 2310 5779 etc.,
2355 5730 2516 5784 usque
2551 5713 2621 5768 ad
2673 5727 2835 5768 nemo
2860 5700 3061 5769 ’discit.
3100 5709 3231 5780 (ld.,
3260 5708 3351 5763 lib.
3392 5709 3458 5764 de

1869 5800 2140 5874 Baptismo
2197 5806 2568 5877 parvulorum,
2602 5814 2749 5883 _tom.
2794 5804 2876 5875 Χ,
2911 5819 2965 5875 p.
3004 5819 3055 5872 ι,
3097 5802 3203 5859 col.
3255 5799 3360 5858 140
3401 5805 3459 5857 et

1870 5898 2005 5974 seq.)
