3970 6306
571 343 668 403 291

1784 337 1993 396 Ειοιιι
2034 337 2311 396 DIACONI
2351 336 2665 409 MONACHI
3720 345 3788 405 ιω

644 454 800 512 Sicut
843 454 1046 511 dictum
1096 460 1212 518 est,
1257 451 1402 508 sicut
1443 465 1541 521 per
1586 450 1749 507 unius
1807 451 2065 507 delictum
2111 452 2165 507 in
2194 457 2245 518 Α
2270 451 2340 505 ad
2379 449 2741 506 Christianus.
2782 449 2904 520 (Id.,
2929 451 2985 505 in
3030 449 3175 520 psal.
3205 465 3402 517 cxxvi,
3438 459 3563 507 tom.
3584 453 3724 525 IV,p.
3751 476 3787 525 ιι,

572 562 762 604 omnes
803 545 1049 602 homines
1074 545 1129 601 in
1160 534 1683 615 condemnationem,
1716 550 1776 599 ut
1820 542 2000 599 nullus
2028 558 2166 616 prte-

571 639 992 704 termitteretur,
1017 638 1094 693 sic
1117 646 1166 692 et
1195 636 1246 691 in
1270 651 1335 692 eo
1358 636 1502 708 quod
1525 636 1726 691 dictum
1749 644 1852 704 est,
1877 651 1976 708 per
2002 635 2163 691 unius

569 720 841 811 justitiam
879 731 935 787 in
967 742 1156 786 omnes
1184 726 1429 786 homines
1460 729 1516 785 in
1539 727 1984 799 iustiﬁcationem
2019 730 2161 797 vitm,

571 821 751 878 nullus
790 822 1187 893 praetermissus
1230 831 1333 876 est.
1378 820 1496 876 Non
1542 822 1671 892 quia
1712 837 1903 878 omnes
1950 822 2002 877 in
2038 838 2163 879 eum

576 916 802 972 credunt
831 926 886 971 et
918 915 1185 985 baptismo
1228 913 1347 985 ejus
1376 914 1691 982 abluuntur,
1719 915 1814 970 sed
1844 914 1972 986 quia
2005 930 2165 971 nemo

568 1006 896 1079 )ustiﬁcatur
945 1008 1051 1064 nisi
1099 1009 1157 1065 iu
1208 1024 1335 1065 eum
1383 1009 1572 1065 credat
1617 1018 1674 1066 et
1726 1011 1996 1082 baptismo
2047 1008 2163 1078 ejus

571 1103 839 1159 abluatur.
886 1102 1070 1174 Itaque
1103 1118 1294 1158 omnes
1321 1101 1527 1159 dictum
1556 1110 1658 1170 est,
1687 1118 1757 1158 ne
1792 1103 1974 1174 aliquo
2003 1102 2162 1159 modo

569 1194 676 1250 alio
709 1203 904 1265 praeter
943 1195 1120 1267 ipsum
1164 1194 1398 1266 quisque
1440 1195 1623 1251 salvus
1668 1194 1787 1251 ﬁeri
1830 1211 1989 1267 posse
2038 1211 2159 1253 cre-

568 1284 746 1341 datur.

639 1379 753 1451 Ego
785 1379 906 1435 dico
944 1380 1230 1451 parvulum
1274 1388 1459 1435 natum
1505 1380 1559 1436 in
1602 1396 1668 1436 eo
1706 1379 1823 1436 loco
1863 1378 1982 1447 ubi,
2029 1389 2157 1447 etc.,

569 1490 733 1545 usque
760 1473 830 1527 ad
852 1473 1150 1528 secundum
1184 1474 1349 1529 verba
1388 1489 1502 1530 sua.
1539 1475 1664 1546 (Id.,
1690 1490 1754 1529 ex
1790 1473 1921 1529 libro
1946 1475 2011 1530 de
2040 1474 2159 1529 Να-

564 1574 683 1621 tura
710 1574 758 1621 et
787 1566 979 1637 gratia,
1008 1574 1138 1621 tom.
1167 1562 1238 1634 Χ,
1263 1582 1317 1637 p.
1346 1583 1383 1633 1,
1408 1567 1513 1622 col.
1537 1566 1636 1622 251
1668 1575 1722 1623 et
1747 1566 1887 1638 seq.)

637 1675 787 1732 Sicut
826 1677 967 1731 enim
1008 1692 1100 1746 per
1140 1677 1544 1734 inobedientiam
1580 1681 1736 1735 unius
1775 1681 2000 1735 hominis
2040 1697 2160 1751 pec—

565 1779 766 1825 catores
809 1771 1078 1826 constituti
1105 1781 1227 1827 sunt
1265 1772 1441 1841 multi,
1477 1775 1553 1828 ita
1585 1791 1677 1844 per
1711 1775 1868 1830 unius
1908 1774 2158 1829 obeditio-

2268 540 2374 596 col.
2405 541 2589 610 I675.)
3038 590 3043 595 ,
3802 600 3811 612 ,

2342 634 2496 702 Quod
2521 644 2695 689 autem
2725 643 2961 689 mortuus
2987 645 3059 689 est
3090 645 3342 705 peccato,
3374 644 3505 701 etc.,
3531 652 3677 709 usque
3697 641 3743 695 ad
3758 646 3789 697 is

2269 723 2479 780 Christo
2505 724 2654 781 Jesu.
2682 722 2972 780 Peccatum
2998 725 3047 780 ei
3078 741 3194 781 non
3228 724 3434 792 inerat,
3461 734 3583 794 etc.,
3610 736 3789 801 usquead

2266 820 2411 890 quod
2451 819 2723 876 nascendo
2760 826 3059 876 traxerunt.
3097 817 3236 894 (Id.,
3268 818 3574 892 Enchirid.,
3613 833 3715 881 tom.
3736 825 3790 893 Vl,

2266 912 2372 970 col.
2396 912 2553 986 255.)

2340 1008 2464 1065 Non
2491 1025 2610 1080 ergo
2636 1018 2809 1081 regnet
2839 1020 3132 1081 peccatum,
3164 1019 3300 1078 etc.,
3340 1025 3511 1081 usque
3539 1013 3601 1067 ad
3626 1023 3664 1067 et
3690 1030 3792 1069 mem-

2267 1099 2358 1155 bra
2400 1109 2569 1156 vestra
2590 1117 2740 1156 arma
2761 1101 2990 1173 justitire
3018 1100 3155 1156 Deo.
3209 1100 3271 1157 Si
3309 1117 3420 1157 non
3451 1113 3596 1174 potes
3621 1120 3707 1159 non
3732 1105 3791 1158 ba-

2268 1191 2399 1248 bere
2416 1192 2700 1260 malitiam,
2727 1202 2857 1259 etc.,
2882 1210 3046 1265 usque
3068 1195 3138 1248 ad
3157 1194 3280 1266 jam
3307 1210 3417 1251 non
3443 1194 3693 1267 pugnabis.
3713 1195 3790 1267 (Id.,

2263 1283 2321 1338 in
2345 1283 2481 1354 psal.
2506 1300 2672 1350 xxxv,
2703 1292 2835 1340 tom.
2864 1282 2951 1351 IV,
2982 1300 3037 1356 p.
3071 1301 3111 1352 1,
3141 1285 3256 1341 col.
3284 1283 3445 1357 345.)

2333 1379 2453 1435 Non
2498 1394 2629 1452 ergo
2680 1387 2869 1451 regnet
2908 1389 3236 1452 peccatum,
3270 1389 3409 1445 etc.,
3458 1397 3608 1451 usque
3641 1380 3696 1434 ad
3725 1381 3791 1437 nisi

2262 1470 2426 1528 Deus.
2452 1472 2575 1544 (Id.,
2600 1473 2655 1527 in
2682 1471 2818 1544 psal.
2843 1490 2894 1541 1.,
2926 1484 3035 1528 tom
3082 1471 3175 1541 IV,
3210 1490 3266 1546 p.
3295 1489 3337 1540 1,
3369 1472 3474 1529 col.
3503 1472 3641 1544 587.)

2332 1566 2450 1622 Non
2480 1566 2619 1622 dixit
2662 1564 2977 1639 Apostolus,
3007 1583 3115 1624 non
3156 1569 3234 1624 sit
3274 1576 3583 1640 peccatum,
3616 1577 3791 1632 etc.,ss-

2259 1676 2359 1731 que
2390 1659 2459 1714 ad
2502 1658 2554 1714 in
2586 1668 2637 1715 te
2683 1668 2874 1732 regnat
2922 1668 3236 1730 peccatum.
3292 1660 3396 1732 (Id.
3442 1661 3496 1714 in
3534 1658 3786 1731 psaLLnt’,

2262 1757 2395 1807 tom.
2428 1749 2517 1816 IV,
2549 1767 2605 1823 p.
2637 1766 2678 1819 1,
2709 1750 2814 1807 col.
2842 1750 2991 1823 960.)

566 1877 683 1917 nem
703 1862 841 1934 justi
869 1864 1253 1919 constituentur
1295 1834 1471 1920 multi.
1499 1834 1816 1924 Obladientia
1845 1877 1931 1925 est
1958 1869 2015 1924 in
2042 1883 2159 1925 om-
2187 1834 2237 1896 Β
2335 1866 2476 1936 Quid
2509 1876 2613 1935 est,
2644 1882 2711 1923 ne
2740 1868 3068 1932 dominetur,
3098 1876 3240 1934 etc.,
3276 1884 3445 1940 usque
3482 1869 3551 1923 ad
3578 1883 3669 1924 non
3701 1867 3788 1921 mihi

563 1958 741 2021 nibus,
780 1965 910 2023 etc.,
956 1974 1119 2029 usque
1167 1959 1235 2013 ad
1284 1960 1679 2016 constituentur
1720 1961 1898 2015 multi.
1945 1960 2055 2033 (Id.
2104 1961 2159 2019 in

564 2048 699 2121 psal.
726 2064 876 2115 uxr,
907 2058 1038 2105 tom.
1061 2048 1151 2117 IV,
1185 2066 1238 2122 p.
1269 2067 1311 2117 1,
1341 2051 1445 2109 col.
1472 2050 1577 2119 904
1605 2055 1660 2107 et
1685 2051 1830 2123 seq.)

632 2162 942 2234 Apostolus,
967 2172 1098 2231 etc.,
1131 2181 1293 2238 usque
1319 2166 1387 2221 ad
1426 2167 1659 2223 secerni.
1704 2166 1829 2239 (Id.,
1864 2167 1929 2222 de
1971 2163 2160 2223 Genesi

563 2258 634 2314 ad
661 2258 791 2330 litt.)
1345 2264 1351 2270 ‘

634 2350 749 2408 Hoc
794 2353 1054 2424 proderat
1098 2354 1370 2425 superbis,
1414 2362 1475 2408 ut
1525 2354 1829 2410 abundaret
1878 2354 2153 2421 delictum,

560 2452 696 2512 etc.,
725 2463 888 2520 usque
926 2448 996 2503 ad
1036 2463 1135 2521 per
1162 2435 1349 2506 Iesum
1381 2448 1659 2506 Christum
1694 2447 1838 2504 facta
1870 2458 1973 2505 est.
2019 2449 2154 2522 (Id.,

559 2548 627 2592 ea:
647 2546 877 2595 tractatu
904 2538 939 2595 5
965 2538 1169 2613 Evang.
1194 2542 1479 2597 secundum
1506 2540 1688 2606 Joan.,
1723 2551 1852 2597 tom.
1894 2539 1980 2606 III,
2011 2554 2065 2611 p.
2092 2556 2153 2608 11,

558 2627 663 2685 col.
690 2628 821 2685 1401
863 2639 920 2686 et
946 2630 1089 2704 seq.)
1296 2645 1301 2649 ’

629 2722 805 2779 Etiam
854 2725 1186 2795 temporibus
1236 2725 1636 2797 apostolorum,
1694 2734 1822 2790 etc.,
1879 2743 2038 2798 usque
2084 2729 2153 2781 ad

555 2820 745 2885 postea
774 2813 1234 2870 acceleraverunt.
1280 2815 1401 2887 (Id.,
1434 2815 1526 2870 lib.
1549 2817 1614 2870 de
1643 2814 1781 2870 Fide
1807 2825 1857 2871 et
1889 2817 2151 2885 operibus,

558 2913 689 2963 tom.
718 2904 807 2977 VI,
831 2905 937 2963 col.
965 2906 1118 2977 ΞΗ.)

628 2998 790 3069 Legis
840 2998 1021 3054 littera
1080 3014 1200 3068 quae
1258 2999 1445 3065 docet,
1483 3008 1627 3065 etc.,
1671 3015 1832 3071 usque
1878 3000 1947 3053 ad
1998 3000 2149 3056 vide-

556 3090 738 3148 bimus
773 3091 975 3145 lumen.
1009 3090 1134 3163 (Id.,
1156 3089 1248 3145 lib.
1287 3091 1353 3145 de
1386 3088 1589 3162 Spiritu
1615 3100 1663 3147 et
1692 3091 1890 3159 littera,
1918 3100 2050 3147 tom.
2084 3090 2151 3157 Χ,

556 3198 614 3255 p.
648 3199 688 3250 1,
720 3182 824 3238 col.
854 3181 1005 3253 205.)

630 3276 736 3334 Per
771 3277 991 3351 Moysen
1028 3283 1154 3334 data
1183 3286 1268 3335 est
1299 3276 1410 3345 lex,
1441 3285 1574 3343 etc.,
1604 3294 1762 3349 usque
1789 3278 1860 3333 ad
1887 3279 2148 3349 quaeritur

559 3369 820 3426 medicus.
846 3370 971 3443 (Id.,
1000 3369 1056 3425 in
1072 3369 1208 3441 psal.
1230 3384 1327 3437 cn,
1359 3378 1487 3426 tom.
1513 3368 1601 3437 IV,
1630 3384 1684 3441 p.
1715 3386 1773 3436 11,
1802 3370 1902 3426 col.
1932 3370 2068 3427 1529
2097 3380 2152 3427 et

626 3555 737 3611 Lex
784 3556 919 3612 .data
979 3565 1099 3623 est,
1135 3564 1272 3623 etc.,
1320 3573 1483 3629 usque
1541 3555 1611 3610 ad
1669 3557 1971 3612 sanandum
2028 3555 2147 3613 fuit.

557 3648 680 3723 (Id.,
718 3649 808 3705 lib.
854 3646 1244 3706 Sententiarum
1289 3647 1559 3722 Prospen‘,
1604 3658 1735 3706 tom.
1763 3649 1830 3719 Χ,
1864 3668 1917 3724 p.
1946 3667 2008 3719 11,
2044 3650 2146 3707 col.

556 3738 743 3814 1865.)
1458 3818 1463 3823 ἱ

625 3834 931 3906 Consepulti
963 3836 1100 3890 enim
1137 3851 1320 3891 sumus
1354 3851 1474 3890 cum
1502 3836 1595 3891 illo
1622 3853 1715 3908 per
1741 3837 2056 3908 baptismum
2092 3840 2147 3894 in

553 3937 796 3983 mortem.
829 3926 1118 3998 Ignoratis,
1168 3927 1364 3997 inquit,
1394 3928 1651 3998 quoniam
1698 3922 2006 4001 quicunque
2054 3931 2150 3987 ba-

553 4021 744 4092 ptizati
791 4034 999 4087 sumus,
1043 4028 1177 4087 etc.,
1209 4038 1371 4092 usque
1415 4023 1485 4075 ad
1525 4023 1580 4077 in
1629 4037 1795 4078 carne
1841 4026 2147 4079 vetus-tatis.

556 4108 680 4182 (Id.,
706 4108 776 4162 ad
802 4108 1058 4175 Januar.,
1092 4117 1221 4164 tom.
1246 4109 1311 4176 II,
1343 4112 1448 4167 col.
1474 4112 1578 4167 216
1604 4120 1656 4169 et
1682 4113 1821 4184 seq.)

626 4199 983 4255 Ambulamus
1022 4215 1152 4272 ergo
1192 4202 1245 4257 in
1269 4219 1327 4259 re
1356 4204 1573 4270 laboris,
1603 4206 1697 4261 sed
1726 4207 1778 4260 in
1810 4220 1905 4276 spe
1932 4209 2149 4277 quietis,

556 4294 613 4349 in
654 4307 819 4348 carne
838 4293 1165 4349 ‘vetustatis.
1197 4293 1376 4351 Semel
1431 4297 1739 4353 immolatus
1790 4308 1872 4354 est
1902 4297 2151 4358 Christus

558 4385 611 4441 in
639 4386 834 4458 seipso,
867 4394 996 4453 etc.,
1020 4405 1180 4461 usque
1209 4388 1279 4442 ad
1308 4388 1601 4446 salubriter
1634 4392 1883 4464 percipit.
1929 4395 2052 4467 (Id.,
2081 4400 2150 4453 ad

563 4475 741 4549 Bonif.
772 4480 957 4551 episc.,
985 4487 1117 4537 tom.
1147 4478 1210 4548 II,
1240 4497 1295 4553 p.
1324 4480 1428 4536 560
1456 4493 1512 4539 et
1539 4484 1680 4556 seq.)

2260 1958 2568 2016 dominetur
2613 1959 2789 2017 omnis
2832 1957 3109 2031 iniquitas.
3154 1959 3300 2031 (Id.,
3326 1976 3486 2015 serm.
3512 1958 3580 2014 50
3600 1959 3655 2013 de
3685 1956 3787 2011 Vm.

2258 2050 2461 2122 Apost,
2490 2058 2621 2106 tom.
2651 2046 2721 2115 V,
2752 2064 2807 2122 p.
2835 2066 2873 2118 ι,
2900 2049 3004 2106 col.
3034 2048 3135 2106 I90
3164 2060 3225 2107 et
3254 2050 3403 2121 seq.)

2332 2140 2614 2198 Peccatum
2641 2143 2778 2199 enim
2804 2142 2950 2198 vobis
2980 2159 3083 2199 non
3110 2143 3504 2210 dominabitur,
3532 2152 3649 2209 etc.,
3669 2155 3787 2211 usque

2259 2234 2328 2291 ad
2353 2235 2486 2291 serui
2515 2234 2645 2305 facti
2675 2235 2795 2290 estis
2809 2234 3055 2306 justitite.
3075 2234 3192 2292 Sub
3218 2236 3344 2308 lege
3368 2235 3513 2292 enim
3531 2234 3696 2308 positis
3714 2249 3783 2288 mn

2257 2328 2360 2384 sub
2403 2328 2580 2399 gratia
2628 2327 2997 2384 dominabitur
3044 2340 3375 2400 peccatum,
3421 2337 3548 2397 etc.,
3585 2343 3716 2399 usque
3742 2326 3785 2379 ei

2256 2420 2557 2477 excidistis.
2607 2420 2733 2491 (Id.,
2763 2419 2854 2475 lib.
2889 2422 2954 2476 de
2994 2420 3185 2477 Gratia
3213 2432 3277 2479 :et
3314 2422 3477 2477 libero
3512 2421 3667 2485 arbit.,
3694 2427 3779 2473 tom.

2256 2513 2327 2581 X,
2355 2530 2411 2585 p.
2438 2532 2480 2582 1,
2510 2515 2616 2571 col.
2645 2514 2801 2587 896.)

2327 2606 2639 2662 Humanum
2681 2608 2822 2675 dico,
2849 2614 2982 2676 etc.,
3024 2623 3200 2679 usque
3254 2610 3327 2665 ad
3371 2610 3428 2664 in
3482 2605 3780 2676 sanctiﬁcatio-

2257 2716 2394 2755 nem.
2423 2699 2715 2772 Apostolus
2743 2699 3021 2758 admonet.
3050 2700 3370 2759 Humanum
3388 2742 3403 2768 ,
3433 2688 3559 2767 etc.,
3590 2699 3779 2770 usquead

2256 2792 2349 2864 qui
2380 2792 2539 2849 datus
2564 2802 2649 2850 est
2675 2794 2852 2850 nobis.
2884 2793 3012 2867 (Id.,
3034 2797 3191 2867 epist.
3222 2796 3295 2852 ad
3328 2796 3667 2859 Anastasius,
3691 2802 3779 2847 tom.

2255 2882 2330 2948 II,
2359 2884 2465 2939 col.
2493 2883 2598 2941 594
2624 2891 2681 2941 et
2710 2884 2854 2957 seq.)

2327 2974 2636 3047 Praeponitc
2682 2975 3030 3032 delectationi
3069 2978 3279 3046 carnis,
3310 2986 3444 3045 etc.,
3475 2992 3621 3048 usque
3648 2974 3702 3029 ad
3728 2972 3781 3026 in

2256 3066 2485 3123 visibilis
2508 3066 2947 3138 pulchritudinis.
2967 3066 3094 3140 (Id.,
3122 3086 3289 3127 serm.
3311 3072 3379 3127 de
3396 3070 3569 3127 Verbis
3589 3063 3778 3137 Aopsteli.

2180 3203 2225 3266 Ο
2260 3169 2391 3217 tom.
2418 3159 2488 3229 V,
2515 3178 2572 3233 p.
2596 3179 2640 3230 1,
2662 3162 2764 3219 col.
2790 3162 2897 3221 870
2919 3172 2977 3220 et
3000 3163 3142 3237 seq.)

3876 3080 3881 3129 1

2325 3272 2460 3329 Cum
2499 3274 2637 3329 enim
2665 3276 2801 3331 serui
2838 3276 3020 3332 essetis
3046 3289 3276 3350 peccati,
3305 3276 3457 3334 liberi
3659 3271 3776 3343 ἰαί·
3874 3238 3881 3351 l

2253 3365 2362 3420 tite.
2393 3364 2601 3433 Qualis,
2629 3380 2836 3435 quaeso,
2865 3375 3046 3437 potest
3071 3368 3220 3423 servi
3252 3368 3481 3433 addicti,
3524 3375 3640 3428 etc.,
3666 3372 3777 3429 atth

2251 3404 2322 3512 ξιά
2379 3404 3772 3532 ιῗιένῖῖἓῖἷζῗἾἕῗὲῖἑὲίὶίὲῗ“ξ’”ιὲἔηῖ’“ἣίῗέοι.
3874 3404 3881 3575 ι

2250 3546 2375 3603 247.

2324 3549 2375 3603 7.

2322 3547 2423 3698 Es)t
2465 3643 2713 3713 quaedam
2745 3642 3024 3713 confusio,
3067 3653 3211 3713 etc.,
3258 3661 3428 3720 usque
3474 3642 3541 3699 ad
3581 3647 3773 3696 euersam

2250 3704 2502 3790 habebit:
2536 3734 2636 3794 (Id.
2665 3736 2721 3791 in
2746 3735 2887 3806 psal.
2932 3704 3220 3806 ιιὲμοωζ
3259 3704 3354 3807 ιν,
3384 3753 3439 3810 p.
3462 3752 3500 3803 ι,
3529 3732 3620 3791 col.
3640 3727 3776 3785 esset
3876 3704 3881 3799 l

2253 3836 2370 3878 seu.

2283 3823 2600 3988 magna.)
2626 3920 2765 3974 enim
2808 3923 3005 3993 peccati
3050 3939 3211 3978 mors.
3256 3889 3453 3981 Merito
3477 3914 3774 4021 stipendium:
3876 3896 3881 4021 4

2252 4013 2378 4083 quia
2411 4012 2633 4081 militiae,
2662 4024 2793 4082 etc.,
2823 4033 2986 4089 usque
3028 4018 3096 4073 ad
3144 4034 3349 4074 corona
3397 4015 3634 4072 redditur.
3674 4005 3771 4079 (Ῐδοι

2251 4106 2344 4162 lib.
2387 4108 2452 4162 de
2497 4106 2685 4164 Gratia
2729 4118 2778 4165 et
2822 4084 2986 4165 libero
3032 4112 3215 4175 arbit.,
3268 4120 3403 4169 tom.
3435 4108 3511 4176 Χ,
3549 4122 3597 4178 p.
3637 4094 3771 4167 1,00l-
3876 4084 3884 4257 l

2252 4199 2403 4257 893.)

2289 4199 2377 4256 93.

2252 4200 2377 4257 893.
3878 4200 3884 4257 ι

2323 4200 2428 4351 Ul)1i
2471 4305 2651 4352 autem
2704 4298 3028 4365 invenimus,
3076 4306 3207 4364 etc.,
3257 4315 3420 4373 usque
3456 4296 3523 4351 ad
3567 4292 3667 4348 sine
3701 4283 3771 4338 ﬁne
3878 4286 3884 4481 ‘

2252 4388 2514 4445 vivemus.
2567 4388 2690 4459 (Id.,
2719 4387 2892 4462 Epist.
2920 4391 2989 4445 ad
3030 4390 3245 4447 Sixtum
3293 4390 3651 4464 presbyterum,
3676 4388 3768 4432 ιθιη-

2252 4388 2514 4445 vivemus.
2567 4388 2690 4459 (Id.,
2719 4387 2892 4462 Epist.
2920 4391 2989 4445 ad
3030 4390 3245 4447 Sixtum
3293 4390 3651 4464 presbyterum,
3676 4388 3768 4432 ιθιη-

2251 4477 2316 4545 II,
2345 4479 2450 4535 col.
2482 4479 2636 4551 881.)

630 4588 861 4647 Scientes
892 4594 1016 4664 quia
1059 4604 1199 4649 vetus
1249 4601 1401 4654 homo
1443 4607 1620 4653 noster
1664 4598 1823 4655 simul
1868 4605 2151 4676 cruciﬁxus
2177 4575 2231 4637 Β
2290 4570 2458 4675 lle")
2482 4572 3005 4676 ,lecIioni?,ejl.'.Sdem
3039 4576 3220 4632 breVis
3253 4585 3310 4632 et
3343 4573 3633 4670 continua.”
3649 4570 3769 4676 Ὗ.)κῖ

555 4692 651 4737 est.
679 4680 979 4741 Mortalitas
1008 4686 1151 4743 unde
1181 4686 1275 4753 sit,
1305 4699 1491 4744 notum
1525 4698 1628 4756 est,
1659 4702 1789 4760 etc.,
1814 4711 1977 4768 usque
2002 4697 2071 4752 ad
2097 4697 2151 4753 in

556 4788 719 4829 cruce
759 4775 1088 4848 triumphata
1133 4788 1280 4833 sunt.
1314 4778 1439 4852 (Id.,
1466 4779 1523 4835 in
1549 4784 1869 4855 expositione
1896 4785 2151 4859 Episton

557 4866 626 4921 ad
656 4864 855 4936 Galat.,
886 4877 1017 4926 tom.
1046 4869 1132 4937 III,
1165 4888 1215 4942 p.
1248 4887 1306 4938 11,
1337 4872 1441 4930 col.
1475 4874 1613 4929 21:20
1641 4885 1693 4932 et
1721 4877 1861 4949 seq.)

631 4954 698 5011 Ut
720 4958 1022 5015 destruatur
1042 4977 1230 5033 corpus
1250 4966 1468 5035 peccati,
1484 4974 1613 5029 etc.,
1634 4983 1803 5038 usque
1828 4970 1893 5024 ad
1923 4971 2145 5026 vivemus

558 5066 679 5106 cum
730 5047 958 5104 Christo.
1001 5050 1186 5108 Gratia
1220 5056 1314 5110 Dei
1349 5072 1446 5127 per
1509 5058 1837 5129 baptismum
1890 5061 2007 5131 ejus
2054 5064 2144 5132 qui

557 5142 728 5209 venit,
754 5153 885 5210 etc.,
916 5160 1075 5215 usque
1097 5146 1166 5200 ad
1187 5148 1436 5204 servituti
1465 5150 1801 5221 subjicimus.
1822 5151 1945 5225 (Id.,
1968 5152 2058 5206 lib.
2083 5154 2147 5209 de

557 5231 829 5304 Baptismo
856 5235 1216 5316 parvulorum,
1247 5248 1379 5296 tom.
1405 5240 1473 5309 X,
1506 5259 1560 5313 p.
1588 5260 1628 5308 1,
1659 5243 1762 5299 col.
1793 5245 1895 5300 l50
1924 5254 1979 5300 et
2003 5247 2144 5317 seq.)

630 5323 865 5381 Scientes
909 5328 1046 5398 quod
1091 5326 1332 5387 Christus
1376 5349 1650 5404 resurgens
1692 5351 1723 5388 a
1770 5339 1993 5393 mortuis
2024 5339 2144 5409 jam

557 5436 664 5476 non
705 5421 951 5489 moritur,
992 5439 1131 5477 mors
1158 5424 1238 5479 illi
1281 5425 1422 5479 ultra
1466 5443 1571 5481 non
1615 5428 1991 5483 dominabitur.
2023 5431 2140 5487 Non

558 5504 752 5568 Laza'ri
783 5515 1126 5581 resurrectio,
1157 5528 1288 5584 etc.,
1320 5534 1480 5589 usque
1506 5517 1574 5572 ad
1608 5519 1663 5574 in
1693 5530 1979 5577 aeternum.
2017 5522 2142 5595 (Id.,

558 5606 651 5663 lib.
679 5618 861 5666 contra
892 5626 944 5666 v1
986 5614 1297 5683 quaestiones
1321 5610 1662 5685 Paganorum
1683 5656 1697 5683 ,
1744 5625 1875 5675 tom.
1922 5617 1965 5673 II
1985 5659 2000 5684 ,
2033 5619 2138 5674 col.

557 5702 709 5778 571.)

632 5795 779 5854 Unus
830 5801 1126 5857 resurrexit
1158 5801 1269 5873 jam
1319 5820 1424 5860 non
1463 5805 1775 5868 moriturus,
1812 5816 1941 5872 etc.,
1982 5823 2143 5876 usque

2326 4612 2458 4627 ην...
2490 4612 2738 4629 “sum...
2765 4612 3005 4644 υδυυυι...
3040 4612 3220 4632 meus
3253 4612 3310 4632 σι
3343 4612 3633 4631 “manu-.-

2257 4663 2405 4730 sitio,
2448 4664 2517 4719 ab
2562 4678 2628 4719 eo
2673 4663 2763 4719 ubi
2813 4664 3016 4720 dictum
3065 4675 3150 4722 est
3181 4683 3196 4720 :
3232 4668 3519 4737 Propterea
3545 4659 3662 4715 sicut
3702 4656 3770 4717 l’er
3878 4612 3884 4699 ί

2256 4772 2422 4812 unum
2455 4756 2726 4813 hominem
2772 4768 3057 4829 peccatum
3095 4761 3149 4815 in
3194 4761 3338 4817 hunc
3370 4756 3607 4814 mundum
3647 4747 3767 4837 intra

2251 4849 2350 4915 vit,
2405 4866 2568 4921 usque
2612 4849 2680 4903 ad
2747 4824 2933 4905 Cratia
2976 4859 3155 4907 autem
3201 4853 3297 4908 Dei
3342 4851 3450 4905 vita
3502 4851 3693 4901 aeterna.
3728 4828 3765 4881 ίη
3876 4824 3881 4923 ᾖ

2252 4939 2474 4994 Christo
2501 4938 2628 4995 Jesu
2660 4939 2890 4996 Domino
2919 4951 3123 4996 nostro.

2327 5053 2479 5109 Sicut
2506 5057 2574 5111 ab
2604 5056 2693 5111 illo
2725 5072 2832 5111 uno
2864 5057 3103 5125 homine,
3147 5067 3277 5125 etc.,
3322 5072 3479 5129 usque
3515 5050 3577 5105 ad
3603 5044 3764 5129 ille

2252 5146 2475 5200 neratis.
2515 5145 2633 5216 (Id.,
2670 5145 2751 5200 lix
2781 5148 2932 5218 epist.
2972 5149 3040 5203 ad
3070 5124 3309 5206 consulta
3348 5124 3551 5207 Hilarii,
3586 5146 3690 5191 toni.
3714 5124 3759 5185 ll,

2250 5234 2355 5290 col.
2382 5235 2485 5289 685
2510 5244 2564 5290 et
2595 5236 2736 5308 seq.)

2321 5331 2668 5402 Disputamus
2709 5335 2852 5388 enim
2906 5350 3012 5390 non
3057 5336 3124 5392 de
3168 5347 3482 5407 quocunque
3517 5325 3757 5407 peccatort‘.
3874 5344 3877 5363 ι

2252 5434 2380 5492 etc.,
2414 5443 2574 5497 usque
2600 5426 2669 5479 ad
2699 5427 2751 5481 in
2794 5430 3072 5484 mundum.
3124 5403 3245 5503 (Id.,
3276 5430 3363 5485 lib.
3399 5403 3441 5485 ιι
3480 5427 3637 5478 contra
3657 5403 3759 5465 Ιαλιν
3874 5420 3877 5431 ¹

2256 5522 2388 5570 tom.
2416 5514 2484 5580 Χ,
2518 5531 2568 5585 ρ.
2595 5530 2658 5585 ιι,
2686 5517 2789 5573 col.
2816 5519 3000 5592 1165.)
3872 5516 3877 5595 i

2325 5624 2574 5698 Nunquid
2621 5630 2764 5684 enim
2810 5630 2975 5686 Evam
3014 5650 3119 5689 non
3164 5635 3610 5699 imitantur,etc..
3638 5620 3757 5699 ml"
3872 5666 3875 5699 )

2254 5718 2322 5773 ad
2354 5692 2510 5773 natus
2535 5736 2600 5774 ex
2630 5720 2846 5777 femina.
2884 5722 3010 5795 (Id.,
3039 5726 3129 5781 lib.
3159 5744 3195 5784 11
3222 5739 3396 5785 contra
3426 5692 3549 5784 ἀίει,
3576 5723 3680 5770 tom-
3707 5698 3752 5762 Χ»
3870 5692 3875 5821 [

2252 5823 2305 5879 p.
2341 5824 2401 5875 11,
2427 5809 2527 5865 col.
2560 5811 2712 5867 “66.

3868 5952 3873 6043 ι
