3970 6306
121 298 247 356 295

1036 296 1404 356 EXPOSITIO
1441 296 1508 354 IN
1549 297 1701 355 EPP.
1744 296 1979 353 PAULI.
2022 328 2090 338 ——
2128 295 2237 353 EP.
2274 295 2369 352 AD
2408 292 2577 351 ROM.

3329 292 3439 350 29b

205 412 270 468 In
306 426 376 468 eo
418 410 636 484 quidem
672 411 813 478 loco,
840 422 971 479 etc.,
1004 430 1165 484 usque
1202 414 1271 469 ad
1316 414 1551 471 transire
1600 430 1729 485 sup-
1756 416 1808 478 Δ
1836 409 1990 467 tollat
2034 416 2315 481 peccatum
2364 407 2451 463 lex
2503 402 2710 478 gratiae.
2764 401 2904 474 (ld.,
2940 418 3099 459 εει-ιιι.
3143 402 3209 459 de
3258 402 3438 460 Verbis

130 503 392 575 plieium.
424 503 547 576 (ld.,
578 503 733 571 ibid.,
764 512 893 560 tom.
927 500 994 571 Χ,
1023 521 1078 575 p.
1115 522 1172 570 ιι,
1203 505 1305 563 col.
1335 506 1518 579 N69.)

210 614 363 684 Quid
392 624 577 673 autem
623 616 1035 671 aliud’iudicant
1062 617 1228 673 etiam
1256 618 1539 689 sequentia
1574 618 1737 674 verba

137 710 485 783 apostolica?
507 721 640 771 etc.,
661 727 823 781 usque
850 712 919 765 ad
946 711 1065 769 sine
1088 712 1195 768 ﬁne
1218 713 1412 769 victuri
1442 722 1585 769 sunt.
1612 712 1739 785 (ld.,

134 804 304 869 ibid.,
340 813 470 859 tom.
501 802 568 870 Χ,
600 819 657 873 p.
681 820 743 869 ιι,
769 803 873 860 col.
903 804 1088 875 ΙΙἹΙ.)

217 895 378 964 Quod
424 911 555 952 vero
594 896 673 952 ait
718 896 876 967 paulo
919 896 1188 967 superius.
1240 895 1421 969 Usque
1470 898 1538 952 ad
1569 897 1742 968 legem

142 1001 437 1063 peccatum
462 990 519 1047 in
548 992 750 1048 mundo
778 990 899 1057 fuit,
932 1002 1062 1059 etc.,
1088 1007 1251 1064 usque
1273 991 1342 1046 ad
1375 990 1492 1047 ﬁeri
1521 989 1742 1046 omnino

138 1100 263 1143 non
290 1083 524 1155 possint.
561 1082 700 1157 (ld.,
744 1084 894 1151 ibid.,
924 1092 1057 1140 tom.
1107 1084 1187 1151 Χ,
1215 1099 1271 1155 p.
1300 1100 1379 1151 ιι,
1416 1083 1521 1139 col.
1557 1080 1742 1152 H76.)

224 1196 429 1254 Verum
471 1205 558 1254 est
604 1207 785 1254 autem
838 1197 981 1268 quod
1032 1196 1324 1268 Apostolus
1379 1199 1488 1264 ait,
1547 1195 1741 1253 falsum

152 1302 310 1359 ergo,
336 1296 468 1355 etc.,
498 1304 660 1360 usque
704 1288 773 1343 ad
812 1297 994 1344 vestra
1036 1288 1273 1346 falsitate
1322 1287 1742 1346 convincamini.

155 1379 286 1452 (ld.,
312 1381 467 1448 ibid.,
500 1388 630 1437 tom.
657 1379 725 1447 Χ,
757 1396 811 1451 p.
840 1396 901 1447 ιι,
930 1381 1033 1439 col.
1062 1382 1201 1438 1203
1226 1394 1279 1438 et
1308 1382 1451 1455 seq.)

232 1473 302 1528 Et
345 1490 451 1529 non
476 1474 631 1541 sicut,
663 1484 792 1541 etc.,
820 1489 993 1546 usque
1024 1476 1093 1530 ad
1126 1476 1630 1531 condemnationem.
1666 1474 1745 1530 Ex

155 1578 271 1619 uno
296 1578 445 1635 ergo,
472 1573 603 1629 etc.,
626 1581 792 1635 usque
819 1565 889 1619 ad
917 1566 1021 1621 nisi
1053 1566 1188 1636 ipse.
1226 1565 1349 1638 (ld.,
1380 1568 1449 1621 ad
1475 1565 1745 1636 Boni/'ac.,

165 1661 299 1709 tom.
349 1652 416 1721 ll,
443 1662 498 1710 et
527 1665 712 1709 contra
741 1654 974 1721 Iulian.,
1007 1665 1139 1711 tom.
1169 1655 1287 1729 IX.)

231 1746 463 1803 Eosdem
509 1756 688 1804 autem
719 1762 909 1803 omnes
949 1748 1115 1803 etiam
1155 1748 1375 1815 multos,
1422 1758 1555 1813 etc.,
1589 1764 1752 1819 usque

162 1837 235 1893 ad
263 1840 354 1909 qui
380 1839 539 1896 datus
565 1848 649 1895 est
679 1841 853 1896 nobis.
884 1839 1009 1913 \ld.,
1037 1839 1129 1895 lib.
1159 1843 1232 1895 ad
1256 1841 1495 1897 consulta
1526 1839 1748 1904 Hilarii,

166 1938 301 1987 tom.
324 1929 385 1997 ll,
422 1932 527 1988 col.
554 1931 660 1989 680
680 1941 736 1988 et
759 1934 903 2005 seq.)

238 2022 307 2079 Ut
345 2026 818 2096 quemadmodum,
861 2034 991 2093 etc.,
1032 2041 1205 2098 usque
1245 2028 1314 2083 ad
1347 2026 1627 2082 Dominam
1660 2042 1756 2080 no-

161 2124 350 2170 stram.
401 2113 560 2171 Modo
606 2130 729 2171 cum
779 2115 1038 2185 dixisset,
1070 2127 1203 2184 etc.,
1245 2134 1410 2190 usque
1455 2117 1525 2172 ad
1558 2116 1758 2188 justiﬁ-

164 2206 329 2264 catio.
357 2207 478 2279 (ld.,
511 2206 815 2276 Enchirid.,
847 2217 975 2264 tom.
1008 2206 1090 2277 VI,
1123 2210 1222 2267 col.
1251 2210 1359 2267 256
1389 2220 1449 2269 et
1470 2214 1615 2283 seq.)

781 2318 1012 2376 CAPUT
1052 2318 1137 2377 Vl.
1206 2325 1211 2329 ’

240 2410 379 2478 Quid
421 2426 543 2483 ergo
588 2410 861 2465 dicemus?
901 2409 1320 2480 permanebimus
1351 2409 1407 2464 in
1447 2418 1658 2480 peccato
1703 2418 1757 2463 ut

166 2498 350 2557 Gratia
377 2501 646 2557 abundet?
674 2500 899 2557 Dixerat
946 2502 1090 2557 enim
1121 2502 1391 2573 superius,
1423 2510 1553 2567 etc.,
1598 2517 1758 2572 usque

163 2592 239 2648 ad
279 2592 542 2648 morimur
587 2600 810 2663 peccato
836 2633 849 2647 .
878 2591 1024 2661 (ld.,
1056 2591 1225 2663 Epist.
1268 2592 1304 2646 2
1345 2592 1414 2646 ad
1452 2590 1665 2656 Valen.,
1696 2591 1759 2645 de

166 2680 354 2739 Gratia
376 2694 422 2740 et
449 2684 609 2740 libero
636 2686 816 2751 arbit.,
845 2694 980 2741 tom.
1006 2683 1070 2752 Il,
1099 2684 1202 2740 col.
1229 2685 1377 2755 974.)

238 2774 444 2832 Deinde
475 2784 535 2832 ut
562 2778 874 2833 ostenderet
900 2786 1165 2844 mortuos,
1192 2785 1325 2843 etc.,
1352 2792 1515 2849 usque
1542 2776 1613 2831 ad
1637 2791 1758 2832 cum

166 2867 388 2925 Christo
431 2869 487 2924 in
519 2869 649 2926 Deo.
698 2869 821 2941 (ld.,
858 2870 1158 2937 Enchirid.,
1201 2881 1333 2926 tom.
1372 2869 1469 2932 Vl,
1519 2868 1622 2927 col.
1656 2867 1761 2924 256

169 2970 224 3018 et
252 2965 396 3034 seq.)

220 3054 523 3111 .lnterioris
570 3057 714 3111 enim
755 3055 1010 3123 hominis,
1043 3063 1173 3122 etc.,
1203 3073 1365 3129 usque
1405 3057 1475 3111 ad
1506 3057 1561 3112 in
1599 3057 1762 3114 corde

165 3165 286 3207 suo.
319 3149 438 3221 (ld.,
464 3149 554 3204 lib.
580 3148 644 3205 de
676 3148 950 3215 Trinitate,
983 3159 1111 3205 tom.
1140 3147 1269 3215 VIII,
1296 3149 1401 3206 col.
1430 3148 1579 3222 89L)

239 3243 395 3311 Quod
436 3243 581 3298 enim
612 3252 859 3299 mortuus
885 3250 970 3299 est
1010 3254 1252 3313 peccato,
1304 3251 1438 3310 etc.,
1482 3260 1645 3316 usque
1686 3243 1758 3299 ad

166 3339 278 3393 vita
301 3338 590 3409 justorum.
624 3336 745 3408 (ld.,
769 3353 925 3393 serm.
956 3337 1019 3391 de
1047 3335 1338 3393 Resurrect.
1371 3336 1632 3411 Domini.)

241 3429 366 3483 Non
407 3445 528 3500 ergo
565 3439 739 3500 regnet
773 3439 1063 3500 peccatum,
1092 3438 1224 3497 etc.,
1267 3446 1430 3501 usque
1480 3430 1549 3485 ad
1578 3430 1756 3485 servio

164 3521 273 3592 legi
309 3520 421 3577 Dei.
473 3519 607 3592 (ld.,
649 3530 804 3575 tract.
841 3519 1118 3592 Evangelii
1165 3520 1453 3577 secundani
1496 3516 1759 3575 Joannem

165 3629 248 3681 Iv,
282 3614 374 3681 Η,
402 3624 532 3670 ιοιιι.
560 3613 646 3680 ΙΙΙ,
676 3630 729 3685 p.
754 3631 816 3680 ιι,
845 3613 949 3670 col.
975 3613 1112 3671 1698
1141 3622 1196 3670 et
1225 3617 1365 3687 seq.)

237 3706 493 3762 Liberum
545 3706 827 3762 arbitrimn
889 3722 1061 3777 usque
1108 3709 1266 3773 adeo,
1314 3714 1456 3772 etc.,
1498 3722 1658 3776 usque
1690 3706 1761 3758 ad

164 3800 368 3857 facere.
401 3801 498 3873 (Id.
525 3800 595 3854 ad
631 3799 809 3870 Bonif.
846 3817 1060 3872 papam,
1086 3810 1217 3856 tom.
1251 3798 1318 3865 Χ,
1351 3816 1405 3871 p.
1431 3814 1472 3865 ι,
1501 3797 1605 3853 col.
1634 3796 1738 3852 552

162 3908 223 3955 et
254 3894 548 3961 Enchirid.,
582 3905 711 3951 tom.
741 3895 824 3974 ιςι,
855 3895 955 3951 col.
982 3895 1134 3966 282.)

785 4008 1014 4065 CAPUT
1054 4007 1163 4065 VII.

244 4110 328 4164 An
352 4111 627 4181 ignoratis,
658 4110 867 4179 fratres,
905 4108 1109 4178 etcl...,
1133 4121 1331 4182 quanto
1354 4121 1580 4183 tempore
1604 4112 1765 4166 vivit?

171 4199 360 4271 Usque
411 4202 479 4257 ad
531 4217 655 4258 eum
698 4203 874 4258 locum
925 4203 977 4257 in
1023 4219 1130 4273 quo
1175 4204 1438 4275 scriptum
1482 4214 1598 4271 est,
1631 4214 1758 4270 etc.,

166 4311 338 4366 usque
362 4294 431 4349 ad
466 4293 880 4351 descrueramus
910 4295 1095 4350 Deum.
1128 4294 1247 4365 (ld.,
1272 4312 1338 4352 ea:
1377 4296 1510 4351 libro
1560 4296 1762 4363 Quwst.

165 4388 266 4457 85,
300 4397 430 4444 tom.
464 4387 550 4456 Vl,
582 4390 685 4446 col.
715 4390 785 4446 60
809 4398 865 4444 et
891 4394 1033 4461 seq.)

243 4481 380 4537 Item
426 4481 674 4538 lectionis
708 4482 950 4554 ejusdem
981 4483 1307 4554 explanatio.
1345 4483 1477 4539 Cum
1516 4485 1653 4538 enim
1683 4502 1764 4540 es-

164 4590 348 4631 semus
374 4576 431 4630 in
462 4592 644 4642 carne,
681 4576 757 4631 ait
783 4575 1088 4646 Apostolus,
1133 4578 1401 4647 passiones
1426 4586 1763 4647 peccatorum

167 4680 293 4738 quis
319 4682 413 4735 per
439 4665 601 4737 legem
626 4676 770 4734 sunt,
793 4675 923 4733 etc.,
962 4684 1124 4739 usque
1152 4668 1221 4722 ad
1248 4684 1349 4723 nec
1382 4669 1763 4738 praevaricatio

166 4769 278 4815 est.
323 4758 448 4831 (ld.,
480 4777 638 4817 scrm.
665 4760 721 4817 in
747 4761 882 4815 hanc
916 4761 1212 4831 lecticam,
1246 4772 1375 4817 tom.
1406 4758 1553 4834 pr.
1588 4779 1627 4830 ι,
1656 4764 1759 4820 col.

167 4852 281 4909 826
301 4860 358 4907 et
391 4855 534 4927 seq.)

247 4945 479 5013 Scimus,
510 4948 706 5020 inquit,
741 4951 864 5022 quia
894 4949 979 5004 lea:
1006 4950 1283 5021 spiritalis,
1320 4967 1412 5022 ego
1446 4960 1621 5005 autem
1647 4968 1766 5007 car-

170 5038 317 5094 nalis
344 5055 494 5108 sum,
539 5040 864 5096 venundatus
907 5042 1001 5095 sub
1049 5052 1282 5112 peccato,
1315 5054 1440 5108 etc.,
1486 5059 1657 5115 usque
1699 5047 1766 5101 ad

166 5132 269 5191 sed
305 5132 481 5204 gratia
528 5132 624 5187 Dei
668 5149 760 5205 per
800 5133 982 5188 Iesum
1030 5133 1297 5189 Christum
1350 5134 1629 5189 Dominum
1670 5152 1766 5190 no-

169 5234 370 5282 strum.
400 5223 525 5295 (ld.,
551 5242 708 5281 serm.
750 5226 814 5280 de
846 5225 1026 5282 Verbis
1050 5226 1318 5299 Apostoli,
1363 5236 1494 5284 tom.
1529 5225 1594 5294 V,
1619 5241 1675 5298 p.
1720 5244 1769 5293 ι,

172 5316 284 5376 col.
314 5316 422 5372 855
445 5324 504 5372 et
527 5316 671 5390 seq.)

251 5409 378 5468 Vita
407 5412 541 5483 justi
575 5412 629 5468 in
680 5412 784 5469 isto
824 5428 1070 5485 corpore,
1111 5424 1244 5481 etc.,
1276 5432 1438 5482 usque
1476 5417 1545 5471 ad
1574 5416 1641 5472 ad
1671 5428 1772 5486 pa-

172 5521 299 5565 cem
350 5507 557 5563 venire.
585 5507 712 5581 (ld.,
739 5524 895 5564 serm.
935 5509 1001 5564 de
1033 5507 1215 5565 Verbis
1255 5509 1515 5582 Apostoli,
1542 5519 1674 5568 tom.
1706 5508 1773 5579 V,

173 5610 236 5674 p.
272 5618 315 5669 ι,
343 5602 448 5659 col.
474 5602 626 5675 815.)

254 5702 426 5758 Nulla
454 5721 576 5775 ergo
615 5705 980 5761 condemnatio
1016 5716 1091 5761 est
1140 5723 1277 5762 nunc
1313 5708 1395 5761 bis
1436 5709 1526 5778 qui
1559 5716 1678 5763 sunt
1721 5707 1773 5761 in

177 5798 392 5857 Christo
420 5798 567 5856 Iesu.
603 5801 667 5855 Et
698 5800 742 5854 si
792 5799 989 5854 habent
1025 5799 1309 5867 desideria,
1339 5810 1467 5867 etc.,
1501 5818 1661 5873 usque
1709 5801 1776 5856 ad

1840 500 2047 572 Apost,
2075 511 2206 555 tom.
2244 497 2304 565 V,
2329 513 2385 569 p.
2415 513 2458 565 ι,
2485 496 2589 552 col.
2616 491 2722 553 820
2742 501 2796 549 et
2823 492 2965 565 seq.)

1912 588 2088 661 Igitur
2118 589 2226 658 ipse
2264 605 2356 658 ego
2384 596 2553 643 mente
2593 585 2761 641 servio
2788 582 2891 656 legi
2930 583 3047 651 Dei,
3082 602 3240 640 carne
3265 596 3439 642 autem

1841 679 1942 752 legi
1971 680 2191 749 peccati.
2221 678 2278 734 In
2312 695 2417 749 qua
2446 677 2813 744 conclusione,
2841 685 2969 743 etc.,
3014 694 3176 748 usque
3217 678 3288 731 ad
3318 694 3442 750 pro-

1841 783 1963 843 pter
2002 788 2224 827 munera
2253 786 2369 828 sua.
2400 770 2529 843 (ld.,
2550 770 2702 839 ibid.,
2732 778 2859 826 tom.
2885 766 2953 835 V,
2981 786 3034 842 p.
3064 785 3102 838 ι,
3130 769 3235 828 col.
3262 769 3359 827 841
3390 779 3444 827 et

1844 865 1992 936 seq.)

1919 953 2057 1024 Ergo
2101 953 2342 1009 evacuati
2384 969 2585 1019 sumus,
2615 961 2816 1018 etc....,
2846 969 2900 1008 in
2946 963 3199 1009 vetustate
3233 953 3440 1009 litterte.

1846 1043 2114 1113 Quoniam
2143 1043 2227 1100 lex
2256 1044 2439 1099 littera
2464 1052 2566 1109 est,
2588 1053 2719 1111 etc.,
2746 1061 2907 1115 usque
2928 1045 2998 1099 ad
3018 1046 3243 1117 spiritus
3267 1054 3445 1101 autem

1848 1136 2105 1190 vivilicat.
2140 1136 2265 1208 (ld.,
2297 1136 2389 1189 lib.
2422 1135 2490 1189 ad
2525 1133 2924 1207 Simplicianum
2965 1137 3149 1208 episc.,
3182 1146 3315 1193 tom.
3344 1136 3446 1204 VI,

1849 1227 1953 1284 col.
1987 1227 2090 1283 llO
2118 1238 2172 1283 et
2201 1227 2347 1300 seq.)
3150 1292 3153 1295 ν

1922 1319 1987 1374 Et
2032 1321 2158 1391 quia
2197 1320 2410 1375 dixerat
2457 1320 2709 1374 evacuati
2744 1335 2960 1387 sumus,
3004 1328 3136 1389 etc.,
3177 1338 3336 1392 usque
3382 1322 3450 1376 ad

1850 1411 2021 1482 possit
2068 1410 2296 1482 impleri.
2343 1409 2488 1484 (ld.,
2532 1411 2697 1479 ibid.,
2757 1421 2887 1466 tom.
2939 1408 3037 1480 VI,
3092 1411 3194 1468 col.
3243 1412 3347 1470 103
3397 1420 3453 1468 et

1852 1504 1998 1573 seq.)

1924 1594 2064 1649 Vera
2115 1609 2314 1664 sponsa
2363 1592 2563 1649 Christi
2615 1595 2865 1669 intelligit
2922 1596 3052 1668 quid
3093 1596 3259 1652 distet
3309 1590 3479 1653 inter'

1855 1683 2094 1739 litteram
2139 1693 2191 1738 et
2238 1685 2511 1756 spiritum,
2558 1702 2677 1756 quae
2705 1682 2813 1741 duo
2845 1688 3102 1743 dicuntur
3148 1687 3256 1744 alio
3292 1688 3452 1743 modo

1783 1787 1831 1845 Β
1851 1777 1942 1832 lex
1966 1790 2021 1832 et
2048 1779 2226 1849 gratia
2254 1797 2266 1833 :
2298 1787 2351 1833 et
2379 1795 2483 1833 non
2510 1795 2622 1848 Jan:
2652 1782 2703 1834 in
2738 1792 3006 1837 vetustate
3049 1781 3239 1837 litterae
3269 1783 3363 1837 sed
3396 1782 3451 1837 in

1860 1872 2103 1927 novitate
2125 1871 2350 1941 spiritus
2375 1870 2487 1927 Deo
2506 1874 2769 1939 serviens,
2803 1892 2908 1929 non
2942 1883 3027 1929 est
3050 1874 3165 1947 jam
3190 1876 3290 1929 sub
3311 1873 3451 1945 lege,

1860 1966 1955 2021 sed
1981 1966 2081 2020 sub
2104 1965 2297 2037 gratia.
2328 1964 2404 2021 Ita
2435 1965 2616 2021 littera
2645 1983 2768 2023 cum
2800 1967 3014 2038 spiritu,
3040 1976 3172 2037 etc.,
3196 1985 3360 2041 usque
3384 1967 3479 2023 ad‘

1860 2058 2095 2116 delectat
2135 2059 2248 2131 ipsa
2286 2058 2517 2130 justitia.
2573 2062 2696 2134 (ld.,
2728 2061 2819 2116 lib.
2873 2078 2960 2129 xv,
3016 2073 3198 2118 contra
3237 2061 3459 2133 Faust.,

1864 2159 2000 2206 tom.
2026 2150 2157 2218 Vlll,
2189 2152 2293 2208 col.
2318 2152 2425 2208 512
2452 2162 2506 2208 et
2536 2154 2679 2225 seq.)

1932 2241 2074 2297 Ecce
2102 2241 2244 2299 unde
2275 2243 2403 2298 facti
2430 2258 2637 2310 sumus,
2667 2254 2797 2311 etc.,
2830 2262 2993 2318 usque
3027 2246 3096 2301 ad
3146 2254 3321 2304 terras
3366 2262 3459 2304 ca-

1858 2335 2082 2407 ptivitas
2111 2334 2263 2392 Sion.
2298 2336 2420 2408 (ld.,
2466 2336 2521 2392 in
2550 2337 2684 2407 psal.
2714 2354 2873 2406 cxxv,
2902 2346 3036 2394 tom.
3060 2338 3149 2407 IV,
3173 2355 3230 2412 p.
3259 2355 3323 2407 ιι,
3350 2339 3455 2397 col.

1863 2428 2048 2499 1658.)

1933 2520 2139 2577 Scimus
2166 2523 2303 2578 enim
2336 2523 2460 2595 quia
2485 2523 2570 2578 lea:
2599 2524 2855 2595 spiritalis
2884 2535 2985 2591 est,
3011 2542 3105 2597 ego
3132 2534 3307 2581 autem
3336 2541 3456 2580 car-

1864 2615 2000 2671 nalis
2028 2633 2168 2682 sum,
2194 2625 2305 2671 etc.
2332 2616 2509 2671 Etiam
2541 2617 2805 2689 spiritalis
2848 2619 3083 2673 hominis
3105 2616 3329 2689 jamque
3356 2618 3459 2674 sub

1862 2710 2037 2781 gratia
2066 2710 2370 2777 constituti,
2398 2720 2529 2777 etc.,
2560 2728 2721 2783 usque
2746 2712 2814 2765 ad
2847 2712 2948 2767 ista
2968 2710 3173 2767 omnia.
3206 2710 3331 2783 (ld.,
3361 2709 3455 2765 tib.

1864 2817 1883 2858 ι
1910 2801 2169 2870 Retract.,
2202 2814 2331 2858 tom.
2357 2802 2398 2869 Ι,
2427 2802 2531 2858 col.
2560 2804 2709 2874 621.)

1939 2913 2095 2979 Quod
2121 2930 2243 2984 ergo
2288 2931 2495 2985 operor,
2541 2916 2639 2983 ait,
2668 2921 2872 2988 ignoro.
2922 2915 3039 2973 Non
3072 2916 3220 2973 enim
3268 2917 3347 2973 ita
3379 2916 3465 2973 di-

1864 3014 2011 3062 ctum
2044 3015 2149 3072 est,
2173 3014 2306 3073 etc.,
2334 3023 2497 3077 usque
2518 3009 2587 3062 ad
2617 3009 2684 3064 de
2713 3019 2860 3064 terra
2893 3010 3213 3067 memoriam
3247 3025 3457 3067 eorum.

1868 3098 2013 3173 (ld.,
2060 3099 2152 3155 lib.
2197 3102 2269 3156 ad
2314 3099 2501 3157 Simul.
2552 3104 2736 3174 episc.,
2779 3113 2911 3161 tom.
2943 3103 3049 3170 VI,
3098 3105 3205 3163 col.
3256 3106 3362 3163 I05
3408 3112 3467 3164 et

1791 3171 1838 3235 Ο
1867 3171 2013 3267 ὲθίι.)

1931 3285 2036 3345 Sed
2056 3299 2350 3358 peccatum,
2378 3298 2584 3357 ete....,
2608 3308 2711 3347 non
2754 3294 3105 3364 concupisces.
3132 3294 3267 3351 Cum
3314 3294 3463 3351 enim

1862 3380 2064 3437 dicitur
2086 3396 2191 3435 non
2212 3382 2563 3452 concupisces,
2581 3392 2709 3450 etc.,
2730 3399 2892 3455 usque
2911 3385 2982 3439 ad
3006 3385 3096 3440 ubi
3122 3384 3205 3441 lex
3229 3400 3337 3440 non
3353 3393 3459 3441 est.

1864 3472 2000 3543 (ld.,
2050 3473 2143 3527 lib.
2188 3474 2252 3529 de
2277 3473 2420 3545 Spir.
2468 3484 2513 3528 et
2539 3476 2663 3542 litt.,
2699 3484 2830 3531 tom.
2857 3474 2922 3544 Χ,
2960 3494 3013 3548 p.
3047 3494 3099 3544 ι,
3130 3477 3235 3534 col.
3270 3478 3375 3535 205
3407 3486 3467 3535 et

1863 3574 2007 3637 seq.)

1934 3660 2251 3728 Concupivit
2297 3660 2476 3714 anima
2522 3676 2640 3715 mea
2689 3661 3000 3717 desiderare
3037 3660 3462 3731 justiﬁcationes

1867 3762 1986 3807 tuas
2016 3753 2068 3806 in
2100 3754 2245 3807 omni
2293 3761 2554 3823 tempore.
2587 3753 2900 3810 Laudabilis
2930 3764 3016 3810 est
3050 3756 3180 3822 ista,
3213 3763 3341 3823 etc.,
3374 3772 3466 3810 us-

1862 3864 1961 3918 que
1996 3845 2063 3899 ad
2113 3846 2216 3899 nisi
2267 3845 2463 3900 malum
2499 3847 3018 3919 concupiscentiam.
3055 3848 3193 3919 (ld.,
3219 3848 3276 3903 in
3322 3847 3460 3919 psal.

1861 3954 2053 4005 cxvm,
2082 3946 2209 3993 tom.
2236 3937 2324 4006 IV,
2352 3955 2404 4009 μ.
2436 3956 2495 4006 ιι,
2528 3940 2629 3995 col.
2665 3939 2846 4012 1520.)

1940 4029 2060 4085 Non
2103 4032 2237 4085 enim
2277 4033 2416 4102 quod
2456 4031 2567 4086 volo
2596 4033 2735 4103 facio
2784 4033 2997 4100 bonum,
3040 4035 3131 4089 sed
3182 4032 3324 4099 quod
3369 4033 3459 4090 odi

1865 4126 2063 4180 malum
2091 4128 2187 4181 hoc
2214 4144 2332 4198 ago.
2373 4128 2579 4182 Bonum
2610 4137 2693 4184 est
2720 4130 2865 4185 enim
2898 4145 3005 4185 non
3035 4145 3420 4200 concupiscere
3443 4170 3457 4195 ,

1865 4228 1919 4274 et
1950 4220 2050 4274 hoc
2078 4219 2299 4285 bonum,
2328 4228 2455 4285 etc.,
2486 4237 2645 4291 usque
2668 4222 2736 4274 ad
2776 4221 2828 4276 in
2859 4222 3118 4278 membris
3146 4222 3282 4295 ejus,
3312 4222 3455 4278 nulla

1864 4313 1984 4368 crit.
2027 4313 2151 4384 (ld.,
2175 4313 2266 4366 lib.
2302 4314 2365 4367 de
2395 4311 2776 4384 Perfect.just.
2802 4316 3049 4382 hominis,
3079 4326 3209 4373 tom.
3238 4316 3305 4379 Χ,
3336 4333 3388 4387 p.
3421 4333 3461 4371 ι.

1865 4404 1969 4461 col.
2003 4404 2108 4460 505
2132 4414 2188 4459 ct
2213 4406 2355 4477 seq.)
2831 4475 2838 4481 ,
3256 4402 3263 4408 ’

1941 4496 2086 4563 Scio,
2137 4498 2343 4568 inquit,
2384 4499 2509 4569 quia
2550 4516 2653 4555 non
2697 4499 2895 4553 habitat
2938 4502 2991 4553 in
3034 4516 3133 4565 me,
3171 4500 3269 4553 hoc
3292 4508 3367 4553 est
3409 4499 3464 4553 in

1867 4607 2025 4645 carne
2058 4608 2192 4655 mea,
2220 4592 2429 4647 bonum.
2467 4591 2579 4645 Hoc
2604 4591 2789 4662 utique
2819 4591 2912 4656 ait,
2938 4601 3066 4655 etc.,
3101 4608 3261 4662 usque
3286 4591 3355 4644 ad
3387 4591 3459 4645 la-

1866 4683 2175 4739 bornullus.
2212 4684 2335 4755 (ld.,
2366 4684 2457 4738 lib.
2485 4683 2820 4751 Sermonum,
2850 4684 2914 4738 de
2942 4682 3299 4746 Continentia,
3330 4692 3460 4739 tom.

1870 4776 1953 4840 Vl,
1986 4777 2088 4832 col.
2114 4778 2213 4833 561
2241 4786 2298 4832 et
2325 4777 2467 4849 seq.)

1939 4868 2086 4922 Bona
2114 4867 2297 4937 itaque
2320 4881 2484 4938 opera
2513 4878 2719 4934 nostra,
2751 4877 2883 4934 etc.,
2913 4884 3075 4939 usque
3100 4869 3169 4923 ad
3199 4885 3306 4924 non
3338 4884 3467 4924 cou-

1868 4960 2164 5030 cupiscere.
2199 4959 2325 5032 (ld.,
2351 4960 2440 5015 lib.
2473 4976 2552 5025 ιιι,
2582 4970 2765 5015 contra
2804 4958 3114 5027 Iulianum,
3149 4969 3278 5016 tom.
3309 4960 3380 5027 X,
3408 4976 3463 5031 p;

1879 5068 1922 5118 ι,
1946 5052 2050 5109 col.
2076 5053 2226 5125 754.)
2292 5040 2299 5045 ’

1953 5145 2074 5201 Non
2087 5148 2223 5202 enim
2235 5148 2373 5219 quod
2387 5147 2500 5203 volo
2513 5166 2612 5220 ago
2625 5149 2814 5204 bonum
2824 5188 2838 5216 ,
2855 5149 2944 5203 sed
2958 5147 3097 5220 quod
3111 5146 3230 5201 nolo
3245 5145 3466 5211 malum,

1877 5240 1974 5294 hoc
2002 5257 2119 5311 ago.
2168 5239 2227 5295 Si
2256 5249 2438 5295 autem
2486 5242 2649 5312 (sicut
2685 5242 2879 5297 melius
2920 5242 3091 5297 sensit
3123 5237 3467 5310 Ambrosius)

1880 5335 1980 5390 hoc
2007 5337 2170 5390 etiam
2193 5335 2258 5389 dc
2281 5334 2459 5405 scipso
2485 5334 2615 5388 dicit
2637 5333 2945 5405 Apostolus,
2974 5349 3072 5388 nec
3091 5331 3361 5401 justorum
3383 5337 3467 5385 est

1881 5429 1934 5483 in
1985 5430 2087 5483 hac
2115 5428 2224 5483 vita
2270 5428 2338 5481 ad
2380 5427 2769 5497 perliciendum
2806 5430 3007 5483 bonum
3049 5435 3198 5482 tanta
3247 5424 3468 5508 libertas

1879 5523 2112 5594 propria:
2139 5521 2448 5586 voluntatis,
2481 5529 2682 5590 quanta
2719 5522 2825 5575 erit
2861 5523 2915 5575 in
2961 5518 3051 5574 illa
3078 5519 3209 5581 vita,
3241 5516 3330 5572 ubi
3360 5530 3467 5571 non

1881 5614 2116 5674 dicetur,
2148 5626 2252 5667 non
2274 5615 2415 5684 quod
2456 5614 2571 5667 volo
2597 5630 2714 5685 ago.
2741 5613 2932 5669 Onmis
2959 5612 3051 5682 qui
3074 5610 3303 5681 prolicit,
3336 5617 3464 5671 etc.,

1881 5705 2131 5777 usquead
2154 5705 2486 5777 perfectione
2516 5716 2639 5761 tunc
2661 5708 2782 5761 erit.
2802 5706 2920 5776 (ld.,
2941 5706 3028 5760 lib.
3045 5706 3110 5759 de
3136 5701 3280 5772 Perf.
3303 5701 3466 5772 justi-

1882 5797 1967 5853 tia'
1990 5797 2235 5864 nominis,
2272 5806 2401 5853 tom.
2428 5798 2495 5867 Χ,
2530 5814 2582 5869 p.
2604 5797 2757 5865 l,COI.
2787 5797 2888 5851 508
2919 5798 2934 5859 )
