3970 6306
584 350 692 408 195

1765 348 1972 407 FLOR]
2011 345 2288 405 DIACONI
2327 344 2637 402 MONACHI

653 460 771 526 Dic,
800 460 1047 524 obsecro,
1074 459 1349 529 Apostole,
1378 459 1590 529 quando
1615 458 1788 515 adhuc
1810 462 1863 515 in
1891 475 2057 516 carne
2079 460 2163 514 vi-
2189 467 2243 526 Α
2265 458 2483 528 peccati,
2531 466 2582 511 et
2623 457 2689 512 de
2720 467 2930 528 peccato
2971 459 3239 514 damnavit
3281 475 3537 530 peccatum
3565 469 3609 521 in
3643 488 3759 531 cum.

581 567 715 612 vens
758 553 813 608 in
834 552 937 608 viis
973 551 1185 607 Domini
1236 551 1568 616 ambulabas,
1597 551 1837 608 habebas
1857 560 2165 622 peccatum,

580 660 651 699 an
673 645 791 701 sine
813 652 1037 714 peccato
1057 643 1212 699 eras?
1229 641 1527 697 Audiamus
1561 652 1745 698 utrum
1774 659 1833 700 se
1857 644 1972 714 ipse
2002 643 2163 699 sedu-

579 746 692 803 cat,
721 752 789 792 an
819 753 945 793 vero
973 737 1116 806 quod
1148 737 1341 792 beatus
1376 735 1618 792 Joannes
1662 735 1779 807 ejus
1823 735 2166 807 coapostolus

580 830 776 900 sapiat,
827 829 1079 899 quoniam
1125 827 1328 884 veritas
1362 836 1483 883 erat
1523 828 1580 883 in
1627 829 1729 884 eis.
1775 827 1877 883 llic
1903 842 2034 898 ergo
2085 842 2166 882 re-

578 925 824 996 spondet.
873 924 1058 980 Nonne
1105 924 1312 996 legistis
1357 925 1448 981 ubi
1499 925 1762 981 conﬁteor
1791 927 1998 982 dicens.
2042 923 2168 979 Non

577 1018 715 1071 enim
735 1016 874 1087 quod
903 1015 1013 1070 volo
1041 1016 1181 1086 facio
1226 1018 1443 1084 bonum,
1473 1017 1564 1072 sed
1609 1019 1750 1088 quod
1798 1017 1918 1073 nolo
1965 1017 2166 1073 malum

579 1110 677 1162 hoc
720 1124 838 1178 ago.
866 1107 934 1162 Et
957 1107 1062 1163 hoc
1085 1107 1411 1164 audivimus.
1444 1107 1566 1164 iam
1594 1109 1777 1180 itaque
1823 1109 1955 1166 illud
1995 1110 2166 1165 inter-

578 1214 870 1270 rogamus:
898 1214 1005 1269 quo
1043 1199 1097 1254 in
1123 1199 1226 1256 viis
1255 1199 1470 1255 Domini
1495 1184 1835 1266 ambulabas,
1889 1198 1936 1255 si
1962 1199 2168 1255 malum

573 1289 718 1360 quod
765 1289 987 1346 nolebas
1031 1290 1136 1346 hoc
1202 1291 1419 1363 agebas.
1479 1289 1616 1347 Cum
1670 1291 1914 1362 psalmus
1949 1299 2169 1347 sanctus

575 1381 789 1437 insonet
820 1381 1022 1438 dicens.
1060 1380 1178 1438 Non
1206 1382 1350 1437 enim
1377 1382 1469 1454 qui
1497 1391 1792 1454 operantur
1827 1381 2168 1452 iniquitatem

573 1471 630 1526 in
665 1471 766 1528 viis
814 1472 952 1544 ejus.
982 1471 1410 1528 ambulaverunt.
1445 1473 1586 1530 Audi
1640 1471 1898 1530 continuo
1940 1487 2168 1544 respon—

573 1563 792 1620 dentem
836 1579 935 1635 per
963 1564 1291 1620 sententiam
1327 1572 1771 1635 consequentem.

648 1655 875 1729 Siquod
917 1655 1038 1712 nolo
1093 1657 1271 1726 inquit
1311 1672 1404 1728 ego
1441 1658 1539 1712 hoc
1583 1657 1742 1726 facio,
1765 1656 1887 1726 jam
1923 1671 2016 1726 ego
2064 1672 2168 1710 non

573 1768 762 1824 operor
790 1752 943 1819 illud,
990 1753 1080 1810 sed
1106 1753 1246 1824 quod
1276 1752 1477 1807 habitat
1499 1754 1555 1807 in
1580 1769 1662 1807 me
1697 1762 1990 1822 peccatum.
2022 1749 2166 1806 Ecce

2270 547 2428 604 Dicet
2453 547 2650 619 aliquis
2680 565 2694 602 :
2731 547 2788 603 Si
2821 550 2936 604 haec
2959 559 3154 605 natura
3179 565 3384 621 pura...
3418 556 3580 612 carnis
3601 569 3758 628 peculi.

2271 635 2548 750 (ελ
2573 638 2612 694 ι.
2634 655 2661 750 ‘1
2683 639 2748 695 de
2771 639 2914 711 bapt.
2940 640 3168 750 parpul.,
3194 651 3328 698 tom.
3345 643 3414 711 Χ,
3435 661 3486 715 p.
3511 663 3546 714 1,
3569 651 3760 725 col.119.)
3844 696 3845 750 ι

2339 731 2586 788 Ciliciam
2632 732 2869 792 fortasse
2901 735 3192 806 appellavit
3219 737 3474 795 Dominus
3507 745 3659 800 carnis
3694 763 3761 804 sita
3844 731 3845 784 Ῑ

2270 822 2682 891 mortalitatem,
2724 832 2854 891 etc.,
2878 841 3044 895 usque
3068 825 3138 880 ad
3193 826 3418 885 delenda
3463 843 3665 902 peccata.
3685 838 3761 908 (Id,

2269 920 2326 973 in
2344 918 2480 989 psal.
2507 935 2692 986 xxx1v,
2716 929 2846 976 tom.
2864 920 2956 988 IV,
2989 937 3042 993 p.
3074 938 3116 990 1,
3137 923 3242 978 col.
3274 923 3424 996 355.)

2341 1009 2477 1077 Quid
2503 1011 2638 1068 dicit
2658 1011 3065 1084 Pelagianism?
3091 1013 3292 1071 Audite
3311 1017 3438 1086 quid
3459 1019 3591 1074 dicit.
3613 1021 3765 1078 Videtur
3846 1046 3847 1080 ς

2272 1102 2520 1157 conﬁteri
2559 1100 2840 1158 Christum
2887 1103 2945 1159 in
2977 1117 3145 1160 carne
3175 1107 3405 1170 venisse,
3453 1109 3540 1165 sed
3573 1111 3763 1168 discussus

2273 1195 2568 1250 invenitur.
2597 1194 2850 1252 Christus
2888 1195 3036 1250 enim
3061 1196 3118 1251 in
3147 1212 3314 1253 carne
3342 1200 3520 1254 venit:
3549 1216 3647 1271 quae
3669 1204 3765 1257 simi-

2272 1285 2444 1343 litudo
2487 1296 2633 1344 esset
2673 1287 2855 1344 carnis
2880 1289 3112 1358 peccati,
3157 1306 3266 1346 non
3296 1300 3439 1348 esset
3463 1306 3578 1348 caro
3600 1298 3761 1364 peccati.

2270 1379 2512 1447 Apostoli
2533 1381 2701 1436 verba
2729 1389 2876 1436 sunt.
2907 1381 3053 1437 Misit
3078 1382 3217 1438 Deus
3235 1382 3436 1438 Filium
3457 1402 3593 1440 suum
3610 1388 3653 1440 in
3673 1391 3765 1442 nmi-

2271 1469 2546 1526 litudinem
2572 1472 2746 1527 carnis
2771 1474 2987 1542 peccati.
3015 1459 3132 1530 Neu
3155 1475 3211 1529 in
3229 1475 3611 1532 similitudinem
3629 1480 3763 1543 carnis,

2279 1563 2435 1632 quasi
2463 1578 2593 1619 caro
2632 1579 2739 1620 non
2764 1573 2910 1621 esset
2936 1579 3083 1632 caro,
3115 1566 3210 1622 sed
3244 1567 3302 1621 in
3321 1567 3674 1623 similitudinem
3691 1587 3765 1622 car-

2273 1657 2354 1710 nis
2374 1657 2592 1727 peccati,
2615 1657 2738 1728 quia
2768 1671 2895 1713 caro
2921 1666 3060 1724 erat,
3084 1658 3179 1714 sed
3202 1660 3411 1729 peccati
3438 1674 3555 1716 caro
3576 1675 3661 1716 non
3677 1671 3763 1715 erat.

2273 1750 2378 1806 Iste
2427 1759 2607 1806 autem
2654 1749 2905 1822 Pelagius
2931 1760 2988 1806 et
3015 1761 3271 1807 canoram
3317 1767 3528 1808 carnem
3554 1753 3694 1808 omnis
3715 1754 3765 1806 in-
3850 1749 3851 1814 ἓ

575 1846 1375 1917 quemadmodum,etc.,usque
1399 1845 1467 1898 ad
1491 1845 1606 1916 ipse
1626 1852 1930 1900 sanaretur.
1960 1841 2160 1914 (ld.,in
2189 1838 2240 1901 B
2267 1841 2432 1896 fantis
2473 1841 2677 1898 Christi
2713 1843 2863 1898 carni
2911 1851 3138 1898 conatur
3176 1860 3416 1915 aequare.
3465 1844 3568 1901 Non
3608 1846 3664 1899 ita
3701 1855 3762 1904 est,

574 1935 1064 2006 psal.cxv111,tom.
1095 1935 1183 2000 IV,
1216 1951 1268 2006 p.
1290 1936 1346 2001 2,
1375 1934 1477 1990 col.
1504 1935 1644 1991 1506
1664 1935 1878 2005 etseq.)

652 2025 714 2082 Si
753 2035 930 2081 autem
956 2027 1095 2098 quod
1126 2026 1245 2081 nolo
1277 2025 1408 2079 illud
1433 2025 1590 2096 facio,
1636 2043 1739 2080 non
1774 2042 1866 2096 ego
1893 2041 2079 2096 operor
2103 2025 2167 2078 il-

587 2117 706 2186 lud,
740 2119 830 2173 sed
868 2119 1006 2189 quod
1032 2118 1232 2172 habitat
1257 2118 1314 2171 in
1359 2133 1438 2172 me
1483 2126 1770 2186 peccatum.
1803 2116 1991 2172 Potest
2015 2127 2170 2187 puta-

575 2211 672 2278 ris,
705 2220 838 2277 etc.,
885 2225 1048 2281 usque
1094 2210 1163 2264 ad
1214 2210 1267 2264 in
1309 2209 1583 2265 voluntate
1621 2210 1997 2265 committitur.
2043 2209 2169 2280 (ld.,

574 2301 666 2357 lib.
711 2303 1156 2367 retractationum,
1191 2301 1375 2364 tom.I,
1395 2301 1687 2358 col.608et
1706 2303 1848 2372 seq.)

651 2392 992 2448 Condeleclor
1013 2392 1152 2446 enim
1183 2391 1284 2462 legi
1305 2391 1402 2446 Dei
1425 2401 1797 2463 repugnantem
1845 2391 1947 2462 legi
1985 2392 2170 2447 mentis

579 2501 730 2552 mete,
760 2494 864 2540 etc.
908 2484 1071 2552 Caro,
1101 2485 1296 2555 inquit,
1329 2484 1686 2554 concupiscit,
1731 2492 1860 2549 etc.,
1902 2500 2063 2554 usque
2103 2483 2172 2536 ad

572 2579 1036 2650 concupiscentiis
1065 2579 1173 2634 tuis
1220 2578 1384 2634 vires.
1429 2577 1551 2649 (ld.,
1606 2587 1762 2630 tract.
1808 2575 2012 2646 Evang.
2065 2591 2168 2630 sec.

575 2668 720 2726 Joan
767 2687 874 2736 xu,
901 2655 1033 2727 (om.
1063 2669 1150 2736 III,
1181 2686 1234 2740 p.
1263 2686 1323 2736 11,
1356 2669 1459 2724 col.
1497 2668 1635 2724 1697
1660 2676 1715 2722 et
1744 2667 1885 2738 seq.)

647 2763 805 2818 Aliud
825 2773 911 2821 est
931 2780 1038 2820 non
1067 2779 1333 2836 pugnare,
1367 2773 1422 2818 et
1449 2777 1568 2819 esse
1598 2762 1652 2817 in
1676 2775 1828 2833 pace,
1855 2770 1986 2827 etc.,
2011 2777 2173 2833 usque

574 2856 643 2909 ad
668 2855 852 2912 Jesum
880 2856 1158 2912 Christum
1181 2855 1470 2911 Dominum
1496 2862 1764 2910 nostrum.
1799 2853 1924 2924 (ld.,
1953 2853 2009 2907 in
2033 2850 2168 2923 psal.

578 2960 747 3014 xxxv,
772 2956 904 3003 tom.
929 2948 1017 3016 IV,
1045 2965 1100 3020 p.
1132 2967 1170 3015 1,
1203 2949 1307 3006 col.
1337 2949 1489 3020 545.)

659 3036 737 3091 De
768 3053 986 3109 corpore
1007 3040 1193 3095 mortis
1224 3041 1385 3110 hujus
1420 3056 1524 3096 non
1545 3040 1741 3106 omnis,
1765 3048 1893 3104 etc.,
1919 3055 2080 3110 usque
2101 3039 2169 3093 ad

573 3129 829 3197 quoniam
853 3131 953 3201 ipsi
966 3133 1482 3205 saturabuntur.(ld.
1495 3175 1510 3201 ,
1524 3134 1687 3190 lib.tle
1702 3127 2168 3202 Pcrfect.justitia:

572 3220 818 3286 hominis,
840 3230 969 3277 tom.
997 3223 1068 3290 X,
1091 3241 1144 3296 ι).
1177 3241 1215 3291 1,
1243 3225 1346 3281 col.
1375 3224 1530 3298 299.)

646 3311 857 3370 Fideles
873 3317 1015 3371 enim
1038 3327 1259 3374 orantes
1279 3318 1488 3386 dicunt,
1507 3328 1638 3386 etc.,
1663 3336 1825 3390 usque
1853 3321 1922 3374 ad
1945 3334 2173 3391 corpore

574 3410 765 3465 mortis
796 3410 974 3483 hujus.
1005 3413 1129 3486 (ld.,
1162 3414 1251 3469 lib.
1281 3415 1345 3469 de
1368 3426 1478 3471 nat.
1511 3426 1558 3472 et
1585 3427 1747 3487 grat.,
1779 3425 1910 3474 tom.
1942 3416 2010 3485 Χ,
2042 3434 2097 3488 p.
2129 3433 2168 3485 1,

576 3501 680 3557 col.
711 3502 859 3575 277.)

645 3593 723 3649 Ita
745 3604 863 3651 erat
889 3600 1238 3656 tuneillorum
1260 3601 1540 3655 hominum
1554 3617 1751 3673 corpus
1769 3602 2021 3668 animale,
2038 3612 2167 3669 etc.,

483 3674 506 3692 ’
574 3704 737 3760 usque
759 3692 828 3744 ad
847 3693 1111 3763 supplicio
1133 3692 1225 3746 ﬁat
1247 3694 1518 3748 meritum.
1546 3695 1669 3765 (ld.,
1695 3695 1786 3749 lib.
1806 3712 1858 3750 ιι
1896 3697 1960 3751 de
1981 3692 2169 3752 Genesi

571 3782 640 3835 ad
660 3781 912 3850 litteram,
941 3795 1072 3840 tom.
1121 3784 1207 3850 III,
1245 3801 1296 3856 p.
1342 3802 1378 3852 1,
1419 3787 1522 3842 col.
1553 3787 1658 3844 598
1687 3799 1741 3843 et
1782 3790 1925 3861 seq.)

643 3877 904 3948 Quisquis
929 3877 1202 3935 carnalem
1232 3881 1669 3948 delectationem,
1715 3891 1846 3947 etc.,
1897 3899 2058 3953 usque
2099 3882 2168 3934 ad

571 3966 1012 4022 consolabuntur.
1058 3967 1180 4038 (ld.,
1208 3969 1299 4023 lib.
1333 3970 1398 4025 de
1436 3970 1608 4026 Serm.
1641 3971 1854 4026 Domini
1885 3972 1939 4026 in
1972 3982 2166 4038 monte,

573 4067 707 4114 tom.
743 4057 829 4123 111,
857 4058 913 4128 ‘p.
942 4075 981 4125 ι,
1006 4058 1110 4115 col.
1152 4061 1336 4134 1286.)

648 4147 788 4216 Quid
801 4159 886 4206 est
916 4151 1060 4220 quod
1085 4162 1136 4207 te
1153 4150 1370 4222 jactus?
1391 4156 1520 4226 quid
1545 4167 1630 4213 est
1658 4157 1823 4227 quod,
1847 4165 1980 4220 etc.,
2009 4172 2170 4226 usque

571 4239 642 4293 ad
667 4248 825 4310 egent
850 4241 1025 4313 gloria
1051 4244 1166 4301 Dei.
1202 4246 1322 4316 (ld.,
1353 4247 1408 4301 in
1430 4248 1565 4304 usal.
1595 4263 1726 4316 xxx,
1759 4256 1885 4304 tom.
1922 4247 2012 4314 IV,
2043 4263 2098 4316 p-
2127 4263 2166 4312 ιν

574 4331 677 4385 col.
706 4329 814 4385 235
839 4342 896 4388 et
921 4333 1064 4408 seq.)

647 4422 894 4481 Liberari
943 4437 1029 4484 est
1069 4444 1097 4484 a
1131 4445 1361 4500 corpore
1391 4431 1603 4498 mortis,
1629 4441 1762 4496 etc.,
1792 4447 1953 4501 usque
1977 4431 2046 4484 ad
2073 4429 2168 4486 sed

573 4515 639 4568 ad
662 4515 908 4587 gloriam.
935 4518 1058 4592 (ld.,
1089 4536 1154 4574 ex
1183 4520 1274 4576 lib.
1307 4519 1454 4578 Sent.
1480 4522 1750 4593 Prosperi,
1776 4530 1906 4577 toni.
1925 4521 1991 4589 Χ,
2021 4537 2074 4593 p.
2102 4539 2183 4590 11,-

575 4605 679 4659 col.
713 4606 900 4680 1886.)
1263 4645 1296 4658 ρ
1787 4667 1794 4672 .

646 4694 818 4766 Igitur
860 4699 968 4767 ipse
1007 4717 1099 4770 ego
1125 4712 1292 4756 mente
1313 4705 1478 4757 servio
1503 4703 1605 4774 legi
1632 4704 1726 4758 Det
1750 4717 1768 4755 .°
1807 4721 1963 4759 carne
1987 4715 2163 4760 autem

572 4786 673 4858 legi
710 4791 926 4858 peccati.
971 4790 1229 4848 lndicitur
1256 4796 1399 4850 enim
1434 4796 1528 4850 tibi
1551 4797 1819 4866 quaedam,
1845 4807 1974 4863 etc.,
2001 4815 2163 4869 usque

572 4879 642 4934 ad
672 4879 872 4938 habere
905 4898 1028 4940 cum
1072 4885 1202 4942 Deo.
1257 4887 1379 4956 (ld.,
1425 4890 1477 4943 in
1521 4889 1659 4960 psal.
1691 4906 1850 4958 Lxxv,
1893 4899 2022 4947 tom.
2066 4889 2159 4954 IV,

571 4972 924 5043 p.1,col.959
949 4985 1004 5030 et
1025 4979 1167 5048 seq.)

644 5058 798 5126 Quod
829 5062 1061 5130 dixerat,
1095 5068 1209 5123 sine
1234 5069 1343 5142 lege
1368 5073 1526 5140 enim,
1552 5079 1683 5139 etc.,
1711 5090 1873 5146 usque
1895 5075 1966 5128 ad
1987 5073 2168 5144 potius

571 5167 734 5222 quam
760 5153 1173 5227 edomare.’(ld.,
1200 5160 1292 5216 lib.
1316 5163 1385 5218 ad
1415 5162 1594 5236 Bonif.
1609 5183 1802 5237 papam
1831 5173 1970 5220 cont.
2009 5162 2158 5218 Pela-

571 5245 738 5317 gium,
781 5256 909 5304 tom.
945 5248 1012 5318 Χ,
1044 5267 1098 5322 p.
1130 5269 1171 5321 1,
1203 5255 1304 5310 col.
1340 5256 1443 5314 559
1475 5268 1526 5314 et
1560 5261 1704 5330 seq.)

1175 5345 1403 5404 CAPUT
1441 5349 1572 5406 vm.
2199 5421 2204 5424 _

636 5429 789 5520 Nam
815 5438 953 5507 quod
976 5439 1291 5512 impossibile
1317 5453 1430 5499 erat
1453 5443 1552 5514 legi
1573 5447 1627 5499 in
1655 5462 1758 5515 quo
1790 5445 2164 5514 inﬁrmabulur

573 5536 666 5593 per
699 5541 928 5582 carnem.
981 5531 1296 5604 Segregavit
1346 5535 1530 5605 itaque
1568 5537 1709 5591 hanc
1732 5535 1990 5606 pluviam,
2027 5546 2156 5604 etc.,

573 5629 734 5686 usque
759 5618 827 5671 ad
848 5619 937 5688 qui
965 5622 1121 5679 datus
1169 5632 1255 5680 est
1281 5625 1460 5681 nobis.
1499 5625 1622 5694 (ld.,
1671 5642 1736 5681 ea:
1764 5636 1994 5684 tractatu
2017 5627 2151 5701 psal.

573 5721 739 5773 LXVII,
771 5717 898 5764 tom.
918 5711 1009 5778 IV,
1027 5730 1080 5783 p.
1101 5732 1138 5778 1,
1158 5731 1209 5768 c.
1227 5714 1378 5787 818.)

644 5801 782 5859 Deus
829 5803 1025 5860 Filium
1049 5823 1203 5862 suum
1241 5809 1450 5867 mittens
1480 5827 1536 5868 tn
1561 5813 1957 5873 similitudinem
1985 5817 2157 5871 carnis

2269 1931 2596 1999 charissimi,
2621 1947 2726 1988 non
2747 1948 2845 2004 pro
2864 1949 3059 2004 magno
3079 1936 3544 1993 commendaretur
3563 1937 3608 1992 in
3619 1936 3766 1992 Christo

2277 2024 2576 2081 similitudo
2623 2026 2804 2082 carnis
2841 2027 3082 2098 peccati.
3123 2028 3232 2085 nisi
3282 2029 3455 2086 omnis
3497 2036 3660 2086 caetera
3688 2042 3766 2083 caro

2271 2125 2417 2171 esset
2449 2131 2579 2172 caro
2603 2117 2836 2186 peccati.

2349 2205 2489 2274 Quid
2535 2221 2666 2278 ergo
2710 2209 2931 2278 prodest
2957 2211 3085 2281 quia
3125 2211 3264 2269 dicis
3288 2211 3546 2268 Christum
3583 2214 3627 2268 in
3661 2229 3766 2268 carne

2272 2298 2510 2365 venisse,
2561 2307 2616 2354 et
2658 2301 2903 2355 omnium
2952 2300 3241 2358 infantium
3283 2305 3430 2360 carni
3479 2320 3588 2360 eum
3624 2304 3766 2359 conaris

2273 2391 2532 2461 aequare?
2576 2390 2644 2445 Et
2685 2391 2783 2447 tibi
2809 2392 2914 2448 hoc
2957 2392 3077 2450 dico
3104 2395 3252 2464 quod
3288 2395 3576 2458 Donatistze,
3616 2401 3768 2449 nonest

2273 2483 2408 2556 ipse.
2437 2483 2576 2540 Ecce
2595 2483 2751 2540 video
2777 2483 3076 2541 Ecclesiam
3097 2497 3327 2542 matrem
3355 2486 3676 2543 testimonium
3695 2483 3769 2538 red-

2275 2577 2492 2632 dentem
2535 2577 2667 2646 ipsis
2693 2576 2951 2633 uberibus
2979 2579 3110 2634 suis.
3148 2579 3454 2635 Accurrunt
3496 2588 3663 2633 matres
3692 2592 3767 2630 cum

2274 2668 2513 2738 parvulis
2530 2668 2677 2734 ﬁliis,
2699 2668 2951 2740 ingerunt
2973 2667 3244 2726 Salvatori
3264 2670 3553 2735 salvandos,
3569 2685 3655 2725 non
3671 2667 3767 2722 Pela-

2274 2760 2362 2831 gio
2391 2760 2742 2816 damnandos.
2791 2759 2960 2815 Mater
2980 2761 3237 2832 quaelibet
3277 2763 3465 2818 mulier
3496 2763 3664 2834 pietate
3683 2774 3762 2814 cur-

2274 2865 2402 2906 rens
2442 2867 2564 2907 cum
2605 2853 2831 2923 parvqu
2863 2851 2974 2909 lilio
3003 2853 3156 2922 dicit,
3186 2854 3488 2927 baptizetur
3513 2862 3565 2908 ut
3591 2851 3765 2909 salvetur.

2273 2942 2523 3014 Pelagius
2551 2955 2762 3000 contra.

2347 3035 2489 3104 Quid
2519 3036 2796 3092 salvetur?
2834 3036 2952 3094 Non
2981 3047 3067 3094 est
3091 3041 3242 3110 quod
3273 3041 3331 3096 in
3369 3054 3432 3097 eo
3463 3048 3664 3104 sanetur,
3684 3031 3766 3090 nihil

2274 3131 2436 3185 habet
2461 3129 2612 3197 vitii,
2658 3130 2794 3186 nihil
2831 3145 2898 3186 ex
2935 3133 3155 3189 traduce
3204 3135 3554 3191 damnationis
3593 3129 3762 3187 attraxit.

2197 3203 2244 3267 Ο
2277 3221 2336 3278 Si
2360 3223 2585 3294 mqualis
2607 3230 2691 3278 est
2717 3221 2955 3290 Christo,
2981 3217 3148 3294 quare
3171 3228 3370 3296 quaerit
3393 3224 3662 3283 Christum?
3680 3220 3766 3276 Ecce

2275 3313 2396 3369 dico
2447 3313 2542 3370 tibi
2580 3333 2593 3368 :
2634 3313 2877 3384 Sponsus
2923 3313 3094 3371 Filius
3123 3316 3221 3371 Dei
3261 3319 3351 3388 qui
3380 3317 3518 3373 venit
3556 3317 3600 3370 in
3639 3325 3764 3372 carne.

2273 3408 2511 3464 salvator
2533 3417 2618 3465 est
2643 3409 2907 3480 majorum
2933 3418 2987 3463 et
3007 3411 3302 3477 minorum,
3331 3413 3556 3467 salvator
3579 3418 3645 3464 est
3666 3419 3768 3476 grau-

2273 3501 2421 3556 diunr
2452 3510 2508 3557 ct
2548 3502 2856 3567 infantium,
2907 3511 2961 3558 et
3000 3503 3114 3574 ipse
3140 3513 3222 3559 est
3267 3505 3522 3562 Christus.
3563 3503 3627 3557 Tu
3648 3507 3766 3555 autem

2273 3597 2406 3651 dicis
2429 3596 2766 3654 Salvatorem
2776 3596 3052 3654 Christum
3083 3597 3348 3667 majorum
3369 3609 3424 3656 et
3441 3615 3538 3655 non
3557 3597 3766 3652 minorum,

2272 3705 2379 3745 non
2409 3699 2492 3746 est
2519 3692 2653 3763 ipse.
2685 3691 2744 3747 Si
2785 3706 2893 3748 non
2927 3701 3012 3748 est
3034 3693 3165 3764 ipse,
3200 3709 3366 3767 negas
3395 3703 3448 3750 et
3488 3703 3538 3748 tu
3573 3688 3766 3746 Christum

2274 3781 2329 3835 in
2361 3797 2524 3837 carne
2549 3783 2786 3839 venisse.

2344 3875 2594 3945 Magnum
2626 3877 2754 3945 quid
2797 3877 2904 3934 huc
2948 3877 3127 3934 attulit
3169 3889 3442 3937 mercator
3478 3879 3585 3934 iste.
3627 3875 3684 3928 De
3711 3884 3764 3922 re-

2271 3965 2433 4036 gione
2480 3981 2576 4022 sua
2605 3967 2826 4024 veniens
2872 3968 2975 4024 iste
3009 3977 3286 4025 mercator
3312 3969 3511 4026 invenit
3536 3967 3583 4022 in
3617 3959 3766 4032 regione

2273 4067 2455 4114 nostra
2499 4060 2641 4128 quod
2690 4061 2780 4116 hic
2819 4061 3093 4118 abundat?
3123 4062 3288 4120 Nasci
3321 4072 3376 4119 et
3404 4061 3550 4126 mori,
3574 4056 3696 4128 plena
3717 4057 3767 4104 esi

2273 4156 2415 4204 terra
2445 4149 2530 4205 his
2566 4150 2859 4217 mercibus,
2885 4152 3036 4209 nasci
3062 4161 3117 4208 et
3144 4154 3304 4209 mori.
3336 4152 3498 4209 Natus
3525 4157 3598 4206 est
3619 4154 3662 4201 et
3678 4154 3770 4197 mor-

2273 4250 2396 4296 tuus
2426 4251 2528 4297 est.
2564 4239 2673 4297 Sed
2701 4256 2809 4312 qua
2833 4242 2922 4297 via
2948 4253 3109 4298 natus
3129 4244 3256 4300 est?
3283 4244 3364 4299 Ad
3395 4244 3542 4300 istam
3567 4235 3765 4306 regionem

2274 4333 2443 4397 venit,
2474 4332 2571 4388 sed
2599 4347 2706 4387 non
2733 4346 2797 4387 ea
2818 4333 2906 4388 via
2941 4347 3046 4403 qua
3077 4349 3195 4390 nos.
3220 4333 3298 4390 De
3323 4333 3459 4391 caelo
3475 4331 3603 4387 enim
3624 4321 3730 4379 venit
3748 4333 3766 4368 ι

2271 4424 2450 4488 Patre,
2470 4433 2526 4479 et
2548 4434 2727 4480 tamen
2741 4434 2900 4479 natus
2919 4434 3006 4480 est
3019 4425 3287 4494 mortalis,
3299 4435 3455 4482 natus
3470 4421 3614 4480 estde
3625 4412 3766 4484 Spirilu

2272 4522 2458 4570 sancto
2488 4530 2557 4570 ex
2595 4513 2764 4570 Maria
2799 4515 3028 4586 virgine.
3071 4515 3326 4587 Nunquid
3364 4529 3458 4570 nos
3493 4509 3592 4568 sic?
3625 4503 3706 4560 Nos
3726 4497 3767 4551 de

2190 4581 2246 4643 D
2272 4608 2443 4663 Adam
2473 4616 2528 4664 et
2556 4607 2665 4662 Eva
2693 4627 2706 4662 :
2737 4607 2828 4663 illa
2853 4581 2952 4679 per
2978 4581 3473 4679 concupiscentiam
3501 4600 3678 4661 carnis;
3709 4591 3766 4646 ίηθ

2271 4709 2453 4755 autem
2496 4715 2605 4756 non
2636 4716 2735 4771 per
2760 4701 2953 4771 ipsam.
3003 4699 3169 4755 Maria
3207 4702 3352 4757 enim
3379 4699 3522 4771 virgo
3545 4694 3642 4750 sine
3671 4680 3764 4739 Virili

2269 4791 2538 4862 amplexu,
2592 4792 2710 4847 sine
2759 4792 3212 4864 concupiscentiae
3261 4802 3392 4850 aestu
3428 4810 3440 4845 :
3478 4785 3687 4860 quoniam
3722 4787 3766 4828 ηε

2267 4893 2546 4955 pateretur
2593 4885 2735 4940 hunc
2756 4894 2950 4940 aestum
2987 4883 3110 4940 ideo
3152 4885 3200 4941 ei
3228 4884 3428 4942 dictum
3454 4889 3562 4937 est:
3602 4868 3764 4943 Spirim

2184 5013 2191 5021 .
2267 4988 2480 5030 sanctus
2509 4977 2830 5046 superveniet
2854 4977 2910 5030 in
2937 4985 3006 5044 le,
3034 4988 3081 5032 et
3115 4977 3276 5032 virtus
3311 4971 3540 5031 altissimi
3564 4959 3763 5021 obumbra'

2272 5068 2344 5122 bit
2371 5069 2463 5122 tibi
2491 5067 2642 5140 (Luc.
2683 5069 2746 5139 1).

2341 5137 2509 5234 Virgo
2546 5177 2675 5234 ergo
2703 5137 2869 5217 Maria
2902 5180 3007 5218 non
3037 5165 3328 5222 concubuit
3356 5172 3410 5218 et
3453 5149 3677 5224 concepit.
3700 5137 3761 5197 Sed

2269 5254 2500 5310 credidit
2537 5261 2594 5310 et
2631 5256 2899 5324 concepit.
2937 5255 3106 5312 Natus
3126 5266 3214 5313 est
3242 5256 3385 5312 enim
3419 5245 3634 5308 mortalis
3667 5245 3764 5292 mor-

2271 5349 2484 5405 talibus.
2515 5347 2694 5416 Quare
2731 5349 3010 5406 mortalis?
3037 5350 3171 5418 Quia
3224 5353 3278 5407 in
3303 5342 3662 5422 similitudinem
3682 5339 3762 5385 cal"

2269 5443 2355 5498 nis
2377 5442 2734 5512 peccati.Non
2752 5443 2805 5498 in
2821 5459 2989 5500 carne
3008 5445 3237 5514 peccati,
3263 5443 3353 5500 sed
3378 5443 3431 5496 in
3451 5425 3762 5514 similitudim

2268 5535 2442 5589 carnis
2468 5536 2684 5604 peccati.
2714 5535 2854 5603 Quid
2901 5513 3062 5593 habet
3091 5553 3220 5594 caro
3257 5531 3490 5608 peccati?
3528 5525 3708 5581 Mortem

2267 5593 2568 5696 peccatum.
2619 5593 2759 5692 Quid
2806 5626 2994 5682 habuit
3045 5593 3336 5684 similitu‘do
3380 5620 3545 5679 carnis
3581 5593 3762 5682 ρθεεθίίῗ

2265 5715 2493 5772 Mortem
2548 5718 2663 5773 sine
2705 5728 2950 5788 peccato.
3005 5720 3064 5774 Si
3093 5721 3315 5777 haberet
3363 5718 3630 5788 peccatum.
3673 5699 3760 5750 ⁸³η)

2267 5818 2412 5867 esset
2462 5809 2702 5880 peccati;
2754 5809 2802 5868 si
2859 5819 3086 5869 mortem
3145 5829 3250 5870 non
3311 5809 3548 5870 haberet.
3597 5796 3758 5852 1³0³⁸⁵⁸

3693 363 3759 420 ὶθθ
3842 346 3843 438 l

3855 2792 3857 2944 Ν
