3970 6306
83 465 94 478 .
180 419 301 475 297

1069 416 1437 476 EXPOSITIO
1473 416 1542 472 IN
1583 417 1734 472 EPP.
1779 415 2001 472 PAULI.
2044 447 2114 456 —
2151 415 2257 471 ΕΡ.
2298 417 2390 472 AD
2429 415 2596 472 ROM.

3371 415 3475 470 298

179 534 275 583 set
322 525 622 583 similitudo
659 525 840 584 carnis
869 527 1101 598 peccati.
1133 525 1282 583 Talis
1319 528 1469 584 venit
1512 526 1784 583 Salvator.
1817 531 1869 589 At
1893 524 2017 580 dum
2066 543 2274 581 carnem
2319 527 2570 594 vivamus,
2602 534 2733 591 etc.,
2773 542 2933 596 usque
2962 527 3053 592 ad,
3087 541 3192 581 non
3220 537 3344 582 sunt
3382 527 3478 583 lilii

179 617 380 684 Venit,
429 625 678 675 mortuus
710 626 816 687 est,
845 617 940 674 sed
979 627 1213 675 mortem
1243 617 1466 674 occidit.
1503 618 1708 674 Finivit
1735 618 1788 673 in

179 725 246 766 se
268 726 435 781 quam
459 709 803 768 timebamus.
837 707 1090 780 Suscepit
1113 707 1284 775 illam,
1309 716 1364 765 et
1387 708 1590 766 occidit
1618 708 1783 773 illam,

181 799 466 869 quomodo
491 815 738 856 summus
760 807 988 856 venator
999 798 1210 855 leonem
1233 799 1784 871 suscepitetnecavit.

185 891 338 947 Nam
363 893 644 963 prudentia
673 876 849 948 carnis
879 909 1019 947 mors
1040 901 1154 959 est;
1176 893 1459 964 prudentia
1485 902 1662 948 autem
1687 891 1788 963 spi-

185 986 351 1051 ritus,
398 986 504 1040 vita
543 993 592 1040 et
639 1001 766 1056 pax.
800 983 1117 1041 Viviﬁcabis
1162 1000 1263 1042 nos
1307 996 1364 1041 et
1396 999 1597 1041 nomen
1634 992 1786 1040 tuum

182 1077 585 1135 invocahimus.
600 1076 682 1133 Tu
699 1077 854 1133 nobis
875 1077 1048 1134 dulcis
1073 1079 1203 1144 eris,
1218 1086 1347 1143 etc.,
1376 1095 1539 1150 usque
1557 1078 1628 1133 ad
1648 1095 1786 1150 prte-

183 1167 809 1237 miumjustiﬁcatorum.
830 1167 1027 1239 (ld.,in
1043 1169 1179 1240 psal.
1210 1185 1378 1225 LXXIX
1419 1169 1726 1241 tom.lV,p.
1744 1186 1782 1238 ι,

183 1259 292 1316 col.
322 1259 459 1315 1027
481 1267 538 1315 et
563 1259 704 1332 seq.)

261 1351 796 1422 Quoniamsapientia
816 1352 992 1408 carnis
1021 1352 1234 1408 inimica
1263 1363 1338 1408 est
1369 1352 1644 1436 inDeum,
1682 1352 1785 1424 legi

182 1445 326 1500 enim
345 1444 445 1500 Dei
487 1461 592 1500 non
633 1444 930 1516 subjicitur,
967 1461 1060 1501 nec
1101 1447 1241 1502 enim
1263 1455 1449 1517 potest.
1496 1445 1607 1503 Nec
1655 1445 1784 1502 illud

183 1538 476 1610 quisquam
520 1553 620 1610 pro
679 1537 1116 1610 impossibilitate
1164 1553 1274 1594 non
1321 1539 1602 1610 peccandi,
1649 1550 1779 1607 etc.,

183 1647 350 1702 usque
382 1629 453 1686 ad
475 1645 600 1688 esse
629 1631 978 1688 manifestum
1001 1640 1103 1689 est.
1130 1632 1254 1705 (ld.,
1282 1649 1346 1688 ex
1373 1632 1462 1688 lib.
1494 1633 1558 1689 de
1581 1631 1711 1688 Nat.
1736 1643 1783 1688 et

182 1718 305 1789 Cr.,
331 1730 463 1779 tom.
485 1720 551 1790 Χ,
583 1738 640 1794 p.
660 1738 700 1790 ι,
731 1722 1008 1796 οο1.255.)

260 1811 352 1869 Sic
379 1821 557 1869 autem
591 1813 752 1880 dixit,
791 1815 1052 1872 mundum
1073 1831 1181 1874 non
1209 1831 1370 1888 posse
1391 1818 1638 1887 accipere
1664 1817 1787 1889 Spi-

1895 614 2011 670 Dei.
2046 615 2169 686 (ld.,
2200 615 2287 671 lib.
2329 617 2393 672 de
2421 618 2594 688 gratia
2618 626 2664 672 et
2689 614 2778 670 lib.
2806 615 3048 683 arbitrio,
3085 624 3217 672 tom.
3247 615 3314 683 X,
3352 633 3405 688 p.
3435 633 3476 684 ι,

1893 707 1996 763 col.
2029 708 2177 778 895.)

1963 797 2026 854 Si
2070 810 2244 856 autem
2271 802 2459 872 spiritu
2506 801 2646 872 facta
2668 803 2841 858 carnis
2886 803 3341 872 mortiﬁcaueritis,
3402 805 3469 859 vi-

1890 890 2034 944 vetis.
2095 891 2168 947 Ut
2225 893 2418 963 spiritu
2480 903 2664 950 nostra
2710 910 2897 966 opera,
2944 902 3074 960 etc.,
3123 912 3286 968 usque
3311 896 3380 950 ad
3425 904 3480 951 et

1890 978 2168 1038 lethaliter
2195 983 2508 1054 inﬁgantur.
2543 985 2666 1058 (ld.,
2692 1003 2849 1042 serm.
2873 988 2936 1043 de
2979 989 3314 1054 continentia,
3343 999 3476 1047 tom.

1895 1069 1977 1140 v1,
2008 1073 2113 1129 col.
2164 1074 2312 1145 557.)

1961 1163 2270 1238 Quicunque
2309 1169 2449 1223 enim
2494 1169 2696 1242 Spiritu
2716 1171 2815 1226 Dei
2860 1183 3090 1244 aguntur
3140 1174 3193 1228 hi
3233 1174 3330 1244 filii
3360 1187 3480 1231 sunt

1885 1257 2004 1312 Dei.
2039 1257 2158 1315 Non
2195 1275 2254 1316 se
2278 1260 2460 1333 itaque
2485 1263 2675 1319 fallant
2697 1265 2789 1336 qui
2816 1266 3024 1334 dicunt,
3059 1277 3190 1333 etc.,
3225 1285 3388 1340 usque
3413 1271 3482 1323 ad

1887 1350 2030 1421 quod
2081 1367 2186 1408 non
2212 1366 2558 1426 acceperunt.
2590 1357 2714 1429 (ld.,
2745 1357 2834 1413 lib.
2857 1359 2920 1414 dc
2942 1358 3158 1431 Corrcp.
3190 1371 3237 1415 ct
3271 1360 3479 1426 Gratia,

1889 1450 2021 1497 tom.
2060 1442 2125 1509 Χ,
2150 1460 2208 1515 p.
2242 1445 2296 1512 1,
2327 1447 2430 1502 col.
2459 1448 2608 1518 918.)
3359 1509 3368 1525 ,

1957 1533 2081 1590 Filii
2111 1535 2206 1593 Dei
2253 1541 2492 1609 quandiu
2539 1542 3024 1612 moraliter/etc.,
3061 1567 3224 1620 usque
3270 1551 3340 1604 ad
3387 1553 3484 1606 llll-

1886 1625 2152 1683 miliatum
2181 1629 2326 1687 Deus
2358 1647 2465 1688 non
2501 1637 2725 1706 spernit.
2779 1637 2900 1708 (ld.,
2932 1637 3238 1712 Enchirid.)

1957 1717 2075 1775 Non
2115 1720 2260 1776 enim
2294 1724 2388 1793 qui
2418 1725 2611 1795 spiritu
2641 1743 2738 1783 suo
2777 1739 3030 1797 aguntur,
3084 1731 3176 1786 sed
3219 1742 3484 1802 quotqtmt

1889 1809 2095 1882 Spiritu
2126 1812 2223 1868 Dei
2251 1823 2507 1884 aguntur,
2549 1817 2604 1872 hi
2627 1816 2724 1873 ﬁlii
2749 1829 2895 1886 sunt,
2929 1837 3037 1876 non
3063 1823 3191 1892 quia
3215 1824 3316 1892 ipsi
3351 1823 3485 1877 nihil

184 1905 351 1961 ritum
396 1913 666 1973 sanctum,
719 1905 861 1963 sicut
896 1907 1061 1964 etiam
1101 1908 1307 1966 dictum
1349 1918 1449 1974 est,
1495 1910 1782 1981 prudentia
1815 1914 1860 1975 Β
1889 1914 2075 1975 agunt.
2113 1905 2208 1962 50d
2246 1923 2313 1963 ne
2355 1907 2490 1964 nihil
2531 1909 2658 1964 boni
2701 1918 2864 1980 agant
2903 1913 3119 1968 abon0‘
3144 1923 3379 1984 aguntur
3427 1923 3487 1968 ut

183 1999 366 2056 carnis
411 1999 728 2056 inimicaest
756 1999 811 2055 in
834 1999 1022 2066 Deum,
1072 2000 1181 2073 legi
1228 2001 1374 2056 enim
1424 2002 1519 2057 Dei
1567 2019 1673 2059 non
1699 2012 1783 2060 est

182 2089 447 2161 subjecta,
477 2107 581 2150 nec
613 2091 759 2148 enim
789 2099 988 2164 potest.
1029 2091 1190 2150 Velut
1234 2094 1281 2150 si
1308 2095 1552 2150 dicamus
1591 2111 1608 2151 :
1642 2093 1784 2164 lnju-

181 2185 332 2242 stitia
358 2185 572 2257 justitia
596 2201 706 2242 non
726 2200 848 2242 esse
863 2193 1058 2257 potest.
1089 2185 1345 2242 Mundum
1373 2186 1570 2258 quippe
1585 2187 1661 2242 ait
1681 2188 1786 2244 hoc

181 2277 326 2346 loco,
367 2278 681 2351 signiﬁcans
709 2277 994 2336 dilectores
1028 2280 1213 2336 mundi
1244 2298 1256 2334 :
1289 2296 1410 2351 quae
1433 2281 1650 2337 dilectio
1675 2297 1784 2337 non

181 2378 269 2427 est
288 2386 319 2426 a
339 2369 522 2428 Patre.
552 2369 848 2427 Prudentia
871 2372 1045 2426 carnis
1067 2371 1281 2427 inimica
1297 2383 1371 2428 est
1395 2374 1450 2428 in
1467 2373 1656 2439 Deum,
1683 2373 1785 2446 legi

181 2464 324 2520 enim
343 2463 442 2520 Dei
462 2481 564 2520 non
584 2473 659 2520 est
681 2464 940 2536 subjecta,
969 2481 1062 2520 nec
1077 2464 1215 2520 enim
1241 2475 1428 2534 potest.
1459 2466 1594 2522 Cum
1637 2467 1784 2522 enim

183 2556 422 2614 éharitas
459 2555 636 2628 legem
677 2556 920 2629 impleat,
949 2567 1078 2624 etc.,
1115 2559 1358 2630 usquead
1397 2557 1598 2615 victum
1621 2574 1783 2630 pinna

182 2649 554 2721 consequitur.
591 2648 716 2721 (ld.,
759 2649 816 2703 in
849 2650 1172 2720 expositione
1203 2649 1457 2718 Epistola-
1483 2651 1553 2706 ad
1577 2647 1782 2719 Galat.,

181 2753 317 2802 tom.
340 2743 428 2811 Ill,
453 2760 508 2816 p.
542 2760 606 2811 ιι,
641 2743 744 2801 col.
775 2743 917 2800 2138
940 2752 995 2800 et
1026 2744 1168 2816 seq.)

258 2834 362 2902 Qui
399 2845 575 2891 autem
616 2837 672 2891 in
696 2853 855 2891 carne
887 2846 1031 2904 sunt,
1055 2834 1166 2892 Deo
1187 2835 1393 2908 placere
1418 2855 1522 2894 non
1543 2848 1778 2904 possunt.

189 2925 296 2983 Vos
316 2937 490 2984 autem
515 2929 571 2984 in
599 2943 756 2984 carne
781 2945 887 2984 non
908 2929 1052 2996 estis,
1077 2929 1168 2984 sed
1197 2930 1251 2986 in
1271 2931 1486 3002 spiritu.
1514 2931 1626 2987 Lex
1649 2947 1778 3003 pec-

182 3021 316 3089 cati,
349 3023 493 3094 quod
511 3022 848 3092 etiam,etc.,
877 3041 1041 3095 usque
1067 3026 1139 3081 ad
1158 3024 1253 3081 Dei
1281 3025 1490 3082 habitat
1519 3027 1575 3082 in
1605 3027 1777 3084 vobis.

183 3114 307 3186 (ld.,
331 3131 397 3172 ea:
418 3115 512 3172 lib.
536 3133 599 3185 ιι,
627 3115 693 3172 de
716 3117 855 3189 bapt.
883 3134 1054 3188 parv.,
1077 3125 1208 3174 tom.
1242 3117 1310 3185 X,
1341 3135 1395 3190 p.
1419 3135 1457 3186 ι,
1488 3119 1595 3176 col.
1629 3119 1778 3192 178.)

256 3205 325 3262 Et
354 3206 411 3263 in
441 3221 606 3264 carne
633 3222 842 3275 sumus,
860 3215 993 3275 etc.,
1018 3224 1181 3279 usque
1207 3208 1277 3262 ad
1304 3209 1624 3266 sentiamus.
1653 3208 1778 3281 (ld.,

182 3312 250 3351 ex
278 3306 433 3353 tract.
461 3297 596 3369 psal.
626 3313 760 3368 exn,
785 3308 916 3357 tom.
947 3299 1037 3367 1V,
1070 3314 1124 3370 p.
1157 3316 1220 3366 ιι,
1245 3300 1351 3357 col.
1382 3299 1570 3372 1475.)

258 3388 320 3446 Si
349 3390 467 3462 quis
510 3399 687 3448 autem
714 3392 957 3464 spiritum
981 3390 1177 3448 Christi
1217 3409 1323 3449 non
1348 3393 1522 3461 habet,
1555 3394 1640 3449 hic
1669 3410 1776 3450 non

181 3491 260 3538 est
299 3483 435 3554 ejus.
471 3482 586 3541 Hoc
609 3483 872 3542 Dominus
903 3486 1327 3553 commendavit,
1357 3494 1488 3551 etc.,
1527 3504 1689 3559 usque
1712 3489 1781 3543 ad

183 3587 297 3630 non
323 3581 405 3631 est
431 3573 565 3647 ejus.
590 3574 716 3648 (ld.,
737 3576 802 3632 ea:
817 3585 1047 3632 tractatu
1066 3593 1250 3648 evang.
1283 3592 1386 3632 sec.
1413 3575 1576 3633 Joan.
1607 3593 1779 3646 XXVII,

187 3672 324 3722 tom.
356 3665 440 3734 ll],
471 3683 526 3738 p.
558 3684 618 3735 ιι,
645 3667 748 3725 col.
786 3666 971 3742 1618.)

259 3757 323 3815 Si
348 3770 525 3816 autem
546 3759 790 3817 Christus
812 3763 866 3816 in
890 3761 1040 3817 nobis
1066 3771 1163 3830 est,
1197 3779 1385 3836 corpus
1405 3765 1615 3837 quidem
1649 3782 1784 3820 mor-

183 3858 334 3906 tuum
363 3858 437 3906 est
459 3860 671 3922 propter
702 3861 997 3923 peccatum,
1033 3853 1251 3924 spiritus
1276 3870 1396 3909 vero
1431 3855 1547 3910 vivit
1571 3865 1783 3926 propter

176 3943 628 4024 justiﬁeationent.
658 3943 855 4001 Anima
878 3943 991 4014 jam
1019 3945 1108 4016 pia
1136 3960 1256 4017 quae
1294 3946 1396 4000 fuit
1422 3946 1610 4018 impia,
1647 3959 1776 4014 etc.,

182 4054 346 4109 usque
375 4037 444 4094 ad
485 4037 736 4110 spiritum
766 4037 882 4108 ejus
912 4037 967 4093 in
1001 4038 1176 4094 vobis.
1211 4039 1336 4111 (ld.,
1365 4055 1428 4094 ex
1457 4039 1546 4093 lib.
1576 4039 1640 4094 de
1663 4039 1782 4094 Tri-

183 4130 337 4185 nitat.
366 4146 441 4198 tv,
476 4138 609 4188 tom.
640 4128 776 4198 VIII,
807 4129 914 4186 col.
937 4129 1042 4186 890
1074 4138 1130 4186 et
1153 4129 1298 4201 seq.)

255 4219 466 4293 Corpus
518 4221 665 4278 enim
707 4230 1016 4288 mortuum,
1073 4229 1204 4288 etc.,
1261 4236 1422 4292 usque
1463 4220 1532 4276 ad
1575 4219 1781 4278 habens

183 4311 446 4368 animam.
497 4312 625 4386 (ld.,
674 4329 740 4370 ex
792 4322 1021 4369 tractatu
1061 4312 1196 4384 psal.
1249 4327 1448 4382 Lxxxv,
1513 4321 1642 4369 tom.
1687 4313 1780 4381 ιν,

180 4420 238 4474 p.
285 4419 346 4470 ll,
389 4401 492 4458 col.
537 4401 722 4474 1094.)

257 4495 330 4552 Ut
361 4495 764 4554 evidentissime
780 4506 1209 4570 appareat,etc.,
1239 4515 1402 4570 usque
1429 4498 1499 4553 ad
1526 4499 1778 4570 spiritum

176 4586 301 4658 ejus
329 4586 386 4642 in
419 4587 592 4644 vobis.
626 4587 751 4659 (ld.,
776 4604 842 4643 ex
878 4587 970 4643 lib.
1003 4589 1068 4643 de
1095 4587 1254 4655 Bapt.
1304 4605 1477 4660 parm,
1530 4598 1662 4646 tom.
1708 4588 1778 4659 Χ,

173 4691 232 4747 p.
266 4693 310 4744 ι,
349 4675 454 4733 col.
492 4677 588 4732 111
623 4687 679 4735 et
709 4681 851 4750 seq.)

251 4773 598 4846 Distinguere
622 4782 802 4830 autem
828 4774 970 4830 inter
1006 4773 1149 4829 illam
1182 4775 1611 4846 generationem,
1646 4782 1776 4843 etc.,

175 4883 346 4938 usque
371 4866 442 4921 ad
471 4867 596 4924 inde
624 4876 710 4923 est
757 4866 901 4922 unde
940 4865 1205 4937 procedit.
1247 4864 1374 4937 (ld.,
1406 4865 1498 4920 lib.
1532 4882 1570 4921 ιι
1595 4875 1779 4942 contra

173 4961 562 5031 Maximinum,
584 4972 718 5020 tom.
752 4961 886 5030 Vlll,
909 4962 1016 5018 col.
1050 4961 1154 5017 770
1179 4970 1234 5017 ct
1263 4960 1402 5032 seq.)

252 5057 381 5114 Vita
401 5073 522 5130 qua:
548 5057 728 5114 fructu
752 5056 998 5128 corporis
1026 5054 1291 5111 delectata
1313 5054 1535 5125 negligit
1582 5057 1772 5123 Deum,

171 5150 477 5208 inclinatur
501 5150 571 5207 ad
613 5149 864 5217 nihilum,
907 5157 962 5205 et
988 5148 1093 5204 ista
1119 5156 1204 5203 est
1240 5146 1499 5218 nequitia.
1542 5145 1658 5203 Hoc
1681 5163 1776 5218 pa-

173 5258 272 5304 cto
319 5256 503 5304 autem
528 5245 641 5302 vita
669 5244 905 5303 carnalis
931 5253 988 5300 et
1016 5252 1234 5301 terrena
1248 5240 1497 5308 elﬁcitur,
1523 5250 1656 5308 etc.,
1689 5259 1778 5297 us-

170 5350 282 5413 que
328 5340 398 5395 ad
441 5354 590 5396 mors
625 5338 680 5394 in
721 5335 968 5393 victoria.
1009 5335 1136 5408 (ld.,
1182 5334 1272 5390 lib.
1326 5333 1391 5388 de
1425 5349 1546 5388 vera
1582 5331 1773 5403 Relig.,

174 5444 321 5491 tom.
358 5431 446 5501 lll,
488 5447 544 5504 p.
593 5447 632 5499 ι,
671 5429 775 5486 col.
807 5428 912 5484 152
937 5435 996 5485 et
1022 5426 1169 5500 seq.)

253 5526 405 5599 Ergo
453 5523 670 5597 fratres,
721 5532 853 5591 etc.,
899 5537 1076 5595 usque
1103 5521 1194 5589 ad,
1251 5519 1550 5578 cohazredes
1600 5529 1775 5575 autem

174 5619 406 5676 Christi.
436 5617 604 5691 Ergo,
627 5616 852 5684 fratres,
879 5623 1104 5686 accepto
1129 5613 1422 5688 adjutorio,
1457 5623 1590 5679 etc.,
1616 5627 1780 5683 usque

175 5711 254 5766 ad
306 5708 602 5766 cohteredes
651 5717 827 5764 autem
870 5705 1088 5763 Christi.
1129 5705 1251 5778 (ld.,
1306 5721 1464 5763 serm.
1507 5705 1572 5761 de
1614 5703 1778 5760 verbis

179 5812 386 5874 apost.,
422 5811 552 5859 tom.
587 5803 654 5868 V,
696 5817 751 5872 p.
777 5817 816 5868 ι,
842 5801 942 5858 col.
974 5800 1082 5856 252
1105 5808 1160 5856 ct
1185 5799 1325 5872 seq.)

263 5895 408 5968 Ergo
439 5897 631 5966 fratres
669 5897 926 5951 debitores
961 5912 1141 5949 sumus
1171 5911 1271 5948 non
1305 5891 1450 5948 carni
1505 5900 1560 5946 ut
1591 5906 1780 5946 secun-

522 5994 794 6054 l’srnOL.
843 5989 1069 6052 CXIX.

1889 2006 2070 2068 agant.
2103 1997 2237 2055 Nam
2263 2009 2414 2057 tanto
2439 2003 2612 2074 magis
2631 2002 2868 2059 efﬁcitur
2891 2005 3121 2075 quisque
3143 2006 3286 2062 ﬁlius
3310 2008 3486 2063 bonus

1887 2099 2091 2157 quanto
2138 2089 2339 2162 largius
2364 2093 2412 2149 ei
2445 2093 2606 2150 datur
2636 2109 2669 2149 a
2701 2093 2864 2150 Patre
2885 2097 3110 2166 spiritus
3153 2097 3345 2153 bonus.

1961 2183 2091 2241 Plus
2115 2194 2199 2242 est
2227 2187 2415 2257 procul
2445 2188 2632 2254 dubio,
2685 2198 2814 2254 etc.,
2875 2207 3038 2262 usque
3060 2193 3130 2246 ad
3155 2191 3295 2247 male
3323 2207 3483 2264 agere

1887 2292 1994 2334 non
2025 2285 2220 2349 potest.
2253 2278 2377 2351 (ld.,
2408 2279 2498 2334 lib.
2527 2279 2760 2337 Sentent.
2796 2279 3067 2353 Prosperi,
3095 2293 3223 2340 tom.
3256 2283 3322 2352 X,
3363 2302 3416 2357 p.
3444 2302 3484 2342 ιι

1886 2368 1991 2424 col.
2025 2369 2208 2442 1886.)

1963 2460 2087 2518 Non
2121 2463 2260 2519 enim
2298 2466 2568 2537 accepistis
2613 2468 2858 2538 spiritum
2887 2469 3148 2524 servitutis
3200 2470 3387 2524 iterum
3430 2469 3484 2523 in

1886 2557 2094 2624 timore,
2150 2567 2250 2614 etc.
2307 2558 2498 2616 Misisti
2555 2560 2805 2631 spiritum
2839 2567 3012 2627 tuum,
3065 2562 3345 2631 cooperuit
3391 2577 3484 2617 eos

1887 2669 2058 2721 mare,
2114 2663 2249 2722 etc.,
2296 2672 2460 2728 usque
2488 2658 2562 2711 ad
2605 2657 2724 2713 sine
2776 2657 3048 2727 adjutorio
3091 2656 3300 2727 gratize,
3351 2654 3482 2725 (ld.,

1885 2743 1979 2799 lib.
2031 2743 2234 2812 Quaest.
2286 2745 2343 2800 in
2386 2744 2558 2802 Exod.
2611 2761 2702 2816 qu.
2737 2745 3016 2822 55,\tom.
3066 2744 3151 2812 ΙΙΙ,
3185 2761 3238 2813 p.
3279 2762 3312 2810 ι,
3374 2745 3479 2801 col.

1887 2835 2040 2909 615.)

1959 2927 2028 2983 Et
2053 2927 2129 2984 illi
2153 2928 2246 3002 qui
2269 2930 2369 2987 sub
2393 2929 2511 3001 lege
2527 2939 2675 2996 sunt,
2707 2938 3015 3001 etc.,usque
3035 2928 3103 2981 ml
3127 2942 3224 2997 per
3248 2925 3485 2997 Spiritus

1889 3020 2062 3076 sancti
2103 3021 2325 3077 donum.
2359 3021 2489 3094 (ld.,
2519 3021 2610 3076 lib.
2635 3021 2700 3077 de
2733 3022 2920 3093 spiritu
2943 3029 2991 3075 et
3021 3019 3218 3086 littera,
3253 3028 3382 3075 tom.
3412 3017 3477 3083 Χ,

1888 3128 1942 3183 p.
1976 3128 2017 3179 ι,
2069 3111 2170 3169 col.
2225 3113 2331 3169 256
2372 3123 2429 3168 et
2473 3113 2614 3185 seq.)

1966 3203 2120 3261 Sicut
2145 3205 2292 3262 enim
2314 3213 2442 3261 sunt
2469 3206 2577 3262 duo
2602 3205 2850 3274 timores,
2885 3215 3015 3272 etc.,
3046 3225 3208 3280 usque
3230 3207 3299 3262 ad
3329 3206 3483 3277 quasi

1810 3279 1857 3344 C
1889 3312 1996 3354 non
2022 3297 2351 3368 acceperint.
2381 3297 2508 3369 (ld.,
2538 3307 2695 3353 tract.
2727 3297 2878 3354 85in
2906 3298 3068 3355 Joan.
3124 3279 3258 3356 tom.
3283 3297 3370 3368 lll,
3425 3309 3480 3370 p.

1887 3407 1947 3458 tt,
1982 3390 2088 3447 col.
2120 3391 2305 3465 1849.)

1957 3481 2126 3540 Nemo
2168 3483 2368 3542 invitus
2406 3485 2544 3542 bene
2565 3485 2696 3542 facit
2717 3486 2880 3542 etiam
2911 3486 2956 3541 si
2985 3484 3185 3542 bonum
3213 3493 3297 3541 est
3338 3483 3485 3555 quod

1885 3577 2038 3645 facit,
2093 3579 2220 3650 quia
2250 3578 2386 3635 nihil
2426 3580 2649 3650 prodest
2700 3578 2924 3650 spiritus
2969 3578 3181 3634 timoris
3231 3577 3322 3632 ubi
3374 3592 3482 3631 non

1886 3677 1970 3727 est
2016 3671 2242 3743 spiritus
2269 3671 2578 3728 charitatis.
2622 3669 2907 3724 Plenitudo
2935 3667 3070 3740 legis
3104 3666 3344 3724 charitas
3374 3675 3478 3733 est,

1885 3762 2010 3831 quia
2029 3777 2128 3832 per
2155 3760 2478 3817 charitatem
2507 3761 2593 3817 lex
2622 3760 2900 3830 impletur,
2941 3773 3046 3841 non
3075 3773 3173 3828 per
3207 3757 3480 3813 timorem.

1886 3855 1942 3909 ln
1984 3864 2195 3910 tantum
2219 3855 2365 3910 enim
2392 3854 2531 3910 ﬁunt
2562 3849 3091 3922 mandatajustitize,
3137 3850 3192 3904 in
3217 3858 3478 3920 quantum

1887 3945 2108 4016 adjuvat
2144 3947 2370 4019 spiritus
2418 3945 2628 4018 gratia}.
2680 3942 2996 3998 Mandatum
3027 3939 3124 3996 Dei
3157 3941 3203 3996 si
3255 3941 3479 4003 timore,

1885 4049 2016 4108 etc.,
2043 4056 2206 4112 usque
2245 4039 2315 4095 ad
2359 4038 2540 4095 radice
2589 4035 2853 4108 procedit.
2885 4033 3008 4107 (ld.,
3039 4033 3131 4088 tib.
3159 4031 3308 4088 Sent.
3345 4029 3482 4086 Pro-

1885 4131 2066 4203 (spcri,
2111 4139 2244 4188 tom.
2267 4130 2334 4197 Χ,
2373 4147 2427 4202 p.
2456 4145 2520 4198 ιι,
2543 4127 2646 4186 col.
2672 4126 2857 4199 1880.)

1958 4223 2066 4279 Sed
2087 4223 2356 4294 accepistis
2399 4223 2642 4294 spiritum
2666 4220 2964 4292 adoptionis
2999 4219 3255 4289 ﬁliorum,
3298 4219 3355 4274 in
3381 4235 3483 4289 quo

1885 4314 2176 4371 clamamus
2207 4314 2414 4382 ;Abba,
2439 4313 2621 4370 Pater.
2652 4311 2838 4381 Qualis
2865 4327 2954 4368 res
2967 4319 3052 4369 est
3077 4311 3123 4367 si
3140 4311 3334 4383 pignus
3375 4311 3485 4366 tale

1884 4416 2002 4474 est;
2038 4423 2138 4464 nec
2168 4408 2362 4480 pignus
2386 4406 2482 4464 sed
2507 4405 2672 4461 arrha
2693 4403 2920 4460 dicenda
2943 4411 3046 4459 est.
3091 4401 3296 4472 Pignus
3335 4401 3484 4456 enim

1885 4501 2102 4572 quando
2119 4501 2356 4572 ponitur,
2401 4515 2529 4556 cum
2556 4498 2721 4556 fuerit
2743 4513 2831 4553 res
2865 4496 2984 4567 ipsa
3012 4493 3243 4560 reddita,
3281 4493 3484 4566 pignus

1886 4595 2150 4650 aufertur.
2208 4595 2386 4650 Arrha
2423 4602 2603 4649 autem
2635 4591 2702 4657 de
2728 4589 2842 4660 ipsa
2868 4602 2932 4644 re
2951 4587 3111 4642 datur
3161 4600 3282 4656 qua:
3303 4585 3482 4640 danda

1887 4687 2246 4756 promittitur,
2287 4694 2349 4742 ut
2378 4701 2468 4742 res
2503 4683 2718 4755 quando
2739 4680 2982 4737 redditur
3003 4676 3293 4748 impleatur
3337 4677 3483 4746 quod

1889 4781 2074 4836 datum
2110 4789 2195 4836 est
2236 4795 2341 4836 non
2370 4787 2631 4834 mutetur.
2692 4773 2848 4842 Quod
2890 4780 3072 4827 autem
3113 4769 3328 4825 Marcus
3374 4783 3481 4825 non

1885 4871 2060 4927 solum
2092 4871 2272 4939 Pater,
2296 4879 2425 4935 etc.,
2454 4885 2616 4940 usque
2641 4866 2709 4920 ad
2732 4862 2879 4917 Abba
2901 4860 3083 4916 Pater.
3121 4859 3246 4932 (ld.,
3292 4859 3382 4913 lib.
3417 4859 3482 4913 de

1886 4962 2156 5019 Consensu
2177 4979 2358 5034 evang.
2389 4971 2519 5018 tom.
2547 4958 2630 5014 lll.
2656 4973 2709 5028 p.
2738 4971 2778 5019 ι,
2806 4951 2911 5009 col.
2941 4951 3127 5034 1166..)

1957 5035 2075 5106 Ipse
2113 5044 2198 5092 est
2231 5023 2336 5106 ι)θὶ
2374 5040 2584 5098 nostra,
2630 5023 2760 5092 etc.,
2814 5040 2977 5096 usque
3019 5023 3113 5078 ad
3138 5037 3291 5094 plene
3339 5038 3478 5094 epis,

1885 5129 2007 5203 (ld.,
2039 5131 2176 5200 psal.
2208 5129 2299 5196 88,
2325 5139 2453 5184 tom.
2483 5123 2575 5191 ιν,
2609 5139 2664 5194 p.
2691 5137 2752 5187 ιι,
2789 5119 2893 5175 col.
2941 5117 3073 5174 1121
3108 5127 3163 5172 et
3183 5117 3325 5188 seq.)

1954 5228 2070 5282 Duo
2097 5225 2262 5281 verba
2298 5219 2494 5293 posuit,
2525 5225 2656 5281 etc.,
2715 5229 2877 5285 usque
2915 5211 2984 5266 ad
3019 5211 3281 5266 unitatem
3316 5212 3483 5282 perti-

1883 5328 2056 5376 neret.
2111 5315 2236 5387 (ld.,
2289 5315 2345 5368 in
2387 5308 2525 5381 Exp.
2555 5306 2724 5378 Epist.
2783 5304 2852 5359 ad
2881 5300 3086 5363 Galat..
3140 5310 3269 5358 tom.
3307 5301 3394 5369 lll,
3421 5319 3476 5375 p.

1879 5429 1940 5483 ιι,
1991 5412 2094 5471 col.
2126 5408 2314 5480 2127.)

1957 5503 2079 5576 Ipse
2105 5499 2323 5574 spiritus
2345 5497 2515 5554 reddit
2535 5494 2889 5552 testimonium
2903 5489 3112 5563 spiritui
3137 5497 3317 5543 nostro
3341 5485 3481 5556 quod

1881 5615 2064 5656 sumus
2095 5595 2196 5667 ﬁlii
2219 5594 2334 5649 Dei.
2367 5589 2606 5648 Ecclesia
2632 5587 2848 5660 accipit,
2871 5593 3006 5651 etc.,
3039 5596 3201 5654 usque
3232 5579 3300 5636 ad
3327 5593 3480 5635 com-

1884 5692 2084 5750 munis.
2115 5687 2238 5760 (ld.,
2265 5702 2423 5742 serm.
2449 5683 2515 5740 de
2548 5681 2752 5753 blasph.
2780 5679 3010 5750 Spiritus
3032 5669 3247 5740 sancti.)

1960 5785 2020 5842 Si
2069 5757 2243 5838 autem
2271 5778 2394 5850 filii,
2460 5786 2507 5832 et
2539 5772 2794 5837 lueredes,
2839 5767 3068 5825 lurredes
3123 5760 3334 5834 quidem
3381 5757 3481 5812 Dei

1889 5866 2181 5937 cohteredes
2205 5881 2378 5930 autem
2405 5869 2618 5926 Christi.
2655 5865 2842 5937 Magna
2864 5853 3258 5919 benevolentia,
3284 5865 3480 5921 magna

2924 5957 2997 6016 10
