3970 6306
129 355 235 413 SOI

1006 361 1370 423 EXPOSITIO
1406 363 1476 422 IN
1514 365 1664 426 EPP.
1704 367 1934 427 PAULI.
1978 401 2047 412 --
2083 373 2193 430 ΕΡ.
2236 374 2328 430 AD
2365 373 2538 433 ROM.

3316 383 3422 444 302

205 466 352 524 Nam
374 485 506 541 quos
527 474 785 542 prwscioit
806 483 856 530 et
883 477 1273 546 prtedestinavit
1297 479 1590 551 conformat
1607 483 1727 553 ﬁeri
1751 487 1808 551 Α
1899 488 2217 558 Apostolum
2244 493 2465 549 beatum
2500 493 2804 553 audivimus
2840 497 3250 570 exhortantem,
3289 513 3419 572 etc.,

124 562 380 632 imaginis
401 560 536 618 Filii
570 565 676 632 sui,
704 575 758 620 ut
790 567 857 621 sit
887 568 998 639 ipse
1033 569 1407 642 primogenitae
1442 573 1499 629 in
1541 576 1722 632 multis

124 654 410 726 fratribus.
451 655 661 714 Inimici
707 659 963 717 Ecclesiae
999 663 1241 733 quolibet
1286 680 1473 724 errore
1517 683 1725 726 caecan-

125 756 239 812 tur,
268 757 400 814 etc.,
432 765 595 823 usque
637 753 707 808 ad
751 765 1074 827 eooperatur
1114 758 1170 814 in
1204 757 1427 816 bonum.
1457 761 1582 834 (ld.,
1624 763 1718 820 lib.

121 837 282 898 Sent.
307 840 579 914 Prospcri,
605 853 736 903 tom.
771 845 842 917 Χ,
864 858 1007 920 part.
1031 866 1096 918 ιι,
1117 850 1220 908 col.
1250 853 1434 926 1872.)

196 951 394 1010 Certus
415 964 649 1028 estergo
664 957 764 1014 Dei
784 961 1142 1030 prieseientia:
1165 963 1418 1020 deﬁnitus
1439 981 1716 1035 numerus,

120 1053 179 1100 et
206 1047 496 1103 multitudo
517 1059 853 1120 sanctorum,
882 1054 1081 1124 quibus
1115 1054 1466 1127 diligentibus
1509 1059 1679 1114 Deum
1699 1100 1715 1127 ,

117 1140 268 1208 quod
306 1139 388 1197 eis
429 1141 654 1198 donavit
694 1159 795 1216 per
841 1145 1094 1203 diﬁ’usum
1135 1149 1191 1203 in
1235 1149 1490 1206 cordibus
1530 1165 1718 1207 eorum

119 1226 388 1298 Spiritum
417 1241 690 1302 sanctum,
721 1237 899 1292 omnia
925 1248 1281 1309 cooperantur
1303 1240 1358 1294 in
1383 1240 1570 1296 bonum
1591 1283 1606 1309 ,
1637 1243 1718 1297 his

114 1329 209 1398 qui
237 1329 528 1385 secundum
555 1333 879 1404 propositum
915 1336 1084 1390 vocati
1109 1345 1252 1393 sunt.
1287 1335 1552 1404 Quoniam
1588 1355 1718 1409 quos

115 1429 240 1474 ante
260 1423 546 1492 prwscivit,
573 1432 621 1479 et
649 1425 1056 1495 praedestinavit,
1081 1429 1375 1498 conformes
1391 1429 1507 1499 ﬁeri
1531 1430 1718 1500 imagi-

113 1513 198 1567 nis
227 1512 362 1569 Filii
384 1515 490 1584 sui,
516 1517 706 1590 ut.ipse
739 1519 806 1573 sit
828 1519 1210 1591 primogenitus
1239 1522 1295 1575 in
1322 1521 1505 1576 multis
1534 1521 1718 1593 fratri-

114 1606 244 1662 bus.‘
280 1607 426 1674 Quos
471 1619 649 1666 autem
685 1612 1078 1683 praedestinavit
1110 1612 1250 1681 illos,
1279 1624 1328 1670 et
1365 1616 1584 1671 vocavit.
1618 1615 1719 1672 Hic

112 1699 411 1756 subaudire
432 1701 694 1759 debemus
713 1705 1012 1760 secundum
1026 1706 1387 1776 propositum.
1407 1705 1547 1762 Sunt
1570 1707 1718 1763 enim

111 1799 168 1845 et
193 1789 284 1846 alii
309 1792 507 1858 vocati,
538 1794 632 1848 sed
658 1809 767 1850 non
797 1793 978 1862 electi,
1011 1811 1075 1852 ac
1099 1810 1198 1867 per
1236 1798 1340 1852 hoc
1375 1813 1482 1853 non
1524 1813 1719 1854 secun-

1825 592 1990 649 usque
2009 579 2078 635 ad
2103 595 2226 637 eum
2247 582 2560 652 proﬁcimus
2584 588 2800 654 crescit,
2825 589 2944 660 (ld.,
2968 607 3152 659 serm.,
3173 593 3237 649 de
3257 595 3422 652 verbis

1825 672 2031 745 Apost.,
2066 685 2196 731 tom.
2223 676 2289 745 ν,
2319 688 2458 749 part.
2491 697 2531 747 1,
2558 681 2660 738 e01.
2694 681 2801 738 865
2821 692 2876 740 et
2897 685 3038 757 seq.)

1898 786 2004 853 Qui
2025 790 2183 845 etiam
2212 789 2356 848 Filio
2381 811 2476 849 suo
2514 798 2725 868 proprio
2773 816 2876 855 non
2920 803 3174 873 pepercit,
3202 805 3291 860 sed
3322 822 3416 876 pro

1827 879 1970 934 nobis
2001 883 2240 937 omnibus
2291 887 2512 940 tradidit
2559 887 2734 944 illum.
2777 890 2915 958 Quid
2957 894 3106 949 dabit
3151 897 3230 951 eis
3280 914 3415 968 quos

1822 971 2245 1038 praedestinavit,
2263 982 2397 1042 etc.,
2422 994 2585 1050 usque
2605 981 2673 1034 ad
2693 984 2896 1038 carnali
2919 988 3265 1056 corruptione
3291 992 3419 1045 sub-

1823 1063 2045 1118 stantia.
2074 1062 2199 1136 (ld.,
2218 1065 2311 1123 lib.
2341 1068 2407 1124 de
2427 1068 2580 1125 Civit.
2599 1071 2700 1128 Dei
2725 1090 2860 1144 χχιι,
2884 1085 3015 1133 tom.
3043 1077 3135 1134 VII
3179 1082 3281 1137 col.
3313 1083 3417 1140 796

1821 1164 1879 1210 et
1909 1156 2051 1227 seq.)

1891 1247 2046 1316 Quod
2077 1259 2258 1337 autem
2288 1269 2318 1308 a
2347 1254 2508 1313 Patre
2542 1258 2644 1313 sibi
2675 1259 2808 1316 dicit
2837 1261 3022 1319 datum
3045 1266 3270 1323 calicem
3292 1284 3417 1340 pas-

1821 1333 2268 1411 sionis,profecto
2309 1345 2438 1402 illud
2468 1356 2553 1404 est
2579 1351 2722 1420 quod
2737 1352 3156 1425 aitApostolus:
3189 1358 3248 1415 Si
3271 1333 3414 1418 Deus

1820 1449 1914 1504 pro
1928 1434 2098 1502 nobis,
2113 1439 2230 1507 quis
2243 1448 2425 1494 contra
2447 1458 2540 1496 nos
2556 1442 2581 1496 ?
2596 1442 2814 1514 (Ephes.
2831 1444 2908 1517 v).
2929 1447 3034 1514 Qui
3050 1448 3189 1505 Filio
3204 1455 3416 1524 proprio

1822 1542 1928 1581 non
1951 1532 2176 1598 pepercit
2206 1533 2298 1587 sed
2322 1550 2416 1600 pro
2443 1537 2592 1592 nobis
2623 1527 2862 1596 omnibus
2890 1545 3109 1600 tradidit
3136 1565 3276 1602 eum.
3306 1549 3416 1606 Ve-

1821 1633 1942 1673 rum
1977 1629 2169 1678 auctor
2197 1622 2382 1682 calieis
2404 1626 2566 1697 hujus
2609 1637 2694 1686 est
2737 1633 2902 1688 etiam
2945 1637 3037 1705 qui
3075 1636 3230 1694 bibit.
3265 1640 3416 1699 Unde

1819 1711 1963 1766 idem
1986 1712 2276 1784 Apostolus
2305 1718 2435 1774 item
2459 1721 2589 1776 dicit
2614 1741 2626 1776 :
2651 1721 2890 1781 Christus
2915 1727 3097 1784 dilexit
3118 1748 3212 1786 nos
3239 1742 3286 1787 et
3305 1742 3404 1789 tra-

1822 1803 1958 1859 didit
1985 1807 2212 1877 seipsum
2235 1826 2331 1880 pro
2357 1810 2506 1868 nobis
2529 1813 2843 1872 oblationem
2880 1829 2930 1874 et
2955 1805 3194 1878 hostiam.
3217 1823 3324 1880 Deo
3360 1827 3415 1883 in

113 1883 244 1938 dum
281 1885 621 1956 propositum
645 1888 842 1944 vocati.
870 1887 1018 1957 Quos
1045 1899 1227 1945 autem
1249 1891 1482 1958 vocavit,
1507 1892 1613 1948 boe
1632 1899 1716 1948 est
1743 1884 1795 1948 B
1824 1897 2037 1953 odorem
2069 1902 2368 1958 suavitatis.
2395 1904 2608 1962 Dictum
2628 1916 2710 1964 est
2730 1910 2874 1966 enim
2900 1912 2967 1969 ab
2989 1913 3248 1984 Apostolo
3272 1935 3284 1970 :
3309 1916 3414 1985 Qui

109 1977 415 2034 secundum
450 1980 787 2052 propositum
805 2023 820 2049 ,
849 1981 970 2038 illos
1002 1991 1052 2038 et
1068 1984 1386 2054 justi/icavit
1407 1998 1427 2037 :
1453 2001 1583 2058 quos
1611 2003 1711 2041 au-

109 2077 224 2121 tem
233 2069 572 2139 justiﬁcavit,
601 2072 724 2128 illos
764 2083 814 2128 et
847 2073 1184 2146 glori/ienuit.
1211 2075 1279 2132 Hi
1308 2085 1434 2133 sunt
1457 2077 1553 2134 ﬁlii
1581 2093 1712 2150 pro-

108 2160 424 2228 missionis,
459 2163 515 2218 bi
541 2173 669 2220 sunt
700 2165 880 2234 electi,
910 2168 1002 2239 qui
1031 2183 1132 2242 per
1158 2168 1482 2227 electionem
1522 2171 1711 2244 gratiae

106 2251 244 2308 salvi
290 2253 447 2310 ﬁunt.
491 2256 618 2314 Hice
648 2266 775 2314 sunt
816 2275 947 2317 vasa
993 2262 1385 2320 misericordia:
1414 2265 1470 2320 in
1514 2265 1709 2335 quibus

104 2343 253 2401 Deus
281 2345 446 2402 etiam
476 2362 574 2420 per
598 2365 728 2408 vasa
761 2350 856 2408 irae
903 2359 1062 2410 notas
1098 2353 1230 2410 fecit
1270 2355 1491 2411 divitias
1522 2356 1709 2427 gloria:

103 2451 242 2492 80$.

181 2526 325 2582 Nam
367 2546 500 2601 quos
543 2533 803 2602 praesciuit
828 2573 843 2600 ,
883 2542 934 2589 et
971 2536 1362 2606 praedestinavit
1411 2538 1706 2609 conformes

100 2620 224 2689 ﬁeri
249 2622 492 2693 imaginis
507 2621 640 2680 Filii
659 2626 762 2692 sui,
787 2637 845 2682 ut
869 2627 939 2682 sit
959 2628 1068 2699 ipse
1090 2631 1467 2703 primogenitus
1487 2633 1543 2688 in
1567 2634 1704 2689 mul-
1742 2628 1752 2638 ’

101 2711 170 2766 tis
199 2712 477 2787 fratribus.
507 2713 925 2776 Praedeslinatio
969 2728 1052 2776 est
1097 2723 1289 2794 gratiae
1335 2725 1699 2795 praeparatio,

101 2812 239 2870 etc.,
285 2823 445 2878 usque
491 2810 560 2863 ad
604 2812 1095 2881 praedestinationis
1143 2815 1388 2873 eﬁ‘ectus.
1446 2817 1582 2888 (ld.,
1640 2818 1706 2874 de

102 2896 288 2954 Paed.
320 2913 513 2971 sanct.,
544 2911 676 2960 tom.
709 2903 780 2974 Χ,
802 2915 948 2976 part.
972 2907 1013 2971 I,
1047 2906 1150 2963 col.
1181 2908 1286 2963 974
1310 2916 1366 2964 et
1396 2907 1540 2980 seq.)

176 3011 304 3070 Hac
326 3023 409 3071 est
430 3018 836 3089 praedestinatio
863 3028 1180 3078 sanctorum
1201 3063 1214 3089 ,
1248 3031 1379 3089 etc.,
1424 3038 1589 3095 usque
1631 3023 1700 3078 ad

98 3109 501 3180 relinquuntur.
557 3113 681 3185 (ld.,
732 3113 827 3171 lib.
876 3115 942 3171 de
990 3115 1141 3171 Dono
1186 3114 1424 3184 Persev.,
1464 3123 1597 3172 tom.
1628 3115 1696 3183 Χ,

97 3209 244 3272 part.
271 3218 330 3269 ιι,
367 3203 471 3260 col.
506 3205 690 3277 1011.)

171 3296 329 3362 Quod
353 3311 484 3369 ergo
507 3299 584 3354 ait
609 3300 1046 3371 praedestinatos,
1072 3310 1206 3368 etc.,
1234 3319 1398 3375 usque
1418 3303 1488 3358 ad
1520 3305 1692 3374 perti-

98 3396 215 3443 net.
244 3378 366 3459 (Ἰώ,
398 3389 490 3446 lib.
517 3391 584 3447 de
612 3390 764 3449 Civit.
800 3393 919 3462 Dei,
942 3410 1089 3462 χιιι,
1124 3403 1254 3451 tom.
1281 3394 1392 3462 VII,
1414 3396 1519 3452 eoi.
1545 3395 1692 3469 778.)

175 3503 320 3571 Quos
346 3514 519 3562 autem
543 3509 822 3578 praesciuit,
855 3517 988 3578 etc.,
1021 3527 1185 3582 usque
1213 3511 1283 3565 ad
1312 3527 1437 3567 cum
1471 3512 1587 3567 haec
1616 3512 1694 3567 di-

93 3585 272 3652 ceret.
299 3596 419 3667 (Id.,
442 3598 536 3655 lib.
568 3599 634 3654 de
655 3598 877 3656 Civitate
903 3616 1015 3667 xw,
1039 3609 1173 3656 tom.
1201 3601 1334 3685 Vili,
1363 3601 1470 3658 eoi.
1502 3600 1688 3671 i055.)

173 3710 484 3768 Secundum
514 3713 568 3770 id
596 3715 738 3786 quod
771 3715 1082 3787 unigenitus
1117 3725 1202 3774 est
1232 3731 1340 3774 non
1377 3717 1542 3773 habet
1580 3717 1690 3773 fra-

94 3815 240 3872 tres,
267 3806 562 3865 secundum
581 3807 634 3864 id
665 3815 846 3864 autem
868 3809 1011 3879 quod
1037 3809 1430 3880 primogenitus
1455 3815 1558 3876 est,
1581 3807 1687 3863 fra-

94 3909 214 3955 tres
242 3915 436 3956 vocare
467 3901 718 3973 dignatus
746 3909 833 3958 est
850 3916 1041 3957 omnes
1070 3902 1162 3973 qui
1194 3911 1318 3973 post
1359 3901 1476 3971 ejus
1500 3909 1554 3957 et
1589 3916 1688 3973 per

90 3990 214 4062 ejus
242 3993 534 4064 primatum
557 3994 612 4048 in
639 3992 733 4049 Dei
768 3994 999 4064 gratiam
1036 4003 1392 4050 renascuntur
1426 4007 1522 4064 per
1558 3991 1687 4048 ado-

88 4086 339 4158 ptionem
381 4086 647 4153 ﬁliorum,
682 4087 822 4142 sicut
861 4085 1157 4156 apostolica
1207 4084 1492 4156 disciplina
1538 4099 1686 4141 com-

88 4179 340 4235 mendat.

165 4272 276 4327 Ista
299 4271 466 4344 igitur
495 4289 592 4330 sua
622 4273 762 4330 dona
783 4317 798 4342 ,
832 4283 962 4344 etc.,
997 4291 1162 4347 usque
1193 4274 1264 4330 ad
1291 4282 1375 4331 est
1406 4274 1683 4346 praedesti-

83 4380 247 4420 nare.
279 4364 404 4436 (ld.,
435 4364 530 4422 lib.
557 4365 622 4421 de
651 4365 799 4421 Dono
823 4383 1044 4437 persev.,
1068 4373 1200 4422 tom.
1223 4365 1290 4433 Il,
1319 4381 1447 4437 pars
1468 4383 1508 4422 ιι
1529 4407 1547 4434 ,
1575 4367 1679 4423 col.

85 4455 233 4514 1018
265 4464 322 4512 et
356 4455 495 4530 seq.)

167 4551 313 4616 Quos
336 4560 509 4604 autem
530 4549 941 4620 praedestinavit,
972 4558 1104 4616 etc.,
1149 4565 1321 4621 usque
1350 4551 1418 4605 ad
1460 4550 1565 4606 imo
1593 4552 1682 4622 qui

1814 2004 1903 2045 me
1949 1990 2163 2058 dilexit,
2193 2001 2328 2062 etc.,
2374 2013 2538 2070 usque
2581 2002 2651 2055 ad
2679 2001 2895 2060 laudem
2942 2008 3150 2078 gratiae.
3201 2009 3324 2080 (ld.,
3361 2013 3414 2068 in

1811 2083 2003 2153 psalm.
2031 2101 2155 2155 va,
2188 2097 2320 2145 tom.
2347 2090 2438 2159 IV,
2465 2103 2609 2164 part.
2640 2112 2680 2163 ι,
2712 2098 2816 2154 col.
2848 2099 2996 2174 795.)

1884 2199 2158 2267 Quomodo
2189 2221 2296 2260 non
2319 2209 2481 2263 etiam
2505 2219 2626 2266 cum
2664 2211 2756 2268 illo
2783 2217 2960 2273 omnia
2984 2219 3132 2288 nobis
3157 2221 3413 2288 donavit?

1810 2295 1950 2367 Quid
1981 2299 2084 2357 sibi
2111 2301 2226 2358 vult
2253 2304 2397 2374 quod
2423 2321 2547 2364 cum
2569 2307 2735 2365 Pater
2761 2311 2987 2380 diceret,
3015 2284 3094 2378 Tu
3117 2285 3320 2380 mecum
3359 2335 3412 2373 es

1809 2407 2027 2463 semper,
2047 2393 2285 2450 addidit:
2303 2395 2372 2452 Et
2393 2415 2511 2453 mea
2540 2401 2717 2456 omnia
2733 2411 2823 2456 tua
2837 2412 2959 2458 sunt
2973 2404 2998 2456 ?
3015 2412 3143 2470 etc.,
3162 2423 3324 2478 usque
3339 2414 3409 2462 ad

1808 2484 2196 2574 dominandum
2221 2487 2501 2547 inferiora.
2527 2491 2651 2565 (ld.,
2679 2494 2775 2550 lib.
2803 2495 3006 2563 Quaest.
3031 2496 3233 2574 Evang.
3259 2517 3406 2570 LXIX,

1808 2581 1941 2631 tom.
1974 2573 2068 2644 VI,
2094 2576 2200 2634 col.
2232 2577 2301 2638 71
2327 2589 2384 2637 et
2409 2583 2552 2654 seq.)

1879 2688 2012 2755 Quis
2038 2692 2306 2748 accusabit
2327 2694 2580 2751 adversus
2601 2702 2787 2754 electos
2810 2698 2913 2756 Dei
2930 2701 2954 2755 ?
2971 2700 3115 2760 Deus
3137 2704 3228 2774 qui
3243 2703 3407 2776 justi-

1803 2781 1970 2851 ﬁcat?
2001 2782 2135 2849 Quis
2165 2795 2240 2842 est
2268 2787 2360 2859 qui
2384 2790 2716 2859 condemnet,
2747 2799 2882 2862 etc.,
2923 2793 3268 2870 Quaecunque
3308 2815 3406 2855 au-

1805 2880 1916 2930 tem
1944 2874 2012 2932 de
2041 2876 2312 2949 ambiguis
2337 2879 2778 2941 distinctionibus
2801 2885 3056 2954 diximus,
3087 2896 3216 2960 etc.,
3240 2905 3404 2963 usque

1805 2967 1875 3022 ad
1889 2968 2064 3025 solvat
2088 2969 2371 3044 inspectio.
2396 2973 2521 3046 (ld.,
2545 2973 2638 3033 lib.
2663 2977 2728 3033 de
2738 2976 2893 3034 Doct.
2915 2977 3134 3050 Christ”
3156 2993 3287 3056 tom.
3309 2982 3401 3056 III,

1802 3069 1945 3132 part.
1977 3078 2016 3126 ι,
2043 3061 2147 3118 col.
2180 3063 2249 3119 67
2270 3073 2326 3122 et
2356 3067 2496 3138 seq.)

1875 3152 1981 3220 Qui
2018 3164 2094 3211 est
2145 3157 2214 3212 ad
2269 3157 2541 3222 dexteram
2584 3159 2706 3228 Dei,
2741 3165 2832 3235 qui
2882 3166 3041 3222 etiam
3103 3168 3397 3241 interpellat

1723 3257 1772 3323 ο
1799 3261 1895 3317 pro
1931 3244 2100 3302 nobis.
2131 3244 2306 3322 Caput
2332 3257 2581 3308 nostrum
2604 3252 2671 3307 ad
2709 3252 2990 3312 dexteram
3019 3255 3199 3329 Patris
3229 3259 3398 3316 inter-

1794 3336 1981 3408 pellat,
2038 3346 2169 3405 etc.,
2229 3357 2395 3413 usque
2437 3341 2508 3396 ad
2553 3343 2893 3402 voluntatem
2937 3358 3128 3406 mutat.
3183 3350 3307 3424 (ld.,
3340 3355 3398 3410 in

1792 3429 1932 3499 psal.
1964 3445 2117 3498 LVIII,
2152 3437 2284 3490 tom.
2315 3431 2406 3502 IV,
2434 3442 2580 3506 part.
2607 3452 2648 3505 ι,
2677 3437 2781 3493 col.
2811 3439 2907 3496 711
2937 3450 2992 3498 et
3021 3429 3164 3516 seq.)

1866 3522 1998 3590 Quis
2028 3541 2122 3581 nos
2152 3525 2420 3596 separabit
2457 3544 2492 3582 α
2521 3529 2780 3585 charitate
2801 3531 2948 3588 Dei'?
2997 3533 3289 3600 Tribulatio
3321 3557 3391 3597 an

1792 3617 2062 3687 angustia,
2115 3635 2187 3672 an
2244 3620 2561 3689 persecutio,
2602 3639 2673 3677 an
2728 3623 2916 3693 fames,
2947 3643 3018 3682 an
3056 3630 3293 3704 auditas,
3318 3650 3390 3688 an

1790 3705 2040 3777 gladius?
2071 3707 2209 3781 Spes
2231 3725 2351 3781 quae
2373 3711 2462 3767 hic
2478 3721 2581 3777 est,
2599 3713 2667 3767 ad
2685 3712 2952 3782 justitiam
2968 3719 3225 3792 pertinet,
3251 3731 3384 3790 etc.,

1790 3814 1954 3868 usque
1980 3799 2050 3852 ad
2072 3800 2194 3869 quis
2221 3809 2413 3865 contra
2441 3817 2562 3858 nos.
2593 3802 2718 3872 (ld.,
2748 3821 2907 3860 serm.
2938 3807 3003 3862 de
3026 3810 3165 3864 verb.
3197 3812 3382 3883 Apost.

1791 3887 1879 3954 16,
1912 3896 2042 3944 tom.
2075 3890 2136 3954 V,
2163 3899 2306 3962 part.
2345 3908 2387 3961 ι,
2415 3893 2518 3949 col.
2551 3894 2704 3969 866.)
2986 3962 2988 3964 ,
3099 3957 3109 3967 .

1859 3975 2008 4034 Sicut
2058 3983 2309 4051 scriptum
2351 3992 2424 4038 est
2449 3998 2467 4036 .'
2496 3983 2638 4052 Quia
2679 3997 2895 4058 propter
2922 3999 2970 4045 te
2996 3993 3383 4064 mortiﬁcamur

1788 4079 1898 4127 tota
1926 4071 2010 4127 die
2036 4088 2054 4128 :
2080 4073 2325 4128 wstimati
2346 4091 2527 4132 sumus
2561 4079 2696 4132 sicut
2748 4096 2865 4146 oves
2907 4083 3200 4140 occisionis.
3228 4085 3381 4144 Psal-

1785 4178 1908 4220 mus
1958 4163 2062 4220 iste
2111 4164 2239 4222 ﬁliis
2265 4165 2444 4223 Chore
2469 4167 2694 4237 dicitur,
2720 4179 2855 4240 etc.,
2885 4189 3047 4245 usque
3076 4175 3145 4230 ad
3169 4178 3387 4256 occulta.

1786 4255 1988 4311 cordis.
2027 4255 2152 4327 (ld.,
2185 4273 2251 4312 ea;
2272 4267 2504 4314 tractatu
2527 4261 2665 4332 psal.
2706 4279 2852 4334 κων,
2887 4273 3016 4322 tom.
3042 4266 3133 4338 IV,
3166 4279 3307 4341 part.
3339 4290 3379 4342 ι,

1787 4347 1890 4404 col.
1919 4347 2027 4404 495
2053 4357 2110 4404 et
2138 4347 2263 4418 912,
2291 4359 2346 4406 et
2367 4349 2512 4424 seq.)

1855 4461 2198 4529 Quresierunt
2227 4473 2498 4538 martyres
2532 4465 2813 4526 Christum
2863 4472 3190 4544 conﬁtendo,
3242 4483 3370 4544 etc.,

1787 4571 1950 4626 usque
1977 4556 2046 4610 ad
2071 4571 2160 4612 me
2184 4557 2381 4627 perdes
2405 4567 2461 4614 et
2489 4567 2560 4614 te.
2594 4560 2718 4632 (ld.,
2762 4579 2918 4618 serm.
2947 4565 3004 4619 in
3045 4565 3212 4630 natali
3231 4584 3370 4622 mar-
3472 4580 3474 4583 '

77 4657 128 4698 et
181 4644 489 4698 resurrexit.
543 4643 647 4698 Ista
704 4643 1074 4715 sanctiﬁcatio
1119 4644 1437 4700 conceditur
1491 4643 1680 4713 iustis,
1710 4633 1760 4694 Ι)
1789 4656 1982 4719 tyrum,
2012 4657 2144 4705 tom.
2173 4648 2239 4716 ν,
2269 4660 2410 4722 part.
2437 4668 2478 4719 I,
2508 4653 2771 4710 001.1459
2793 4664 2847 4711 et
2871 4659 3012 4728 seq.)

75 4734 203 4801 sed,
239 4741 372 4801 etc.,
402 4750 563 4805 usque
586 4733 656 4788 ad
677 4741 733 4788 et
762 4732 1185 4790 tribulationum.
1219 4734 1346 4806 (ld.,
1377 4735 1432 4790 in
1457 4736 1593 4805 psal.
1624 4751 1677 4802 v,

75 4835 220 4880 tom.
250 4821 342 4889 IV,
369 4832 509 4894 part.
541 4840 584 4891 ι,
613 4823 716 4880 col.
743 4821 858 4897 89.)

159 4914 255 4971 Sic
303 4915 451 4970 enim
491 4915 560 4972 ad
600 4925 894 4982 aeternam,
921 4924 1055 4982 etc.,
1097 4932 1260 4988 usque
1290 4917 1358 4970 ad
1392 4917 1675 4989 gioriﬁcat.

73 5010 212 5083 (ld.,
237 5010 295 5064 in
318 5009 456 5081 psal.
485 5024 572 5078 CL,
602 5018 730 5066 tom.
761 5009 852 5077 IV,
878 5017 1021 5080 part.
1049 5025 1110 5077 ιι,
1141 5010 1246 5066 col.
1275 5010 1414 5066 1962
1450 5020 1505 5068 et
1538 5013 1678 5087 seq.)

149 5101 524 5174 lntelligamus
551 5117 681 5174 ergo
710 5102 1080 5168 vocationem,
1103 5109 1233 5168 etc.,
1257 5118 1419 5174 usque
1440 5102 1509 5156 ad
1531 5102 1677 5174 ipsos

67 5204 132 5254 et
159 5193 506 5266 gloriﬁcavit.
535 5195 657 5267 (ld.,
694 5195 789 5252 lib.
826 5196 891 5250 de
919 5193 1179 5251 Prwdest.
1209 5204 1402 5261 sanct.,
1435 5205 1563 5253 tom.
1591 5195 1641 5251 Χ
1661 5237 1676 5264 ,

65 5294 227 5361 part.
261 5301 304 5353 1,
333 5285 436 5342 col.
461 5284 566 5342 985
589 5294 646 5341 et
667 5287 810 5358 seq.)

149 5377 319 5434 Novit
347 5379 609 5437 Dominus
642 5381 735 5452 qui
765 5389 892 5437 sunt
915 5380 1056 5454 ejus,
1089 5389 1223 5448 etc.,
1251 5398 1416 5455 usque
1439 5383 1507 5438 ad
1550 5383 1675 5454 quis

64 5482 274 5534 contra
320 5475 454 5531 nos?
501 5474 624 5548 (ld.,
675 5483 906 5532 tractatu
951 5476 1092 5534 verb.
1144 5476 1354 5547 Apost,
1403 5483 1533 5533 tom.
1596 5477 1640 5534 ν

60 5577 222 5645 part.
261 5585 304 5636 ι,
335 5571 441 5626 col.
466 5571 573 5628 862
598 5578 652 5628 et
677 5572 822 5642 seq.)

143 5662 410 5720 Omnium
435 5664 651 5735 quidem
680 5665 942 5722 bonorum
970 5664 1231 5732 ﬁdelium,
1254 5672 1387 5730 etc.,
1421 5680 1582 5736 usque
1603 5663 1672 5717 ad

63 5760 124 5814 in
157 5758 270 5812 hoc
303 5757 498 5814 szeculo
522 5760 830 5824 timeamus,
857 5758 978 5828 (ld.,
1009 5776 1162 5813 serm.
1195 5759 1258 5813 (le
1288 5757 1453 5813 natal.
1488 5767 1669 5823 mart.,

66 5861 214 5906 tom.
263 5847 323 5916 γ,
355 5859 493 5918 part.
529 5868 563 5918 ι,
591 5851 691 5909 col.
722 5852 857 5907 1167
885 5861 940 5907 et
969 5854 1106 5921 seq.)

1861 4742 1967 4798 Sed
2019 4744 2073 4796 in
2120 4743 2204 4798 his
2231 4746 2472 4800 omnibus
2513 4761 2822 4818 superamus
2866 4759 3078 4820 propter
3123 4768 3240 4806 eum
3285 4756 3379 4826 qui

1787 4838 1969 4893 dilexit
1993 4854 2104 4893 nos.
2133 4837 2340 4895 Praeter
2361 4840 2478 4896 haec
2506 4849 2686 4897 autem
2715 4841 2856 4895 mala
2881 4842 3040 4912 hujus
3072 4845 3214 4914 vitae,
3240 4856 3344 4904 etc.
3363 4891 3378 4918 ,

1787 4948 1951 5004 usque
1972 4933 2041 4986 ad
2073 4948 2194 4989 esse
2210 4933 2554 4990 damnatam.
2587 4934 2710 5008 (ld.,
2743 4934 2837 4992 lib.
2892 4937 2957 4992 de
2987 4935 3209 4997 Civitate
3258 4943 3371 5008 Dei,

1789 5034 1920 5082 tom.
1948 5025 2060 5094 VII,
2096 5026 2199 5083 col.
2231 5027 2334 5085 787
2354 5036 2411 5084 et
2439 5030 2582 5101 seq.)

1853 5141 2039 5199 Certus
2065 5160 2185 5199 sum
2231 5146 2393 5212 enim,
2421 5153 2553 5212 etc.,
2583 5161 2758 5217 usque
2782 5147 2851 5203 ad
2899 5149 3126 5207 Domino
3167 5162 3369 5212 nostra.

1779 5234 2077 5292 Audiamus
2096 5251 2226 5310 ergo
2255 5252 2416 5308 quem
2438 5237 2601 5295 ﬁnem
2634 5240 2922 5309 bonorum,
2953 5252 3081 5310 etc.,
3118 5262 3283 5318 usque
3303 5247 3374 5301 ad

1776 5344 2018 5401 praesens
2039 5339 2140 5387 est.
2160 5331 2286 5402 (ld.,
2300 5330 2394 5388 lib.
2412 5332 2476 5386 de
2491 5330 2726 5388 Moribus
2749 5333 2847 5391 Ec.
2865 5337 3158 5406 catholicas,
3177 5345 3316 5398 tom.
3331 5337 3371 5405 l,

1779 5423 1884 5481 col.
1915 5425 2105 5495 4519.)

2407 5540 2637 5599 CAPUT
2675 5541 2766 5598 IX.

1859 5659 2144 5714 Veritatem
2166 5658 2421 5714 dico......
2454 5659 2510 5715 in
2535 5659 2753 5714 swcula.
2788 5660 2971 5714 Amen.

1853 5753 1991 5818 Quid
2042 5758 2217 5817 potest
2265 5751 2629 5808 abundantius
2683 5752 2831 5808 dici?
2884 5752 3021 5821 Quid
3059 5751 3369 5824 expressius

1781 5845 2085 5903 declarari?
2106 5844 2242 5914 Quid
2268 5846 2510 5901 sanctius
2533 5845 2941 5902 commendari?
2967 5847 3096 5914 Quae
3119 5857 3198 5902 est
3227 5844 3364 5900 enim
