3970 6306
645 377 753 435 505

1856 366 2061 426 FLORI
2092 365 2368 426 DIACONI
2405 365 2718 424 MONACHI
3735 377 3788 431 ξω

637 493 857 566 adoptio
885 489 1251 547 lsraelitarum
1278 486 1377 542 nisi
1407 498 1504 555 per
1527 482 1722 538 Filium
1751 481 1872 550 Dei,
1899 491 2028 549 etc.,
2061 498 2240 554 usque,
2269 499 2326 559 Α
2419 481 2604 552 Neque
2624 479 2770 536 enim
2795 479 2958 536 habet
2977 479 3141 535 ullam
3166 480 3565 547 cunctationem,
3587 489 3684 549 etc.,
3702 503 3792 556 usque

639 587 712 641 ad
743 585 1034 640 anathema
1062 580 1151 637 sit.
1184 578 1306 648 (ld.,
1335 584 1518 631 contra
1561 572 1828 628 Faustum
1873 571 2232 627 Manichwum

641 687 775 735 tom.
809 673 943 742 Vlll,
967 672 1070 730 col.
1103 670 1210 726 255
1235 677 1290 724 et
1317 666 1459 738 seq.)

713 752 807 826 Sic
828 782 960 838 ergo
983 763 1226 837 pepercit
1248 761 1324 817 illi
1354 760 1499 832 genti
1539 769 1616 824 ut,
1671 767 1802 827 etc.,
1836 775 1998 831 usque
2023 758 2092 814 ad
2113 774 2237 830 pro-

641 872 765 936 pter
787 862 985 934 ipsum.
1017 857 1140 932 (ld.,
1167 856 1223 912 in
1265 853 1401 926 psal:
1428 867 1637 922 Lxxvn,
1691 861 1825 910 tom.
1869 851 1957 918 Ν,
2008 861 2151 923 part.
2195 868 2233 917 1,

639 954 749 1020 ωι.
781 953 904 1010 997.
914 963 934 1023 )

714 1047 774 1105 Si
801 1061 909 1102 non
952 1044 1162 1116 Moyses
1207 1041 1412 1100 electus
1457 1041 1574 1111 ejus
1618 1040 1880 1107 stetisset,
1915 1047 2040 1104 etc.,
2075 1054 2237 1109 usque

643 1141 712 1198 ad
739 1137 1077 1210 disperderet
1103 1150 1218 1193 eos.
1245 1134 1370 1206 (ld.,
1395 1135 1451 1189 in
1461 1133 1602 1203 psal.
1631 1148 1716 1199 ογ,
1742 1139 1874 1188 tom.
1899 1128 1988 1197 IV,
2007 1138 2152 1201 part.
2173 1146 2232 1194 ιι,

640 1248 746 1289 cor.
781 1229 970 1303 1412.)

709 1323 806 1381 Ille
858 1338 992 1397 ergo
1033 1337 1130 1380 rex
1175 1321 1292 1393 ejus
1337 1321 1452 1394 qui,
1507 1329 1640 1388 etc.,
1689 1336 1850 1391 usque
1877 1319 1947 1374 ad
1974 1317 2232 1373 Dominus

638 1417 834 1475 David.
864 1414 1225 1490 (ld.,inpsal.
1256 1429 1367 1483 1.111,
1401 1423 1534 1471 tom.
1563 1413 1653 1480 IV,
1704 1421 1843 1484 part.
1896 1429 1938 1478 1,
1984 1411 2087 1466 col.
2132 1411 2231 1466 751

638 1519 694 1568 et
719 1510 864 1583 seq.)

710 1606 971 1676 Quamvis
1024 1619 1128 1663 nec
1165 1607 1246 1662 sic
1297 1604 1517 1677 quidem
1566 1602 1788 1676 (inquit)
1827 1602 2070 1673 dignum,
2101 1609 2231 1666 etc.,

639 1715 802 1771 usque
849 1698 918 1753 ad
977 1698 1043 1754 de
1097 1695 1307 1767 virgine
1355 1700 1692 1750 nasceretur.
1743 1691 1869 1765 (ld.,
1926 1691 2018 1746 lib.
2053 1696 2236 1744 contra

638 1791 907 1848 Faustum
932 1788 1312 1855 Manichwum,
1337 1797 1471 1843 tom.
1497 1784 1638 1853 Vill,
1675 1784 1780 1841 col.
1801 1782 1908 1839 257
1935 1791 1994 1837 et
2019 1781 2162 1852 seq.)

2341 574 2410 630 ad
2452 574 2566 631 sive
2593 572 2722 630 boni
2750 571 2864 628 sive
2895 566 3046 628 mali.
3077 570 3202 643 (ld.,
3233 571 3328 628 lib.
3367 575 3426 626 de
3461 568 3618 627 Genesi
3649 576 3697 629 ad
3718 576 3792 631 liue-

2339 683 2476 734 ram,
2508 675 2641 722 tom.
2667 663 2755 734 Ill,
2778 673 2923 737 part.
2952 681 2994 732 1,
3016 663 3123 721 col.
3146 663 3298 737 545.)

2412 759 2545 828 Quis
2595 772 2758 829 porro
2801 766 2912 813 tam
2957 756 3123 829 impie
3171 755 3429 828 desipiat,
3473 765 3528 813 ut
3567 759 3691 824 dicat,
3721 775 3791 828 etc.,

2340 869 2502 925 usque
2514 851 2584 905 ad
2605 851 2662 908 in
2678 850 2908 907 Domino
2926 849 3206 922 glorietur.
3233 847 3354 919 (ld.,
3371 847 3632 918 Enchirid.,
3648 859 3737 908 tom.
3749 857 3794 922 l'l,

2340 943 2446 1000 col.
2479 942 2586 998 277
2615 951 2672 999 et
2699 940 2842 1012 seq.)

2411 1033 2565 1090 Multi
2604 1033 2673 1089 de
2715 1033 2822 1088 isto
2857 1031 3125 1104 profundo
3170 1041 3470 1105 quaerentes
3499 1033 3683 1090 reddere
3707 1038 3795 1090 ratio-

2340 1142 2482 1191 nem,
2511 1133 2642 1193 etc.,
2670 1138 2834 1196 usque
2861 1123 2931 1179 ad
2956 1122 3043 1179 vel
3072 1123 3200 1180 boni
3224 1123 3310 1180 vel
3329 1123 3473 1180 mali.
3494 1123 3603 1196 (ld.,
3623 1143 3794 1193 serum",

2339 1220 2404 1274 de
2435 1215 2578 1273 verb.
2606 1213 2868 1287 Apostoli,
2901 1223 3030 1270 tom.
3066 1215 3134 1281 γ,
3162 1223 3306 1286 part.
3345 1231 3384 1284 1,
3420 1215 3516 1271 col.
3549 1217 3634 1272 905
3663 1227 3702 1272 et
3723 1225 3796 1288 seq.)

2413 1306 2483 1362 Ut
2519 1305 2805 1362 secundum
2840 1305 3142 1362 electionem
3176 1308 3494 1378 propositum
3529 1306 3613 1362 Dei
3642 1322 3795 1372 maneret,

2340 1415 2445 1454 non
2469 1415 2535 1454 ea:
2561 1398 2825 1470 operibus,
2854 1397 2944 1453 sed
2984 1414 3049 1453 ea:
3073 1407 3290 1452 vocante
3319 1398 3506 1453 dictum
3531 1410 3612 1464 est,
3633 1402 3721 1470 quia
3736 1419 3796 1454 ua.

2328 1492 2424 1563 jor
2467 1489 2648 1546 serviet
2697 1489 2911 1544 minori.
2956 1488 3015 1544 In
3061 1504 3128 1545 eo
3174 1489 3320 1561 quod
3351 1489 3589 1546 Dominus
3619 1492 3795 1561 responde

2338 1581 2624 1650 Rebeccae,
2661 1589 2796 1648 etc.,
2827 1597 2990 1654 usque
3015 1581 3084 1636 ad
3112 1596 3144 1636 a
3169 1581 3384 1638 cervice
3421 1596 3512 1638 sua
3538 1582 3795 1652 deposuerunt.

2339 1673 2466 1746 (ld.,
2507 1673 2602 1730 lib.
2657 1670 2858 1738 Quaest.
2901 1673 2960 1727 in
3003 1669 3133 1728 Gen.
3165 1689 3259 1744 qu.
3295 1673 3381 1738 75,
3421 1681 3543 1730 tom.
3582 1673 3795 1746 lll,parl.i,

2340 1767 2445 1825 col.
2481 1766 2634 1840 567.)
2735 1831 2744 1838 _

715 1882 841 1938 Non
868 1890 1046 1937 autem
1072 1881 1211 1952 quod
1240 1879 1491 1935 exciderit
1530 1877 1742 1933 verbum
1763 1874 1883 1940 Dei,
1910 1883 2041 1940 etc.,
2069 1887 2242 1942 usque
2272 1873 2319 1934 Β
2421 1860 2573 1918 Sicut
2613 1861 2863 1931 scriptum
2894 1868 2969 1914 est
2997 1871 3015 1911 :
3042 1857 3208 1914 Jacob
3232 1857 3413 1925 dilexi,
3435 1855 3568 1914 Esau
3598 1865 3723 1911 autem
3738 1857 3797 1908 odia

640 1975 906 2043 adetjerit
953 1975 1108 2031 Sarce
1129 1973 1295 2043 ﬁlius.
1327 1971 1553 2028 Dixerat
1588 1969 1821 2025 Abrahae
1849 1967 1993 2023 Deus
2019 1981 2142 2022 cum
2169 1963 2236 2020 de

639 2068 856 2134 ancilla,
910 2077 1045 2136 etc.,
1093 2084 1257 2139 usque
1296 2066 1368 2121 ad
1417 2072 1839 2137 congregantur.
1882 2062 2008 2134 (ld.,
2045 2060 2139 2116 lib.
2173 2058 2236 2114 de

641 2159 795 2218 Civit.
831 2158 950 2228 Dei,
983 2168 1117 2217 tom.
1144 2157 1257 2226 Vll,
1287 2158 1396 2215 col.
1425 2157 1535 2213 510
1558 2164 1615 2212 et
1644 2155 1789 2228 seq.)

711 2251 916 2310 Volens
933 2251 1102 2324 igitur
1123 2251 1317 2308 beatus
1335 2249 1539 2306 Paulus
1570 2246 1881 2314 ostendere,
1911 2255 2043 2308 etc.,
2076 2259 2236 2316 usque

639 2344 712 2400 ad
729 2352 924 2416 potens
948 2350 1114 2399 estet
1157 2340 1360 2397 facere.
1403 2338 1526 2410 (ld.,
1552 2337 1657 2409 lib.
1711 2344 1893 2392 contra
1932 2334 2232 2398 lulianum,

640 2445 777 2494 tom.
806 2436 878 2503 X,
906 2443 1052 2507 part.
1079 2449 1142 2501 11,
1175 2433 1281 2491 col.
1312 2432 1451 2489 1159
1470 2439 1526 2488 et
1551 2431 1695 2503 seq.)

713 2527 903 2601 Neque
923 2528 1070 2584 enim
1095 2525 1376 2583 nesciebat
1403 2523 1534 2595 quid
1555 2523 1889 2594 loqueretur,
1920 2529 2050 2586 etc.,
2073 2535 2237 2590 usque

637 2622 708 2679 ad
767 2629 1132 2696 congruenter
1181 2616 1650 2674 ministraverunt.
1697 2613 1821 2686 (ld.,
1870 2613 1964 2669 lib.
1999 2613 2064 2668 de
2091 2609 2232 2667 Gest.

642 2714 858 2789 Pelag.,
885 2724 1022 2772 tom.
1051 2711 1122 2780 Χ,
1151 2712 1260 2768 col.
1286 2709 1440 2782 3:28.)

708 2805 833 2863 Non
846 2806 1019 2862 solum
1047 2813 1222 2860 autem
1239 2802 1380 2868 illa,,
1417 2810 1549 2868 etc.,
1583 2816 1746 2872 usque
1773 2799 1842 2853 ad
1886 2798 2034 2853 Esau
2059 2806 2236 2852 autem

636 2899 757 2955 odio
780 2897 962 2954 habui.
993 2896 1222 2965 Quando
1256 2895 1402 2951 enim
1426 2893 1633 2950 dictum
1662 2901 1767 2960 est,
1806 2900 1938 2956 etc.,
1977 2906 2138 2961 usque
2167 2887 2236 2944 ad

635 2991 978 3050 benedicitur
1017 2988 1206 3047 Jacob.
1236 2987 1359 3060 (ld.,
1386 2987 1481 3044 lib.
1525 2987 1590 3041 de
1623 2983 1780 3042 Civit.
1801 2983 1898 3040 Dei
1921 3025 1936 3052 ,
1959 2991 2092 3040 tom.
2120 2979 2232 3048 VII,

639 3085 743 3143 col.
774 3084 931 3157 516.)

711 3178 831 3236 Non
860 3179 1047 3250 itaque
1073 3175 1464 3234 misericordia
1488 3171 1739 3247 gratuitae
1761 3169 1882 3238 Dei,
1909 3178 2041 3235 etc.,
2073 3181 2235 3238 usque

2337 1954 2520 2009 habui.
2553 1953 2732 2010 Habes
2761 1959 2950 2024 aperte
2976 1950 3339 2023 Scripturam,
3367 1959 3491 2017 etc.,
3521 1966 3652 2021 usque
3671 1948 3796 2002 adedit

2336 2047 2522 2106 habui.
2567 2047 2691 2120 (ld.,
2742 2054 2954 2102 tractat.
3002 2061 3062 2113 ιι,
3103 2062 3160 2100 ιη
3203 2045 3365 2101 Joan.
3410 2053 3530 2102 tom.
3559 2042 3629 2108 III,
3664 2049 3744 2112 part
3767 2056 3796 2102 ui

2336 2139 2441 2196 col.
2459 2138 2601 2196 1480
2633 2147 2690 2193 et
2715 2137 2857 2209 seq.)

2408 2230 2549 2298 Quid
2593 2247 2716 2302 ergo
2754 2230 3028 2286 dicemus?
3065 2236 3198 2298 etc.,
3240 2245 3410 2302 usque
3443 2227 3505 2284 ad
3538 2228 3720 2282 misertus
3737 2241 3793 2277 ero.

2334 2324 2428 2383 Ille
2457 2323 2773 2395 intelligitur
2799 2323 2966 2395 loqui,
2999 2331 3130 2391 etc.,
3171 2339 3337 2395 usque
3363 2324 3430 2377 ad
3461 2332 3516 2377 ut
3549 2319 3727 2376 omnium
3746 2318 3796 2371 ni-

2336 2427 2605 2476 sereatur.
2631 2417 2757 2492 (ld.,
2789 2417 2885 2474 lib.
2913 2416 3115 2484 Qutest.
3146 2416 3346 2484 Εποάη
3375 2433 3462 2489 qu.
3499 2415 3608 2482 154,
3640 2423 3727 2469 ιοιιι.
3752 2407 3794 2466 ΙΙΙ,

2336 2521 2481 2584 part.
2512 2526 2553 2577 1,
2584 2509 2688 2566 col.
2716 2508 2843 2577 648,
2875 2518 2930 2566 et
2954 2509 3097 2582 seq.)

2406 2626 2489 2682 Ex
2509 2625 2686 2697 prima
2706 2623 2852 2681 enim
2875 2624 3309 2695 transgressione
3334 2624 3486 2696 primi
3512 2619 3710 2684 hominis,
3725 2626 3792 2674 etc...

2338 2732 2501 2788 usque
2543 2714 2615 2770 ad
2662 2721 2792 2771 nota
2840 2713 2996 2770 vobis
3023 2711 3144 2770 feci.
3178 2713 3314 2788 (ld.,
3361 2731 3505 2771 senn.
3535 2729 3621 2778 xx,
3645 2710 3690 2763 de
3717 2704 3792 2760 ml.

2337 2806 2545 2879 Apost.)

2412 2899 2584 2972 Igitur
2611 2917 2718 2956 non
2746 2899 2960 2956 volentis
2998 2917 3162 2973 neque
3202 2902 3477 2967 currentis,
3504 2899 3582 2955 sed
3615 2890 3792 2950 miserunt:

2339 3001 2414 3048 est
2441 2993 2561 3048 Dei.
2591 2991 2689 3050 Dei
2719 2993 2952 3065 gratiam
2988 2994 3523 3051 velmisericordiam
3551 2984 3794 3046 volumusim-

2337 3093 2576 3157 petrare,
2603 3093 2737 3154 etc.,
2761 3103 2923 3156 usque
2948 3087 3018 3142 ad
3045 3086 3388 3144 sermonibus
3412 3084 3552 3140 meis.
3577 3081 3670 3154 (ld.,
3687 3075 3744 3131 lib.
3763 3071 3792 3122 le

2341 3175 2491 3249 Perf.
2514 3177 2763 3250 justitite,
2787 3186 2919 3236 tom.
2940 3178 3010 3246 X,
3042 3187 3182 3251 part.
3219 3195 3264 3246 ι,
3289 3175 3435 3248 514.)

639 3272 709 3326 ad
737 3278 797 3328 ut
824 3269 998 3327 ﬁdelis
1020 3284 1216 3327 essem.
1251 3267 1376 3340 (ld.,
1405 3267 1555 3338 epist.
1608 3265 1677 3320 ad
1717 3254 1951 3330 Sixtum,
2001 3269 2131 3317 tom.
2164 3255 2231 3325 ll,
2261 3257 2308 3324 (ζ
2413 3291 2485 3348 Ut
2509 3291 2562 3347 in
2594 3293 2763 3348 Deum
2791 3291 3099 3360 credamus,
3121 3298 3252 3357 etc.,
3285 3305 3440 3362 usque
3463 3287 3524 3342 ad
3543 3301 3570 3341 a
3597 3281 3793 3338 patrem

640 3363 744 3421 col.
777 3362 884 3421 886
909 3371 966 3419 et
993 3362 1137 3434 seq.)

717 3459 846 3516 Non
892 3457 1063 3515 solum
1119 3466 1314 3523 autem,
1341 3455 1432 3511 sed
1481 3465 1528 3510 et
1555 3449 1785 3508 Rebecca
1821 3465 1885 3506 ea:
1912 3466 2018 3505 uno
2049 3463 2239 3504 concu-

641 3555 752 3611 bitu
817 3551 1016 3606 habens
1086 3547 1246 3605 Isaac
1294 3546 1460 3618 patris
1496 3543 1700 3617 nostri.
1753 3540 1873 3598 Non
1921 3539 2096 3596 solum
2137 3553 2236 3592 au-

640 3660 771 3717 tem,
799 3656 1128 3718 etc.,-usque
1156 3643 1226 3700 ad
1245 3657 1357 3698 uno
1379 3650 1624 3712 tempore
1651 3636 1921 3709 concepti.
1937 3632 2060 3706 (ld.,
2085 3632 2234 3702 epist.

641 3741 714 3796 ad
740 3739 934 3813 Simpl.
961 3738 1146 3810 episc.,
1180 3745 1314 3794 tom.
1349 3734 1419 3802 Χ,
1451 3741 1594 3805 part.
1619 3747 1679 3797 ιι,
1709 3729 1814 3787 col.
1848 3726 2031 3797 1850.)

714 3835 873 3904 Quod
924 3841 1110 3890 autem
1163 3831 1369 3887 dictum
1424 3837 1532 3894 est,
1578 3833 1707 3890 etc.,
1744 3837 1908 3894 usque
1937 3819 2009 3874 ad
2054 3818 2240 3873 ethoc

643 3927 805 3984 absit.
824 3923 1061 3999 (ld.,lib.
1081 3923 1146 3979 de
1161 3919 1316 3979 Civit.
1333 3918 1456 3985 Dei,
1473 3927 1606 3975 tom.
1635 3913 1863 3983 Vll,col.
1891 3911 1998 3967 515
2022 3920 2076 3968 et
2095 3908 2238 3980 seq.)

715 4018 892 4090 Moysi
926 4017 1065 4074 enim
1099 4015 1248 4082 dicit,
1273 4021 1404 4078 etc.,
1431 4023 1604 4081 usque
1629 4009 1699 4064 ad
1727 4007 1817 4062 sed
1847 4003 2138 4059 miserentis
2166 4012 2240 4057 est

640 4107 762 4164 Dei.
783 4089 899 4172 Hoc
917 4106 965 4163 si
985 4104 1315 4170 attenderes,
1337 4115 1446 4157 non
1470 4097 1808 4161 extenderes,
1830 4103 1966 4160 etc.,
1987 4107 2148 4162 usque
2170 4089 2240 4144 ad

643 4210 700 4258 et
743 4214 909 4274 quem
950 4197 1066 4255 vult
1103 4197 1340 4256 obturat.
1392 4192 1526 4265 (ld.,
1571 4191 1664 4246 lib.
1716 4197 1899 4244 contra
1937 4184 2236 4250 Iulianum,

642 4302 778 4350 tom.
809 4292 882 4363 X,
909 4301 1051 4366 part.
1091 4307 1152 4358 ιι,
1183 4289 1288 4347 col.
1315 4287 1500 4357 1140.)
2079 4289 2086 4296 '

715 4391 827 4450 Sed
868 4393 1158 4449 miseretur
1194 4389 1406 4459 utique,
1445 4394 1580 4452 etc.,
1624 4398 1786 4456 usque
1820 4380 1889 4437 ad
1929 4377 2236 4435 ambulatis.

645 4486 771 4558 (ld.,
801 4484 900 4541 lib.
922 4484 992 4540 ad
1020 4483 1211 4554 Simpl.
1243 4481 1402 4552 episc.
1433 4486 1570 4534 tom.
1598 4475 1684 4542 Vl,
1715 4473 1820 4530 col.
1849 4471 1954 4527 120
1980 4478 2033 4527 et
2056 4468 2195 4540 seq.)

718 4578 978 4652 Nunquid
1005 4578 1133 4633 dicit
1167 4575 1493 4649 ﬁgmentum,
1525 4578 1657 4636 etc.,
1687 4581 1858 4638 usque
1897 4566 1966 4620 ad
2003 4563 2152 4618 aliud
2185 4563 2241 4616 in

645 4671 1053 4728 contumeliam?
1081 4668 1185 4726 Ubi
1220 4668 1476 4724 universa
1514 4664 1616 4719 ista
1645 4675 1824 4718 massa
1853 4657 2069 4723 merito,
2109 4663 2240 4720 etc.,

644 4781 808 4835 usque
837 4763 906 4818 ad
934 4763 1036 4820 vitae
1071 4759 1206 4831 ejus.
1234 4757 1358 4831 (ld.,
1391 4758 1544 4828 epist.
1571 4754 1640 4810 ad
1674 4752 1884 4810 Sixtum
1915 4766 2074 4821 pres.,
2105 4757 2146 4803 t.
2177 4746 2240 4814 ll,

646 4855 754 4912 col.
789 4855 940 4929 884.)

716 4948 858 5018 Quid
900 4947 1156 5020 Apostolo
1195 4944 1510 5018 responsuri
1549 4951 1694 5008 sunt,
1735 4954 1826 5010 qui
1866 4954 1988 4994 cum
2045 4945 2099 4990 ct
2143 4935 2242 4990 hos

647 5043 912 5115 geminos,
944 5050 1075 5108 etc.,
1118 5056 1278 5105 usque
1314 5039 1383 5093 ad
1417 5053 1516 5093 nec
1545 5034 1806 5106 judicium
1851 5037 2072 5086 accuset
2105 5026 2241 5082 invi-

646 5148 746 5194 tat.
774 5137 899 5210 (ld.,
929 5136 1018 5189 lib.
1052 5135 1120 5189 ad
1159 5132 1490 5202 Bonifacium
1515 5139 1698 5185 contra
1723 5123 2062 5194 Pelagianos,
2095 5130 2134 5175 t.
2172 5119 2242 5185 Χ,

646 5241 788 5301 part.
821 5245 860 5293 1,
889 5227 992 5283 col.
1022 5225 1120 5281 581
1156 5233 1213 5280 et
1239 5239 1352 5294 seq.
1393 5230 1447 5279 et
1481 5222 1630 5291 621.)

637 5343 640 5346 ’
721 5320 857 5374 Cum
889 5319 1026 5372 enim
1064 5318 1296 5372 nondum
1335 5316 1444 5370 nati
1480 5314 1720 5384 fuissent,
1753 5322 1844 5367 aut
1875 5311 2074 5383 aliquid
2107 5310 2243 5381 egis-

649 5421 762 5466 sent
793 5410 983 5464 bonum
1017 5418 1109 5464 aut
1137 5408 1353 5464 malum.
1385 5407 1521 5464 Cum
1555 5406 1704 5464 Isaac
1746 5405 1913 5461 Deum
1946 5401 2158 5475 roganti
2186 5408 2245 5454 ut

649 5510 868 5574 pareret
893 5517 1047 5566 uxor,
1073 5511 1202 5566 etc.,
1227 5516 1388 5572 usque
1410 5499 1480 5554 ad
1506 5513 1693 5554 eorum
1721 5494 1927 5552 nullum
1949 5499 2086 5548 erat.
2119 5489 2243 5563 (ld.,

650 5596 747 5653 lib.
778 5595 842 5651 de
873 5594 983 5652 Civ.
1012 5595 1130 5660 Dei,
1165 5603 1294 5651 tom.
1327 5592 1438 5661 Vll,
1473 5591 1577 5649 col.
1613 5590 1766 5661 515.)

724 5687 803 5742 An
826 5685 963 5743 forte
989 5683 1240 5754 illudjam
1256 5684 1559 5755 explosum,
1585 5691 1714 5748 etc.,
1743 5696 1905 5751 usque
1928 5677 1998 5732 ad
2020 5676 2242 5734 minime

651 5783 976 5838 dubitemus.
1011 5781 1134 5852 (ld.,
1160 5779 1251 5836 lib.
1285 5796 1324 5845 1,
1356 5779 1419 5835 de
1449 5777 1579 5849 Bap.
1611 5774 1971 5847 parvulormn,
2009 5783 2134 5828 tom.
2169 5770 2236 5831 Χ,

649 5886 789 5948 part.
821 5883 860 5948 l,
894 5877 1009 5938 θυι..
1034 5875 1134 5933 126
1163 5883 1214 5932 et
1244 5873 1385 5945 seq-)

2341 3383 2467 3456 (ld.,
2501 3384 2650 3455 epist.
2683 3382 2752 3438 ad
2780 3381 3025 3451 Vitalem,
3061 3392 3191 3440 tom.
3215 3382 3283 3451 II,
3311 3381 3411 3438 col.
3438 3376 3569 3449 985.)

2409 3475 2489 3533 Ne
2515 3475 2802 3546 quisquam
2829 3476 2932 3533 etsi
2959 3491 3067 3532 non
3096 3476 3162 3532 de
3197 3475 3469 3549 operibus,
3507 3480 3619 3533 etc.,
3637 3458 3793 3534 usquead

2340 3581 2410 3624 ne
2424 3566 2629 3624 frustra
2646 3566 2798 3624 velit.
2815 3565 2940 3639 (ld.,
2958 3566 3204 3635 Enchir.,
3235 3565 3457 3634 tom.Vl,
3471 3563 3560 3622 col.
3583 3551 3793 3619 illum!

2413 3661 2537 3716 Nisi
2561 3660 2820 3717 Dominus
2847 3661 3184 3730 aediﬁcaverit
3211 3661 3442 3727 domum,
3470 3659 3520 3712 in
3550 3666 3694 3709 vanum
3713 3643 3792 3698 lala—
3824 3653 3833 3674 ο

2343 3760 2590 3806 raverunt
2612 3750 2937 3821 ludiﬁcantes
2963 3767 3101 3806 eam.
3123 3749 3404 3819 Quomodo
3429 3760 3562 3819 ergo,
3583 3743 3704 3802 Deus,
3724 3741 3792 3787 sit...

2342 3859 2505 3914 usque
2540 3843 2609 3897 ad
2639 3841 2940 3912 adjuvaret.
2983 3841 3104 3914 (ld.,
3157 3843 3308 3912 epist.
3359 3841 3425 3896 ad
3453 3835 3590 3894 Paul.
3629 3827 3792 3886 Nolam

2341 3935 2499 4005 episc.
2524 3942 2657 3990 tom.
2682 3933 2770 4007 ll.)

2409 4025 2551 4081 Dicit
2583 4026 2724 4080 enim
2755 4023 3031 4096 Scriptura
3071 4023 3367 4091 Pharaoni,
3397 4023 3509 4095 quia
3540 4022 3584 4072 in
3609 4016 3680 4092 hoc
3700 4009 3794 4076 ἱρεκπι

2340 4119 2563 4176 excitavi
2586 4128 2653 4185 te,
2682 4127 2743 4174 ut
2764 4119 3036 4174 ostendam
3061 4118 3115 4173 in
3138 4128 3186 4172 te
3213 4120 3466 4182 virtutem,
3489 4121 3578 4168 etc.
3602 4105 3795 4175 Elpl‘OPlcr

2341 4212 2444 4268 hoc
2482 4211 2660 4281 ipsum
2707 4216 3060 4265 conservatus
3086 4222 3168 4274 es,
3197 4217 3331 4272 etc.,
3375 4220 3524 4275 usque
3556 4197 3613 4252 ad
3633 4201 3674 4249 et
3697 4185 3795 4242 exitus

2341 4280 2518 4361 docet:
2537 4301 2660 4375 (ld.,
2684 4301 2779 4358 lib.
2799 4300 3000 4368 Quwst.
3020 4299 3193 4356 Exod.
3207 4340 3220 4364 ,
3240 4315 3331 4370 qu.
3355 4295 3440 4362 52,
3465 4301 3577 4348 tom.
3599 4281 3665 4346 ill,
3681 4280 3792 4349 part-1.

2341 4395 2444 4452 col.
2473 4393 2624 4466 606.)
3695 4461 3701 4466 ,
3760 4451 3777 4466 λ,

2412 4460 2628 4542 Nullum
2677 4487 2818 4541 Deus
2858 4485 2944 4540 vel
2985 4499 3319 4557 angeuorum,
3351 4491 3472 4546 etc.,
3499 4484 3632 4544 usque
3654 4461 3701 4518 ad
3716 4460 3794 4557 ηιξ·

2348 4582 2510 4638 thetis
2549 4580 2884 4637 honestaret.
2918 4541 3171 4652 (ld.,ulib.
3202 4541 3347 4634 Sent.
3399 4541 3613 4640 Prosperi
3655 4541 3793 4614 tom-xv

2347 4683 2488 4746 part.
2519 4690 2579 4741 11,
2608 4673 2710 4746 col.
2742 4671 2925 4746 1870.)

2777 4717 3226 4807 ἶτιιῖϊτηιεεγειιιγ,
3264 4753 3310 4797 et
3353 4752 3492 4811 quem
3530 4726 3619 4785 vult
3643 4717 3793 4817 obdit-Nlo

2346 4838 2570 4907 Quando
2608 4809 2736 4910 ergo
2766 4837 2928 4895 Pater
2958 4840 3102 4895 intus
3137 4809 3373 4901 auditur,
3400 4842 3522 4892 etc.,
3549 4832 3674 4892 αδσιιε
3696 4809 3796 4910 ad?

2347 4891 2790 5002 saeuisse:
2813 4891 3097 4998 "trifidi
3140 4891 3415 4985 arma.
3655 4891 3794 4962 ιοιιιἰ

2349 5032 2494 5094 part.
2522 5038 2561 5085 ι,
2594 5020 2697 5078 976
2723 5031 2778 5078 et
2801 5021 2941 5094 seq.)

2419 5117 2690 5185 Quantum
2738 5116 2806 5172 ad
2835 5089 3098 5172 iustitiam
3149 5123 3357 5186 spectat
3403 5119 3452 5166 ei
3495 5099 3694 5178 gratiam,
3725 5089 3795 5186 etc.

2347 5227 2508 5281 usque
2539 5211 2608 5264 ad
2631 5209 2836 5278 judicia
2860 5209 2999 5280 ejus.
3029 5207 3113 5280 (S.
3147 5184 3306 5280 A118,,
3335 5207 3420 5260 (εδ,
3456 5204 3513 5256 de
3532 5197 3653 5253 Dom,
3678 5184 3794 5252 ρεπεν.

2351 5310 2480 5356 ιοηι.
2512 5299 2579 5366 Χ,
2606 5309 2742 5371 part.
2779 5315 2815 5355 ιι
2845 5317 2858 5366 ;
2885 5304 2989 5356 col.
3025 5289 3211 5371 1005.)

2420 5391 2537 5447 Νοιι
2585 5363 2688 5447 [ioc
2734 5363 2854 5446 loco
2891 5363 3203 5462 Apostolus,
3229 5397 3436 5446 sanctos
3471 5363 3792 5462 prohibuit.

2352 5501 2511 5556 usque
2532 5485 2601 5540 ad
2628 5485 2680 5540 id
2721 5484 2866 5555 quod
2887 5454 2993 5540 est.
3027 5483 3150 5557 (ld.,
3178 5484 3267 5538 lib.
3295 5481 3359 5537 es
3389 5454 3793 5543 Qua’stionum,10""

2349 5579 2437 5645 Vl,
2468 5579 2569 5635 col.
2597 5578 2686 5646 70,
2713 5586 2770 5634 et
2795 5578 2936 5650 seq.)

2419 5673 2500 5726 An
2530 5687 2633 5727 non
2653 5670 2805 5726 habet
2826 5681 3130 5743 potestatem
3146 5669 3335 5743 ﬁgulus
3357 5664 3447 5718 tuti
3467 5673 3523 5714 ea:
3536 5664 3676 5743 cauti"

2349 5766 2520 5835 facere
2556 5763 2704 5818 aliud
2738 5763 2944 5834 quidam
2975 5781 3064 5819 vas
3112 5765 3167 5818 in
3209 5764 3463 5818 honorem.
3507 5740 3626 5848 "’5'":
3667 5729 3791 5848 MO

2348 5857 2715 5913 contumeliam
2744 5859 2766 5911 ?
2791 5858 3012 5929 Figulus
3050 5866 3133 5914 est
3161 5852 3277 5913 cum
3304 5846 3527 5920 l'ragilcs,
3553 5830 3744 5891 inﬁrmos".
3764 5829 3776 5853 ι

3588 5649 3676 5703 dent
3697 5635 3792 5688 liii-“‘3
