3970 6306
153 384 271 441 505

1025 373 1390 432 EXPOSITIO
1425 374 1492 430 IN
1534 373 1682 430 EPP.
1726 371 1955 431 PAULI.
1997 406 2066 418 -——
2105 375 2212 431 EP.
2251 374 2345 430 AD
2379 371 2545 430 ROM.

3337 375 3442 432 506

156 535 422 582 terrenos
449 517 597 585 facit,
629 523 758 582 etc.,
784 531 944 587 usque
964 513 1034 568 ad
1054 513 1238 570 oculos
1259 514 1480 570 fecerat.
1514 511 1638 586 (Id.,
1670 510 1757 567 Ea:

1885 510 1916 547 η
1947 493 2084 565 psal.
2113 509 2232 560 c111,
2287 502 2420 549 tom.
2450 490 2542 558 IV,
2569 498 2710 563 part.
2754 506 2814 557 ιι,
2871 490 2975 549 001.
3012 491 3149 547 1575
3203 501 3257 549 et
3302 507 3440 564 seq.,

153 626 405 674 tractatu
418 617 472 672 in
500 613 858 687 psalm.xcm,
889 617 1022 667 tom.
1057 608 1151 678 IV,
1177 617 1322 681 part.
1358 625 1422 677 11,
1453 607 1757 680 001.1211.)

238 711 338 769 Sic
375 725 508 783 ergo
531 709 707 766 factus
750 714 836 764 est
859 706 1024 764 homo
1049 713 1248 772 rectus,
1300 713 1430 771 etc.,
1480 721 1644 776 usque
1688 703 1758 758 ad

155 821 270 864 nec
299 805 358 861 in
385 819 462 862 se.
495 802 620 876 (Id.,
648 800 894 869 Enchir.,
921 807 1055 856 tom.
1086 797 1174 867 VI,
1197 797 1306 855 col.
1331 796 1484 868 282.)

237 895 299 954 Si
324 895 393 952 de
420 894 643 961 mundo,
683 891 881 964 inquit,
904 890 1123 958 essetis,
1149 888 1384 945 mundus
1421 887 1564 958 quod
1600 901 1758 942 suum

153 997 292 1045 erat
313 986 586 1060 diligeret,
616 991 748 1050 etc.,
780 999 943 1055 usque
962 983 1031 1037 ad
1050 980 1165 1053 jam
1185 995 1294 1036 non
1307 988 1392 1037 est
1411 979 1604 1052 gratia.
1633 978 1757 1051 (Id.,

155 1091 406 1138 tractatu
431 1081 498 1138 87
528 1080 584 1135 in
604 1078 766 1134 Joan.
799 1084 931 1133 tom.
963 1074 1053 1144 111,
1082 1082 1221 1147 part.
1249 1088 1312 1139 ιι,
1351 1072 1456 1130 001.
1500 1070 1686 1142 1855.)

238 1173 301 1230 Si
333 1188 440 1245 qua
464 1170 653 1244 igitur,
693 1179 825 1237 etc.,
869 1184 1032 1242 usque
1086 1169 1154 1222 ad
1181 1165 1384 1224 centeri.
1441 1164 1543 1229 (Id.
1598 1180 1754 1220 serm.

157 1264 256 1334 11,
279 1264 347 1320 de
366 1262 535 1320 verbis
560 1262 768 1334 Apost.)

239 1355 379 1411 Ecce
404 1355 584 1426 Agnus
614 1351 736 1419 Dei,
767 1359 897 1417 etc.,
947 1367 1110 1424 usque
1152 1354 1222 1406 ad
1263 1358 1452 1422 posset
1488 1363 1612 1408 esse
1637 1348 1760 1405 vin-

155 1449 337 1506 dicta.
365 1446 447 1521 (S.
469 1445 632 1518 Aug.,
663 1445 755 1500 lib.
782 1442 929 1501 Sent.
959 1443 1231 1516 Prosperi,
1265 1451 1395 1499 tom.
1419 1442 1491 1511 X,
1519 1451 1664 1514 part.
1694 1457 1756 1509 11,

152 1542 273 1599 col.
298 1539 484 1612 1886.)

240 1635 399 1703 Quod
437 1635 482 1689 si
519 1632 682 1700 Deus,
737 1640 867 1698 etc.,
926 1646 1097 1703 usque
1147 1633 1214 1688 ad
1259 1633 1314 1686 in
1355 1632 1602 1703 gloriam.
1651 1633 1762 1689 Cur

153 1729 331 1784 etiam
349 1727 556 1798 aliquos
570 1723 794 1782 Creator
805 1723 993 1791 voluit,
1011 1734 1138 1791 etc.,
1161 1741 1324 1796 usque
1343 1725 1412 1779 ad
1437 1725 1629 1781 merita
1653 1725 1760 1782 dici

153 1821 398 1892 possint.
450 1819 717 1892 (S.Aug.,
749 1818 899 1889 epist.
945 1817 1013 1871 ad
1061 1815 1329 1887 Optatum,
1368 1825 1497 1874 tom.
1530 1817 1594 1883 Il,
1650 1818 1751 1874 col.

155 1917 272 1974 859
301 1925 358 1974 et
382 1915 524 1987 seq.)

241 2009 382 2064 Deus
421 2025 569 2065 meus
614 2006 1022 2092 aemonstraujt‘
1039 2012 1172 2071 etc.,
1199 2021 1360 2078 usque
1405 2006 1476 2060 ad
1517 2006 1759 2063 debitum

156 2102 466 2159 relaxatur.
513 2099 596 2175 (S.
619 2099 782 2171 Aug.,
831 2100 889 2154 in
909 2097 1051 2165 psal.
1079 2113 1233 2166 LVIII,
1263 2106 1398 2154 tom.
1423 2097 1513 2165 IV,
1544 2107 1688 2170 part.
1718 2116 1753 2163 1,

155 2193 274 2252 col.
303 2193 457 2267 704.)

241 2286 396 2358 Apud
431 2284 582 2343 illum
628 2293 889 2358 potestas,
920 2290 1052 2352 etc.,
1084 2300 1247 2356 usque
1288 2285 1357 2339 ad
1397 2298 1554 2356 spera
1592 2285 1758 2341 misc-

156 2376 462 2434 ricordiam
509 2375 648 2448 ejus.
699 2375 782 2450 (S.
833 2375 994 2447 Aug.,
1050 2375 1107 2431 in
1158 2375 1291 2445 psal.
1344 2391 1456 2442 LXI,
1503 2385 1635 2432 tom.
1667 2375 1758 2443 IV,

154 2479 312 2541 part.
346 2487 387 2538 1,
416 2469 521 2528 col.
546 2468 699 2541 745.)

164 2609 188 2624 .
237 2562 432 2620 Debita
481 2559 726 2618 redditur
762 2574 924 2632 poena
972 2562 1252 2628 damnato,
1303 2569 1432 2627 etc.,
1480 2578 1641 2633 usque
1691 2563 1759 2616 ad

158 2657 317 2714 aliud
368 2656 426 2713 in
483 2655 888 2713 contumeliam.
949 2654 1031 2727 (S.
1072 2655 1236 2728 Aug.,
1290 2657 1441 2727 epist.
1502 2656 1572 2710 ad
1614 2655 1755 2712 Sicut.

157 2749 367 2822 presb.,
401 2757 534 2806 tom.
570 2747 639 2817 II,
659 2747 765 2805 col.
790 2748 895 2806 875
923 2755 980 2804 et
1005 2748 1147 2820 seq.)

239 2841 302 2899 Si
336 2849 516 2899 autem
543 2840 733 2899 volens
756 2840 902 2898 Deus
934 2840 1220 2897 ostendere
1244 2841 1404 2909 iram,
1441 2850 1571 2908 etc.,
1600 2858 1762 2914 usque

161 2935 318 2993 videt
343 2935 604 3009 supplicia
627 2942 1002 3006 peccatorum.
1033 2931 1116 3006 (S.
1141 2934 1306 3006 Aug.,
1329 2933 1421 2988 lib.
1465 2935 1535 2989 ad
1567 2933 1756 3004 Simpl.

160 3032 354 3103 episc.,
380 3041 512 3088 tom.
545 3029 633 3096 v1,
667 3028 948 3110 001.125.)

240 3123 345 3178 Dat
381 3123 577 3194 quibus
597 3121 734 3190 vult,
765 3131 898 3190 etc.,
945 3138 1108 3194 usque
1151 3123 1220 3178 ad
1262 3122 1456 3180 fraude
1505 3122 1758 3180 donatur.

163 3214 256 3286 (S.
279 3214 442 3287 Aug.,
465 3215 557 3271 lib.
588 3216 652 3271 de
674 3215 830 3272 Dono
862 3231 1084 3283 oersev.,
1119 3224 1250 3273 tom.
1277 3214 1348 3284 Χ,
1373 3225 1516 3288 part.
1550 3232 1609 3284 ιι,
1652 3216 1756 3278 001.

164 3307 278 3364 109
308 3315 368 3363 et
395 3308 538 3380 seq.)

240 3397 456 3455 Etenim
483 3398 648 3456 etiam
676 3398 809 3457 illud
837 3398 942 3457 dici
969 3407 1186 3472 potest:
1228 3415 1327 3458 cur
1355 3400 1598 3467 omnino,
1622 3409 1752 3468 etc.,

163 3508 336 3550 usque
355 3493 424 3548 ad
442 3493 498 3549 in
518 3493 747 3551 Domino
768 3493 1048 3567 glorietur.
1072 3492 1334 3567 (S.Aug.,
1363 3493 1454 3549 lib.
1479 3496 1548 3548 ad
1573 3492 1752 3563 Bonif.

164 3601 366 3658 papam
385 3581 562 3653 Urbis,
594 3594 729 3642 tom.
761 3583 830 3652 X,
858 3594 1000 3658 part.
1037 3601 1078 3653 1,
1105 3584 1210 3642 col.
1233 3585 1337 3642 619
1363 3593 1418 3640 et
1448 3585 1589 3657 seq.)

244 3679 390 3748 Quos
425 3690 474 3737 et
507 3681 710 3738 uocauit
737 3696 850 3748 nos,
882 3690 1015 3748 etc.,
1037 3694 1209 3752 usque
1246 3679 1316 3735 ad
1343 3678 1756 3734 misericordiam

169 3786 506 3834 consecutam
553 3777 620 3850 (Il
669 3777 794 3834 Cor.
825 3775 906 3850 ιι).
958 3775 1077 3832 Una
1123 3783 1208 3832 est
1252 3776 1397 3832 enim
1448 3789 1517 3830 ex
1559 3773 1753 3838 Adam,

170 3885 372 3938 massa,
413 3878 547 3937 etc.,
577 3883 744 3941 usque
778 3868 849 3923 ad
882 3866 1340 3939 conspersionem.
1394 3862 1519 3932 (Id.,
1552 3862 1643 3917 lib.
1688 3863 1757 3917 ad

171 3966 346 4037 Simp.
377 3966 562 4038 episc.,
595 3973 728 4022 tom.
759 3963 850 4033 Vl,
882 3961 984 4021 col.
1017 3960 1168 4035 124.)

243 4061 327 4138 Et“
346 4061 446 4118 erit
474 4063 532 4117 in
571 4061 704 4128 loco,
727 4067 860 4130 etc.,
897 4072 1068 4130 usque
1106 4056 1174 4114 ad
1200 4055 1523 4112 vocabuntur
1540 4051 1640 4123 filii
1661 4051 1759 4108 Dei

171 4153 293 4210 vivi.
323 4137 458 4210 ’1100
502 4152 871 4211 testimonium
913 4148 1290 4223 propheticum
1347 4146 1415 4202 de
1452 4145 1753 4209 vocatione,

169 4257 305 4313 etc.,
335 4261 500 4317 usque
534 4245 605 4301 ad
633 4250 996 4316 agnoscantur
1024 4257 1056 4297 a
1085 4248 1250 4297 terra.
1283 4236 1406 4310 (Id.,
1438 4235 1529 4291 lib.
1556 4236 1620 4290 de
1642 4234 1755 4290 Civ.

171 4335 294 4404 Dei,
325 4351 482 4405 svnt,
515 4343 648 4393 tom.
673 4333 786 4403 VII,
816 4332 921 4392 col.
950 4331 1106 4404 584.)

248 4429 426 4487 Isaias
457 4439 633 4487 autem
662 4429 877 4496 clamat,
921 4434 1054 4494 etc.,
1091 4439 1263 4495 usque
1297 4422 1364 4479 ad
1406 4421 1559 4493 faciet
1582 4419 1762 4474 Domi—

175 4537 275 4577 nus
312 4538 469 4593 super
504 4531 723 4577 terram.
754 4517 941 4589 Neque
977 4516 1120 4574 enim
1159 4515 1287 4587 quia
1318 4513 1476 4569 fracti
1513 4520 1639 4568 sunt
1680 4512 1762 4567 in-

174 4613 386 4682 ﬁdeles,
427 4621 556 4681 etc.,
608 4628 770 4683 usque
804 4611 872 4667 ad
914 4609 1078 4667 salva:
1127 4607 1275 4665 ﬁent.
1329 4606 1451 4677 (Id.,
1503 4604 1595 4661 lib.
1638 4605 1758 4660 adv.
1787 4625 1842 4687 ι)

171 4706 417 4773 Ιαάωοε,
449 4712 580 4762 tom.
608 4702 743 4770 VIII,
775 4701 879 4759 001.
907 4700 1058 4772 557.)

246 4797 331 4854 Ad
369 4795 801 4854 misericordiam
846 4792 1044 4866 quippe
1076 4791 1391 4863 gratuitam,
1428 4797 1560 4856 etc.,
1600 4807 1764 4862 usque

173 4893 245 4947 ad
273 4904 340 4946 ex
362 4890 633 4964 gentibus.
683 4888 808 4962 (Id.,
837 4885 928 4942 lib.
961 4893 1144 4939 contra
1176 4881 1475 4950 lulianum,
1519 4890 1651 4938 tom.
1691 4879 1761 4948 X,

175 4989 317 5053 part.
352 4997 392 5050 1,
427 4979 533 5038 col.
564 4978 716 5051 871.)

247 5073 481 5146 Propter
523 5071 668 5146 quod
705 5071 886 5143 posuit
922 5066 1296 5126 testimonium
1346 5064 1414 5120 de
1439 5063 1600 5130 Osee,
1629 5074 1762 5134 etc.,

177 5183 342 5239 usque
379 5167 450 5222 ad
500 5163 812 5223 testimonio
863 5161 1112 5235 sequenti
1158 5161 1334 5218 docet.
1387 5158 1514 5231 (Id.,
1560 5158 1650 5214 lib.
1695 5161 1764 5214 ad

181 5260 424 5330 Simplic.
460 5261 645 5332 episc.,
669 5267 783 5316 tom
809 5256 900 5325 VI,
931 5255 1036 5314 col.
1062 5255 1212 5326 124.)

251 5349 320 5406 Et
363 5353 501 5408 sicut
533 5352 780 5425 prtedixit
823 5350 1019 5417 Isaias,
1069 5359 1198 5417 etc.,
1243 5362 1416 5421 usque
1447 5346 1516 5404 ad
1559 5357 1605 5403 et
1631 5347 1766 5404 sicut

1863 584 2002 642 1565
2023 595 2078 641 01
2101 585 2244 657 seq.)

1932 677 2075 743 Quid
2113 694 2234 749 ergo
2261 678 2516 745 dicemus,
2546 685 2677 743 etc.,
2699 691 2871 736 usque
2899 675 2966 731 ad
2991 693 3142 748 quast
3179 692 3245 732 ex
3279 677 3448 747 operi-

1859 768 1976 824 bus.
2013 768 2215 825 Gentes
2258 785 2379 841 quae
2423 784 2530 825 non
2576 769 2949 836 sectabantur,
2977 777 3105 833 etc.,
3171 784 3332 840 usque
3377 768 3446 822 ad

1859 859 2042 916 salvus
2071 860 2335 933 erit.(ld.,
2365 860 2454 917 lib.
2472 860 2537 916 de
2561 858 2706 934 Spir.
2731 869 2781 916 et
2803 859 2953 926 Litt.,
2983 867 3114 916 tom.
3145 857 3214 926 Χ,
3238 866 3378 930 part.
3403 875 3446 921 1,

1861 952 1965 1008 col.
1989 951 2097 1007 252
2123 960 2179 1009 et
2203 952 2345 1026 seq.)

1931 1041 2135 1099 Gentes
2156 1057 2278 1106 quae
2305 1059 2416 1101 non
2443 1044 2795 1102 sectabantur
2814 1043 3101 1114 justitiam,
3125 1052 3257 1110 etc.,
3286 1060 3450 1115 usque

1860 1134 1931 1189 ad
1958 1149 2066 1190 non
2090 1133 2434 1204 adjuvantur.
2461 1136 2588 1210 (Id.,
2616 1153 2774 1193 serm.
2813 1137 2878 1196 de
2905 1137 3042 1194 verb.
3075 1137 3279 1206 Apost.,
3314 1144 3445 1194 tom.

1863 1223 1931 1284 V.
1960 1234 2100 1296 part.
2132 1241 2168 1292 1,
2199 1223 2302 1282 col.
2331 1224 2436 1282 920
2461 1233 2516 1283 et
2541 1227 2683 1298 seq.)

2486 1381 2716 1440 CAPUT
2753 1383 2825 1440 X.

1933 1519 2251 1591 Ignorantes
2294 1516 2393 1575 Dei
2437 1517 2735 1590 justitiam,
2781 1525 2915 1585 etc.,
2951 1533 3116 1591 usque
3147 1520 3217 1574 ad
3249 1519 3459 1597 habere

1855 1608 2146 1680 justitiam.
2173 1609 2303 1683 (Id.,
2347 1608 2441 1664 lib.
2486 1619 2673 1666 contra
2713 1608 3017 1676 lulianum,
3049 1617 3180 1666 tom.
3228 1609 3298 1676 Χ,
3320 1599 3448 1666 ’001.

1863 1703 1984 1760 867.

1939 1705 1984 1759 7.

1939 1703 2285 1870 01))"enderunt
2326 1800 2380 1854 in
2415 1799 2643 1870 lapidem
2688 1799 3014 1869 o/fensionis,
3057 1807 3162 1855 etc.
3205 1797 3454 1854 Christus

1785 1870 1836 1931 Β
1863 1890 2187 1966 sperabatur
2210 1900 2501 1958 venturus,
2530 1901 2665 1948 etc..
2694 1907 2857 1963 usque
2886 1892 2956 1946 ad
3005 1907 3114 1946 non
3155 1890 3454 1946 confundc~

1865 1994 1971 2040 tur.
2005 1984 2150 2057 (Id.,
2175 2000 2334 2039 serm.
2363 1984 2421 2040 in
2450 1983 2602 2055 epist.
2624 1982 2785 2038 Joan.
2820 1998 2902 2050 ιιι,
2931 1990 3062 2038 tom.
3095 1981 3185 2048 111,
3217 1991 3359 2053 part.
3390 1999 3452 2046 11,

1862 2076 1964 2133 col.
1992 2075 2180 2149 2000.)
2517 2070 2557 2107 ι
2851 2080 2864 2095 ·

1933 2169 2159 2238 Omnes,
2193 2172 2402 2244 inquit,
2438 2178 2804 2244 peccaverunt
2835 2179 2892 2226 et
2927 2178 3089 2244 egent
3135 2171 3309 2244 gloria
3336 2171 3450 2236 Dei,

1861 2273 1922 2322 ut
1947 2266 2041 2338 qui
2075 2265 2409 2324 crediderint
2446 2267 2501 2323 in
2537 2282 2662 2324 eum
2692 2278 2800 2322 non
2836 2264 3241 2335 confundantur
3275 2263 3453 2330 (Rom.

1863 2373 1945 2424 ιιι,
1975 2357 2076 2428 1x).
2122 2355 2275 2416 Sicut
2302 2365 2359 2414 et
2389 2357 2638 2415 Psalmus
2677 2357 2808 2414 dicit
2833 2371 2850 2412 :
2886 2355 3128 2412 Accedite
3159 2358 3228 2412 ad
3257 2373 3376 2412 eum
3407 2365 3458 2411 et

1860 2448 2254 2518 illuminamini,
2277 2460 2327 2507 et
2353 2451 2526 2508 vultus
2548 2452 2706 2508 vestri
2733 2464 2838 2507 non
2858 2451 3248 2522 confundentur
3273 2450 3452 2524 (Psal.

1863 2541 2079 2615 xxxm).
2109 2541 2212 2610 Qui
2245 2557 2376 2614 ergo
2413 2544 2470 2600 in
2498 2559 2560 2601 se
2585 2543 2848 2616 gloriatur
2903 2544 3283 2604 confundetur.
3333 2541 3453 2600 Non

1861 2636 2020 2711 enim
2055 2637 2172 2692 sine
2215 2638 2457 2708 peccatis
2486 2637 2813 2704 invenietur.
2864 2637 2959 2694 Ille
2989 2639 3175 2710 itaque
3211 2648 3452 2694 tantum-

1863 2730 2024 2786 modo
2059 2744 2167 2786 non
2222 2731 2583 2788 confundetur
2611 2732 2706 2803 qui
2744 2732 2802 2788 in
2831 2731 3062 2790 Domino
3097 2732 3377 2805 gloriatur.

1935 2822 2255 2896 Quicunque
2303 2825 2456 2881 illum
2496 2824 2604 2881 ﬁde
2632 2832 2970 2897 exspectant,
3000 2835 3134 2891 etc.,
3185 2841 3349 2897 usque
3384 2842 3450 2880 aa

1863 2935 1986 2978 cum
2058 2918 2288 2975 venerit.
2364 2918 2510 2992 (Id.,
2539 2934 2695 2974 serm.
2739 2918 2798 2972 in
2831 2918 2981 2988 epist.
3012 2917 3173 2975 Joan.
3207 2933 3280 2986 IV,
3318 2927 3450 2974 tom.

1863 3011 1949 3080 111,
1982 3019 2126 3083 part.
2164 3027 2225 3077 ιι,
2257 3008 2366 3066 001.
2405 3008 2594 3081 2006.)

1935 3103 2178 3172 Fratres,
2209 3104 2344 3160 bona
2382 3103 2647 3171 uoluntas,
2675 3110 2805 3170 etc.,
2839 3118 3010 3176 usque
3041 3104 3108 3160 ad
3131 3104 3192 3175 ﬁt
3219 3121 3313 3174 pro
3347 3104 3457 3160 illis

1864 3200 1922 3254 in
1958 3197 2204 3255 salutem.
2255 3195 2397 3265 Quid
2436 3211 2568 3270 ergo
2611 3211 2835 3254 oramus
2863 3212 2964 3269 pro
2997 3197 3309 3254 nolentibus
3336 3213 3458 3254 cre-

1785 3257 1834 3323 C
1864 3289 2015 3365 dere,
2038 3300 2171 3355 etc.,
2203 3257 2366 3362 usque
2391 3289 2460 3344 ad
2491 3257 2626 3345 fides
2665 3289 2780 3360 ipsa
2809 3257 3063 3346 donetur.
3098 3288 3223 3359 (Id.,
3252 3287 3340 3342 lib.
3389 3288 3453 3342 de

1867 3381 2049 3437 Prred.
2079 3389 2275 3448 sanct.,
2313 3390 2450 3438 tom.
2480 3378 2552 3447 X,
2580 3388 2722 3452 part.
2751 3395 2792 3444 1,
2828 3379 2932 3435 col.
2965 3378 3116 3450 972.)

1935 3478 2202 3535 Voluntas
2252 3483 2313 3533 ut
2358 3476 2428 3533 ad
2474 3490 2603 3533 vera
2658 3474 2930 3532 credenda
2981 3483 3286 3540 moveatur,
3317 3485 3450 3541 etc.,

1861 3589 2022 3645 usque
2055 3573 2125 3627 ad
2156 3572 2211 3627 in
2248 3571 2500 3628 salutem.
2552 3570 2680 3643 (Id.,
2711 3569 2803 3626 lib.
2831 3569 2901 3625 ad
2929 3567 3149 3624 Paulin.
3182 3567 3456 3624 Nolanum

1861 3665 2043 3735 episc.,
2073 3671 2206 3720 tom.
2238 3663 2304 3730 ιι,
2335 3663 2440 3720 001.
2471 3661 2624 3734 181.)

1935 3755 2311 3812 Testimonium
2329 3755 2596 3826 perhibeo,
2610 3765 2742 3820 etc.,
2769 3771 2934 3826 usque
2953 3755 3024 3810 ad
3041 3771 3144 3810 non
3167 3755 3454 3810 secundum

1861 3850 2154 3907 scientiam.
2198 3845 2408 3916 Zetum,
2435 3848 2631 3919 inquit,
2663 3847 2759 3904 Dei
2789 3847 3013 3912 habent,
3045 3854 3174 3913 etc.,
3203 3863 3366 3916 usque
3386 3848 3456 3902 ad

1861 3957 1970 3999 non
2019 3951 2146 3998 sunt
2192 3939 2442 4011 subjecti.
2489 3940 2615 4014 (Id.,
2662 3955 2818 3996 serm.
2850 3939 2940 4004 15,
2986 3938 3050 3994 de
3091 3955 3196 3995 ver.
3244 3954 3456 4009 evang..

1862 4045 1997 4095 tom.
2028 4035 2097 4102 V,
2126 4041 2268 4105 part.
2300 4048 2359 4100 ιι,
2387 4033 2492 4090 001.
2523 4031 2674 4104 754.)

1931 4126 2310 4202 Apostolorum
2367 4125 2671 4182 audivimus
2712 4125 2959 4182 eamdem
3007 4132 3272 4197 gratiam,
3322 4132 3454 4189 etc.,

1862 4237 2025 4293 usque
2067 4220 2136 4275 ad
2191 4219 2346 4290 quasi
2386 4233 2495 4275 non
2541 4217 2838 4289 acceperis.
2887 4216 3012 4288 (Id.,
3067 4218 3122 4272 in
3158 4217 3454 4291 psal.1.xx,

1862 4323 1995 4371 tom.
2027 4311 2118 4380 lV,
2148 4321 2293 4384 part.
2318 4329 2362 4379 1,
2393 4310 2502 4370 col.
2534 4310 2686 4384 874.)

1933 4407 2152 4466 Iustitia
2177 4409 2275 4465 Dei
2300 4415 2404 4475 est,
2433 4414 2568 4472 etc.,
2596 4423 2760 4479 usque
2785 4406 2854 4461 ad
2891 4421 2999 4463 non
3027 4413 3156 4462 sunt
3200 4404 3452 4474 subjecti.

1866 4498 1992 4572 (Id.,
2022 4501 2080 4556 in
2102 4498 2240 4572 psal.
2267 4514 2435 4566 cxm,
2470 4505 2602 4554 tom.
2634 4495 2729 4565 IV,
2755 4504 2896 4567 part.
2922 4511 2986 4562 ιι,
3021 4494 3126 4552 001.
3158 4493 3342 4565 1848.)

1939 4593 2254 4666 lgnorantes
2285 4591 2424 4646 enim
2445 4589 2543 4646 Dei
2565 4589 2859 4660 justitiam,
2893 4596 3024 4656 etc.,
3064 4601 3236 4658 usque
3272 4587 3339 4642 ad
3365 4587 3458 4657 ju-

1867 4687 2026 4742 stitia:
2060 4684 2161 4740 Dei
2201 4700 2308 4740 non
2347 4692 2470 4739 sunt
2514 4682 2754 4751 subiecti.
2797 4680 3004 4736 Dicitur
3061 4679 3287 4749 spiritus
3329 4679 3457 4733 Elim

1868 4781 1962 4853 qui
1995 4787 2079 4837 est
2108 4777 2333 4850 spiritus
2354 4777 2474 4844 Dei,
2501 4774 2655 4846 cujus
2678 4774 2953 4846 particeps
2985 4772 3165 4829 factus
3193 4771 3340 4827 Elias
3368 4771 3455 4826 illa

1867 4872 2190 4946 potuitzsic
2241 4869 2439 4928 dicitur
2473 4877 2528 4925 et
2552 4867 2650 4922 Dei
2685 4864 2899 4936 justitia
2949 4877 3071 4935 quae
3118 4870 3306 4920 nostra
3350 4872 3452 4927 est,

1868 4965 1964 5022 sed
2009 4965 2209 5022 donata
2259 4961 2448 5018 aDeo.
2500 4959 2576 5014 De
2611 4971 2718 5027 qua
2766 4955 2994 5026 loquens
3020 4952 3334 5025 Apostolus,
3361 4951 3455 5010 Ju-

1870 5059 2014 5116 dazos
2055 5071 2288 5129 arguens
2324 5054 2493 5111 dicit:
2521 5051 2840 5124 Ignorantes
2877 5047 3023 5104 enim
3056 5045 3154 5103 Dei
3184 5046 3456 5118 justitiam

1869 5161 1924 5210 et
1951 5167 2105 5210 suam
2143 5149 2385 5206 volentes
2421 5143 2774 5206 constituere,
2814 5139 2867 5196 id
2897 5147 3000 5206 est,
3033 5146 3288 5209 tanquam
3339 5152 3371 5192 a
3398 5151 3458 5191 se

1869 5247 1973 5303 sibi
2002 5253 2266 5319 paratam.
2299 5240 2501 5298 Contra
2524 5234 2714 5308 quales
2738 5233 2867 5290 dicit
2907 5249 2922 5290 :
2957 5229 3099 5298 Quid
3127 5231 3266 5286 enim
3298 5230 3458 5284 habes

1869 5341 2007 5414 quod
2045 5357 2151 5395 non
2187 5333 2429 5407 accepisti
2451 5329 2502 5403 (I
2529 5327 2652 5387 Cor.
2692 5327 2804 5400 1v)?
2844 5325 3160 5398 Ignorantes
3189 5325 3327 5380 enim
3359 5323 3458 5378 Dei

178 5446 480 5507 Gomorrha
517 5415 714 5502 similes
738 5415 1038 5516 fuissemus.
1058 5415 1265 5500 Deinde
1304 5415 1543 5500 ostendit
1581 5449 1769 5514 gentes
1862 5433 2124 5506 justitiam
2146 5440 2193 5486 et
2213 5443 2364 5484 suam
2391 5426 2614 5482 volentes
2641 5422 2976 5516 constituere,
2992 5415 3326 5516 just-ititde
3347 5432 3457 5516 non

178 5556 247 5597 ex
279 5539 410 5608 fide,
436 5549 572 5608 etc.,
616 5555 780 5612 usque
810 5537 880 5593 ad
919 5537 1163 5608 sequitur
1215 5543 1271 5593 et
1313 5535 1464 5592 dicit.
1517 5533 1640 5607 (Id.,
1673 5533 1762 5588 lib.

179 5641 366 5689 contra
384 5630 680 5698 lulianum,
715 5638 844 5688 tom.
874 5625 946 5697 Χ,
975 5635 1118 5700 part.
1147 5643 1186 5693 1,
1219 5624 1322 5683 001.
1350 5624 1498 5698 792.)

256 5723 476 5780 Fratres
521 5723 749 5792 quidem,
799 5729 928 5788 etc.,
975 5737 1138 5792 usque
1180 5719 1251 5774 ad
1276 5717 1560 5775 secundum
1598 5717 1767 5771 scien-

181 5821 460 5885 tiam,etc.
482 5817 560 5874 Ex
580 5832 815 5887 persona
850 5815 992 5872 enim
1026 5827 1215 5870 eorum
1241 5813 1332 5885 qui
1372 5811 1496 5867 inde
1523 5809 1770 5865 credide-

188 5922 342 5979 runt,
391 5920 522 5979 etc.,
555 5928 716 5968 usaue
752 5910 822 5966 ad
851 5908 1218 5965 obedientium
1264 5905 1603 5978 populorum.
1643 5902 1766 5974 (Id.,

1875 5537 1993 5585 sunt
2021 5523 2240 5596 subjecti
2284 5520 2464 5595 (Rom.
2494 5523 2576 5591 ιι).
2607 5519 2682 5575 De
2709 5515 2910 5573 Iudaeis
2949 5513 3054 5570 hoc
3081 5511 3240 5578 dixit,
3269 5509 3362 5582 qui
3390 5511 3457 5565 de

1877 5637 1934 5680 se
1957 5624 2344 5692 praesumentes
2371 5613 2601 5687 gratiam
2633 5609 2987 5681 repellebant,
3015 5614 3072 5663 et
3099 5605 3154 5661 in
3177 5603 3455 5660 Christum

1873 5721 2159 5788 propterea
2188 5727 2296 5768 non
2322 5708 2636 5767 credebant.
2681 5704 2848 5762 Suam
2876 5717 3006 5758 vero
3029 5699 3296 5771 justitiam
3326 5695 3459 5788 dicit

1875 5785 1983 5864 eos,
2017 5805 2259 5862 volentes
2307 5802 2656 5863 constituere,
2705 5813 2824 5867 qum
2863 5792 3077 5864 iustitia
3107 5798 3191 5848 est
3227 5803 3294 5844 ex
3339 5785 3456 5856 lege

1876 5917 1983 5959 non
2012 5899 2136 5975 quia
2161 5899 2249 5956 lex
2280 5897 2347 5953 ab
2375 5894 2507 5970 ipsis
2530 5901 2615 5948 est
2642 5887 2952 5952 constituta,
2983 5884 3078 5941 sed
3107 5883 3160 5938 in
3196 5880 3311 5957 lege
3338 5891 3458 5950 quae
