3970 6306
639 374 744 432 507

635 587 883 642 eamdcm
920 588 1091 661 legem
1136 590 1248 647 suis
1289 593 1494 649 viribus
1533 611 1590 651 se
1635 596 1860 669 implere
1906 618 2066 673 posse
2099 621 2219 662 cre-

634 677 858 753 debant.
910 681 1226 754 Ignorantes
1271 683 1366 741 Dei
1413 687 1681 758 justitiam
1717 708 1824 749 non
1866 711 1970 766 qua
2008 696 2222 766 justitia

630 770 776 829 Deus
797 774 978 845 justus
1001 785 1101 842 est,
1132 777 1224 832 sed
1249 794 1368 848 qua:
1393 777 1605 849 justitia
1635 793 1720 840 est
1747 786 1954 843 homini
1988 804 2054 844 ex
2085 791 2217 846 Deo.

701 863 833 932 Quae
873 868 946 922 sit
981 877 1158 923 autem
1188 863 1400 940 justitia
1444 871 1560 938 Dei,
1607 882 1738 943 etc.,
1784 895 1946 949 usque
1992 881 2061 934 ad
2097 896 2222 936 san-

626 952 808 1025 guinis
847 955 1078 1013 Christi-
1111 957 1231 1030 (ld.,
1263 959 1353 1015 lib.
1398 963 1462 1016 de
1511 962 1641 1020 Nat.
1668 977 1715 1021 et
1761 965 1910 1035 Gra.,
1965 978 2095 1026 tom.
2149 971 2214 1038 X,

622 1055 768 1117 part.
800 1063 839 1113 1,
871 1049 972 1103 col.
1005 1048 1112 1103 217
1138 1057 1192 1106 et
1223 1054 1366 1123 seq.)

692 1135 950 1195 Carnales
977 1138 1258 1209 Israelitw,
1293 1147 1520 1203 terrenae
1547 1148 1848 1206 Jerusalem
1880 1167 2048 1220 Cives,
2079 1163 2211 1224 etc.,

621 1245 786 1300 usque
807 1231 877 1285 ad
904 1231 1133 1302 placere,
1148 1251 1206 1291 se
1225 1236 1356 1292 Deo.
1411 1239 1531 1310 (ld.,
1580 1241 1672 1295 lib.
1705 1243 1769 1296 de
1793 1243 1900 1298 Civ.
1928 1244 2044 1312 Dei,
2080 1263 2210 1314 xvn,

619 1326 752 1375 tom.
788 1321 897 1388 VII,
938 1324 1042 1379 col.
1075 1326 1180 1382 528
1211 1338 1275 1388 et,
1289 1330 1432 1401 seq.)

685 1411 841 1468 Beati
883 1415 976 1484 qui
1024 1417 1270 1474 esuriunt
1301 1429 1355 1476 et
1395 1421 1585 1477 sitiunt
1621 1424 1922 1493 justitiam,
1952 1431 2210 1499 quoniam

610 1500 717 1573 ipsi
747 1509 1160 1576 saturabuntur,
1191 1518 1322 1578 etc.,
1373 1527 1535 1586 usque
1561 1517 1631 1570 ad
1661 1518 1751 1588 qui
1791 1520 1948 1575 datus
1991 1533 2076 1577 est
2116 1539 2210 1578 no-

609 1597 717 1654 bis.
773 1597 896 1670 (Id.,
953 1611 1108 1657 tract.
1139 1603 1212 1659 25
1241 1606 1296 1660 in
1331 1602 1536 1680 Evang.
1569 1626 1673 1664 sec.
1720 1611 1905 1680 Joan.,
1956 1623 2084 1671 tom.
2115 1617 2204 1685 III,

606 1700 751 1760 part.
781 1708 844 1760 11,
881 1693 985 1749 col.
1016 1695 1153 1752 1606
1183 1705 1238 1754 et
1267 1701 1408 1770 seq.)

679 1780 779 1837 Est
815 1785 960 1839 enim
981 1785 1193 1857 justitia
1225 1789 1343 1857 Dei,
1376 1807 1497 1863 qua:
1540 1802 1595 1850 et
1617 1806 1802 1852 nostra
1831 1797 1912 1865 tit,
1945 1810 2076 1867 etc.,
2108 1821 2197 1857 us-

604 1889 707 1944 que
746 1877 816 1930 ad
849 1879 996 1933 omni
1045 1882 1305 1938 credenti.
1355 1884 1479 1957 (ld.,
1506 1889 1562 1942 in
1600 1889 1735 1960 psal.
1779 1905 1908 1960 xxx,
1949 1901 2077 1951 tom.
2106 1895 2196 1966 IV,
2228 1891 2274 1950 Β

602 1980 750 2039 part.
784 1989 824 2040 1,
862 1973 966 2030 col.
997 1975 1150 2048 255.)

682 2062 1016 2121 Discernitur
1040 2069 1257 2138 quidem
1293 2073 1362 2128 ah
1399 2075 1653 2144 operibus
1681 2078 1834 2148 ﬁdes,
1871 2089 1998 2148 etc.,
2035 2099 2196 2157 usque

598 2155 674 2211 ad
715 2162 1165 2248 permanebis‘in
1209 2167 1405 2238 patria.
1458 2169 1581 2242 (ld.,
1616 2177 1771 2230 tract.
1812 2180 1953 2234 verb.
1985 2155 2191 2252 Apost.,

599 2254 732 2303 tom.
766 2247 830 2318 V,
870 2260 1012 2322 part.
1046 2246 1089 2322 ι,
1121 2255 1225 2311 col.
1259 2258 1364 2313 852
1389 2268 1445 2316 et
1472 2266 1614 2334 seq.)

664 2339 818 2400 Finis
843 2347 988 2403 enim
1018 2347 1152 2420 legis
1179 2348 1429 2411 Christus
1459 2356 1525 2412 ad
1547 2356 1839 2429 juStlttam‘,
1867 2347 2010 2431 etc.,.
2029 2383 2192 2440 usque

592 2435 664 2488 ad
708 2435 825 2508 ipse
867 2437 992 2497 ﬁnis
1037 2441 1257 2500 dicitur.
1309 2445 1432 2517 (ld.,
1485 2451 1542 2506 in
1581 2452 1716 2523 psal.
1749 2459 1867 2523 χιιι,
1919 2463 2051 2515 tom.
2097 2435 2186 2529 IV,

590 2535 737 2598 part.
770 2548 810 2598 1,
837 2532 943 2590 col.
972 2533 1122 2609 Ml.)

659 2621 810 2681 Finis
834 2625 983 2682 enim
1014 2627 1149 2701 legis
1178 2629 1426 2692 Christus
1457 2636 1525 2692 ad
1545 2636 1832 2709 justitiam,
1862 2649 1993 2709 etc.,
2025 2663 2187 2718 usque

589 2714 661 2768 ad
694 2717 867 2772 nostri
907 2715 1030 2776 linis
1079 2721 1296 2778 dicitur.
1340 2724 1466 2797 (ld.,
1496 2728 1552 2783 in
1578 2729 1712 2799 psal.
1745 2747 1869 2800 XLV,
1921 2741 2050 2790 tom.
2091 2714 2181 2804 IV,

585 2815 729 2878 part.
758 2821 800 2876 1,
832 2809 939 2866 col.
973 2811 1081 2866 514
1109 2821 1163 2869 et
1193 2815 1335 2889 seq.)

655 2903 810 2962 Finis
842 2907 986 2963 enim
1031 2908 1164 2980 legis
1189 2910 1440 2970 Christus
1483 2926 1566 2971 est
1615 2920 1681 2974 ad
1725 2921 1992 2992 justitiam
2032 2926 2179 2981 omni

586 2994 852 3054 credenti.
922 3000 1156 3058 Intentio
1206 3005 1349 3061 enim
1399 3008 1670 3080 dirigitur,
1721 3019 1852 3082 etc.,
1899 3033 2063 3088 usque
2111 3019 2180 3073 ad

582 3102 744 3143 nemo
771 3089 988 3161 perlicit
1014 3091 1210 3164 legem.
1235 3094 1358 3166 (ld.,
1387 3097 1441 3152 in
1468 3098 1602 3167 psal.
1621 3117 1728 3168 LIV,
1759 3110 1890 3159 tom.
1918 3105 2006 3173 IV,
2034 3118 2173 3178 part.

583 3194 622 3247 1,
647 3179 749 3235 col.
783 3179 887 3239 628
916 3189 973 3237 et
997 3183 1146 3256 662.)

647 3269 863 3329 Initium
888 3283 971 3330 est
996 3276 1166 3334 Vetus
1195 3278 1622 3348 Testamentum,
1657 3285 1780 3343 ﬁnis
1814 3288 2041 3346 Novum.
2076 3292 2170 3348 Ti-

578 3379 702 3422 mor
729 3368 875 3423 enim
903 3369 1162 3439 praevalet
1199 3371 1252 3426 in
1280 3372 1419 3446 lege,
1451 3386 1506 3432 et
1537 3376 1748 3435 initium
1782 3383 2061 3452 sapientiae
2100 3387 2170 3441 ti-

575 3476 698 3517 mor
717 3461 951 3519 Domini.
989 3463 1139 3522 Finis
1169 3476 1358 3525 autem
1379 3469 1512 3542 legis
1534 3471 1784 3531 Christus
1813 3477 1880 3533 ad
1903 3476 2169 3547 justitiam

574 3552 723 3608 omni
753 3554 1037 3614 credenti:
1081 3559 1188 3628 quo
1217 3559 1458 3616 donante
1491 3562 1813 3621 diffunditur
1843 3569 2086 3628 charitas
2114 3573 2167 3629 in

571 3647 830 3704 cordibus
877 3650 1080 3706 nostris
1123 3667 1221 3722 per
1251 3652 1515 3724 Spiritum
1563 3661 1812 3714 sanctum
1865 3662 1957 3733 qui
2009 3665 2166 3722 datus

567 3739 856 3796 estnobis.
906 3741 974 3797 Et
1003 3753 1380 3800 consummata
1425 3746 1669 3805 charitas
1712 3749 1862 3807 foras
1894 3754 2059 3810 mittit
2099 3757 2165 3811 ti-

564 3846 792 3889 morem.

634 3924 786 4004 Finis
817 3925 952 3997 legis
974 3926 1224 3984 Christus
1254 3937 1359 3996 est,
1392 3930 1448 3985 in
1479 3946 1607 4001 quo,
1634 3943 1765 4001 etc.,
1799 3953 1961 4010 usque
2001 3942 2071 3995 ad
2107 3951 2162 3998 et

562 4000 849 4070 cbaritatis
878 4018 1150 4073 extendat.
1181 4019 1304 4090 (ld.,
1329 4018 1420 4074 lib.
1448 4000 1596 4077 sent.
1625 4000 1893 4096 Prosperi',
1932 4038 2062 4086 tom.
2087 4033 2155 4100 Χ,

561 4112 707 4174 part.
743 4121 806 4172 11,
835 4106 942 4162 col.
968 4107 1152 4180 I875.)

635 4193 788 4251 Finis
819 4196 1057 4252 ﬁdelium
1105 4195 1356 4255 Christus
1387 4211 1472 4256 est
1507 4205 1575 4259 ad
1606 4219 1767 4274 quem
1797 4224 1919 4264 eum
1947 4216 2156 4272 venerit

564 4291 836 4346 currentis
886 4291 1132 4356 intentio,
1185 4307 1293 4347 non
1341 4295 1506 4350 habet
1550 4297 1604 4351 in
1652 4302 1796 4369 quod
1834 4306 2005 4373 possit
2034 4325 2152 4363 am-

557 4377 699 4450 plius
728 4380 994 4447 invenire,
1028 4383 1124 4438 sed
1163 4382 1322 4439 habet
1359 4384 1416 4439 in
1444 4401 1553 4455 quo
1581 4389 1774 4446 debeat
1803 4407 2145 4464 permanere.

632 4472 840 4544 Moyses
887 4475 1025 4528 enim
1067 4475 1311 4546 scripsit,
1345 4484 1475 4542 etc.,
1521 4495 1692 4550 usque
1741 4485 1806 4538 ad
1855 4489 1982 4558 quid
2021 4491 2148 4545 dicit

557 4561 858 4635 Scriptura.
905 4565 1021 4621 Lex
1069 4575 1250 4622 autem
1297 4583 1406 4626 non
1451 4579 1538 4626 est
1579 4587 1647 4627 ex
1678 4575 1803 4642 fide,
1850 4580 1968 4646 sed,
2010 4592 2141 4650 etc.,

554 4671 718 4726 usque
746 4658 815 4711 ad
845 4658 962 4714 sine
985 4659 1226 4729 querela.
1259 4659 1382 4730 (ld.,
1409 4660 1465 4715 in
1485 4678 1664 4734 cmpos.
1687 4667 1838 4736 epist.
1869 4672 1938 4725 ad
1961 4670 2138 4730 Colat.

555 4762 639 4812 111,
674 4758 803 4803 tom.
833 4749 922 4816 lII,
955 4759 1096 4821 part.
1130 4766 1192 4816 11,
1217 4751 1320 4808 col.
1349 4751 1536 4825 2119.)

627 4835 800 4907 Prope
845 4848 922 4893 est
970 4841 1183 4895 verbum
1229 4843 1287 4897 in
1333 4860 1423 4899 ore
1464 4853 1574 4914 tuo,
1608 4859 1738 4918 etc.,
1784 4871 1956 4927 usque
2002 4861 2070 4916 ad
2109 4880 2144 4919 a

551 4929 773 4982 mortuis
809 4931 986 4986 salvus
1026 4933 1149 4988 eris.
1201 4932 1322 4990 1am
1380 4952 1475 4993 vos
1521 4943 1708 4999 mundi
1748 4949 1882 5004 estis
1921 4963 2145 5024 propter

550 5024 797 5090 verbum,
824 5033 955 5091 etc.,
996 5043 1160 5098 usque
1199 5030 1268 5083 ad
1317 5030 1500 5089 salvus
1530 5037 1658 5093 eris.
1711 5041 1856 5110 (ld.,
1890 5054 2046 5102 tract.
2086 5049 2141 5103 in

548 5133 732 5188 evang.
755 5133 858 5173 sec.
879 5117 1069 5186 Joan.,
1102 5128 1230 5177 tom.
1265 5123 1351 5190 IlI,
1381 5136 1521 5196 part.
1562 5146 1622 5196 11,
1666 5134 1770 5188 col.
1803 5137 1987 5211 1840.)

618 5207 736 5266 Non
775 5211 920 5267 enim
949 5211 1068 5268 laus
1095 5213 1215 5270 ﬁdei
1247 5215 1681 5279 Christianorum
1721 5237 1807 5282 est
1840 5207 1975 5300 quia.
2015 5248 2125 5289 cre-

550 5302 683 5357 dunt
706 5314 981 5360 mortuum
1023 5305 1321 5377 Christum,
1374 5314 1490 5380 sed,
1529 5324 1661 5385 etc.,
1703 5336 1866 5393 usque
1904 5325 1972 5379 ad
2023 5341 2129 5382 non

545 5393 763 5464 adjiciat
791 5406 851 5452 ut
883 5409 1147 5467 resurgat.
1182 5401 1309 5475 (ld.,
1339 5413 1491 5461 tract.
1517 5408 1572 5462 in
1594 5411 1844 5482 psal.c11,
1876 5425 2007 5472 tom.
2037 5418 2130 5486 IV,

542 5498 683 5558 part.
717 5506 777 5554 11,
807 5491 910 5547 col.
937 5493 1074 5550 1558
1102 5505 1155 5550 et
1187 5498 1327 5569 seq.)

612 5583 738 5640 Haec
764 5593 847 5640 est
870 5587 1002 5644 ﬁdes
1027 5587 1479 5665 Christianorum,
1507 5607 1639 5668 etc.,
1669 5618 1831 5673 usque
1855 5606 1925 5659 ad
1955 5606 2126 5678 loqui-

546 5687 634 5733 tur
677 5680 731 5736 in
760 5681 932 5738 vobis.
987 5683 1107 5753 (ld.,
1160 5695 1314 5742 tract.
1364 5691 1419 5746 in
1463 5694 1597 5763 psal.
1627 5711 1819 5762 cxvm,
1874 5707 2003 5756 tom.
2032 5700 2120 5768 IV,

463 5779 466 5781 λ
525 5784 680 5844 ναι-ι.
711 5791 775 5842 ιι,
808 5777 910 5833 col.
939 5778 1076 5836 1556
1103 5790 1158 5837 et
1189 5785 1328 5855 seq.)

612 5867 715 5925 Sed
741 5871 867 5928 dum
897 5877 1307 5948 peregrinantur
1346 5895 1374 5934 a
1408 5880 1656 5951 Domino,
1689 5894 1818 5951 etc.,
1855 5903 2015 5958 usque
2053 5889 2122 5945 ad

1842 393 2049 453 ηοω
2088 387 2365 458 nucom
2403 405 2708 465 MONACHI
3720 445 3775 501 308

639 508 706 548 ex
755 493 864 550 Deo
914 501 999 552 est
1041 512 1192 552 suam
1249 497 1514 568 justitiam
1569 506 1964 566 constituerant
2017 515 2234 583 quando
2261 519 2396 578 Alit
2439 521 2504 575 ad
2533 524 2780 582 salutem.

2835 527 2956 600 (ld.,
2994 530 3083 586 lib.
3127 549 3167 590 11
3211 537 3277 592 de
3303 538 3555 616 Trinitalc,
3589 559 3682 611 tom.
3702 559 3776 624 VIII.

2327 614 2428 670 col.
2463 613 2616 690 864.)

2394 708 2601 769 Intrare
2646 715 2937 787 quisquam
2966 719 3265 781 Ecclesiam
3309 738 3478 799 potest
3505 739 3670 808 nolens,
3702 757 3776 810 etc.,

2323 817 2484 871 usque
2532 805 2602 859 ad
2656 806 2895 879 loqueris
2942 813 3050 870 non
3114 820 3405 879 conﬁteris.
3453 828 3585 898 (ld.,
3626 805 3778 895 tract.

2319 910 2501 965 evang.
2529 915 2633 955 sec.
2654 901 2840 971 Joan.,
2867 913 2998 963 tom.
3021 909 3108 978 III,
3129 923 3273 983 part.
3299 929 3358 984 11,
3384 919 3478 974 col.
3506 923 3620 979 I577
3642 938 3680 983 et
3697 943 3775 1003 seq;

2389 989 2568 1063 Incipe
2594 996 2903 1069 quicunque
2946 1017 3035 1058 me
3065 1007 3219 1063 audis
3247 1010 3425 1068 vivere
3449 989 3775 1086 quomodaete,

2317 1099 2481 1155 usque
2517 1088 2587 1142 ad
2626 1090 2930 1150 erubescat.
2962 1096 3088 1170 (ld.,
3135 1109 3291 1159 tract.
3335 1107 3388 1160 in
3427 1109 3548 1179 psal.
3578 1129 3677 1180 xxx,
3702 1125 3765 1174 tom

2315 1175 2406 1243 IV,
2436 1190 2577 1248 part.
2617 1199 2657 1251 1,
2687 1185 2790 1242 col.
2824 1188 2976 1262 252.)

2313 1462 2443 1511 tom.
2480 1455 2566 1525 VI,
2595 1462 2698 1518 col.
2730 1465 2834 1520 526
2862 1477 2915 1524 et
2939 1472 3082 1543 seq.)

2379 1548 2554 1606 Corde
2605 1557 2849 1613 creditur
2899 1563 2966 1618 ad
2991 1563 3283 1636 justitiam,
3315 1587 3408 1630 ore
3437 1577 3677 1644 confessio,
3699 1594 3775 1646 etc.,

2307 1657 2468 1713 usque
2515 1647 2584 1698 ad
2629 1664 2736 1704 non
2781 1653 2922 1709 unde
2966 1655 3095 1713 fecit
3139 1674 3247 1717 me.
3302 1666 3420 1736 (ld.,
3453 1684 3588 1726 serm.
3628 1673 3773 1729 dicam.

2306 1744 2477 1804 apost.
2509 1735 2696 1808 Paul.,
2730 1752 2862 1800 tom.
2903 1748 2970 1815 ν,
3001 1761 3145 1822 part.
3180 1771 3220 1821 1,
3249 1735 3352 1813 col.
3383 1760 3508 1818 1278
3535 1773 3580 1818 et
3604 1768 3704 1836 seq.)

2375 1827 2648 1900 Scriptum
2676 1845 2778 1902 est,
2808 1847 2863 1894 et
2892 1845 3201 1912 apostolicae
3232 1849 3532 1924 disciplinre,
3555 1827 3774 1930 etc.,-iisque

2303 1919 2371 1971 ad
2415 1921 2579 1978 corde
2623 1936 2916 2018 gestamus.
2971 1933 3094 2004 (ld.,
3134 1955 3296 1996 serm.
3333 1919 3385 1997 I_
3411 1946 3470 2000 de
3510 1919 3774 2018 Symbololia

2299 2023 2470 2074 man.,
2507 2019 2636 2070 tom.
2666 2016 2753 2083 VI,
2785 2022 2888 2076 col.
2924 2024 3070 2097 181.)
3119 2055 3150 2071 ο

2372 2104 2628 2170 Quwrens
2678 2127 2709 2166 a
2736 2111 2847 2170 Deo
2874 2127 3084 2187 pacem,
3119 2129 3256 2191 etc.,
3301 2142 3460 2199 usque
3491 2129 3552 2184 ad
3577 2130 3771 2200 loquenda.

2299 2196 2422 2269 (ld..
2469 2200 2560 2258 lib.
2603 2220 2641 2259 11
2682 2205 2828 2263 Sent.
2877 2208 3149 2285 Prosperi,
3203 2228 3332 2275 tom.
3377 2196 3445 2290 Χ,
3493 2233 3612 2294 part.
3633 2196 3677 2288 t1,
3711 2224 3770 2280 col.

2297 2290 2483 2348 1874.)

2366 2383 2508 2439 Dicit
2530 2390 2667 2443 enim
2688 2394 2970 2464 scriptura,
3004 2408 3137 2467 etc.,
3183 2416 3356 2473 usque
3382 2405 3445 2461 ad
3470 2408 3705 2479 quicunque
3722 2408 3770 2460 in-

2292 2481 2550 2532 vocaverit
2584 2499 2774 2540 nomen
2809 2486 3024 2544 Domini
3059 2493 3240 2550 salvus
3265 2499 3381 2552 erit.
3407 2499 3530 2567 Quia
3552 2501 3606 2556 de
3627 2511 3770 2572 peccato

2290 2571 2443 2639 gravi
2499 2574 2717 2632 miseria
2761 2582 3112 2649 premebatur
3157 2602 3330 2660 genus
3375 2571 3647 2654 humanum,
3689 2603 3775 2654 etc.,-

2289 2677 2452 2733 usqne
2495 2669 2566 2720 ad
2595 2668 2799 2725 dictum
2849 2678 2950 2729 est.
3000 2675 3124 2747 (ld.,
3183 2678 3274 2735 lib.
3327 2680 3552 2751 Enchir.,
3597 2681 3754 2741 tam.“

2288 2755 2391 2810 col.
2430 2757 2584 2831 251.)

2360 2847 2636 2914 Quomodo
2658 2870 2779 2926 ergo
2799 2859 3130 2929 invocabant,
3165 2869 3299 2932 etc.,
3329 2881 3489 2938 usque
3513 2867 3570 2922 ad
3588 2863 3764 2936 εεσπφεΐι-

2285 2941 2520 2996 zantium
2547 2944 2701 3000 bona.
2735 2947 3064 3022 Degentibus
3100 2963 3340 3030 namque
3383 2959 3507 3016 dixit
3537 2969 3626 3016 non
3645 2956 3763 3014 delu-

2286 3031 2434 3097 daais,
2472 3043 2570 3089 etc.
2603 3055 2766 3108 usque
2809 3043 2878 3095 ad
2907 3059 3028 3101 esse
3071 3048 3385 3108 mittendos.
3414 3040 3527 3125 (ld.,
3551 3052 3624 3107 lib.
3643 3068 3670 3106 ιι
3691 3065 3764 3104 nn-

2283 3134 2368 3179 ινα
2405 3127 2677 3186 inimicum
2703 3133 2830 3205 legis
2855 3145 2902 3192 et
2924 3142 3164 3210 proritet.
3195 3154 3324 3202 tom.
3361 3143 3482 3214 VIII,
3508 3148 3594 3204 eoi.
3619 3145 3724 3214 64H

2235 3253 2246 3293 ί
2354 3219 2460 3275 Sed
2486 3239 2589 3279 non
2623 3241 2799 3283 omnes
2830 3231 3096 3301 obediunt,
3123 3247 3256 3307 etc.,
3303 3249 3464 3312 usque
3505 3241 3562 3296 ad
3583 3241 3672 3312 quis
3693 3253 3760 3291 crt-

2277 3313 2411 3367 didit
2435 3319 2643 3374 auditui
2668 3325 2883 3378 nostro?
2911 3327 3142 3394 Quidam
3165 3332 3312 3390 inter
3337 3351 3394 3392 se
3415 3335 3671 3396 mussitant,
3688 3343 3760 3386 τιτι.

2274 3421 2437 3476 usque
2461 3409 2531 3462 ad
2560 3421 2666 3466 non
2699 3421 2824 3469 sunt
2855 3417 3098 3486 subjecti.
3140 3422 3268 3495 (ld.,
3311 3427 3458 3482 tract.
3488 3424 3548 3482 55
3573 3427 3616 3480 in
3641 3439 3758 3491 (rang-

2272 3513 2374 3551 sec.
2425 3498 2611 3569 Joan.,
2663 3511 2793 3560 tom.
2843 3507 2933 3574 III,
2982 3520 3125 3582 part.
3154 3521 3220 3572 ιι.
3271 3519 3373 3574 eoi:
3405 3518 3549 3585 1776,
3575 3511 3762 3588 usquead

2272 3592 2453 3667 n79.)

2339 3684 2483 3757 Ergo
2529 3689 2661 3758 ﬁaes
2692 3707 2757 3747 ex
2800 3698 2997 3753 audite
3018 3717 3036 3754 :
3067 3702 3291 3760 a‘ttditu's
3321 3710 3489 3762 attleni
3515 3713 3593 3774 per
3620 3700 3758 3759 utrium

2264 3775 2364 3831 Dei
2406 3778 2619 3835 Christi.
2671 3783 2930 3851 Quamvis
2971 3793 3117 3847 enim
3163 3793 3308 3852 Deus
3356 3796 3533 3855 doceat
3578 3795 3758 3852 intrinse-

2265 3885 2378 3936 cus,
2431 3880 2562 3940 etc.,
2614 3891 2776 3948 usque
2824 3880 2895 3934 ad
2937 3897 3116 3956 neque
3174 3887 3458 3960 rigandu'm
3522 3889 3623 3962 (ld.,
3651 3889 3755 3939 tract.

2261 3964 2315 4018 in
2343 3967 2476 4032 psal.
2509 3982 2700 4035 cxvm,
2735 3979 2864 4026 tom.
2896 3971 2988 4041 IV,-
3020 3987 3249 4047 part.11,
3280 3984 3378 4038 col.
3408 3980 3570 4053 1591).

2330 4053 2492 4111 Fides
2539 4072 2700 4128 quam
2743 4063 2835 4131 qui
2881 4062 3108 4136 habent,
3151 4079 3291 4138 etc.,
3335 4089 3488 4146 usque
3525 4077 3678 4142 πάνυ·
3708 4061 3757 4117 ἀί-

2257 4145 2566 4204 lectionem.
2627 4150 2710 4225 (S.
2767 4155 2930 4227 Aug.,
2983 4157 3074 4215 lib.
3107 4162 3173 4217 de
3231 4163 3474 4221 Trinitat.
3524 4174 3630 4220 tom.
3670 4153 3754 4215 Vm:

2255 4239 2359 4294 col.
2383 4240 2568 4314 IOI6.)

2323 4330 2426 4387 Sed
2454 4334 2591 4403 dico,
2636 4341 2870 4411 nunquid
2910 4353 3014 4398 non
3056 4348 3378 4405 audierunt?
3409 4359 3528 4413 etc.,
3554 4355 3687 4401 ustore
3712 4333 3754 4390 ad

2250 4429 2471 4496 apparui
2501 4429 2584 4483 his
2609 4433 2700 4501 qui
2731 4450 2812 4489 me
2845 4453 2950 4492 non
2987 4439 3398 4513 interrogabant.
3447 4443 3552 4510 Quo
3580 4425 3753 4508 pactozlb

2249 4524 2508 4590 apostolis
2531 4534 2613 4582 est
2635 4530 2949 4599 praedicatio
2968 4535 3094 4598 ista,
3121 4545 3226 4593 etc.
3241 4581 3255 4606 ,
3281 4554 3438 4611 usque
3457 4536 3520 4592 ad
3535 4523 3752 4611 crescendo

2167 4641 2222 4702 D
2249 4624 2530 4673 venturum
2556 4621 2843 4694 (ld.,epist.
2871 4626 2940 4681 ad
2965 4625 3146 4683 Esich.
3175 4609 3363 4700 cpiam,
3376 4626 3566 4692 ton1.II,
3586 4620 3666 4679 col.
3683 4609 3750 4666 93¢

2249 4719 2306 4764 et
2332 4711 2470 4784 seq.)

2325 4803 2406 4857 Ad
2437 4804 2609 4860 Israel
2645 4815 2841 4879 mrtem,
2867 4821 2993 4878 etc.,
3021 4829 3197 4886 usque
3220 4819 3286 4874 ad
3319 4826 3364 4872 et
3393 4811 3746 4872 contradiceth

2253 4897 2397 4952 mihi.
2437 4895 2494 4954 Si
2526 4900 2580 4954 in
2611 4917 2676 4957 eo
2702 4904 2843 4973 quod
2873 4905 2967 4970 ait,
2997 4911 3216 4965 extendi
3255 4925 3441 4966 manus
3477 4919 3620 4968 meas,
3657 4905 3743 4951 εῖθη

2252 5008 2413 5061 usque
2434 4995 2502 5047 ad
2526 4997 3005 5056 contradicentcm.
3031 5003 3153 5077 (ld.,
3182 5015 3334 5061 tract.
3360 5007 3414 5059 in
3431 4999 3741 5070 psal.txxxv11,

2252 5091 2382 5140 tom.
2413 5087 2501 5154 IV,
2527 5097 2667 5160 part.
2697 5107 2756 5156 11,
2787 5091 2888 5148 col.
2916 5095 3053 5149 1114
3081 5107 3136 5152 et
3156 5099 3302 5170 seq.)

2845 5253 3075 5312 CAPUT
3117 5259 3209 5314 XI.

2308 5358 2438 5414 Dico
2470 5377 2593 5433 ergo
2617 5380 2636 5419 :
2660 5363 2941 5440 Nunquid,
2971 5381 3078 5429 etc.
3112 5388 3283 5446 usque
3329 5375 3394 5431 ad
3421 5371 3593 5446 plebem
3629 5370 3736 5417 διίστη
3798 5439 3799 5448 χ

2235 5468 2393 5521 quam
2417 5457 2692 5523 prtescivit.
2717 5460 2794 5515 Ex
2823 5461 2912 5519 illo
2934 5467 3077 5520 enim
3103 5470 3298 5538 papula
3324 5467 3478 5525 Israel
3501 5461 3736 5547 quicunqi'f

2237 5542 2290 5597 in
2339 5544 2592 5615 Christo,
2643 5559 2771 5620 etc.,
2824 5572 2986 5628 usque
3024 5559 3096 5614 ad
3147 5562 3328 5617 caeteri
3375 5573 3498 5614 vero
3540 5547 3732 5608 extera"

2231 5645 2375 5692 sunt.
2428 5638 2548 5710 (ld.,
2586 5651 2738 5699 tract.
2781 5646 2835 5701 in
2875 5649 3010 5719 psal.
3045 5667 3269 5719 Lxxvm,
3313 5663 3434 5708 tom.
3472 5646 3550 5713 IV,
3572 5645 3681 5714 part.
3706 5647 3730 5690 ι,

2228 5727 2328 5783 col.
2371 5730 2510 5787 1010
2533 5741 2586 5788 et
2610 5738 2752 5807 seq.)

2298 5824 2602 5894 Aliquando
2648 5833 3052 5900 praedestinatio
3098 5840 3440 5911 signiﬁcatur,
3470 5843 3584 5893 etc.,
3612 5829 3729 5934 κείνης

2342 5897 2516 5934 funi-ul
2571 5900 2682 5934 ἶηαο
2735 5904 2970 5934 νηπίη-...η
3029 5909 3105 5934 "-1
3189 5912 3249 5934 HL
3310 5911 3366 5934 Δ..
3404 5908 3532 5934 re“...
3559 5906 3708 5934 non-rell.

2227 5896 2295 5950 ad
2341 5897 2520 5954 fuerat
2567 5896 2682 5972 ipse
2734 5904 2988 5965 facturus.
3027 5896 3272 5982 (ld.,"lib.
3305 5911 3368 5968 de
3397 5896 3532 5966 Dono
3557 5906 3708 5974 persev-
