  <div class='ocr_page' id='page_1' title='image "/cluster/home/n/w/nwhite01/storage/ocr_20150623/119/hvd.32044015466915/160.png"; bbox 0 0 3970 6306; ppageno 0'>
   <div class='ocr_carea' id='block_1_1' title="bbox 115 420 245 476">
    <p class='ocr_par' dir='ltr' id='par_1_1' title="bbox 115 420 245 476">
     <span class='ocr_line' id='line_1_1' title="bbox 115 420 245 476; baseline 0 -1"><span class='ocrx_word' id='word_1_1' title='bbox 115 420 245 476; x_wconf 76' lang='lat'><strong>309</strong></span> 
     </span>
    </p>
   </div>
   <div class='ocr_carea' id='block_1_2' title="bbox 1007 356 2532 467">
    <p class='ocr_par' dir='ltr' id='par_1_2' title="bbox 1007 356 2532 467">
     <span class='ocr_line' id='line_1_2' title="bbox 1007 356 2532 467; baseline -0.004 -2"><span class='ocrx_word' id='word_1_2' title='bbox 1007 407 1369 467; x_wconf 77' lang='lat' dir='ltr'><strong>exrosmo</strong></span> <span class='ocrx_word' id='word_1_3' title='bbox 1410 407 1475 462; x_wconf 82' lang='lat' dir='ltr'><strong>IN</strong></span> <span class='ocrx_word' id='word_1_4' title='bbox 1518 407 1668 463; x_wconf 83' lang='lat' dir='ltr'><strong>EPP.</strong></span> <span class='ocrx_word' id='word_1_5' title='bbox 1709 406 1938 465; x_wconf 68' lang='lat' dir='ltr'><strong>mnu.</strong></span> <span class='ocrx_word' id='word_1_6' title='bbox 1984 439 2052 449; x_wconf 89' lang='grc'><strong><em>--</em></strong></span> <span class='ocrx_word' id='word_1_7' title='bbox 2091 407 2197 463; x_wconf 77' lang='lat' dir='ltr'><strong>ep.</strong></span> <span class='ocrx_word' id='word_1_8' title='bbox 2240 406 2330 462; x_wconf 86' lang='lat' dir='ltr'><strong>AD</strong></span> <span class='ocrx_word' id='word_1_9' title='bbox 2369 356 2532 462; x_wconf 76' lang='lat' dir='ltr'><strong>non.</strong></span> 
     </span>
    </p>
   </div>
   <div class='ocr_carea' id='block_1_3' title="bbox 3316 407 3423 463">
    <p class='ocr_par' dir='ltr' id='par_1_3' title="bbox 3316 407 3423 463">
     <span class='ocr_line' id='line_1_3' title="bbox 3316 407 3423 463; baseline 0.019 -3"><span class='ocrx_word' id='word_1_10' title='bbox 3316 407 3423 463; x_wconf 84' lang='grc'>510</span> 
     </span>
    </p>
   </div>
   <div class='ocr_carea' id='block_1_4' title="bbox 206 518 3422 599">
    <p class='ocr_par' dir='ltr' id='par_1_4' title="bbox 206 518 3422 599">
     <span class='ocr_line' id='line_1_4' title="bbox 206 518 3422 599; baseline -0.004 -11"><span class='ocrx_word' id='word_1_11' title='bbox 206 533 351 588; x_wconf 83' lang='lat' dir='ltr'><strong>Laus</strong></span> <span class='ocrx_word' id='word_1_12' title='bbox 387 528 483 593; x_wconf 81' lang='lat' dir='ltr'><strong>illi,</strong></span> <span class='ocrx_word' id='word_1_13' title='bbox 523 525 772 599; x_wconf 86' lang='lat' dir='ltr'><strong>jubilatio</strong></span> <span class='ocrx_word' id='word_1_14' title='bbox 823 525 914 590; x_wconf 91' lang='lat' dir='ltr'><strong>illi,</strong></span> <span class='ocrx_word' id='word_1_15' title='bbox 967 533 1095 588; x_wconf 90' lang='lat' dir='ltr'><strong>etc.,</strong></span> <span class='ocrx_word' id='word_1_16' title='bbox 1150 539 1310 594; x_wconf 79' lang='lat' dir='ltr'><strong>usque</strong></span> <span class='ocrx_word' id='word_1_17' title='bbox 1366 523 1434 576; x_wconf 90' lang='lat' dir='ltr'><strong>ad</strong></span> <span class='ocrx_word' id='word_1_18' title='bbox 1492 523 1545 576; x_wconf 93' lang='lat' dir='ltr'><strong>in</strong></span> <span class='ocrx_word' id='word_1_19' title='bbox 1596 522 1724 575; x_wconf 89' lang='lat' dir='ltr'><strong>hor—</strong></span> <span class='ocrx_word' id='word_1_20' title='bbox 1749 525 1804 584; x_wconf 85' lang='grc' dir='ltr'><strong>Α</strong></span> <span class='ocrx_word' id='word_1_21' title='bbox 1900 523 1962 579; x_wconf 86' lang='lat' dir='ltr'><strong>Si</strong></span> <span class='ocrx_word' id='word_1_22' title='bbox 1984 526 2119 578; x_wconf 82' lang='lat' dir='ltr'><strong>enim</strong></span> <span class='ocrx_word' id='word_1_23' title='bbox 2163 523 2327 588; x_wconf 85' lang='lat' dir='ltr'><strong>Deus,</strong></span> <span class='ocrx_word' id='word_1_24' title='bbox 2363 530 2494 587; x_wconf 89' lang='lat' dir='ltr'><strong>etc.,</strong></span> <span class='ocrx_word' id='word_1_25' title='bbox 2526 534 2698 592; x_wconf 88' lang='lat' dir='ltr'><strong>usque</strong></span> <span class='ocrx_word' id='word_1_26' title='bbox 2726 522 2794 576; x_wconf 88' lang='lat' dir='ltr'><strong>ad</strong></span> <span class='ocrx_word' id='word_1_27' title='bbox 2822 538 2912 575; x_wconf 84' lang='lat' dir='ltr'><strong>nec</strong></span> <span class='ocrx_word' id='word_1_28' title='bbox 2954 522 3046 575; x_wconf 90' lang='lat' dir='ltr'><strong>tibi</strong></span> <span class='ocrx_word' id='word_1_29' title='bbox 3071 529 3275 592; x_wconf 86' lang='lat' dir='ltr'><strong>parcat.</strong></span> <span class='ocrx_word' id='word_1_30' title='bbox 3306 518 3422 576; x_wconf 86' lang='lat' dir='ltr'><strong>Non</strong></span> 
     </span>
    </p>
   </div>
   <div class='ocr_carea' id='block_1_5' title="bbox 117 612 1721 691">
    <p class='ocr_par' dir='ltr' id='par_1_5' title="bbox 117 612 1721 691">
     <span class='ocr_line' id='line_1_5' title="bbox 117 612 1721 691; baseline -0.009 -10"><span class='ocrx_word' id='word_1_31' title='bbox 117 642 230 681; x_wconf 85' lang='lat' dir='ltr'><strong>reo</strong></span> <span class='ocrx_word' id='word_1_32' title='bbox 270 620 550 678; x_wconf 87' lang='lat' dir='ltr'><strong>recondita</strong></span> <span class='ocrx_word' id='word_1_33' title='bbox 573 621 674 676; x_wconf 76' lang='lat' dir='ltr'><strong>est.</strong></span> <span class='ocrx_word' id='word_1_34' title='bbox 714 618 835 691; x_wconf 90' lang='lat' dir='ltr'><strong>(ld.,</strong></span> <span class='ocrx_word' id='word_1_35' title='bbox 867 627 1019 672; x_wconf 88' lang='lat' dir='ltr'><strong>tract.</strong></span> <span class='ocrx_word' id='word_1_36' title='bbox 1044 618 1096 670; x_wconf 84' lang='lat' dir='ltr'><strong>in</strong></span> <span class='ocrx_word' id='word_1_37' title='bbox 1124 617 1261 687; x_wconf 81' lang='lat' dir='ltr'><strong>psal.</strong></span> <span class='ocrx_word' id='word_1_38' title='bbox 1303 632 1449 682; x_wconf 85' lang='lat' dir='ltr'><strong>xc1v,</strong></span> <span class='ocrx_word' id='word_1_39' title='bbox 1477 612 1721 679; x_wconf 89' lang='lat' dir='ltr'><strong>tom.lV,</strong></span> 
     </span>
    </p>
   </div>
   <div class='ocr_carea' id='block_1_6' title="bbox 115 711 932 790">
    <p class='ocr_par' dir='ltr' id='par_1_6' title="bbox 115 711 932 790">
     <span class='ocr_line' id='line_1_6' title="bbox 115 711 932 790; baseline -0.012 -16"><span class='ocrx_word' id='word_1_40' title='bbox 115 727 281 790; x_wconf 88' lang='lat' dir='ltr'><strong>part.</strong></span> <span class='ocrx_word' id='word_1_41' title='bbox 311 732 375 783; x_wconf 93' lang='lat'><strong>11,</strong></span> <span class='ocrx_word' id='word_1_42' title='bbox 410 714 515 771; x_wconf 91' lang='lat' dir='ltr'><strong>col.</strong></span> <span class='ocrx_word' id='word_1_43' title='bbox 545 711 674 768; x_wconf 87' lang='lat'><strong>1221</strong></span> <span class='ocrx_word' id='word_1_44' title='bbox 709 718 766 767; x_wconf 91' lang='lat' dir='ltr'><strong>et</strong></span> <span class='ocrx_word' id='word_1_45' title='bbox 791 711 932 784; x_wconf 89' lang='lat' dir='ltr'><strong>seq.)</strong></span> 
     </span>
    </p>
   </div>
   <div class='ocr_carea' id='block_1_7' title="bbox 212 797 1730 878">
    <p class='ocr_par' dir='ltr' id='par_1_7' title="bbox 212 797 1730 878">
     <span class='ocr_line' id='line_1_7' title="bbox 212 797 1730 878; baseline -0.008 -13"><span class='ocrx_word' id='word_1_46' title='bbox 212 809 389 865; x_wconf 82' lang='lat' dir='ltr'><strong>Verba</strong></span> <span class='ocrx_word' id='word_1_47' title='bbox 453 804 732 878; x_wconf 89' lang='lat' dir='ltr'><strong>Apostoli.</strong></span> <span class='ocrx_word' id='word_1_48' title='bbox 789 801 1097 869; x_wconf 83' lang='lat' dir='ltr'><strong>Attendite,</strong></span> <span class='ocrx_word' id='word_1_49' title='bbox 1163 801 1355 871; x_wconf 89' lang='lat' dir='ltr'><strong>inquit,</strong></span> <span class='ocrx_word' id='word_1_50' title='bbox 1418 800 1548 870; x_wconf 88' lang='lat' dir='ltr'><strong>quid</strong></span> <span class='ocrx_word' id='word_1_51' title='bbox 1599 797 1730 854; x_wconf 82' lang='lat' dir='ltr'><strong>dicit</strong></span> 
     </span>
    </p>
   </div>
   <div class='ocr_carea' id='block_1_8' title="bbox 119 891 1725 970">
    <p class='ocr_par' dir='ltr' id='par_1_8' title="bbox 119 891 1725 970">
     <span class='ocr_line' id='line_1_8' title="bbox 119 891 1725 970; baseline -0.007 -12"><span class='ocrx_word' id='word_1_52' title='bbox 119 903 310 968; x_wconf 85' lang='lat' dir='ltr'><strong>Elias,</strong></span> <span class='ocrx_word' id='word_1_53' title='bbox 332 910 466 966; x_wconf 91' lang='lat' dir='ltr'><strong>etc.,</strong></span> <span class='ocrx_word' id='word_1_54' title='bbox 492 915 657 970; x_wconf 85' lang='lat' dir='ltr'><strong>usque</strong></span> <span class='ocrx_word' id='word_1_55' title='bbox 683 897 752 953; x_wconf 87' lang='lat' dir='ltr'><strong>ad</strong></span> <span class='ocrx_word' id='word_1_56' title='bbox 778 898 823 954; x_wconf 87' lang='lat' dir='ltr'><strong>si</strong></span> <span class='ocrx_word' id='word_1_57' title='bbox 851 897 1028 968; x_wconf 88' lang='lat' dir='ltr'><strong>gratia</strong></span> <span class='ocrx_word' id='word_1_58' title='bbox 1056 901 1158 962; x_wconf 89' lang='lat' dir='ltr'><strong>est,</strong></span> <span class='ocrx_word' id='word_1_59' title='bbox 1194 894 1362 963; x_wconf 85' lang='lat' dir='ltr'><strong>gratis</strong></span> <span class='ocrx_word' id='word_1_60' title='bbox 1389 893 1566 948; x_wconf 88' lang='lat' dir='ltr'><strong>datur.</strong></span> <span class='ocrx_word' id='word_1_61' title='bbox 1605 891 1725 964; x_wconf 88' lang='lat' dir='ltr'><strong>(ld.,</strong></span> 
     </span>
    </p>
   </div>
   <div class='ocr_carea' id='block_1_9' title="bbox 117 982 1571 1060">
    <p class='ocr_par' dir='ltr' id='par_1_9' title="bbox 117 982 1571 1060">
     <span class='ocr_line' id='line_1_9' title="bbox 117 982 1571 1060; baseline -0.008 -12"><span class='ocrx_word' id='word_1_62' title='bbox 117 1009 296 1049; x_wconf 81' lang='lat' dir='ltr'><strong>serm.</strong></span> <span class='ocrx_word' id='word_1_63' title='bbox 328 993 392 1046; x_wconf 89' lang='lat' dir='ltr'><strong>de</strong></span> <span class='ocrx_word' id='word_1_64' title='bbox 415 1006 518 1046; x_wconf 83' lang='lat' dir='ltr'><strong>ver.</strong></span> <span class='ocrx_word' id='word_1_65' title='bbox 541 1005 751 1060; x_wconf 85' lang='lat' dir='ltr'><strong>evang.,</strong></span> <span class='ocrx_word' id='word_1_66' title='bbox 785 997 917 1043; x_wconf 88' lang='lat' dir='ltr'><strong>tom.</strong></span> <span class='ocrx_word' id='word_1_67' title='bbox 947 986 1009 1055; x_wconf 89' lang='lat' dir='ltr'><strong>V,</strong></span> <span class='ocrx_word' id='word_1_68' title='bbox 1034 994 1178 1058; x_wconf 86' lang='lat' dir='ltr'><strong>part.</strong></span> <span class='ocrx_word' id='word_1_69' title='bbox 1213 982 1388 1048; x_wconf 80' lang='lat' dir='ltr'><strong>1,~col.</strong></span> <span class='ocrx_word' id='word_1_70' title='bbox 1421 982 1571 1052; x_wconf 76' lang='lat'><strong>604.)</strong></span> 
     </span>
    </p>
   </div>
   <div class='ocr_carea' id='block_1_10' title="bbox 207 1077 1730 1158">
    <p class='ocr_par' dir='ltr' id='par_1_10' title="bbox 207 1077 1730 1158">
     <span class='ocr_line' id='line_1_10' title="bbox 207 1077 1730 1158; baseline -0.007 -17"><span class='ocrx_word' id='word_1_71' title='bbox 207 1085 266 1142; x_wconf 85' lang='lat' dir='ltr'><strong>Si</strong></span> <span class='ocrx_word' id='word_1_72' title='bbox 283 1103 424 1158; x_wconf 84' lang='lat' dir='ltr'><strong>ergo,</strong></span> <span class='ocrx_word' id='word_1_73' title='bbox 441 1094 566 1153; x_wconf 87' lang='lat' dir='ltr'><strong>etc.,</strong></span> <span class='ocrx_word' id='word_1_74' title='bbox 583 1097 756 1154; x_wconf 89' lang='lat' dir='ltr'><strong>usque</strong></span> <span class='ocrx_word' id='word_1_75' title='bbox 779 1088 846 1138; x_wconf 88' lang='lat' dir='ltr'><strong>ad</strong></span> <span class='ocrx_word' id='word_1_76' title='bbox 872 1080 1030 1137; x_wconf 67' lang='lat' dir='ltr'><strong>salva:</strong></span> <span class='ocrx_word' id='word_1_77' title='bbox 1053 1081 1208 1150; x_wconf 75' lang='lat' dir='ltr'><strong>facta:</strong></span> <span class='ocrx_word' id='word_1_78' title='bbox 1230 1089 1370 1133; x_wconf 78' lang='lat' dir='ltr'><strong>sunt.</strong></span> <span class='ocrx_word' id='word_1_79' title='bbox 1389 1077 1503 1132; x_wconf 83' lang='lat' dir='ltr'><strong>Non</strong></span> <span class='ocrx_word' id='word_1_80' title='bbox 1529 1091 1625 1132; x_wconf 73' lang='lat' dir='ltr'><strong>vos</strong></span> <span class='ocrx_word' id='word_1_81' title='bbox 1644 1089 1730 1130; x_wconf 89' lang='lat' dir='ltr'><strong>me</strong></span> 
     </span>
    </p>
   </div>
   <div class='ocr_carea' id='block_1_11' title="bbox 119 1167 1732 1248">
    <p class='ocr_par' dir='ltr' id='par_1_11' title="bbox 119 1167 1732 1248">
     <span class='ocr_line' id='line_1_11' title="bbox 119 1167 1732 1248; baseline -0.007 -16"><span class='ocrx_word' id='word_1_82' title='bbox 119 1178 398 1248; x_wconf 80' lang='lat' dir='ltr'><strong>elegistis,</strong></span> <span class='ocrx_word' id='word_1_83' title='bbox 444 1186 573 1242; x_wconf 90' lang='lat' dir='ltr'><strong>etc.,</strong></span> <span class='ocrx_word' id='word_1_84' title='bbox 626 1190 787 1245; x_wconf 85' lang='lat' dir='ltr'><strong>usque</strong></span> <span class='ocrx_word' id='word_1_85' title='bbox 826 1173 895 1227; x_wconf 91' lang='lat' dir='ltr'><strong>ad</strong></span> <span class='ocrx_word' id='word_1_86' title='bbox 941 1169 1121 1226; x_wconf 75' lang='lat' dir='ltr'><strong>elfeeit</strong></span> <span class='ocrx_word' id='word_1_87' title='bbox 1159 1169 1373 1224; x_wconf 87' lang='lat' dir='ltr'><strong>merita.</strong></span> <span class='ocrx_word' id='word_1_88' title='bbox 1425 1167 1523 1237; x_wconf 91' lang='lat' dir='ltr'><strong>(ld.</strong></span> <span class='ocrx_word' id='word_1_89' title='bbox 1575 1171 1732 1221; x_wconf 82' lang='lat' dir='ltr'><strong>tract.</strong></span> 
     </span>
    </p>
   </div>
   <div class='ocr_carea' id='block_1_12' title="bbox 121 1255 1556 1334">
    <p class='ocr_par' dir='ltr' id='par_1_12' title="bbox 121 1255 1556 1334">
     <span class='ocr_line' id='line_1_12' title="bbox 121 1255 1556 1334; baseline -0.008 -13"><span class='ocrx_word' id='word_1_90' title='bbox 121 1282 344 1321; x_wconf 58' lang='grc' dir='ltr'>ιιι-χχιιι</span> <span class='ocrx_word' id='word_1_91' title='bbox 381 1267 438 1321; x_wconf 90' lang='lat' dir='ltr'><strong>in</strong></span> <span class='ocrx_word' id='word_1_92' title='bbox 463 1263 654 1331; x_wconf 81' lang='lat' dir='ltr'><strong>Joan.,</strong></span> <span class='ocrx_word' id='word_1_93' title='bbox 688 1271 818 1319; x_wconf 92' lang='lat' dir='ltr'><strong>tom.</strong></span> <span class='ocrx_word' id='word_1_94' title='bbox 851 1261 940 1329; x_wconf 84' lang='lat' dir='ltr'><strong>Ill,</strong></span> <span class='ocrx_word' id='word_1_95' title='bbox 970 1268 1111 1334; x_wconf 87' lang='lat' dir='ltr'><strong>part.</strong></span> <span class='ocrx_word' id='word_1_96' title='bbox 1148 1275 1209 1326; x_wconf 87' lang='lat'><strong>11,</strong></span> <span class='ocrx_word' id='word_1_97' title='bbox 1237 1259 1340 1314; x_wconf 92' lang='lat' dir='ltr'><strong>col.</strong></span> <span class='ocrx_word' id='word_1_98' title='bbox 1371 1255 1556 1328; x_wconf 86' lang='lat'><strong>1851.)</strong></span> 
     </span>
    </p>
   </div>
   <div class='ocr_carea' id='block_1_13' title="bbox 203 1345 1732 1426">
    <p class='ocr_par' dir='ltr' id='par_1_13' title="bbox 203 1345 1732 1426">
     <span class='ocr_line' id='line_1_13' title="bbox 203 1345 1732 1426; baseline -0.009 -13"><span class='ocrx_word' id='word_1_99' title='bbox 203 1355 472 1426; x_wconf 69' lang='lat' dir='ltr'><strong>Reliquiae</strong></span> <span class='ocrx_word' id='word_1_100' title='bbox 495 1371 592 1426; x_wconf 88' lang='lat' dir='ltr'><strong>per</strong></span> <span class='ocrx_word' id='word_1_101' title='bbox 621 1354 942 1410; x_wconf 87' lang='lat' dir='ltr'><strong>electionem</strong></span> <span class='ocrx_word' id='word_1_102' title='bbox 984 1351 1171 1426; x_wconf 73' lang='lat' dir='ltr'><strong>gratiae</strong></span> <span class='ocrx_word' id='word_1_103' title='bbox 1209 1350 1371 1406; x_wconf 81' lang='lat' dir='ltr'><strong>salvae</strong></span> <span class='ocrx_word' id='word_1_104' title='bbox 1401 1345 1558 1403; x_wconf 80' lang='lat' dir='ltr'><strong>laetae</strong></span> <span class='ocrx_word' id='word_1_105' title='bbox 1586 1353 1732 1413; x_wconf 90' lang='lat' dir='ltr'><strong>sunt,</strong></span> 
     </span>
    </p>
   </div>
   <div class='ocr_carea' id='block_1_14' title="bbox 120 1435 1732 1518">
    <p class='ocr_par' dir='ltr' id='par_1_14' title="bbox 120 1435 1732 1518">
     <span class='ocr_line' id='line_1_14' title="bbox 120 1435 1732 1518; baseline -0.009 -15"><span class='ocrx_word' id='word_1_106' title='bbox 120 1456 270 1512; x_wconf 84' lang='lat' dir='ltr'><strong>etc.,</strong></span> <span class='ocrx_word' id='word_1_107' title='bbox 306 1462 470 1518; x_wconf 82' lang='lat' dir='ltr'><strong>usque</strong></span> <span class='ocrx_word' id='word_1_108' title='bbox 497 1445 569 1499; x_wconf 90' lang='lat' dir='ltr'><strong>ad</strong></span> <span class='ocrx_word' id='word_1_109' title='bbox 597 1460 664 1501; x_wconf 84' lang='lat' dir='ltr'><strong>ex</strong></span> <span class='ocrx_word' id='word_1_110' title='bbox 695 1443 969 1516; x_wconf 65' lang='lat' dir='ltr'><strong>Egygpto</strong></span> <span class='ocrx_word' id='word_1_111' title='bbox 993 1441 1210 1497; x_wconf 86' lang='lat' dir='ltr'><strong>liberati</strong></span> <span class='ocrx_word' id='word_1_112' title='bbox 1250 1448 1377 1495; x_wconf 87' lang='lat' dir='ltr'><strong>sunt</strong></span> <span class='ocrx_word' id='word_1_113' title='bbox 1415 1438 1514 1510; x_wconf 89' lang='lat' dir='ltr'><strong>(ld.</strong></span> <span class='ocrx_word' id='word_1_114' title='bbox 1548 1453 1612 1491; x_wconf 78' lang='lat' dir='ltr'><strong>ex</strong></span> <span class='ocrx_word' id='word_1_115' title='bbox 1641 1435 1732 1489; x_wconf 85' lang='lat' dir='ltr'><strong>lib.</strong></span> 
     </span>
    </p>
   </div>
   <div class='ocr_carea' id='block_1_15' title="bbox 121 1527 1640 1608">
    <p class='ocr_par' dir='ltr' id='par_1_15' title="bbox 121 1527 1640 1608">
     <span class='ocr_line' id='line_1_15' title="bbox 121 1527 1640 1608; baseline -0.005 -17"><span class='ocrx_word' id='word_1_116' title='bbox 121 1538 188 1591; x_wconf 82' lang='lat' dir='ltr'><strong>in</strong></span> <span class='ocrx_word' id='word_1_117' title='bbox 222 1537 652 1608; x_wconf 79' lang='lat' dir='ltr'><strong>Heptateuchum</strong></span> <span class='ocrx_word' id='word_1_118' title='bbox 676 1542 1076 1602; x_wconf 79' lang='lat' dir='ltr'><strong>cx1.v1n,tom.,</strong></span> <span class='ocrx_word' id='word_1_119' title='bbox 1102 1541 1246 1604; x_wconf 82' lang='lat' dir='ltr'><strong>part.</strong></span> <span class='ocrx_word' id='word_1_120' title='bbox 1281 1549 1318 1597; x_wconf 92' lang='lat'><strong>1,</strong></span> <span class='ocrx_word' id='word_1_121' title='bbox 1351 1531 1458 1586; x_wconf 91' lang='lat' dir='ltr'><strong>col.</strong></span> <span class='ocrx_word' id='word_1_122' title='bbox 1488 1527 1640 1600; x_wconf 91' lang='lat'><strong>588.)</strong></span> 
     </span>
    </p>
   </div>
   <div class='ocr_carea' id='block_1_16' title="bbox 196 1622 1741 1703">
    <p class='ocr_par' dir='ltr' id='par_1_16' title="bbox 196 1622 1741 1703">
     <span class='ocr_line' id='line_1_16' title="bbox 196 1622 1741 1703; baseline -0.006 -17"><span class='ocrx_word' id='word_1_123' title='bbox 196 1628 258 1686; x_wconf 85' lang='lat' dir='ltr'><strong>Si</strong></span> <span class='ocrx_word' id='word_1_124' title='bbox 272 1642 447 1685; x_wconf 89' lang='lat' dir='ltr'><strong>autem</strong></span> <span class='ocrx_word' id='word_1_125' title='bbox 462 1630 658 1702; x_wconf 84' lang='lat' dir='ltr'><strong>gratia,</strong></span> <span class='ocrx_word' id='word_1_126' title='bbox 674 1639 805 1697; x_wconf 90' lang='lat' dir='ltr'><strong>etc.,</strong></span> <span class='ocrx_word' id='word_1_127' title='bbox 823 1645 991 1703; x_wconf 86' lang='lat' dir='ltr'><strong>usque</strong></span> <span class='ocrx_word' id='word_1_128' title='bbox 1007 1630 1072 1684; x_wconf 90' lang='lat' dir='ltr'><strong>ad</strong></span> <span class='ocrx_word' id='word_1_129' title='bbox 1078 1629 1196 1700; x_wconf 86' lang='lat' dir='ltr'><strong>jam</strong></span> <span class='ocrx_word' id='word_1_130' title='bbox 1216 1645 1318 1682; x_wconf 87' lang='lat' dir='ltr'><strong>non</strong></span> <span class='ocrx_word' id='word_1_131' title='bbox 1338 1635 1413 1682; x_wconf 78' lang='lat' dir='ltr'><strong>est</strong></span> <span class='ocrx_word' id='word_1_132' title='bbox 1429 1625 1618 1698; x_wconf 82' lang='lat' dir='ltr'><strong>gratia.</strong></span> <span class='ocrx_word' id='word_1_133' title='bbox 1637 1622 1741 1677; x_wconf 85' lang='lat' dir='ltr'><strong>Ad-</strong></span> 
     </span>
    </p>
   </div>
   <div class='ocr_carea' id='block_1_17' title="bbox 122 1715 1741 1792">
    <p class='ocr_par' dir='ltr' id='par_1_17' title="bbox 122 1715 1741 1792">
     <span class='ocr_line' id='line_1_17' title="bbox 122 1715 1741 1792; baseline -0.005 -17"><span class='ocrx_word' id='word_1_134' title='bbox 122 1737 199 1775; x_wconf 81' lang='lat' dir='ltr'><strong>ve</strong></span> <span class='ocrx_word' id='word_1_135' title='bbox 209 1722 476 1778; x_wconf 88' lang='lat' dir='ltr'><strong>rsus-illos</strong></span> <span class='ocrx_word' id='word_1_136' title='bbox 498 1723 589 1792; x_wconf 86' lang='lat' dir='ltr'><strong>qui</strong></span> <span class='ocrx_word' id='word_1_137' title='bbox 605 1721 660 1776; x_wconf 92' lang='lat' dir='ltr'><strong>in</strong></span> <span class='ocrx_word' id='word_1_138' title='bbox 674 1722 928 1792; x_wconf 79' lang='lat' dir='ltr'><strong>operibus</strong></span> <span class='ocrx_word' id='word_1_139' title='bbox 951 1721 1086 1792; x_wconf 82' lang='lat' dir='ltr'><strong>legis</strong></span> <span class='ocrx_word' id='word_1_140' title='bbox 1109 1719 1501 1792; x_wconf 82' lang='lat' dir='ltr'><strong>gloriabantur,</strong></span> <span class='ocrx_word' id='word_1_141' title='bbox 1517 1715 1741 1785; x_wconf 86' lang='lat' dir='ltr'><strong>Aposto-</strong></span> 
     </span>
    </p>
   </div>
   <div class='ocr_carea' id='block_1_18' title="bbox 117 1806 1764 1888">
    <p class='ocr_par' dir='ltr' id='par_1_18' title="bbox 117 1806 1764 1888">
     <span class='ocr_line' id='line_1_18' title="bbox 117 1806 1764 1888; baseline -0.005 -20"><span class='ocrx_word' id='word_1_142' title='bbox 117 1814 220 1870; x_wconf 89' lang='lat' dir='ltr'><strong>lus</strong></span> <span class='ocrx_word' id='word_1_143' title='bbox 242 1817 502 1886; x_wconf 85' lang='lat' dir='ltr'><strong>toquitur,</strong></span> <span class='ocrx_word' id='word_1_144' title='bbox 522 1825 651 1884; x_wconf 75' lang='lat' dir='ltr'><strong>etc.,</strong></span> <span class='ocrx_word' id='word_1_145' title='bbox 668 1834 829 1888; x_wconf 79' lang='lat' dir='ltr'><strong>usque</strong></span> <span class='ocrx_word' id='word_1_146' title='bbox 853 1817 921 1871; x_wconf 89' lang='lat' dir='ltr'><strong>ad</strong></span> <span class='ocrx_word' id='word_1_147' title='bbox 943 1832 1051 1872; x_wconf 90' lang='lat' dir='ltr'><strong>non</strong></span> <span class='ocrx_word' id='word_1_148' title='bbox 1073 1825 1157 1871; x_wconf 91' lang='lat' dir='ltr'><strong>est</strong></span> <span class='ocrx_word' id='word_1_149' title='bbox 1181 1814 1374 1887; x_wconf 84' lang='lat' dir='ltr'><strong>gratia,</strong></span> <span class='ocrx_word' id='word_1_150' title='bbox 1392 1811 1510 1883; x_wconf 89' lang='lat' dir='ltr'><strong>(ld.,</strong></span> <span class='ocrx_word' id='word_1_151' title='bbox 1532 1811 1586 1863; x_wconf 88' lang='lat' dir='ltr'><strong>in</strong></span> <span class='ocrx_word' id='word_1_152' title='bbox 1605 1806 1764 1882; x_wconf 31' lang='lat' dir='ltr'><strong>Pen:</strong></span> 
     </span>
    </p>
   </div>
   <div class='ocr_carea' id='block_1_19' title="bbox 1830 612 3425 686">
    <p class='ocr_par' dir='ltr' id='par_1_19' title="bbox 1830 612 3425 686">
     <span class='ocr_line' id='line_1_19' title="bbox 1830 612 3425 686; baseline -0.003 -17"><span class='ocrx_word' id='word_1_153' title='bbox 1830 616 1974 669; x_wconf 90' lang='lat' dir='ltr'><strong>enim</strong></span> <span class='ocrx_word' id='word_1_154' title='bbox 2020 615 2330 686; x_wconf 85' lang='lat' dir='ltr'><strong>accepistis,</strong></span> <span class='ocrx_word' id='word_1_155' title='bbox 2383 614 2559 684; x_wconf 88' lang='lat' dir='ltr'><strong>inquit</strong></span> <span class='ocrx_word' id='word_1_156' title='bbox 2607 613 2917 684; x_wconf 85' lang='lat' dir='ltr'><strong>Apostolus,</strong></span> <span class='ocrx_word' id='word_1_157' title='bbox 2964 613 3211 683; x_wconf 86' lang='lat' dir='ltr'><strong>spiritum</strong></span> <span class='ocrx_word' id='word_1_158' title='bbox 3255 612 3425 667; x_wconf 89' lang='lat' dir='ltr'><strong>servi-</strong></span> 
     </span>
    </p>
   </div>
   <div class='ocr_carea' id='block_1_20' title="bbox 1834 703 3427 778">
    <p class='ocr_par' dir='ltr' id='par_1_20' title="bbox 1834 703 3427 778">
     <span class='ocr_line' id='line_1_20' title="bbox 1834 703 3427 778; baseline -0.003 -16"><span class='ocrx_word' id='word_1_159' title='bbox 1834 708 1984 772; x_wconf 85' lang='lat' dir='ltr'><strong>tutis,</strong></span> <span class='ocrx_word' id='word_1_160' title='bbox 2011 719 2141 773; x_wconf 87' lang='lat' dir='ltr'><strong>ete.,</strong></span> <span class='ocrx_word' id='word_1_161' title='bbox 2175 724 2336 778; x_wconf 81' lang='lat' dir='ltr'><strong>usque</strong></span> <span class='ocrx_word' id='word_1_162' title='bbox 2359 707 2428 760; x_wconf 88' lang='lat' dir='ltr'><strong>ad</strong></span> <span class='ocrx_word' id='word_1_163' title='bbox 2455 706 2590 762; x_wconf 87' lang='lat' dir='ltr'><strong>velle</strong></span> <span class='ocrx_word' id='word_1_164' title='bbox 2612 714 2697 762; x_wconf 89' lang='lat' dir='ltr'><strong>est</strong></span> <span class='ocrx_word' id='word_1_165' title='bbox 2720 707 2933 776; x_wconf 88' lang='lat' dir='ltr'><strong>operari</strong></span> <span class='ocrx_word' id='word_1_166' title='bbox 2963 720 3060 776; x_wconf 90' lang='lat' dir='ltr'><strong>pro</strong></span> <span class='ocrx_word' id='word_1_167' title='bbox 3084 705 3226 760; x_wconf 84' lang='lat' dir='ltr'><strong>bona</strong></span> <span class='ocrx_word' id='word_1_168' title='bbox 3237 703 3427 760; x_wconf 90' lang='lat' dir='ltr'><strong>volun-</strong></span> 
     </span>
    </p>
   </div>
   <div class='ocr_carea' id='block_1_21' title="bbox 1831 793 3422 866">
    <p class='ocr_par' dir='ltr' id='par_1_21' title="bbox 1831 793 3422 866">
     <span class='ocr_line' id='line_1_21' title="bbox 1831 793 3422 866; baseline -0.002 -16"><span class='ocrx_word' id='word_1_169' title='bbox 1831 803 1963 850; x_wconf 87' lang='lat' dir='ltr'><strong>tate.</strong></span> <span class='ocrx_word' id='word_1_170' title='bbox 1981 796 2105 866; x_wconf 90' lang='lat' dir='ltr'><strong>(ld.,</strong></span> <span class='ocrx_word' id='word_1_171' title='bbox 2130 796 2220 850; x_wconf 87' lang='lat' dir='ltr'><strong>lib.</strong></span> <span class='ocrx_word' id='word_1_172' title='bbox 2245 796 2309 850; x_wconf 89' lang='lat' dir='ltr'><strong>de</strong></span> <span class='ocrx_word' id='word_1_173' title='bbox 2329 794 2513 850; x_wconf 79' lang='lat' dir='ltr'><strong>Gratia</strong></span> <span class='ocrx_word' id='word_1_174' title='bbox 2541 793 2678 850; x_wconf 86' lang='lat' dir='ltr'><strong>Novi</strong></span> <span class='ocrx_word' id='word_1_175' title='bbox 2696 794 3032 860; x_wconf 87' lang='lat' dir='ltr'><strong>Testamenti,</strong></span> <span class='ocrx_word' id='word_1_176' title='bbox 3048 803 3177 850; x_wconf 91' lang='lat' dir='ltr'><strong>tom.</strong></span> <span class='ocrx_word' id='word_1_177' title='bbox 3194 793 3262 860; x_wconf 84' lang='lat' dir='ltr'><strong>X,</strong></span> <span class='ocrx_word' id='word_1_178' title='bbox 3278 803 3422 864; x_wconf 88' lang='lat' dir='ltr'><strong>part.</strong></span> 
     </span>
    </p>
   </div>
   <div class='ocr_carea' id='block_1_22' title="bbox 1833 885 2881 958">
    <p class='ocr_par' dir='ltr' id='par_1_22' title="bbox 1833 885 2881 958">
     <span class='ocr_line' id='line_1_22' title="bbox 1833 885 2881 958; baseline -0.002 -16"><span class='ocrx_word' id='word_1_179' title='bbox 1833 904 1872 953; x_wconf 95' lang='lat'><strong>1,</strong></span> <span class='ocrx_word' id='word_1_180' title='bbox 1901 887 2007 943; x_wconf 91' lang='lat' dir='ltr'><strong>col.</strong></span> <span class='ocrx_word' id='word_1_181' title='bbox 2045 888 2150 945; x_wconf 84' lang='lat'><strong>578</strong></span> <span class='ocrx_word' id='word_1_182' title='bbox 2175 896 2229 942; x_wconf 89' lang='lat' dir='ltr'><strong>et</strong></span> <span class='ocrx_word' id='word_1_183' title='bbox 2258 902 2398 958; x_wconf 91' lang='lat' dir='ltr'><strong>seq.,</strong></span> <span class='ocrx_word' id='word_1_184' title='bbox 2432 903 2599 958; x_wconf 83' lang='lat' dir='ltr'><strong>usque</strong></span> <span class='ocrx_word' id='word_1_185' title='bbox 2635 888 2705 940; x_wconf 87' lang='lat' dir='ltr'><strong>ad</strong></span> <span class='ocrx_word' id='word_1_186' title='bbox 2732 885 2881 956; x_wconf 86' lang='lat'><strong>586.)</strong></span> 
     </span>
    </p>
   </div>
   <div class='ocr_carea' id='block_1_23' title="bbox 1906 976 3429 1050">
    <p class='ocr_par' dir='ltr' id='par_1_23' title="bbox 1906 976 3429 1050">
     <span class='ocr_line' id='line_1_23' title="bbox 1906 976 3429 1050; baseline -0.004 -16"><span class='ocrx_word' id='word_1_187' title='bbox 1906 979 2026 1035; x_wconf 83' lang='lat' dir='ltr'><strong>Noli</strong></span> <span class='ocrx_word' id='word_1_188' title='bbox 2053 979 2222 1034; x_wconf 89' lang='lat' dir='ltr'><strong>altum</strong></span> <span class='ocrx_word' id='word_1_189' title='bbox 2252 993 2468 1050; x_wconf 83' lang='lat' dir='ltr'><strong>sapere,</strong></span> <span class='ocrx_word' id='word_1_190' title='bbox 2500 980 2596 1034; x_wconf 89' lang='lat' dir='ltr'><strong>sed</strong></span> <span class='ocrx_word' id='word_1_191' title='bbox 2627 979 2775 1044; x_wconf 86' lang='lat' dir='ltr'><strong>time,</strong></span> <span class='ocrx_word' id='word_1_192' title='bbox 2807 987 2939 1044; x_wconf 89' lang='lat' dir='ltr'><strong>etc.,</strong></span> <span class='ocrx_word' id='word_1_193' title='bbox 2967 993 3129 1048; x_wconf 84' lang='lat' dir='ltr'><strong>usque</strong></span> <span class='ocrx_word' id='word_1_194' title='bbox 3155 976 3222 1030; x_wconf 85' lang='lat' dir='ltr'><strong>ad</strong></span> <span class='ocrx_word' id='word_1_195' title='bbox 3250 976 3301 1029; x_wconf 88' lang='lat' dir='ltr'><strong>in</strong></span> <span class='ocrx_word' id='word_1_196' title='bbox 3333 989 3429 1029; x_wconf 70' lang='lat' dir='ltr'><strong>sa:-</strong></span> 
     </span>
    </p>
   </div>
   <div class='ocr_carea' id='block_1_24' title="bbox 1835 1053 3423 1145">
    <p class='ocr_par' dir='ltr' id='par_1_24' title="bbox 1835 1053 3423 1145">
     <span class='ocr_line' id='line_1_24' title="bbox 1835 1053 3423 1145; baseline -0.005 -17"><span class='ocrx_word' id='word_1_197' title='bbox 1835 1073 2015 1128; x_wconf 92' lang='lat' dir='ltr'><strong>culum</strong></span> <span class='ocrx_word' id='word_1_198' title='bbox 2043 1072 2245 1128; x_wconf 68' lang='lat' dir='ltr'><strong>saeculi.</strong></span> <span class='ocrx_word' id='word_1_199' title='bbox 2282 1073 2582 1145; x_wconf 85' lang='lat' dir='ltr'><strong>(ld.,serm.</strong></span> <span class='ocrx_word' id='word_1_200' title='bbox 2606 1071 2671 1125; x_wconf 91' lang='lat' dir='ltr'><strong>de</strong></span> <span class='ocrx_word' id='word_1_201' title='bbox 2697 1072 2882 1125; x_wconf 85' lang='lat' dir='ltr'><strong>timore</strong></span> <span class='ocrx_word' id='word_1_202' title='bbox 2903 1053 3022 1137; x_wconf 74' lang='lat' dir='ltr'><strong>Dei,</strong></span> <span class='ocrx_word' id='word_1_203' title='bbox 3053 1080 3184 1124; x_wconf 84' lang='lat' dir='ltr'><strong>tom.</strong></span> <span class='ocrx_word' id='word_1_204' title='bbox 3211 1067 3250 1121; x_wconf 89' lang='lat' dir='ltr'><strong>V</strong></span> <span class='ocrx_word' id='word_1_205' title='bbox 3286 1077 3423 1138; x_wconf 89' lang='lat' dir='ltr'><strong>part.</strong></span> 
     </span>
    </p>
   </div>
   <div class='ocr_carea' id='block_1_25' title="bbox 1837 1165 2446 1237">
    <p class='ocr_par' dir='ltr' id='par_1_25' title="bbox 1837 1165 2446 1237">
     <span class='ocr_line' id='line_1_25' title="bbox 1837 1165 2446 1237; baseline -0.005 -15"><span class='ocrx_word' id='word_1_206' title='bbox 1837 1183 1898 1234; x_wconf 89' lang='grc' dir='ltr'>ιι,</span> <span class='ocrx_word' id='word_1_207' title='bbox 1923 1167 2026 1222; x_wconf 91' lang='lat' dir='ltr'><strong>col.</strong></span> <span class='ocrx_word' id='word_1_208' title='bbox 2057 1166 2194 1223; x_wconf 86' lang='lat'><strong>1528</strong></span> <span class='ocrx_word' id='word_1_209' title='bbox 2222 1174 2278 1222; x_wconf 88' lang='lat' dir='ltr'><strong>et</strong></span> <span class='ocrx_word' id='word_1_210' title='bbox 2303 1165 2446 1237; x_wconf 88' lang='lat' dir='ltr'><strong>seq.)</strong></span> 
     </span>
    </p>
   </div>
   <div class='ocr_carea' id='block_1_26' title="bbox 1921 1255 3430 1330">
    <p class='ocr_par' dir='ltr' id='par_1_26' title="bbox 1921 1255 3430 1330">
     <span class='ocr_line' id='line_1_26' title="bbox 1921 1255 3430 1330; baseline -0.003 -19"><span class='ocrx_word' id='word_1_211' title='bbox 1921 1257 2046 1313; x_wconf 85' lang='lat' dir='ltr'><strong>Vide</strong></span> <span class='ocrx_word' id='word_1_212' title='bbox 2073 1275 2194 1330; x_wconf 82' lang='lat' dir='ltr'><strong>ergo</strong></span> <span class='ocrx_word' id='word_1_213' title='bbox 2226 1259 2529 1323; x_wconf 79' lang='lat' dir='ltr'><strong>bonitatem,</strong></span> <span class='ocrx_word' id='word_1_214' title='bbox 2560 1264 2694 1322; x_wconf 89' lang='lat' dir='ltr'><strong>etc.,</strong></span> <span class='ocrx_word' id='word_1_215' title='bbox 2726 1270 2897 1326; x_wconf 89' lang='lat' dir='ltr'><strong>usque</strong></span> <span class='ocrx_word' id='word_1_216' title='bbox 2920 1255 3296 1310; x_wconf 70' lang='lat' dir='ltr'><strong>adimerentur</strong></span> <span class='ocrx_word' id='word_1_217' title='bbox 3318 1269 3430 1307; x_wconf 70' lang='lat' dir='ltr'><strong>sua:</strong></span> 
     </span>
    </p>
   </div>
   <div class='ocr_carea' id='block_1_27' title="bbox 1839 1347 3433 1423">
    <p class='ocr_par' dir='ltr' id='par_1_27' title="bbox 1839 1347 3433 1423">
     <span class='ocr_line' id='line_1_27' title="bbox 1839 1347 3433 1423; baseline -0.004 -15"><span class='ocrx_word' id='word_1_218' title='bbox 1839 1352 2008 1408; x_wconf 62' lang='lat' dir='ltr'><strong>olivae.</strong></span> <span class='ocrx_word' id='word_1_219' title='bbox 2052 1352 2252 1408; x_wconf 84' lang='lat' dir='ltr'><strong>Beatus</strong></span> <span class='ocrx_word' id='word_1_220' title='bbox 2299 1351 2589 1423; x_wconf 81' lang='lat' dir='ltr'><strong>Apostolus</strong></span> <span class='ocrx_word' id='word_1_221' title='bbox 2633 1352 2822 1406; x_wconf 90' lang='lat' dir='ltr'><strong>doctor</strong></span> <span class='ocrx_word' id='word_1_222' title='bbox 2866 1349 3103 1419; x_wconf 85' lang='lat' dir='ltr'><strong>gentium</strong></span> <span class='ocrx_word' id='word_1_223' title='bbox 3144 1349 3198 1402; x_wconf 91' lang='lat' dir='ltr'><strong>in</strong></span> <span class='ocrx_word' id='word_1_224' title='bbox 3237 1347 3342 1402; x_wconf 86' lang='lat' dir='ltr'><strong>ﬁde</strong></span> <span class='ocrx_word' id='word_1_225' title='bbox 3376 1355 3433 1401; x_wconf 90' lang='lat' dir='ltr'><strong>et</strong></span> 
     </span>
    </p>
   </div>
   <div class='ocr_carea' id='block_1_28' title="bbox 1840 1438 3432 1514">
    <p class='ocr_par' dir='ltr' id='par_1_28' title="bbox 1840 1438 3432 1514">
     <span class='ocr_line' id='line_1_28' title="bbox 1840 1438 3432 1514; baseline -0.005 -13"><span class='ocrx_word' id='word_1_226' title='bbox 1840 1447 2069 1503; x_wconf 84' lang='lat' dir='ltr'><strong>veritate</strong></span> <span class='ocrx_word' id='word_1_227' title='bbox 2084 1449 2400 1512; x_wconf 82' lang='lat' dir='ltr'><strong>exhortans,</strong></span> <span class='ocrx_word' id='word_1_228' title='bbox 2420 1453 2553 1513; x_wconf 90' lang='lat' dir='ltr'><strong>etc.,</strong></span> <span class='ocrx_word' id='word_1_229' title='bbox 2570 1461 2731 1514; x_wconf 83' lang='lat' dir='ltr'><strong>usque</strong></span> <span class='ocrx_word' id='word_1_230' title='bbox 2743 1443 2812 1496; x_wconf 88' lang='lat' dir='ltr'><strong>ad</strong></span> <span class='ocrx_word' id='word_1_231' title='bbox 2829 1440 3196 1511; x_wconf 77' lang='lat' dir='ltr'><strong>permanseris</strong></span> <span class='ocrx_word' id='word_1_232' title='bbox 3208 1439 3263 1493; x_wconf 91' lang='lat' dir='ltr'><strong>in</strong></span> <span class='ocrx_word' id='word_1_233' title='bbox 3276 1438 3432 1494; x_wconf 83' lang='lat' dir='ltr'><strong>boni-</strong></span> 
     </span>
    </p>
   </div>
   <div class='ocr_carea' id='block_1_29' title="bbox 1843 1528 3430 1608">
    <p class='ocr_par' dir='ltr' id='par_1_29' title="bbox 1843 1528 3430 1608">
     <span class='ocr_line' id='line_1_29' title="bbox 1843 1528 3430 1608; baseline -0.009 -13"><span class='ocrx_word' id='word_1_234' title='bbox 1843 1547 1970 1595; x_wconf 86' lang='lat' dir='ltr'><strong>tate.</strong></span> <span class='ocrx_word' id='word_1_235' title='bbox 1999 1538 2120 1608; x_wconf 91' lang='lat' dir='ltr'><strong>(ld.,</strong></span> <span class='ocrx_word' id='word_1_236' title='bbox 2145 1539 2236 1592; x_wconf 89' lang='lat' dir='ltr'><strong>lib.</strong></span> <span class='ocrx_word' id='word_1_237' title='bbox 2254 1547 2422 1593; x_wconf 84' lang='lat' dir='ltr'><strong>contr.</strong></span> <span class='ocrx_word' id='word_1_238' title='bbox 2442 1535 2683 1601; x_wconf 74' lang='lat' dir='ltr'><strong>Judreos,</strong></span> <span class='ocrx_word' id='word_1_239' title='bbox 2708 1531 2992 1598; x_wconf 77' lang='lat' dir='ltr'><strong>tom.Vlll,</strong></span> <span class='ocrx_word' id='word_1_240' title='bbox 3007 1530 3110 1586; x_wconf 92' lang='lat' dir='ltr'><strong>col.</strong></span> <span class='ocrx_word' id='word_1_241' title='bbox 3129 1528 3192 1584; x_wconf 83' lang='lat'><strong>61</strong></span> <span class='ocrx_word' id='word_1_242' title='bbox 3218 1528 3430 1600; x_wconf 89' lang='lat' dir='ltr'><strong>etseq.)</strong></span> 
     </span>
    </p>
   </div>
   <div class='ocr_carea' id='block_1_30' title="bbox 1915 1620 3432 1688">
    <p class='ocr_par' dir='ltr' id='par_1_30' title="bbox 1915 1620 3432 1688">
     <span class='ocr_line' id='line_1_30' title="bbox 1915 1620 3432 1688; baseline -0.007 -4"><span class='ocrx_word' id='word_1_243' title='bbox 1915 1629 2217 1685; x_wconf 88' lang='lat' dir='ltr'><strong>Salubriter</strong></span> <span class='ocrx_word' id='word_1_244' title='bbox 2272 1643 2378 1683; x_wconf 93' lang='lat' dir='ltr'><strong>non</strong></span> <span class='ocrx_word' id='word_1_245' title='bbox 2433 1627 2608 1684; x_wconf 90' lang='lat' dir='ltr'><strong>solum</strong></span> <span class='ocrx_word' id='word_1_246' title='bbox 2657 1624 2987 1688; x_wconf 84' lang='lat' dir='ltr'><strong>bonitatem,</strong></span> <span class='ocrx_word' id='word_1_247' title='bbox 3027 1636 3218 1676; x_wconf 86' lang='lat' dir='ltr'><strong>verum</strong></span> <span class='ocrx_word' id='word_1_248' title='bbox 3264 1620 3432 1675; x_wconf 89' lang='lat' dir='ltr'><strong>etiam</strong></span> 
     </span>
    </p>
   </div>
   <div class='ocr_carea' id='block_1_31' title="bbox 1843 1715 3429 1791">
    <p class='ocr_par' dir='ltr' id='par_1_31' title="bbox 1843 1715 3429 1791">
     <span class='ocr_line' id='line_1_31' title="bbox 1843 1715 3429 1791; baseline -0.006 -12"><span class='ocrx_word' id='word_1_249' title='bbox 1843 1724 2188 1779; x_wconf 81' lang='lat' dir='ltr'><strong>severitatem</strong></span> <span class='ocrx_word' id='word_1_250' title='bbox 2238 1722 2356 1789; x_wconf 89' lang='lat' dir='ltr'><strong>Dei,</strong></span> <span class='ocrx_word' id='word_1_251' title='bbox 2409 1730 2542 1786; x_wconf 90' lang='lat' dir='ltr'><strong>etc.;</strong></span> <span class='ocrx_word' id='word_1_252' title='bbox 2594 1736 2754 1791; x_wconf 82' lang='lat' dir='ltr'><strong>usque</strong></span> <span class='ocrx_word' id='word_1_253' title='bbox 2800 1718 2870 1774; x_wconf 87' lang='lat' dir='ltr'><strong>ad</strong></span> <span class='ocrx_word' id='word_1_254' title='bbox 2918 1716 3264 1774; x_wconf 67' lang='lat' dir='ltr'><strong>severitatem</strong></span> <span class='ocrx_word' id='word_1_255' title='bbox 3311 1715 3429 1770; x_wconf 90' lang='lat' dir='ltr'><strong>Dei.</strong></span> 
     </span>
    </p>
   </div>
   <div class='ocr_carea' id='block_1_32' title="bbox 1846 1806 3432 1886">
    <p class='ocr_par' dir='ltr' id='par_1_32' title="bbox 1846 1806 3432 1886">
     <span class='ocr_line' id='line_1_32' title="bbox 1846 1806 3432 1886; baseline -0.006 -16"><span class='ocrx_word' id='word_1_256' title='bbox 1846 1816 1968 1886; x_wconf 90' lang='lat' dir='ltr'><strong>(ld.,</strong></span> <span class='ocrx_word' id='word_1_257' title='bbox 1985 1816 2072 1871; x_wconf 88' lang='lat' dir='ltr'><strong>lib.</strong></span> <span class='ocrx_word' id='word_1_258' title='bbox 2100 1833 2116 1870; x_wconf 90' lang='lat'><strong>1</strong></span> <span class='ocrx_word' id='word_1_259' title='bbox 2141 1824 2308 1871; x_wconf 85' lang='lat' dir='ltr'><strong>contr.</strong></span> <span class='ocrx_word' id='word_1_260' title='bbox 2331 1815 2603 1870; x_wconf 86' lang='lat' dir='ltr'><strong>inimicum</strong></span> <span class='ocrx_word' id='word_1_261' title='bbox 2627 1813 2756 1883; x_wconf 80' lang='lat' dir='ltr'><strong>legis</strong></span> <span class='ocrx_word' id='word_1_262' title='bbox 2774 1821 2823 1866; x_wconf 81' lang='lat' dir='ltr'><strong>et</strong></span> <span class='ocrx_word' id='word_1_263' title='bbox 2849 1811 3136 1883; x_wconf 66' lang='lat' dir='ltr'><strong>prophetia,</strong></span> <span class='ocrx_word' id='word_1_264' title='bbox 3166 1819 3294 1864; x_wconf 88' lang='lat' dir='ltr'><strong>tom.</strong></span> <span class='ocrx_word' id='word_1_265' title='bbox 3320 1806 3432 1862; x_wconf 82' lang='lat' dir='ltr'><strong>Vlll</strong></span> 
     </span>
    </p>
   </div>
   <div class='ocr_carea' id='block_1_33' title="bbox 120 1888 2340 1979">
    <p class='ocr_par' dir='ltr' id='par_1_33' title="bbox 120 1888 2340 1979">
     <span class='ocr_line' id='line_1_33' title="bbox 120 1888 2340 1979; baseline -0.004 -19"><span class='ocrx_word' id='word_1_266' title='bbox 120 1918 232 1963; x_wconf 83' lang='lat' dir='ltr'><strong>tat.</strong></span> <span class='ocrx_word' id='word_1_267' title='bbox 255 1911 406 1964; x_wconf 81' lang='lat' dir='ltr'><strong>Orat.</strong></span> <span class='ocrx_word' id='word_1_268' title='bbox 425 1908 654 1976; x_wconf 77' lang='lat' dir='ltr'><strong>XLVIII,</strong></span> <span class='ocrx_word' id='word_1_269' title='bbox 669 1910 760 1964; x_wconf 92' lang='lat' dir='ltr'><strong>lib.</strong></span> <span class='ocrx_word' id='word_1_270' title='bbox 782 1908 984 1976; x_wconf 77' lang='lat' dir='ltr'><strong>Quwst.</strong></span> <span class='ocrx_word' id='word_1_271' title='bbox 1003 1907 1236 1973; x_wconf 86' lang='lat' dir='ltr'><strong>tom.lll,</strong></span> <span class='ocrx_word' id='word_1_272' title='bbox 1256 1915 1393 1978; x_wconf 87' lang='lat' dir='ltr'><strong>part.</strong></span> <span class='ocrx_word' id='word_1_273' title='bbox 1414 1895 1736 1971; x_wconf 86' lang='lat' dir='ltr'><strong>1,col.615.)</strong></span> <span class='ocrx_word' id='word_1_274' title='bbox 1767 1888 1818 1950; x_wconf 86' lang='grc' dir='ltr'><strong>Β</strong></span> <span class='ocrx_word' id='word_1_275' title='bbox 1847 1909 1950 1964; x_wconf 75' lang='grc' dir='ltr'><strong>εοι,</strong></span> <span class='ocrx_word' id='word_1_276' title='bbox 1981 1908 2086 1963; x_wconf 67' lang='grc'><strong>626</strong></span> <span class='ocrx_word' id='word_1_277' title='bbox 2115 1918 2170 1964; x_wconf 73' lang='grc' dir='ltr'>ει</span> <span class='ocrx_word' id='word_1_278' title='bbox 2201 1908 2340 1979; x_wconf 73' lang='lat' dir='ltr'><strong>seq.)</strong></span> 
     </span>
    </p>
   </div>
   <div class='ocr_carea' id='block_1_34' title="bbox 203 1995 1718 2073">
    <p class='ocr_par' dir='ltr' id='par_1_34' title="bbox 203 1995 1718 2073">
     <span class='ocr_line' id='line_1_34' title="bbox 203 1995 1718 2073; baseline -0.005 -19"><span class='ocrx_word' id='word_1_279' title='bbox 203 1999 424 2056; x_wconf 81' lang='lat' dir='ltr'><strong>Judaeos</strong></span> <span class='ocrx_word' id='word_1_280' title='bbox 470 2002 537 2058; x_wconf 89' lang='lat' dir='ltr'><strong>de</strong></span> <span class='ocrx_word' id='word_1_281' title='bbox 574 2015 738 2072; x_wconf 84' lang='lat' dir='ltr'><strong>opere</strong></span> <span class='ocrx_word' id='word_1_282' title='bbox 784 2016 884 2057; x_wconf 93' lang='lat' dir='ltr'><strong>suo</strong></span> <span class='ocrx_word' id='word_1_283' title='bbox 925 2000 1220 2073; x_wconf 85' lang='lat' dir='ltr'><strong>gloriantes</strong></span> <span class='ocrx_word' id='word_1_284' title='bbox 1251 1998 1331 2054; x_wconf 90' lang='lat' dir='ltr'><strong>sic</strong></span> <span class='ocrx_word' id='word_1_285' title='bbox 1361 1995 1560 2068; x_wconf 79' lang='lat' dir='ltr'><strong>arguit,</strong></span> <span class='ocrx_word' id='word_1_286' title='bbox 1587 2001 1718 2058; x_wconf 89' lang='lat' dir='ltr'><strong>etc.,</strong></span> 
     </span>
    </p>
   </div>
   <div class='ocr_carea' id='block_1_35' title="bbox 121 2089 1720 2166">
    <p class='ocr_par' dir='ltr' id='par_1_35' title="bbox 121 2089 1720 2166">
     <span class='ocr_line' id='line_1_35' title="bbox 121 2089 1720 2166; baseline -0.004 -19"><span class='ocrx_word' id='word_1_287' title='bbox 121 2110 302 2164; x_wconf 81' lang='lat' dir='ltr'><strong>usque</strong></span> <span class='ocrx_word' id='word_1_288' title='bbox 345 2093 414 2148; x_wconf 87' lang='lat' dir='ltr'><strong>ad</strong></span> <span class='ocrx_word' id='word_1_289' title='bbox 443 2094 684 2150; x_wconf 85' lang='lat' dir='ltr'><strong>salutare</strong></span> <span class='ocrx_word' id='word_1_290' title='bbox 733 2094 850 2150; x_wconf 89' lang='lat' dir='ltr'><strong>Dei.</strong></span> <span class='ocrx_word' id='word_1_291' title='bbox 901 2095 1020 2166; x_wconf 86' lang='lat' dir='ltr'><strong>(ld.,</strong></span> <span class='ocrx_word' id='word_1_292' title='bbox 1076 2102 1228 2149; x_wconf 88' lang='lat' dir='ltr'><strong>tract.</strong></span> <span class='ocrx_word' id='word_1_293' title='bbox 1286 2093 1342 2146; x_wconf 86' lang='lat' dir='ltr'><strong>in</strong></span> <span class='ocrx_word' id='word_1_294' title='bbox 1387 2089 1522 2162; x_wconf 86' lang='lat' dir='ltr'><strong>psal.</strong></span> <span class='ocrx_word' id='word_1_295' title='bbox 1571 2101 1720 2154; x_wconf 78' lang='lat' dir='ltr'><strong>xux,</strong></span> 
     </span>
    </p>
   </div>
   <div class='ocr_carea' id='block_1_36' title="bbox 121 2185 964 2258">
    <p class='ocr_par' dir='ltr' id='par_1_36' title="bbox 121 2185 964 2258">
     <span class='ocr_line' id='line_1_36' title="bbox 121 2185 964 2258; baseline -0.002 -18"><span class='ocrx_word' id='word_1_296' title='bbox 121 2195 268 2242; x_wconf 86' lang='lat' dir='ltr'><strong>tom.</strong></span> <span class='ocrx_word' id='word_1_297' title='bbox 295 2185 385 2252; x_wconf 88' lang='grc' dir='ltr'>Ν,</span> <span class='ocrx_word' id='word_1_298' title='bbox 414 2195 557 2258; x_wconf 88' lang='lat' dir='ltr'><strong>part.</strong></span> <span class='ocrx_word' id='word_1_299' title='bbox 588 2203 630 2254; x_wconf 92' lang='lat'><strong>1,</strong></span> <span class='ocrx_word' id='word_1_300' title='bbox 681 2187 785 2243; x_wconf 91' lang='lat' dir='ltr'><strong>col.</strong></span> <span class='ocrx_word' id='word_1_301' title='bbox 814 2187 964 2257; x_wconf 85' lang='lat'><strong>585.)</strong></span> 
     </span>
    </p>
   </div>
   <div class='ocr_carea' id='block_1_37' title="bbox 197 2273 1724 2354">
    <p class='ocr_par' dir='ltr' id='par_1_37' title="bbox 197 2273 1724 2354">
     <span class='ocr_line' id='line_1_37' title="bbox 197 2273 1724 2354; baseline -0.007 -16"><span class='ocrx_word' id='word_1_302' title='bbox 197 2282 390 2339; x_wconf 88' lang='lat' dir='ltr'><strong>Gratia</strong></span> <span class='ocrx_word' id='word_1_303' title='bbox 424 2283 604 2354; x_wconf 85' lang='lat' dir='ltr'><strong>pluvia</strong></span> <span class='ocrx_word' id='word_1_304' title='bbox 631 2282 957 2346; x_wconf 85' lang='lat' dir='ltr'><strong>voluntaria,</strong></span> <span class='ocrx_word' id='word_1_305' title='bbox 997 2288 1125 2346; x_wconf 90' lang='lat' dir='ltr'><strong>etc.,</strong></span> <span class='ocrx_word' id='word_1_306' title='bbox 1162 2294 1325 2347; x_wconf 82' lang='lat' dir='ltr'><strong>usque</strong></span> <span class='ocrx_word' id='word_1_307' title='bbox 1350 2277 1417 2331; x_wconf 86' lang='lat' dir='ltr'><strong>ad</strong></span> <span class='ocrx_word' id='word_1_308' title='bbox 1446 2273 1724 2332; x_wconf 88' lang='lat' dir='ltr'><strong>coronasti</strong></span> 
     </span>
    </p>
   </div>
   <div class='ocr_carea' id='block_1_38' title="bbox 123 2368 1721 2446">
    <p class='ocr_par' dir='ltr' id='par_1_38' title="bbox 123 2368 1721 2446">
     <span class='ocr_line' id='line_1_38' title="bbox 123 2368 1721 2446; baseline -0.006 -18"><span class='ocrx_word' id='word_1_309' title='bbox 123 2389 256 2430; x_wconf 83' lang='lat' dir='ltr'><strong>nos.</strong></span> <span class='ocrx_word' id='word_1_310' title='bbox 307 2375 430 2446; x_wconf 91' lang='lat' dir='ltr'><strong>(ld.,</strong></span> <span class='ocrx_word' id='word_1_311' title='bbox 459 2383 612 2430; x_wconf 84' lang='lat' dir='ltr'><strong>tract.</strong></span> <span class='ocrx_word' id='word_1_312' title='bbox 664 2374 722 2429; x_wconf 89' lang='lat' dir='ltr'><strong>in</strong></span> <span class='ocrx_word' id='word_1_313' title='bbox 767 2373 903 2444; x_wconf 81' lang='lat' dir='ltr'><strong>psal.</strong></span> <span class='ocrx_word' id='word_1_314' title='bbox 957 2387 1124 2437; x_wconf 80' lang='lat' dir='ltr'><strong>van,</strong></span> <span class='ocrx_word' id='word_1_315' title='bbox 1185 2378 1317 2425; x_wconf 88' lang='lat' dir='ltr'><strong>tom.</strong></span> <span class='ocrx_word' id='word_1_316' title='bbox 1362 2368 1453 2435; x_wconf 89' lang='grc' dir='ltr'><strong>Ν,</strong></span> <span class='ocrx_word' id='word_1_317' title='bbox 1499 2373 1640 2438; x_wconf 85' lang='lat' dir='ltr'><strong>part.</strong></span> <span class='ocrx_word' id='word_1_318' title='bbox 1682 2380 1721 2431; x_wconf 71' lang='grc' dir='ltr'><strong>ι,</strong></span> 
     </span>
    </p>
   </div>
   <div class='ocr_carea' id='block_1_39' title="bbox 122 2466 419 2539">
    <p class='ocr_par' dir='ltr' id='par_1_39' title="bbox 122 2466 419 2539">
     <span class='ocr_line' id='line_1_39' title="bbox 122 2466 419 2539; baseline -0.003 -17"><span class='ocrx_word' id='word_1_319' title='bbox 122 2466 241 2522; x_wconf 86' lang='lat' dir='ltr'><strong>col.</strong></span> <span class='ocrx_word' id='word_1_320' title='bbox 270 2467 419 2539; x_wconf 87' lang='lat'><strong>819.)</strong></span> 
     </span>
    </p>
   </div>
   <div class='ocr_carea' id='block_1_40' title="bbox 1899 1993 3432 2064">
    <p class='ocr_par' dir='ltr' id='par_1_40' title="bbox 1899 1993 3432 2064">
     <span class='ocr_line' id='line_1_40' title="bbox 1899 1993 3432 2064; baseline -0.004 -10"><span class='ocrx_word' id='word_1_321' title='bbox 1899 1999 2043 2054; x_wconf 84' lang='lat' dir='ltr'><strong>Nam</strong></span> <span class='ocrx_word' id='word_1_322' title='bbox 2079 2001 2126 2055; x_wconf 78' lang='lat' dir='ltr'><strong>si</strong></span> <span class='ocrx_word' id='word_1_323' title='bbox 2169 2016 2232 2055; x_wconf 70' lang='lat' dir='ltr'><strong>ex</strong></span> <span class='ocrx_word' id='word_1_324' title='bbox 2271 1998 2504 2054; x_wconf 83' lang='lat' dir='ltr'><strong>naturali</strong></span> <span class='ocrx_word' id='word_1_325' title='bbox 2554 2000 2760 2052; x_wconf 75' lang='lat' dir='ltr'><strong>excisus</strong></span> <span class='ocrx_word' id='word_1_326' title='bbox 2805 2011 2878 2061; x_wconf 87' lang='lat' dir='ltr'><strong>es,</strong></span> <span class='ocrx_word' id='word_1_327' title='bbox 2913 2003 3048 2060; x_wconf 89' lang='lat' dir='ltr'><strong>etc.,</strong></span> <span class='ocrx_word' id='word_1_328' title='bbox 3075 2007 3247 2064; x_wconf 86' lang='lat' dir='ltr'><strong>usque</strong></span> <span class='ocrx_word' id='word_1_329' title='bbox 3273 1994 3341 2048; x_wconf 82' lang='lat' dir='ltr'><strong>ad</strong></span> <span class='ocrx_word' id='word_1_330' title='bbox 3377 1993 3432 2048; x_wconf 88' lang='lat' dir='ltr'><strong>in</strong></span> 
     </span>
    </p>
   </div>
   <div class='ocr_carea' id='block_1_41' title="bbox 1828 2073 3432 2147">
    <p class='ocr_par' dir='ltr' id='par_1_41' title="bbox 1828 2073 3432 2147">
     <span class='ocr_line' id='line_1_41' title="bbox 1828 2073 3432 2147; baseline -0.005 0"><span class='ocrx_word' id='word_1_331' title='bbox 1828 2093 2016 2147; x_wconf 83' lang='lat' dir='ltr'><strong>bonam</strong></span> <span class='ocrx_word' id='word_1_332' title='bbox 2036 2093 2248 2147; x_wconf 87' lang='lat' dir='ltr'><strong>olivam.</strong></span> <span class='ocrx_word' id='word_1_333' title='bbox 2278 2091 2396 2147; x_wconf 90' lang='lat' dir='ltr'><strong>Dici</strong></span> <span class='ocrx_word' id='word_1_334' title='bbox 2419 2099 2600 2146; x_wconf 85' lang='lat' dir='ltr'><strong>autem</strong></span> <span class='ocrx_word' id='word_1_335' title='bbox 2622 2073 2861 2145; x_wconf 74' lang='lat' dir='ltr'><strong>humano</strong></span> <span class='ocrx_word' id='word_1_336' title='bbox 2878 2100 3030 2142; x_wconf 91' lang='lat' dir='ltr'><strong>more</strong></span> <span class='ocrx_word' id='word_1_337' title='bbox 3055 2093 3244 2142; x_wconf 91' lang='lat' dir='ltr'><strong>contra</strong></span> <span class='ocrx_word' id='word_1_338' title='bbox 3270 2095 3432 2140; x_wconf 73' lang='lat' dir='ltr'><strong>natu—</strong></span> 
     </span>
    </p>
   </div>
   <div class='ocr_carea' id='block_1_42' title="bbox 1828 2176 3430 2255">
    <p class='ocr_par' dir='ltr' id='par_1_42' title="bbox 1828 2176 3430 2255">
     <span class='ocr_line' id='line_1_42' title="bbox 1828 2176 3430 2255; baseline -0.006 -15"><span class='ocrx_word' id='word_1_339' title='bbox 1828 2199 1946 2240; x_wconf 89' lang='lat' dir='ltr'><strong>ram</strong></span> <span class='ocrx_word' id='word_1_340' title='bbox 1961 2199 2079 2241; x_wconf 90' lang='lat' dir='ltr'><strong>esse</strong></span> <span class='ocrx_word' id='word_1_341' title='bbox 2091 2183 2254 2255; x_wconf 91' lang='lat' dir='ltr'><strong>quod,</strong></span> <span class='ocrx_word' id='word_1_342' title='bbox 2270 2192 2376 2239; x_wconf 89' lang='lat' dir='ltr'><strong>etc.</strong></span> <span class='ocrx_word' id='word_1_343' title='bbox 2396 2198 2556 2254; x_wconf 79' lang='lat' dir='ltr'><strong>usque</strong></span> <span class='ocrx_word' id='word_1_344' title='bbox 2582 2182 2651 2236; x_wconf 84' lang='lat' dir='ltr'><strong>ad</strong></span> <span class='ocrx_word' id='word_1_345' title='bbox 2673 2187 2863 2237; x_wconf 92' lang='lat' dir='ltr'><strong>contra</strong></span> <span class='ocrx_word' id='word_1_346' title='bbox 2884 2180 3124 2248; x_wconf 87' lang='lat' dir='ltr'><strong>seipsum</strong></span> <span class='ocrx_word' id='word_1_347' title='bbox 3147 2192 3256 2232; x_wconf 84' lang='lat' dir='ltr'><strong>non</strong></span> <span class='ocrx_word' id='word_1_348' title='bbox 3277 2176 3430 2232; x_wconf 84' lang='lat' dir='ltr'><strong>facit.</strong></span> 
     </span>
    </p>
   </div>
   <div class='ocr_carea' id='block_1_43' title="bbox 1831 2270 3368 2347">
    <p class='ocr_par' dir='ltr' id='par_1_43' title="bbox 1831 2270 3368 2347">
     <span class='ocr_line' id='line_1_43' title="bbox 1831 2270 3368 2347; baseline -0.006 -16"><span class='ocrx_word' id='word_1_349' title='bbox 1831 2275 1953 2346; x_wconf 85' lang='lat' dir='ltr'><strong>(ld.,</strong></span> <span class='ocrx_word' id='word_1_350' title='bbox 1983 2276 2076 2331; x_wconf 85' lang='lat' dir='ltr'><strong>lib.</strong></span> <span class='ocrx_word' id='word_1_351' title='bbox 2094 2285 2265 2331; x_wconf 88' lang='lat' dir='ltr'><strong>contr.</strong></span> <span class='ocrx_word' id='word_1_352' title='bbox 2281 2273 2570 2342; x_wconf 83' lang='lat' dir='ltr'><strong>Faustum,</strong></span> <span class='ocrx_word' id='word_1_353' title='bbox 2589 2271 2874 2347; x_wconf 79' lang='lat' dir='ltr'><strong>tom.Vll[,</strong></span> <span class='ocrx_word' id='word_1_354' title='bbox 2892 2271 2996 2328; x_wconf 91' lang='lat' dir='ltr'><strong>col.</strong></span> <span class='ocrx_word' id='word_1_355' title='bbox 3011 2271 3113 2326; x_wconf 70' lang='lat'><strong>241</strong></span> <span class='ocrx_word' id='word_1_356' title='bbox 3145 2279 3201 2326; x_wconf 89' lang='lat' dir='ltr'><strong>et</strong></span> <span class='ocrx_word' id='word_1_357' title='bbox 3224 2270 3368 2341; x_wconf 87' lang='lat' dir='ltr'><strong>seq.)</strong></span> 
     </span>
    </p>
   </div>
   <div class='ocr_carea' id='block_1_44' title="bbox 1902 2363 3434 2440">
    <p class='ocr_par' dir='ltr' id='par_1_44' title="bbox 1902 2363 3434 2440">
     <span class='ocr_line' id='line_1_44' title="bbox 1902 2363 3434 2440; baseline -0.005 -17"><span class='ocrx_word' id='word_1_358' title='bbox 1902 2367 2043 2424; x_wconf 88' lang='lat' dir='ltr'><strong>Nolo</strong></span> <span class='ocrx_word' id='word_1_359' title='bbox 2081 2369 2218 2424; x_wconf 88' lang='lat' dir='ltr'><strong>enim</strong></span> <span class='ocrx_word' id='word_1_360' title='bbox 2266 2385 2353 2424; x_wconf 80' lang='lat' dir='ltr'><strong>vos</strong></span> <span class='ocrx_word' id='word_1_361' title='bbox 2402 2371 2668 2440; x_wconf 86' lang='lat' dir='ltr'><strong>ignorare,</strong></span> <span class='ocrx_word' id='word_1_362' title='bbox 2717 2378 2848 2433; x_wconf 81' lang='lat' dir='ltr'><strong>etc.,</strong></span> <span class='ocrx_word' id='word_1_363' title='bbox 2881 2379 3053 2436; x_wconf 86' lang='lat' dir='ltr'><strong>usque</strong></span> <span class='ocrx_word' id='word_1_364' title='bbox 3092 2363 3160 2418; x_wconf 90' lang='lat' dir='ltr'><strong>ad</strong></span> <span class='ocrx_word' id='word_1_365' title='bbox 3187 2379 3256 2419; x_wconf 69' lang='lat' dir='ltr'><strong>ea:</strong></span> <span class='ocrx_word' id='word_1_366' title='bbox 3283 2370 3434 2434; x_wconf 82' lang='lat' dir='ltr'><strong>parte</strong></span> 
     </span>
    </p>
   </div>
   <div class='ocr_carea' id='block_1_45' title="bbox 1832 2454 3432 2534">
    <p class='ocr_par' dir='ltr' id='par_1_45' title="bbox 1832 2454 3432 2534">
     <span class='ocr_line' id='line_1_45' title="bbox 1832 2454 3432 2534; baseline -0.004 -17"><span class='ocrx_word' id='word_1_367' title='bbox 1832 2462 2046 2534; x_wconf 86' lang='lat' dir='ltr'><strong>contigit</strong></span> <span class='ocrx_word' id='word_1_368' title='bbox 2080 2462 2134 2516; x_wconf 90' lang='lat' dir='ltr'><strong>in</strong></span> <span class='ocrx_word' id='word_1_369' title='bbox 2165 2461 2358 2517; x_wconf 84' lang='lat' dir='ltr'><strong>Israel.</strong></span> <span class='ocrx_word' id='word_1_370' title='bbox 2389 2460 2446 2516; x_wconf 91' lang='lat' dir='ltr'><strong>In</strong></span> <span class='ocrx_word' id='word_1_371' title='bbox 2471 2461 2733 2530; x_wconf 85' lang='lat' dir='ltr'><strong>judicium</strong></span> <span class='ocrx_word' id='word_1_372' title='bbox 2779 2459 2929 2514; x_wconf 91' lang='lat' dir='ltr'><strong>venit</strong></span> <span class='ocrx_word' id='word_1_373' title='bbox 2964 2459 3020 2513; x_wconf 91' lang='lat' dir='ltr'><strong>in</strong></span> <span class='ocrx_word' id='word_1_374' title='bbox 3051 2457 3312 2512; x_wconf 80' lang='lat' dir='ltr'><strong>mundum</strong></span> <span class='ocrx_word' id='word_1_375' title='bbox 3340 2454 3432 2511; x_wconf 88' lang='lat' dir='ltr'><strong>ille</strong></span> 
     </span>
    </p>
   </div>
   <div class='ocr_carea' id='block_1_46' title="bbox 209 2549 1745 2630">
    <p class='ocr_par' dir='ltr' id='par_1_46' title="bbox 209 2549 1728 2630">
     <span class='ocr_line' id='line_1_46' title="bbox 209 2549 1728 2630; baseline -0.006 -17"><span class='ocrx_word' id='word_1_376' title='bbox 209 2558 353 2625; x_wconf 81' lang='lat' dir='ltr'><strong>Quid</strong></span> <span class='ocrx_word' id='word_1_377' title='bbox 389 2560 551 2630; x_wconf 86' lang='lat' dir='ltr'><strong>ergo?</strong></span> <span class='ocrx_word' id='word_1_378' title='bbox 578 2557 732 2626; x_wconf 84' lang='lat' dir='ltr'><strong>Quoa</strong></span> <span class='ocrx_word' id='word_1_379' title='bbox 784 2558 1047 2630; x_wconf 73' lang='lat' dir='ltr'><strong>qurerebat</strong></span> <span class='ocrx_word' id='word_1_380' title='bbox 1075 2554 1267 2619; x_wconf 80' lang='lat' dir='ltr'><strong>Israel,</strong></span> <span class='ocrx_word' id='word_1_381' title='bbox 1297 2557 1427 2616; x_wconf 84' lang='lat' dir='ltr'><strong>etc.,</strong></span> <span class='ocrx_word' id='word_1_382' title='bbox 1458 2563 1630 2619; x_wconf 84' lang='lat' dir='ltr'><strong>usque</strong></span> <span class='ocrx_word' id='word_1_383' title='bbox 1659 2549 1728 2604; x_wconf 89' lang='lat' dir='ltr'><strong>ad</strong></span> 
     </span>
    </p>
   </div>
   <div class='ocr_carea' id='block_1_47' title="bbox 1861 2549 3431 2630">
    <p class='ocr_par' dir='ltr' id='par_1_47' title="bbox 1861 2552 3431 2624">
     <span class='ocr_line' id='line_1_47' title="bbox 1861 2552 3431 2624; baseline -0.005 -13"><span class='ocrx_word' id='word_1_384' title='bbox 1861 2557 1992 2612; x_wconf 86' lang='lat' dir='ltr'><strong>udex</strong></span> <span class='ocrx_word' id='word_1_385' title='bbox 2005 2555 2218 2611; x_wconf 80' lang='lat' dir='ltr'><strong>futurus</strong></span> <span class='ocrx_word' id='word_1_386' title='bbox 2239 2556 2508 2621; x_wconf 81' lang='lat' dir='ltr'><strong>vivorum,</strong></span> <span class='ocrx_word' id='word_1_387' title='bbox 2527 2563 2657 2621; x_wconf 90' lang='lat' dir='ltr'><strong>etc.,</strong></span> <span class='ocrx_word' id='word_1_388' title='bbox 2683 2569 2845 2624; x_wconf 81' lang='lat' dir='ltr'><strong>usque</strong></span> <span class='ocrx_word' id='word_1_389' title='bbox 2865 2552 2933 2606; x_wconf 88' lang='lat' dir='ltr'><strong>ad</strong></span> <span class='ocrx_word' id='word_1_390' title='bbox 2956 2558 3273 2622; x_wconf 88' lang='lat' dir='ltr'><strong>peccatores</strong></span> <span class='ocrx_word' id='word_1_391' title='bbox 3294 2562 3431 2618; x_wconf 65' lang='lat' dir='ltr'><strong>prte-</strong></span> 
     </span>
    </p>
   </div>
   <div class='ocr_carea' id='block_1_48' title="bbox 124 2640 1729 2720">
    <p class='ocr_par' dir='ltr' id='par_1_48' title="bbox 124 2640 1729 2720">
     <span class='ocr_line' id='line_1_48' title="bbox 124 2640 1729 2720; baseline -0.006 -17"><span class='ocrx_word' id='word_1_392' title='bbox 124 2651 354 2705; x_wconf 80' lang='lat' dir='ltr'><strong>dorsum</strong></span> <span class='ocrx_word' id='word_1_393' title='bbox 426 2665 607 2706; x_wconf 83' lang='lat' dir='ltr'><strong>eorum</strong></span> <span class='ocrx_word' id='word_1_394' title='bbox 663 2661 868 2720; x_wconf 80' lang='lat' dir='ltr'><strong>semper</strong></span> <span class='ocrx_word' id='word_1_395' title='bbox 921 2647 1158 2702; x_wconf 83' lang='lat' dir='ltr'><strong>incurva.</strong></span> <span class='ocrx_word' id='word_1_396' title='bbox 1219 2644 1361 2699; x_wconf 83' lang='lat' dir='ltr'><strong>Ecce</strong></span> <span class='ocrx_word' id='word_1_397' title='bbox 1419 2640 1729 2696; x_wconf 81' lang='lat' dir='ltr'><strong>1&#39;niserit:or-</strong></span> 
     </span>
    </p>
   </div>
   <div class='ocr_carea' id='block_1_49' title="bbox 127 2731 1726 2816">
    <p class='ocr_par' dir='ltr' id='par_1_49' title="bbox 127 2731 1726 2816">
     <span class='ocr_line' id='line_1_49' title="bbox 127 2731 1726 2816; baseline -0.009 -17"><span class='ocrx_word' id='word_1_398' title='bbox 127 2743 221 2799; x_wconf 71' lang='lat' dir='ltr'><strong>alia</strong></span> <span class='ocrx_word' id='word_1_399' title='bbox 253 2752 306 2800; x_wconf 83' lang='lat' dir='ltr'><strong>et</strong></span> <span class='ocrx_word' id='word_1_400' title='bbox 330 2743 615 2816; x_wconf 85' lang='lat' dir='ltr'><strong>judicium,</strong></span> <span class='ocrx_word' id='word_1_401' title='bbox 647 2752 751 2799; x_wconf 88' lang='lat' dir='ltr'><strong>etc.</strong></span> <span class='ocrx_word' id='word_1_402' title='bbox 785 2758 944 2814; x_wconf 81' lang='lat' dir='ltr'><strong>usque</strong></span> <span class='ocrx_word' id='word_1_403' title='bbox 982 2740 1050 2795; x_wconf 87' lang='lat' dir='ltr'><strong>ad</strong></span> <span class='ocrx_word' id='word_1_404' title='bbox 1092 2738 1193 2794; x_wconf 86' lang='lat' dir='ltr'><strong>nisi</strong></span> <span class='ocrx_word' id='word_1_405' title='bbox 1224 2736 1449 2792; x_wconf 84' lang='lat' dir='ltr'><strong>credite.</strong></span> <span class='ocrx_word' id='word_1_406' title='bbox 1485 2733 1609 2804; x_wconf 91' lang='lat' dir='ltr'><strong>(ld.,</strong></span> <span class='ocrx_word' id='word_1_407' title='bbox 1634 2731 1726 2785; x_wconf 88' lang='lat' dir='ltr'><strong>lib.</strong></span> 
     </span>
    </p>
   </div>
   <div class='ocr_carea' id='block_1_50' title="bbox 126 2825 1632 2906">
    <p class='ocr_par' dir='ltr' id='par_1_50' title="bbox 126 2825 1632 2906">
     <span class='ocr_line' id='line_1_50' title="bbox 126 2825 1632 2906; baseline -0.009 -14"><span class='ocrx_word' id='word_1_408' title='bbox 126 2837 191 2892; x_wconf 88' lang='lat' dir='ltr'><strong>de</strong></span> <span class='ocrx_word' id='word_1_409' title='bbox 220 2835 404 2893; x_wconf 74' lang='lat' dir='ltr'><strong>Prwd.</strong></span> <span class='ocrx_word' id='word_1_410' title='bbox 435 2847 626 2905; x_wconf 85' lang='lat' dir='ltr'><strong>sanct.,</strong></span> <span class='ocrx_word' id='word_1_411' title='bbox 657 2847 786 2894; x_wconf 90' lang='lat' dir='ltr'><strong>tom.</strong></span> <span class='ocrx_word' id='word_1_412' title='bbox 816 2833 885 2901; x_wconf 73' lang='grc' dir='ltr'>Χ,</span> <span class='ocrx_word' id='word_1_413' title='bbox 913 2842 1054 2906; x_wconf 89' lang='lat' dir='ltr'><strong>part.</strong></span> <span class='ocrx_word' id='word_1_414' title='bbox 1087 2849 1129 2901; x_wconf 90' lang='lat'><strong>1,</strong></span> <span class='ocrx_word' id='word_1_415' title='bbox 1153 2831 1257 2887; x_wconf 84' lang='lat' dir='ltr'><strong>col.-</strong></span> <span class='ocrx_word' id='word_1_416' title='bbox 1284 2829 1390 2884; x_wconf 82' lang='lat'><strong>569</strong></span> <span class='ocrx_word' id='word_1_417' title='bbox 1411 2836 1466 2883; x_wconf 88' lang='lat' dir='ltr'><strong>et</strong></span> <span class='ocrx_word' id='word_1_418' title='bbox 1487 2825 1632 2897; x_wconf 86' lang='lat' dir='ltr'><strong>seq.)</strong></span> 
     </span>
    </p>
   </div>
   <div class='ocr_carea' id='block_1_51' title="bbox 205 2923 1728 3000">
    <p class='ocr_par' dir='ltr' id='par_1_51' title="bbox 205 2923 1728 3000">
     <span class='ocr_line' id='line_1_51' title="bbox 205 2923 1728 3000; baseline -0.011 -10"><span class='ocrx_word' id='word_1_419' title='bbox 205 2933 478 2991; x_wconf 88' lang='lat' dir='ltr'><strong>Sitiebam</strong></span> <span class='ocrx_word' id='word_1_420' title='bbox 521 2942 577 2990; x_wconf 81' lang='lat' dir='ltr'><strong>et.</strong></span> <span class='ocrx_word' id='word_1_421' title='bbox 627 2943 839 2988; x_wconf 85' lang='lat' dir='ltr'><strong>acetum</strong></span> <span class='ocrx_word' id='word_1_422' title='bbox 887 2929 1088 3000; x_wconf 87' lang='lat' dir='ltr'><strong>accepi,</strong></span> <span class='ocrx_word' id='word_1_423' title='bbox 1138 2927 1192 2982; x_wconf 87' lang='lat' dir='ltr'><strong>id</strong></span> <span class='ocrx_word' id='word_1_424' title='bbox 1236 2933 1320 2981; x_wconf 88' lang='lat' dir='ltr'><strong>est</strong></span> <span class='ocrx_word' id='word_1_425' title='bbox 1371 2923 1554 2988; x_wconf 84' lang='lat' dir='ltr'><strong>tidem,</strong></span> <span class='ocrx_word' id='word_1_426' title='bbox 1598 2931 1728 2986; x_wconf 83' lang='lat' dir='ltr'><strong>etc.,</strong></span> 
     </span>
    </p>
   </div>
   <div class='ocr_carea' id='block_1_52' title="bbox 130 3011 1728 3100">
    <p class='ocr_par' dir='ltr' id='par_1_52' title="bbox 130 3011 1728 3100">
     <span class='ocr_line' id='line_1_52' title="bbox 130 3011 1728 3100; baseline -0.011 -18"><span class='ocrx_word' id='word_1_427' title='bbox 130 3045 303 3100; x_wconf 82' lang='lat' dir='ltr'><strong>usque</strong></span> <span class='ocrx_word' id='word_1_428' title='bbox 336 3029 405 3083; x_wconf 85' lang='lat' dir='ltr'><strong>ad</strong></span> <span class='ocrx_word' id='word_1_429' title='bbox 431 3042 554 3083; x_wconf 89' lang='lat' dir='ltr'><strong>eam</strong></span> <span class='ocrx_word' id='word_1_430' title='bbox 595 3035 844 3082; x_wconf 86' lang='lat' dir='ltr'><strong>curatam</strong></span> <span class='ocrx_word' id='word_1_431' title='bbox 889 3023 1082 3080; x_wconf 85' lang='lat' dir='ltr'><strong>erexit.</strong></span> <span class='ocrx_word' id='word_1_432' title='bbox 1136 3020 1259 3093; x_wconf 89' lang='lat' dir='ltr'><strong>(ld.,</strong></span> <span class='ocrx_word' id='word_1_433' title='bbox 1315 3026 1468 3073; x_wconf 88' lang='lat' dir='ltr'><strong>tract.</strong></span> <span class='ocrx_word' id='word_1_434' title='bbox 1501 3016 1557 3069; x_wconf 89' lang='lat' dir='ltr'><strong>iu</strong></span> <span class='ocrx_word' id='word_1_435' title='bbox 1592 3011 1728 3084; x_wconf 80' lang='lat' dir='ltr'><strong>psal.</strong></span> 
     </span>
    </p>
   </div>
   <div class='ocr_carea' id='block_1_53' title="bbox 133 3113 1376 3192">
    <p class='ocr_par' dir='ltr' id='par_1_53' title="bbox 133 3113 1376 3192">
     <span class='ocr_line' id='line_1_53' title="bbox 133 3113 1376 3192; baseline -0.01 -13"><span class='ocrx_word' id='word_1_436' title='bbox 133 3139 330 3189; x_wconf 80' lang='lat' dir='ltr'><strong>vam,</strong></span> <span class='ocrx_word' id='word_1_437' title='bbox 362 3132 494 3178; x_wconf 87' lang='lat' dir='ltr'><strong>tom.</strong></span> <span class='ocrx_word' id='word_1_438' title='bbox 526 3119 616 3187; x_wconf 89' lang='grc' dir='ltr'><strong>Ν,</strong></span> <span class='ocrx_word' id='word_1_439' title='bbox 645 3127 786 3192; x_wconf 88' lang='lat' dir='ltr'><strong>part.</strong></span> <span class='ocrx_word' id='word_1_440' title='bbox 813 3133 852 3182; x_wconf 93' lang='lat'><strong>1,</strong></span> <span class='ocrx_word' id='word_1_441' title='bbox 878 3117 984 3174; x_wconf 88' lang='lat' dir='ltr'><strong>col.</strong></span> <span class='ocrx_word' id='word_1_442' title='bbox 1016 3115 1123 3174; x_wconf 83' lang='lat'><strong>860</strong></span> <span class='ocrx_word' id='word_1_443' title='bbox 1153 3123 1208 3171; x_wconf 89' lang='lat' dir='ltr'><strong>et</strong></span> <span class='ocrx_word' id='word_1_444' title='bbox 1231 3113 1376 3184; x_wconf 88' lang='lat' dir='ltr'><strong>seq.)</strong></span> 
     </span>
    </p>
   </div>
   <div class='ocr_carea' id='block_1_54' title="bbox 205 3203 1732 3286">
    <p class='ocr_par' dir='ltr' id='par_1_54' title="bbox 205 3203 1732 3286">
     <span class='ocr_line' id='line_1_54' title="bbox 205 3203 1732 3286; baseline -0.009 -16"><span class='ocrx_word' id='word_1_445' title='bbox 205 3217 340 3270; x_wconf 87' lang='lat' dir='ltr'><strong>Dico</strong></span> <span class='ocrx_word' id='word_1_446' title='bbox 371 3232 492 3286; x_wconf 80' lang='lat' dir='ltr'><strong>ergo</strong></span> <span class='ocrx_word' id='word_1_447' title='bbox 519 3231 535 3269; x_wconf 90' lang='lat'><strong><em>:</em></strong></span> <span class='ocrx_word' id='word_1_448' title='bbox 570 3212 826 3284; x_wconf 83' lang='lat' dir='ltr'><strong>Nunquid</strong></span> <span class='ocrx_word' id='word_1_449' title='bbox 848 3211 923 3266; x_wconf 87' lang='lat' dir='ltr'><strong>sic</strong></span> <span class='ocrx_word' id='word_1_450' title='bbox 943 3209 1294 3280; x_wconf 70' lang='lat' dir='ltr'><strong>oﬂ&#39;enderuut,</strong></span> <span class='ocrx_word' id='word_1_451' title='bbox 1323 3215 1442 3270; x_wconf 87' lang='lat' dir='ltr'><strong>etc.,</strong></span> <span class='ocrx_word' id='word_1_452' title='bbox 1469 3219 1641 3274; x_wconf 88' lang='lat' dir='ltr'><strong>usque</strong></span> <span class='ocrx_word' id='word_1_453' title='bbox 1665 3203 1732 3258; x_wconf 88' lang='lat' dir='ltr'><strong>ad</strong></span> 
     </span>
    </p>
   </div>
   <div class='ocr_carea' id='block_1_55' title="bbox 132 3296 1733 3375">
    <p class='ocr_par' dir='ltr' id='par_1_55' title="bbox 132 3296 1733 3375">
     <span class='ocr_line' id='line_1_55' title="bbox 132 3296 1733 3375; baseline -0.007 -12"><span class='ocrx_word' id='word_1_454' title='bbox 132 3309 493 3365; x_wconf 70' lang='lat' dir='ltr'><strong>ministerium</strong></span> <span class='ocrx_word' id='word_1_455' title='bbox 519 3323 693 3362; x_wconf 86' lang='lat' dir='ltr'><strong>meum</strong></span> <span class='ocrx_word' id='word_1_456' title='bbox 721 3303 1100 3375; x_wconf 76' lang='lat' dir='ltr'><strong>honoriﬁcabo.</strong></span> <span class='ocrx_word' id='word_1_457' title='bbox 1129 3300 1300 3357; x_wconf 66' lang='lat' dir='ltr'><strong>Judaai</strong></span> <span class='ocrx_word' id='word_1_458' title='bbox 1319 3299 1412 3370; x_wconf 91' lang='lat' dir='ltr'><strong>qui</strong></span> <span class='ocrx_word' id='word_1_459' title='bbox 1441 3313 1565 3354; x_wconf 88' lang='lat' dir='ltr'><strong>eum</strong></span> <span class='ocrx_word' id='word_1_460' title='bbox 1591 3296 1733 3353; x_wconf 91' lang='lat' dir='ltr'><strong>occi-</strong></span> 
     </span>
    </p>
   </div>
   <div class='ocr_carea' id='block_1_56' title="bbox 134 3389 1729 3474">
    <p class='ocr_par' dir='ltr' id='par_1_56' title="bbox 134 3389 1729 3474">
     <span class='ocr_line' id='line_1_56' title="bbox 134 3389 1729 3474; baseline -0.011 -13"><span class='ocrx_word' id='word_1_461' title='bbox 134 3405 360 3470; x_wconf 86' lang='lat' dir='ltr'><strong>derunt,</strong></span> <span class='ocrx_word' id='word_1_462' title='bbox 386 3412 518 3469; x_wconf 87' lang='lat' dir='ltr'><strong>etc.,</strong></span> <span class='ocrx_word' id='word_1_463' title='bbox 552 3401 804 3474; x_wconf 71' lang='lat' dir='ltr'><strong>usquead</strong></span> <span class='ocrx_word' id='word_1_464' title='bbox 840 3399 1042 3454; x_wconf 84' lang='lat' dir='ltr'><strong>habere</strong></span> <span class='ocrx_word' id='word_1_465' title='bbox 1073 3409 1182 3451; x_wconf 90' lang='lat' dir='ltr'><strong>non</strong></span> <span class='ocrx_word' id='word_1_466' title='bbox 1222 3401 1423 3465; x_wconf 86' lang='lat' dir='ltr'><strong>posset.</strong></span> <span class='ocrx_word' id='word_1_467' title='bbox 1474 3391 1596 3462; x_wconf 92' lang='lat' dir='ltr'><strong>(ld.,</strong></span> <span class='ocrx_word' id='word_1_468' title='bbox 1638 3389 1729 3443; x_wconf 87' lang='lat' dir='ltr'><strong>lib.</strong></span> 
     </span>
    </p>
   </div>
   <div class='ocr_carea' id='block_1_57' title="bbox 135 3481 1482 3560">
    <p class='ocr_par' dir='ltr' id='par_1_57' title="bbox 135 3481 1482 3560">
     <span class='ocr_line' id='line_1_57' title="bbox 135 3481 1482 3560; baseline -0.01 -8"><span class='ocrx_word' id='word_1_469' title='bbox 135 3512 274 3553; x_wconf 78' lang='lat' dir='ltr'><strong>xv111</strong></span> <span class='ocrx_word' id='word_1_470' title='bbox 304 3497 369 3552; x_wconf 88' lang='lat' dir='ltr'><strong>de</strong></span> <span class='ocrx_word' id='word_1_471' title='bbox 391 3493 502 3551; x_wconf 80' lang='lat' dir='ltr'><strong>Civ.</strong></span> <span class='ocrx_word' id='word_1_472' title='bbox 537 3493 655 3560; x_wconf 83' lang='lat' dir='ltr'><strong>Dei,</strong></span> <span class='ocrx_word' id='word_1_473' title='bbox 689 3499 822 3548; x_wconf 90' lang='lat' dir='ltr'><strong>tom.</strong></span> <span class='ocrx_word' id='word_1_474' title='bbox 851 3489 961 3556; x_wconf 88' lang='lat' dir='ltr'><strong>Vll,</strong></span> <span class='ocrx_word' id='word_1_475' title='bbox 994 3487 1097 3546; x_wconf 88' lang='lat' dir='ltr'><strong>col.</strong></span> <span class='ocrx_word' id='word_1_476' title='bbox 1132 3483 1235 3542; x_wconf 89' lang='lat'><strong>608</strong></span> <span class='ocrx_word' id='word_1_477' title='bbox 1258 3493 1314 3541; x_wconf 85' lang='lat' dir='ltr'><strong>et</strong></span> <span class='ocrx_word' id='word_1_478' title='bbox 1343 3481 1482 3555; x_wconf 89' lang='lat' dir='ltr'><strong>seq.)</strong></span> 
     </span>
    </p>
   </div>
   <div class='ocr_carea' id='block_1_58' title="bbox 212 3581 1734 3660">
    <p class='ocr_par' dir='ltr' id='par_1_58' title="bbox 212 3581 1734 3660">
     <span class='ocr_line' id='line_1_58' title="bbox 212 3581 1734 3660; baseline -0.011 -16"><span class='ocrx_word' id='word_1_479' title='bbox 212 3589 279 3644; x_wconf 87' lang='lat' dir='ltr'><strong>Si</strong></span> <span class='ocrx_word' id='word_1_480' title='bbox 307 3585 567 3660; x_wconf 84' lang='lat' dir='ltr'><strong>quomodo</strong></span> <span class='ocrx_word' id='word_1_481' title='bbox 594 3585 662 3640; x_wconf 85' lang='lat' dir='ltr'><strong>ad</strong></span> <span class='ocrx_word' id='word_1_482' title='bbox 709 3581 1068 3640; x_wconf 74' lang='lat' dir='ltr'><strong>mulandum</strong></span> <span class='ocrx_word' id='word_1_483' title='bbox 1093 3594 1386 3651; x_wconf 81' lang='lat' dir='ltr'><strong>provocem,</strong></span> <span class='ocrx_word' id='word_1_484' title='bbox 1412 3585 1536 3642; x_wconf 87' lang='lat' dir='ltr'><strong>etc.,</strong></span> <span class='ocrx_word' id='word_1_485' title='bbox 1562 3589 1734 3644; x_wconf 90' lang='lat' dir='ltr'><strong>usque</strong></span> 
     </span>
    </p>
   </div>
   <div class='ocr_carea' id='block_1_59' title="bbox 135 3664 1729 3738">
    <p class='ocr_par' dir='ltr' id='par_1_59' title="bbox 135 3664 1729 3738">
     <span class='ocr_line' id='line_1_59' title="bbox 135 3664 1729 3738; baseline -0.013 0"><span class='ocrx_word' id='word_1_486' title='bbox 135 3683 203 3738; x_wconf 85' lang='lat' dir='ltr'><strong>ad</strong></span> <span class='ocrx_word' id='word_1_487' title='bbox 229 3681 278 3735; x_wconf 84' lang='lat' dir='ltr'><strong>si</strong></span> <span class='ocrx_word' id='word_1_488' title='bbox 299 3677 601 3735; x_wconf 80' lang='lat' dir='ltr'><strong>deliberatio</strong></span> <span class='ocrx_word' id='word_1_489' title='bbox 629 3684 812 3732; x_wconf 85' lang='lat' dir='ltr'><strong>sancta</strong></span> <span class='ocrx_word' id='word_1_490' title='bbox 837 3683 930 3737; x_wconf 83' lang='lat' dir='ltr'><strong>est,</strong></span> <span class='ocrx_word' id='word_1_491' title='bbox 955 3681 1002 3727; x_wconf 89' lang='lat' dir='ltr'><strong>et</strong></span> <span class='ocrx_word' id='word_1_492' title='bbox 1024 3687 1222 3727; x_wconf 83' lang='lat' dir='ltr'><strong>massa.</strong></span> <span class='ocrx_word' id='word_1_493' title='bbox 1240 3668 1382 3724; x_wconf 89' lang='lat' dir='ltr'><strong>Dicit</strong></span> <span class='ocrx_word' id='word_1_494' title='bbox 1404 3664 1729 3736; x_wconf 87' lang='lat' dir='ltr'><strong>Apostolus:</strong></span> 
     </span>
    </p>
   </div>
   <div class='ocr_carea' id='block_1_60' title="bbox 138 3758 1732 3847">
    <p class='ocr_par' dir='ltr' id='par_1_60' title="bbox 138 3758 1732 3847">
     <span class='ocr_line' id='line_1_60' title="bbox 138 3758 1732 3847; baseline -0.014 -14"><span class='ocrx_word' id='word_1_495' title='bbox 138 3777 195 3834; x_wconf 88' lang='lat' dir='ltr'><strong>Si</strong></span> <span class='ocrx_word' id='word_1_496' title='bbox 225 3773 500 3847; x_wconf 89' lang='lat' dir='ltr'><strong>quomodo</strong></span> <span class='ocrx_word' id='word_1_497' title='bbox 525 3770 793 3836; x_wconf 66' lang='lat' dir='ltr'><strong>aemulari,</strong></span> <span class='ocrx_word' id='word_1_498' title='bbox 825 3781 931 3825; x_wconf 90' lang='lat' dir='ltr'><strong>etc.</strong></span> <span class='ocrx_word' id='word_1_499' title='bbox 963 3782 1124 3837; x_wconf 79' lang='lat' dir='ltr'><strong>usque</strong></span> <span class='ocrx_word' id='word_1_500' title='bbox 1163 3763 1232 3818; x_wconf 90' lang='lat' dir='ltr'><strong>ad</strong></span> <span class='ocrx_word' id='word_1_501' title='bbox 1270 3762 1413 3834; x_wconf 88' lang='lat' dir='ltr'><strong>perit</strong></span> <span class='ocrx_word' id='word_1_502' title='bbox 1445 3758 1732 3816; x_wconf 84' lang='lat' dir='ltr'><strong>confessio.</strong></span> 
     </span>
    </p>
   </div>
   <div class='ocr_carea' id='block_1_61' title="bbox 137 3847 1733 3938">
    <p class='ocr_par' dir='ltr' id='par_1_61' title="bbox 137 3847 1733 3938">
     <span class='ocr_line' id='line_1_61' title="bbox 137 3847 1733 3938; baseline -0.013 -16"><span class='ocrx_word' id='word_1_503' title='bbox 137 3867 266 3938; x_wconf 89' lang='lat' dir='ltr'><strong>(ld.,</strong></span> <span class='ocrx_word' id='word_1_504' title='bbox 279 3874 432 3920; x_wconf 83' lang='lat' dir='ltr'><strong>tract.</strong></span> <span class='ocrx_word' id='word_1_505' title='bbox 449 3865 505 3918; x_wconf 89' lang='lat' dir='ltr'><strong>in</strong></span> <span class='ocrx_word' id='word_1_506' title='bbox 519 3861 653 3933; x_wconf 86' lang='lat' dir='ltr'><strong>psal.</strong></span> <span class='ocrx_word' id='word_1_507' title='bbox 671 3875 913 3925; x_wconf 67' lang='lat' dir='ltr'><strong>Lxxxvn,</strong></span> <span class='ocrx_word' id='word_1_508' title='bbox 941 3867 1069 3913; x_wconf 90' lang='lat' dir='ltr'><strong>tom.</strong></span> <span class='ocrx_word' id='word_1_509' title='bbox 1085 3853 1177 3921; x_wconf 85' lang='lat' dir='ltr'><strong>IV,</strong></span> <span class='ocrx_word' id='word_1_510' title='bbox 1190 3860 1332 3925; x_wconf 87' lang='lat' dir='ltr'><strong>part.</strong></span> <span class='ocrx_word' id='word_1_511' title='bbox 1350 3867 1411 3917; x_wconf 92' lang='lat'><strong>11,</strong></span> <span class='ocrx_word' id='word_1_512' title='bbox 1429 3849 1532 3906; x_wconf 91' lang='lat' dir='ltr'><strong>col.</strong></span> <span class='ocrx_word' id='word_1_513' title='bbox 1551 3847 1733 3918; x_wconf 83' lang='lat'><strong>1116.)</strong></span> 
     </span>
    </p>
   </div>
   <div class='ocr_carea' id='block_1_62' title="bbox 207 3941 1733 4020">
    <p class='ocr_par' dir='ltr' id='par_1_62' title="bbox 207 3941 1733 4020">
     <span class='ocr_line' id='line_1_62' title="bbox 207 3941 1733 4020; baseline -0.013 -6"><span class='ocrx_word' id='word_1_514' title='bbox 207 3959 281 4014; x_wconf 86' lang='lat' dir='ltr'><strong>Et</strong></span> <span class='ocrx_word' id='word_1_515' title='bbox 308 3959 356 4015; x_wconf 84' lang='lat' dir='ltr'><strong>si</strong></span> <span class='ocrx_word' id='word_1_516' title='bbox 382 3957 538 4012; x_wconf 75' lang='lat' dir='ltr'><strong>radix</strong></span> <span class='ocrx_word' id='word_1_517' title='bbox 559 3965 766 4020; x_wconf 87' lang='lat' dir='ltr'><strong>sancta,</strong></span> <span class='ocrx_word' id='word_1_518' title='bbox 823 3963 873 4008; x_wconf 89' lang='lat' dir='ltr'><strong>et</strong></span> <span class='ocrx_word' id='word_1_519' title='bbox 916 3950 1072 4005; x_wconf 90' lang='lat' dir='ltr'><strong>rami.</strong></span> <span class='ocrx_word' id='word_1_520' title='bbox 1119 3946 1466 4018; x_wconf 79' lang='lat' dir='ltr'><strong>Franguntur</strong></span> <span class='ocrx_word' id='word_1_521' title='bbox 1515 3941 1733 4010; x_wconf 87' lang='lat' dir='ltr'><strong>superbi</strong></span> 
     </span>
    </p>
   </div>
   <div class='ocr_carea' id='block_1_63' title="bbox 138 4033 1734 4115">
    <p class='ocr_par' dir='ltr' id='par_1_63' title="bbox 138 4033 1734 4115">
     <span class='ocr_line' id='line_1_63' title="bbox 138 4033 1734 4115; baseline -0.013 -8"><span class='ocrx_word' id='word_1_522' title='bbox 138 4049 313 4115; x_wconf 86' lang='lat' dir='ltr'><strong>rami,</strong></span> <span class='ocrx_word' id='word_1_523' title='bbox 360 4046 582 4104; x_wconf 84' lang='lat' dir='ltr'><strong>humilis</strong></span> <span class='ocrx_word' id='word_1_524' title='bbox 632 4045 906 4100; x_wconf 85' lang='lat' dir='ltr'><strong>inseratur</strong></span> <span class='ocrx_word' id='word_1_525' title='bbox 957 4041 1213 4106; x_wconf 88' lang='lat' dir='ltr'><strong>oleaster,</strong></span> <span class='ocrx_word' id='word_1_526' title='bbox 1265 4035 1395 4104; x_wconf 78' lang='lat' dir='ltr'><strong>etc.,</strong></span> <span class='ocrx_word' id='word_1_527' title='bbox 1457 4051 1618 4105; x_wconf 86' lang='lat' dir='ltr'><strong>usque</strong></span> <span class='ocrx_word' id='word_1_528' title='bbox 1665 4033 1734 4088; x_wconf 90' lang='lat' dir='ltr'><strong>ad</strong></span> 
     </span>
    </p>
   </div>
   <div class='ocr_carea' id='block_1_64' title="bbox 140 4123 1729 4205">
    <p class='ocr_par' dir='ltr' id='par_1_64' title="bbox 140 4123 1729 4205">
     <span class='ocr_line' id='line_1_64' title="bbox 140 4123 1729 4205; baseline -0.011 -10"><span class='ocrx_word' id='word_1_529' title='bbox 140 4137 398 4195; x_wconf 82' lang='lat' dir='ltr'><strong>tenebras</strong></span> <span class='ocrx_word' id='word_1_530' title='bbox 440 4133 758 4192; x_wconf 86' lang='lat' dir='ltr'><strong>exteriores.</strong></span> <span class='ocrx_word' id='word_1_531' title='bbox 809 4131 931 4205; x_wconf 85' lang='lat' dir='ltr'><strong>(ld.,</strong></span> <span class='ocrx_word' id='word_1_532' title='bbox 972 4139 1126 4184; x_wconf 86' lang='lat' dir='ltr'><strong>tract.</strong></span> <span class='ocrx_word' id='word_1_533' title='bbox 1164 4126 1232 4184; x_wconf 86' lang='lat'><strong>16</strong></span> <span class='ocrx_word' id='word_1_534' title='bbox 1277 4127 1333 4181; x_wconf 84' lang='lat' dir='ltr'><strong>in</strong></span> <span class='ocrx_word' id='word_1_535' title='bbox 1383 4123 1583 4196; x_wconf 85' lang='lat' dir='ltr'><strong>Evang.</strong></span> <span class='ocrx_word' id='word_1_536' title='bbox 1627 4140 1729 4178; x_wconf 85' lang='lat' dir='ltr'><strong>sec.</strong></span> 
     </span>
    </p>
   </div>
   <div class='ocr_carea' id='block_1_65' title="bbox 137 4219 1198 4299">
    <p class='ocr_par' dir='ltr' id='par_1_65' title="bbox 137 4219 1198 4299">
     <span class='ocr_line' id='line_1_65' title="bbox 137 4219 1198 4299; baseline -0.013 -11"><span class='ocrx_word' id='word_1_537' title='bbox 137 4231 328 4296; x_wconf 87' lang='lat' dir='ltr'><strong>Joau.,</strong></span> <span class='ocrx_word' id='word_1_538' title='bbox 359 4239 471 4285; x_wconf 91' lang='lat' dir='ltr'><strong>tom</strong></span> <span class='ocrx_word' id='word_1_539' title='bbox 499 4225 587 4294; x_wconf 91' lang='lat' dir='ltr'><strong>lll,</strong></span> <span class='ocrx_word' id='word_1_540' title='bbox 615 4234 760 4299; x_wconf 77' lang='lat' dir='ltr'><strong>part.</strong></span> <span class='ocrx_word' id='word_1_541' title='bbox 791 4241 854 4292; x_wconf 87' lang='grc' dir='ltr'>ιι,</span> <span class='ocrx_word' id='word_1_542' title='bbox 883 4221 985 4278; x_wconf 90' lang='lat' dir='ltr'><strong>col.</strong></span> <span class='ocrx_word' id='word_1_543' title='bbox 1014 4219 1198 4291; x_wconf 89' lang='lat'><strong>1526.)</strong></span> 
     </span>
    </p>
   </div>
   <div class='ocr_carea' id='block_1_66' title="bbox 211 4310 1732 4392">
    <p class='ocr_par' dir='ltr' id='par_1_66' title="bbox 211 4310 1732 4392">
     <span class='ocr_line' id='line_1_66' title="bbox 211 4310 1732 4392; baseline -0.011 -15"><span class='ocrx_word' id='word_1_544' title='bbox 211 4323 373 4389; x_wconf 83' lang='lat' dir='ltr'><strong>Quod</strong></span> <span class='ocrx_word' id='word_1_545' title='bbox 393 4321 439 4376; x_wconf 84' lang='lat' dir='ltr'><strong>si</strong></span> <span class='ocrx_word' id='word_1_546' title='bbox 459 4319 622 4392; x_wconf 82' lang='lat' dir='ltr'><strong>aliqui</strong></span> <span class='ocrx_word' id='word_1_547' title='bbox 646 4334 710 4374; x_wconf 78' lang='lat' dir='ltr'><strong>ex</strong></span> <span class='ocrx_word' id='word_1_548' title='bbox 730 4317 911 4383; x_wconf 84' lang='lat' dir='ltr'><strong>ramis,</strong></span> <span class='ocrx_word' id='word_1_549' title='bbox 947 4325 1079 4381; x_wconf 87' lang='lat' dir='ltr'><strong>etc.,</strong></span> <span class='ocrx_word' id='word_1_550' title='bbox 1111 4326 1281 4383; x_wconf 89' lang='lat' dir='ltr'><strong>usque</strong></span> <span class='ocrx_word' id='word_1_551' title='bbox 1319 4310 1384 4369; x_wconf 87' lang='lat' dir='ltr'><strong>ad</strong></span> <span class='ocrx_word' id='word_1_552' title='bbox 1410 4326 1513 4364; x_wconf 90' lang='lat' dir='ltr'><strong>non</strong></span> <span class='ocrx_word' id='word_1_553' title='bbox 1538 4316 1591 4362; x_wconf 89' lang='lat' dir='ltr'><strong>tu</strong></span> <span class='ocrx_word' id='word_1_554' title='bbox 1641 4324 1732 4361; x_wconf 85' lang='lat' dir='ltr'><strong>ra-</strong></span> 
     </span>
    </p>
   </div>
   <div class='ocr_carea' id='block_1_67' title="bbox 139 4401 1733 4486">
    <p class='ocr_par' dir='ltr' id='par_1_67' title="bbox 139 4401 1733 4486">
     <span class='ocr_line' id='line_1_67' title="bbox 139 4401 1733 4486; baseline -0.009 -17"><span class='ocrx_word' id='word_1_555' title='bbox 139 4415 309 4469; x_wconf 88' lang='lat' dir='ltr'><strong>dicem</strong></span> <span class='ocrx_word' id='word_1_556' title='bbox 328 4421 531 4486; x_wconf 82' lang='lat' dir='ltr'><strong>portas,</strong></span> <span class='ocrx_word' id='word_1_557' title='bbox 561 4411 652 4466; x_wconf 82' lang='lat' dir='ltr'><strong>sed</strong></span> <span class='ocrx_word' id='word_1_558' title='bbox 676 4408 833 4465; x_wconf 63' lang='lat' dir='ltr'><strong>radis:</strong></span> <span class='ocrx_word' id='word_1_559' title='bbox 863 4417 930 4463; x_wconf 90' lang='lat' dir='ltr'><strong>te.</strong></span> <span class='ocrx_word' id='word_1_560' title='bbox 977 4403 1271 4478; x_wconf 90' lang='lat' dir='ltr'><strong>Apostolus</strong></span> <span class='ocrx_word' id='word_1_561' title='bbox 1309 4403 1452 4460; x_wconf 89' lang='lat' dir='ltr'><strong>enim</strong></span> <span class='ocrx_word' id='word_1_562' title='bbox 1483 4401 1733 4472; x_wconf 83' lang='lat' dir='ltr'><strong>gentibus</strong></span> 
     </span>
    </p>
   </div>
   <div class='ocr_carea' id='block_1_68' title="bbox 140 4497 1729 4580">
    <p class='ocr_par' dir='ltr' id='par_1_68' title="bbox 140 4497 1729 4580">
     <span class='ocr_line' id='line_1_68' title="bbox 140 4497 1729 4580; baseline -0.008 -18"><span class='ocrx_word' id='word_1_563' title='bbox 140 4507 493 4580; x_wconf 89' lang='lat' dir='ltr'><strong>loquebatur,</strong></span> <span class='ocrx_word' id='word_1_564' title='bbox 508 4513 637 4570; x_wconf 89' lang='lat' dir='ltr'><strong>etc.,</strong></span> <span class='ocrx_word' id='word_1_565' title='bbox 664 4519 826 4575; x_wconf 86' lang='lat' dir='ltr'><strong>usque</strong></span> <span class='ocrx_word' id='word_1_566' title='bbox 852 4502 920 4556; x_wconf 88' lang='lat' dir='ltr'><strong>ad</strong></span> <span class='ocrx_word' id='word_1_567' title='bbox 942 4501 1045 4557; x_wconf 90' lang='lat' dir='ltr'><strong>iste</strong></span> <span class='ocrx_word' id='word_1_568' title='bbox 1075 4499 1247 4556; x_wconf 86' lang='lat' dir='ltr'><strong>tenuit</strong></span> <span class='ocrx_word' id='word_1_569' title='bbox 1271 4514 1412 4555; x_wconf 91' lang='lat' dir='ltr'><strong>eam.</strong></span> <span class='ocrx_word' id='word_1_570' title='bbox 1438 4497 1560 4569; x_wconf 85' lang='lat' dir='ltr'><strong>(ld.,</strong></span> <span class='ocrx_word' id='word_1_571' title='bbox 1577 4506 1729 4550; x_wconf 87' lang='lat' dir='ltr'><strong>tract.</strong></span> 
     </span>
    </p>
   </div>
   <div class='ocr_carea' id='block_1_69' title="bbox 141 4587 1485 4672">
    <p class='ocr_par' dir='ltr' id='par_1_69' title="bbox 141 4587 1485 4672">
     <span class='ocr_line' id='line_1_69' title="bbox 141 4587 1485 4672; baseline -0.005 -19"><span class='ocrx_word' id='word_1_572' title='bbox 141 4601 192 4656; x_wconf 86' lang='lat' dir='ltr'><strong>in</strong></span> <span class='ocrx_word' id='word_1_573' title='bbox 211 4597 354 4672; x_wconf 85' lang='lat' dir='ltr'><strong>psal.</strong></span> <span class='ocrx_word' id='word_1_574' title='bbox 384 4613 602 4662; x_wconf 73' lang='lat' dir='ltr'><strong>cxxnv,</strong></span> <span class='ocrx_word' id='word_1_575' title='bbox 630 4603 760 4652; x_wconf 89' lang='lat' dir='ltr'><strong>tom.</strong></span> <span class='ocrx_word' id='word_1_576' title='bbox 788 4587 877 4662; x_wconf 86' lang='lat' dir='ltr'><strong>IV,</strong></span> <span class='ocrx_word' id='word_1_577' title='bbox 901 4601 1046 4666; x_wconf 90' lang='lat' dir='ltr'><strong>part.</strong></span> <span class='ocrx_word' id='word_1_578' title='bbox 1077 4609 1136 4659; x_wconf 92' lang='grc' dir='ltr'><strong>ιι,</strong></span> <span class='ocrx_word' id='word_1_579' title='bbox 1167 4590 1270 4647; x_wconf 90' lang='lat' dir='ltr'><strong>col.</strong></span> <span class='ocrx_word' id='word_1_580' title='bbox 1301 4587 1485 4661; x_wconf 72' lang='grc'>1745.)</span> 
     </span>
    </p>
   </div>
   <div class='ocr_carea' id='block_1_70' title="bbox 208 4675 1734 4762">
    <p class='ocr_par' dir='ltr' id='par_1_70' title="bbox 208 4675 1734 4762">
     <span class='ocr_line' id='line_1_70' title="bbox 208 4675 1734 4762; baseline -0.01 -12"><span class='ocrx_word' id='word_1_581' title='bbox 208 4693 419 4750; x_wconf 85' lang='lat' dir='ltr'><strong>Gentes</strong></span> <span class='ocrx_word' id='word_1_582' title='bbox 440 4691 555 4762; x_wconf 87' lang='lat' dir='ltr'><strong>jam</strong></span> <span class='ocrx_word' id='word_1_583' title='bbox 580 4689 861 4747; x_wconf 90' lang='lat' dir='ltr'><strong>credentes</strong></span> <span class='ocrx_word' id='word_1_584' title='bbox 891 4688 944 4743; x_wconf 92' lang='lat' dir='ltr'><strong>in</strong></span> <span class='ocrx_word' id='word_1_585' title='bbox 971 4675 1272 4753; x_wconf 81' lang='lat' dir='ltr'><strong>Christum,</strong></span> <span class='ocrx_word' id='word_1_586' title='bbox 1315 4691 1443 4751; x_wconf 90' lang='lat' dir='ltr'><strong>etc.,</strong></span> <span class='ocrx_word' id='word_1_587' title='bbox 1473 4699 1634 4755; x_wconf 87' lang='lat' dir='ltr'><strong>usque</strong></span> <span class='ocrx_word' id='word_1_588' title='bbox 1665 4681 1734 4736; x_wconf 88' lang='lat' dir='ltr'><strong>ad</strong></span> 
     </span>
    </p>
   </div>
   <div class='ocr_carea' id='block_1_71' title="bbox 145 4772 1730 4855">
    <p class='ocr_par' dir='ltr' id='par_1_71' title="bbox 145 4772 1730 4855">
     <span class='ocr_line' id='line_1_71' title="bbox 145 4772 1730 4855; baseline -0.008 -14"><span class='ocrx_word' id='word_1_589' title='bbox 145 4787 406 4843; x_wconf 86' lang='lat' dir='ltr'><strong>adversus</strong></span> <span class='ocrx_word' id='word_1_590' title='bbox 433 4799 635 4840; x_wconf 88' lang='lat' dir='ltr'><strong>ramos.</strong></span> <span class='ocrx_word' id='word_1_591' title='bbox 677 4783 801 4855; x_wconf 89' lang='lat' dir='ltr'><strong>(ld.,</strong></span> <span class='ocrx_word' id='word_1_592' title='bbox 828 4790 984 4838; x_wconf 87' lang='lat' dir='ltr'><strong>tract.</strong></span> <span class='ocrx_word' id='word_1_593' title='bbox 1017 4781 1072 4834; x_wconf 88' lang='lat' dir='ltr'><strong>in</strong></span> <span class='ocrx_word' id='word_1_594' title='bbox 1097 4777 1240 4850; x_wconf 80' lang='lat' dir='ltr'><strong>psal.</strong></span> <span class='ocrx_word' id='word_1_595' title='bbox 1277 4792 1446 4842; x_wconf 77' lang='lat' dir='ltr'><strong>LXXII,</strong></span> <span class='ocrx_word' id='word_1_596' title='bbox 1484 4780 1615 4832; x_wconf 92' lang='lat' dir='ltr'><strong>tom.</strong></span> <span class='ocrx_word' id='word_1_597' title='bbox 1640 4772 1730 4841; x_wconf 94' lang='grc' dir='ltr'><strong>Ν,</strong></span> 
     </span>
    </p>
   </div>
   <div class='ocr_carea' id='block_1_72' title="bbox 145 4873 918 4950">
    <p class='ocr_par' dir='ltr' id='par_1_72' title="bbox 145 4873 918 4950">
     <span class='ocr_line' id='line_1_72' title="bbox 145 4873 918 4950; baseline -0.009 -15"><span class='ocrx_word' id='word_1_598' title='bbox 145 4887 289 4950; x_wconf 89' lang='lat' dir='ltr'><strong>part.</strong></span> <span class='ocrx_word' id='word_1_599' title='bbox 318 4894 363 4946; x_wconf 87' lang='lat'><strong>1,</strong></span> <span class='ocrx_word' id='word_1_600' title='bbox 387 4876 473 4934; x_wconf 83' lang='lat' dir='ltr'><strong>col</strong></span> <span class='ocrx_word' id='word_1_601' title='bbox 498 4892 513 4932; x_wconf 91' lang='lat'><strong>:</strong></span> <span class='ocrx_word' id='word_1_602' title='bbox 538 4875 663 4942; x_wconf 76' lang='grc'>914,</span> <span class='ocrx_word' id='word_1_603' title='bbox 696 4883 751 4932; x_wconf 91' lang='lat' dir='ltr'><strong>et</strong></span> <span class='ocrx_word' id='word_1_604' title='bbox 776 4873 918 4945; x_wconf 90' lang='lat' dir='ltr'><strong>seq.)</strong></span> 
     </span>
    </p>
   </div>
   <div class='ocr_carea' id='block_1_73' title="bbox 215 4958 1735 5038">
    <p class='ocr_par' dir='ltr' id='par_1_73' title="bbox 215 4958 1735 5038">
     <span class='ocr_line' id='line_1_73' title="bbox 215 4958 1735 5038; baseline -0.012 -8"><span class='ocrx_word' id='word_1_605' title='bbox 215 4971 328 5030; x_wconf 88' lang='lat' dir='ltr'><strong>Sed</strong></span> <span class='ocrx_word' id='word_1_606' title='bbox 374 4971 530 5038; x_wconf 82' lang='lat' dir='ltr'><strong>dicis,</strong></span> <span class='ocrx_word' id='word_1_607' title='bbox 562 4969 635 5024; x_wconf 88' lang='lat' dir='ltr'><strong>ait</strong></span> <span class='ocrx_word' id='word_1_608' title='bbox 658 4987 671 5024; x_wconf 89' lang='lat'>:</span> <span class='ocrx_word' id='word_1_609' title='bbox 691 4965 876 5022; x_wconf 89' lang='lat' dir='ltr'><strong>Fracti</strong></span> <span class='ocrx_word' id='word_1_610' title='bbox 896 4974 1039 5032; x_wconf 87' lang='lat' dir='ltr'><strong>sunt,</strong></span> <span class='ocrx_word' id='word_1_611' title='bbox 1067 4973 1196 5029; x_wconf 91' lang='lat' dir='ltr'><strong>etc.,</strong></span> <span class='ocrx_word' id='word_1_612' title='bbox 1224 4974 1396 5033; x_wconf 90' lang='lat' dir='ltr'><strong>usque</strong></span> <span class='ocrx_word' id='word_1_613' title='bbox 1418 4960 1485 5016; x_wconf 89' lang='lat' dir='ltr'><strong>ad</strong></span> <span class='ocrx_word' id='word_1_614' title='bbox 1512 4958 1619 5016; x_wconf 89' lang='lat' dir='ltr'><strong>noli</strong></span> <span class='ocrx_word' id='word_1_615' title='bbox 1656 4958 1735 5014; x_wconf 87' lang='lat' dir='ltr'><strong>al-</strong></span> 
     </span>
    </p>
   </div>
   <div class='ocr_carea' id='block_1_74' title="bbox 150 5053 1734 5138">
    <p class='ocr_par' dir='ltr' id='par_1_74' title="bbox 150 5053 1734 5138">
     <span class='ocr_line' id='line_1_74' title="bbox 150 5053 1734 5138; baseline -0.007 -19"><span class='ocrx_word' id='word_1_616' title='bbox 150 5074 260 5122; x_wconf 84' lang='lat' dir='ltr'><strong>tum</strong></span> <span class='ocrx_word' id='word_1_617' title='bbox 293 5081 496 5138; x_wconf 83' lang='lat' dir='ltr'><strong>sapere,</strong></span> <span class='ocrx_word' id='word_1_618' title='bbox 536 5064 627 5120; x_wconf 82' lang='lat' dir='ltr'><strong>sed</strong></span> <span class='ocrx_word' id='word_1_619' title='bbox 667 5063 810 5118; x_wconf 90' lang='lat' dir='ltr'><strong>time.</strong></span> <span class='ocrx_word' id='word_1_620' title='bbox 839 5058 980 5128; x_wconf 85' lang='lat' dir='ltr'><strong>Quid</strong></span> <span class='ocrx_word' id='word_1_621' title='bbox 1008 5066 1092 5115; x_wconf 89' lang='lat' dir='ltr'><strong>est</strong></span> <span class='ocrx_word' id='word_1_622' title='bbox 1116 5057 1286 5122; x_wconf 90' lang='lat' dir='ltr'><strong>enim,</strong></span> <span class='ocrx_word' id='word_1_623' title='bbox 1314 5053 1424 5111; x_wconf 88' lang='lat' dir='ltr'><strong>noli</strong></span> <span class='ocrx_word' id='word_1_624' title='bbox 1453 5053 1616 5108; x_wconf 89' lang='lat' dir='ltr'><strong>altum</strong></span> <span class='ocrx_word' id='word_1_625' title='bbox 1648 5069 1734 5109; x_wconf 88' lang='lat' dir='ltr'><strong>sa-</strong></span> 
     </span>
    </p>
   </div>
   <div class='ocr_carea' id='block_1_75' title="bbox 148 5147 1738 5232">
    <p class='ocr_par' dir='ltr' id='par_1_75' title="bbox 148 5147 1738 5232">
     <span class='ocr_line' id='line_1_75' title="bbox 148 5147 1738 5232; baseline -0.011 -14"><span class='ocrx_word' id='word_1_626' title='bbox 148 5161 316 5232; x_wconf 87' lang='lat' dir='ltr'><strong>pere?</strong></span> <span class='ocrx_word' id='word_1_627' title='bbox 342 5158 462 5217; x_wconf 83' lang='lat' dir='ltr'><strong>Noli</strong></span> <span class='ocrx_word' id='word_1_628' title='bbox 491 5158 770 5231; x_wconf 83' lang='lat' dir='ltr'><strong>superbire</strong></span> <span class='ocrx_word' id='word_1_629' title='bbox 797 5155 924 5227; x_wconf 87' lang='lat' dir='ltr'><strong>quia</strong></span> <span class='ocrx_word' id='word_1_630' title='bbox 951 5155 1188 5210; x_wconf 89' lang='lat' dir='ltr'><strong>insertus</strong></span> <span class='ocrx_word' id='word_1_631' title='bbox 1217 5167 1294 5215; x_wconf 91' lang='lat' dir='ltr'><strong>es,</strong></span> <span class='ocrx_word' id='word_1_632' title='bbox 1325 5158 1455 5214; x_wconf 89' lang='lat' dir='ltr'><strong>etc.,</strong></span> <span class='ocrx_word' id='word_1_633' title='bbox 1483 5164 1644 5218; x_wconf 85' lang='lat' dir='ltr'><strong>usque</strong></span> <span class='ocrx_word' id='word_1_634' title='bbox 1669 5147 1738 5201; x_wconf 84' lang='lat' dir='ltr'><strong>ad</strong></span> 
     </span>
    </p>
   </div>
   <div class='ocr_carea' id='block_1_76' title="bbox 150 5237 1733 5328">
    <p class='ocr_par' dir='ltr' id='par_1_76' title="bbox 150 5237 1733 5328">
     <span class='ocr_line' id='line_1_76' title="bbox 150 5237 1733 5328; baseline -0.011 -17"><span class='ocrx_word' id='word_1_635' title='bbox 150 5257 356 5314; x_wconf 88' lang='lat' dir='ltr'><strong>radicis</strong></span> <span class='ocrx_word' id='word_1_636' title='bbox 404 5252 716 5328; x_wconf 88' lang='lat' dir='ltr'><strong>pinguedini</strong></span> <span class='ocrx_word' id='word_1_637' title='bbox 769 5251 1032 5308; x_wconf 91' lang='lat' dir='ltr'><strong>redditus.</strong></span> <span class='ocrx_word' id='word_1_638' title='bbox 1076 5247 1200 5318; x_wconf 87' lang='lat' dir='ltr'><strong>(ld.,</strong></span> <span class='ocrx_word' id='word_1_639' title='bbox 1241 5244 1331 5300; x_wconf 87' lang='lat' dir='ltr'><strong>lib.</strong></span> <span class='ocrx_word' id='word_1_640' title='bbox 1386 5259 1503 5298; x_wconf 84' lang='lat' dir='ltr'><strong>con.</strong></span> <span class='ocrx_word' id='word_1_641' title='bbox 1544 5237 1733 5295; x_wconf 83' lang='lat' dir='ltr'><strong>Faust.</strong></span> 
     </span>
    </p>
   </div>
   <div class='ocr_carea' id='block_1_77' title="bbox 154 5344 782 5418">
    <p class='ocr_par' dir='ltr' id='par_1_77' title="bbox 154 5344 782 5418">
     <span class='ocr_line' id='line_1_77' title="bbox 154 5344 782 5418; baseline -0.011 -11"><span class='ocrx_word' id='word_1_642' title='bbox 154 5362 290 5410; x_wconf 88' lang='lat' dir='ltr'><strong>tom.</strong></span> <span class='ocrx_word' id='word_1_643' title='bbox 322 5348 460 5418; x_wconf 82' lang='lat' dir='ltr'><strong>V11],</strong></span> <span class='ocrx_word' id='word_1_644' title='bbox 486 5347 588 5405; x_wconf 92' lang='lat' dir='ltr'><strong>col.</strong></span> <span class='ocrx_word' id='word_1_645' title='bbox 629 5344 782 5418; x_wconf 69' lang='lat'><strong>242.)</strong></span> 
     </span>
    </p>
   </div>
   <div class='ocr_carea' id='block_1_78' title="bbox 220 5427 1738 5509">
    <p class='ocr_par' dir='ltr' id='par_1_78' title="bbox 220 5427 1738 5509">
     <span class='ocr_line' id='line_1_78' title="bbox 220 5427 1738 5509; baseline -0.013 -8"><span class='ocrx_word' id='word_1_646' title='bbox 220 5443 397 5501; x_wconf 78' lang='lat' dir='ltr'><strong>Judaei</strong></span> <span class='ocrx_word' id='word_1_647' title='bbox 426 5441 554 5499; x_wconf 90' lang='lat' dir='ltr'><strong>olim</strong></span> <span class='ocrx_word' id='word_1_648' title='bbox 575 5439 753 5498; x_wconf 89' lang='lat' dir='ltr'><strong>vocati</strong></span> <span class='ocrx_word' id='word_1_649' title='bbox 785 5453 849 5494; x_wconf 83' lang='lat' dir='ltr'><strong>ex</strong></span> <span class='ocrx_word' id='word_1_650' title='bbox 882 5435 1136 5509; x_wconf 65' lang='lat' dir='ltr'><strong>Egypto,</strong></span> <span class='ocrx_word' id='word_1_651' title='bbox 1167 5441 1299 5499; x_wconf 89' lang='lat' dir='ltr'><strong>etc.,</strong></span> <span class='ocrx_word' id='word_1_652' title='bbox 1327 5447 1490 5502; x_wconf 87' lang='lat' dir='ltr'><strong>usque</strong></span> <span class='ocrx_word' id='word_1_653' title='bbox 1520 5427 1588 5483; x_wconf 88' lang='lat' dir='ltr'><strong>ad</strong></span> <span class='ocrx_word' id='word_1_654' title='bbox 1610 5427 1738 5483; x_wconf 90' lang='lat' dir='ltr'><strong>stri-</strong></span> 
     </span>
    </p>
   </div>
   <div class='ocr_carea' id='block_1_79' title="bbox 157 5527 1734 5608">
    <p class='ocr_par' dir='ltr' id='par_1_79' title="bbox 157 5527 1734 5608">
     <span class='ocr_line' id='line_1_79' title="bbox 157 5527 1734 5608; baseline -0.015 -12"><span class='ocrx_word' id='word_1_655' title='bbox 157 5539 255 5596; x_wconf 87' lang='lat' dir='ltr'><strong>dor</strong></span> <span class='ocrx_word' id='word_1_656' title='bbox 285 5536 547 5594; x_wconf 78' lang='lat' dir='ltr'><strong>dentium.</strong></span> <span class='ocrx_word' id='word_1_657' title='bbox 588 5533 712 5608; x_wconf 91' lang='lat' dir='ltr'><strong>(ld.,</strong></span> <span class='ocrx_word' id='word_1_658' title='bbox 736 5549 893 5588; x_wconf 88' lang='lat' dir='ltr'><strong>serm.</strong></span> <span class='ocrx_word' id='word_1_659' title='bbox 925 5531 989 5586; x_wconf 89' lang='lat' dir='ltr'><strong>de</strong></span> <span class='ocrx_word' id='word_1_660' title='bbox 1023 5527 1284 5597; x_wconf 79' lang='lat' dir='ltr'><strong>sacriﬁcio</strong></span> <span class='ocrx_word' id='word_1_661' title='bbox 1319 5532 1536 5579; x_wconf 82' lang='lat' dir='ltr'><strong>vesocrt.</strong></span> <span class='ocrx_word' id='word_1_662' title='bbox 1605 5529 1734 5575; x_wconf 81' lang='lat' dir='ltr'><strong>tom.</strong></span> 
     </span>
    </p>
   </div>
   <div class='ocr_carea' id='block_1_80' title="bbox 158 5609 1468 5703">
    <p class='ocr_par' dir='ltr' id='par_1_80' title="bbox 158 5609 1468 5703">
     <span class='ocr_line' id='line_1_80' title="bbox 158 5609 1468 5703; baseline -0.011 -15"><span class='ocrx_word' id='word_1_663' title='bbox 158 5633 223 5688; x_wconf 88' lang='lat' dir='ltr'><strong>V.</strong></span> <span class='ocrx_word' id='word_1_664' title='bbox 257 5639 400 5703; x_wconf 88' lang='lat' dir='ltr'><strong>part.</strong></span> <span class='ocrx_word' id='word_1_665' title='bbox 432 5646 493 5698; x_wconf 89' lang='lat'><strong>11,</strong></span> <span class='ocrx_word' id='word_1_666' title='bbox 523 5628 628 5686; x_wconf 90' lang='lat' dir='ltr'><strong>col.</strong></span> <span class='ocrx_word' id='word_1_667' title='bbox 658 5626 798 5683; x_wconf 89' lang='lat'><strong>1505</strong></span> <span class='ocrx_word' id='word_1_668' title='bbox 827 5635 881 5682; x_wconf 89' lang='lat' dir='ltr'><strong>et</strong></span> <span class='ocrx_word' id='word_1_669' title='bbox 905 5623 1048 5696; x_wconf 88' lang='lat' dir='ltr'><strong>seq.)</strong></span> <span class='ocrx_word' id='word_1_670' title='bbox 1464 5609 1468 5614; x_wconf 72' lang='grc'><em>’</em></span> 
     </span>
    </p>
   </div>
   <div class='ocr_carea' id='block_1_81' title="bbox 228 5703 1740 5796">
    <p class='ocr_par' dir='ltr' id='par_1_81' title="bbox 228 5703 1740 5796">
     <span class='ocr_line' id='line_1_81' title="bbox 228 5703 1740 5796; baseline -0.014 -16"><span class='ocrx_word' id='word_1_671' title='bbox 228 5724 359 5780; x_wconf 70' lang='lat' dir='ltr'><strong>Haec</strong></span> <span class='ocrx_word' id='word_1_672' title='bbox 385 5723 786 5796; x_wconf 89' lang='lat' dir='ltr'><strong>sivegratanter</strong></span> <span class='ocrx_word' id='word_1_673' title='bbox 813 5719 925 5774; x_wconf 85' lang='lat' dir='ltr'><strong>sive</strong></span> <span class='ocrx_word' id='word_1_674' title='bbox 949 5715 1291 5787; x_wconf 82' lang='lat' dir='ltr'><strong>indignanter</strong></span> <span class='ocrx_word' id='word_1_675' title='bbox 1312 5708 1532 5765; x_wconf 88' lang='lat' dir='ltr'><strong>audiant</strong></span> <span class='ocrx_word' id='word_1_676' title='bbox 1552 5703 1740 5771; x_wconf 82' lang='lat' dir='ltr'><strong>Judaei,</strong></span> 
     </span>
    </p>
   </div>
   <div class='ocr_carea' id='block_1_82' title="bbox 163 5803 1742 5890">
    <p class='ocr_par' dir='ltr' id='par_1_82' title="bbox 163 5803 1742 5890">
     <span class='ocr_line' id='line_1_82' title="bbox 163 5803 1742 5890; baseline -0.013 -16"><span class='ocrx_word' id='word_1_677' title='bbox 163 5828 292 5886; x_wconf 88' lang='lat' dir='ltr'><strong>etc.,</strong></span> <span class='ocrx_word' id='word_1_678' title='bbox 312 5833 475 5890; x_wconf 86' lang='lat' dir='ltr'><strong>usque</strong></span> <span class='ocrx_word' id='word_1_679' title='bbox 499 5815 567 5870; x_wconf 89' lang='lat' dir='ltr'><strong>ad</strong></span> <span class='ocrx_word' id='word_1_680' title='bbox 589 5815 684 5872; x_wconf 89' lang='lat' dir='ltr'><strong>sed</strong></span> <span class='ocrx_word' id='word_1_681' title='bbox 707 5813 853 5870; x_wconf 88' lang='lat' dir='ltr'><strong>time.</strong></span> <span class='ocrx_word' id='word_1_682' title='bbox 883 5811 1005 5883; x_wconf 91' lang='lat' dir='ltr'><strong>(ld.,</strong></span> <span class='ocrx_word' id='word_1_683' title='bbox 1031 5807 1121 5864; x_wconf 85' lang='lat' dir='ltr'><strong>lib.</strong></span> <span class='ocrx_word' id='word_1_684' title='bbox 1154 5815 1322 5863; x_wconf 86' lang='lat' dir='ltr'><strong>contr.</strong></span> <span class='ocrx_word' id='word_1_685' title='bbox 1347 5803 1584 5868; x_wconf 79' lang='lat' dir='ltr'><strong>Judwos,</strong></span> <span class='ocrx_word' id='word_1_686' title='bbox 1610 5808 1742 5856; x_wconf 88' lang='lat' dir='ltr'><strong>tom.</strong></span> 
     </span>
    </p>
   </div>
   <div class='ocr_carea' id='block_1_83' title="bbox 167 5909 559 5981">
    <p class='ocr_par' dir='ltr' id='par_1_83' title="bbox 167 5909 559 5981">
     <span class='ocr_line' id='line_1_83' title="bbox 167 5909 559 5981; baseline -0.005 -15"><span class='ocrx_word' id='word_1_687' title='bbox 167 5909 298 5980; x_wconf 87' lang='lat' dir='ltr'><strong>Vlll,</strong></span> <span class='ocrx_word' id='word_1_688' title='bbox 324 5909 426 5968; x_wconf 91' lang='lat' dir='ltr'><strong>col.</strong></span> <span class='ocrx_word' id='word_1_689' title='bbox 443 5909 559 5981; x_wconf 90' lang='lat'><strong>55.)</strong></span> 
     </span>
    </p>
   </div>
   <div class='ocr_carea' id='block_1_84' title="bbox 1832 2641 3430 2721">
    <p class='ocr_par' dir='ltr' id='par_1_84' title="bbox 1832 2641 3430 2721">
     <span class='ocr_line' id='line_1_84' title="bbox 1832 2641 3430 2721; baseline -0.006 -15"><span class='ocrx_word' id='word_1_690' title='bbox 1832 2650 2333 2721; x_wconf 86' lang='lat' dir='ltr'><strong>varicatores.(ld.,</strong></span> <span class='ocrx_word' id='word_1_691' title='bbox 2363 2664 2519 2704; x_wconf 86' lang='lat' dir='ltr'><strong>serm.</strong></span> <span class='ocrx_word' id='word_1_692' title='bbox 2554 2649 2618 2704; x_wconf 91' lang='lat' dir='ltr'><strong>de</strong></span> <span class='ocrx_word' id='word_1_693' title='bbox 2643 2647 2872 2703; x_wconf 78' lang='lat' dir='ltr'><strong>ittumin.</strong></span> <span class='ocrx_word' id='word_1_694' title='bbox 2898 2644 3023 2700; x_wconf 80' lang='lat' dir='ltr'><strong>cceci</strong></span> <span class='ocrx_word' id='word_1_695' title='bbox 3050 2644 3182 2704; x_wconf 84' lang='lat' dir='ltr'><strong>nati.</strong></span> <span class='ocrx_word' id='word_1_696' title='bbox 3212 2650 3343 2698; x_wconf 88' lang='lat' dir='ltr'><strong>tom.</strong></span> <span class='ocrx_word' id='word_1_697' title='bbox 3363 2641 3430 2707; x_wconf 90' lang='lat' dir='ltr'><strong>V,</strong></span> 
     </span>
    </p>
   </div>
   <div class='ocr_carea' id='block_1_85' title="bbox 1833 2739 2566 2813">
    <p class='ocr_par' dir='ltr' id='par_1_85' title="bbox 1833 2739 2566 2813">
     <span class='ocr_line' id='line_1_85' title="bbox 1833 2739 2566 2813; baseline -0.005 -17"><span class='ocrx_word' id='word_1_698' title='bbox 1833 2750 1974 2813; x_wconf 89' lang='lat' dir='ltr'><strong>part.</strong></span> <span class='ocrx_word' id='word_1_699' title='bbox 2003 2757 2042 2808; x_wconf 94' lang='lat'><strong>1,</strong></span> <span class='ocrx_word' id='word_1_700' title='bbox 2070 2741 2172 2797; x_wconf 91' lang='lat' dir='ltr'><strong>col.</strong></span> <span class='ocrx_word' id='word_1_701' title='bbox 2207 2740 2312 2795; x_wconf 86' lang='lat'><strong>752</strong></span> <span class='ocrx_word' id='word_1_702' title='bbox 2341 2748 2395 2795; x_wconf 90' lang='lat' dir='ltr'><strong>et</strong></span> <span class='ocrx_word' id='word_1_703' title='bbox 2423 2739 2566 2810; x_wconf 90' lang='lat' dir='ltr'><strong>seq.)</strong></span> 
     </span>
    </p>
   </div>
   <div class='ocr_carea' id='block_1_86' title="bbox 1906 2824 3432 2905">
    <p class='ocr_par' dir='ltr' id='par_1_86' title="bbox 1906 2824 3432 2905">
     <span class='ocr_line' id='line_1_86' title="bbox 1906 2824 3432 2905; baseline -0.007 -17"><span class='ocrx_word' id='word_1_704' title='bbox 1906 2835 2082 2889; x_wconf 87' lang='lat' dir='ltr'><strong>Donec</strong></span> <span class='ocrx_word' id='word_1_705' title='bbox 2127 2833 2395 2905; x_wconf 84' lang='lat' dir='ltr'><strong>plenitudo</strong></span> <span class='ocrx_word' id='word_1_706' title='bbox 2424 2833 2679 2902; x_wconf 87' lang='lat' dir='ltr'><strong>gentium,</strong></span> <span class='ocrx_word' id='word_1_707' title='bbox 2706 2839 2837 2896; x_wconf 90' lang='lat' dir='ltr'><strong>etc.,</strong></span> <span class='ocrx_word' id='word_1_708' title='bbox 2877 2841 3049 2898; x_wconf 90' lang='lat' dir='ltr'><strong>usque</strong></span> <span class='ocrx_word' id='word_1_709' title='bbox 3080 2826 3147 2880; x_wconf 88' lang='lat' dir='ltr'><strong>ad</strong></span> <span class='ocrx_word' id='word_1_710' title='bbox 3177 2840 3296 2880; x_wconf 86' lang='lat' dir='ltr'><strong>cum</strong></span> <span class='ocrx_word' id='word_1_711' title='bbox 3334 2824 3432 2878; x_wconf 87' lang='lat' dir='ltr'><strong>ab—</strong></span> 
     </span>
    </p>
   </div>
   <div class='ocr_carea' id='block_1_87' title="bbox 1836 2917 3548 2998">
    <p class='ocr_par' dir='ltr' id='par_1_87' title="bbox 1836 2917 3548 2998">
     <span class='ocr_line' id='line_1_87' title="bbox 1836 2917 3548 2998; baseline -0.008 -14"><span class='ocrx_word' id='word_1_712' title='bbox 1836 2927 2030 2984; x_wconf 84' lang='lat' dir='ltr'><strong>stulero</strong></span> <span class='ocrx_word' id='word_1_713' title='bbox 2057 2936 2269 2998; x_wconf 86' lang='lat' dir='ltr'><strong>peccata</strong></span> <span class='ocrx_word' id='word_1_714' title='bbox 2308 2942 2510 2981; x_wconf 87' lang='lat' dir='ltr'><strong>eorum.</strong></span> <span class='ocrx_word' id='word_1_715' title='bbox 2540 2923 2842 2980; x_wconf 84' lang='lat' dir='ltr'><strong>Consilium</strong></span> <span class='ocrx_word' id='word_1_716' title='bbox 2880 2921 3058 2992; x_wconf 88' lang='lat' dir='ltr'><strong>inopis</strong></span> <span class='ocrx_word' id='word_1_717' title='bbox 3084 2917 3431 2987; x_wconf 82' lang='lat' dir='ltr'><strong>confudistis,</strong></span> <span class='ocrx_word' id='word_1_718' title='bbox 3542 2934 3548 2938; x_wconf 94' lang='grc'><strong>·</strong></span> 
     </span>
    </p>
   </div>
   <div class='ocr_carea' id='block_1_88' title="bbox 1839 3009 3406 3092">
    <p class='ocr_par' dir='ltr' id='par_1_88' title="bbox 1839 3009 3406 3092">
     <span class='ocr_line' id='line_1_88' title="bbox 1839 3009 3406 3092; baseline -0.008 -15"><span class='ocrx_word' id='word_1_719' title='bbox 1839 3029 1969 3088; x_wconf 88' lang='lat' dir='ltr'><strong>etc.,</strong></span> <span class='ocrx_word' id='word_1_720' title='bbox 1994 3037 2156 3092; x_wconf 84' lang='lat' dir='ltr'><strong>usque</strong></span> <span class='ocrx_word' id='word_1_721' title='bbox 2179 3019 2247 3073; x_wconf 87' lang='lat' dir='ltr'><strong>ad</strong></span> <span class='ocrx_word' id='word_1_722' title='bbox 2263 3017 2500 3074; x_wconf 85' lang='lat' dir='ltr'><strong>salutare</strong></span> <span class='ocrx_word' id='word_1_723' title='bbox 2526 3016 2710 3073; x_wconf 88' lang='lat' dir='ltr'><strong>Israel.</strong></span> <span class='ocrx_word' id='word_1_724' title='bbox 2743 3015 3040 3086; x_wconf 48' lang='lat' dir='ltr'><strong>(ld.,.tract.</strong></span> <span class='ocrx_word' id='word_1_725' title='bbox 3066 3013 3123 3066; x_wconf 89' lang='lat' dir='ltr'><strong>in</strong></span> <span class='ocrx_word' id='word_1_726' title='bbox 3152 3009 3286 3080; x_wconf 87' lang='lat' dir='ltr'><strong>psal.</strong></span> <span class='ocrx_word' id='word_1_727' title='bbox 3309 3023 3406 3064; x_wconf 81' lang='lat' dir='ltr'><strong>x111</strong></span> 
     </span>
    </p>
   </div>
   <div class='ocr_carea' id='block_1_89' title="bbox 1840 3105 2872 3184">
    <p class='ocr_par' dir='ltr' id='par_1_89' title="bbox 1840 3105 2872 3184">
     <span class='ocr_line' id='line_1_89' title="bbox 1840 3105 2872 3184; baseline -0.007 -15"><span class='ocrx_word' id='word_1_728' title='bbox 1840 3123 1972 3170; x_wconf 89' lang='lat' dir='ltr'><strong>tom.</strong></span> <span class='ocrx_word' id='word_1_729' title='bbox 2013 3111 2102 3178; x_wconf 90' lang='grc' dir='ltr'><strong>Ν,</strong></span> <span class='ocrx_word' id='word_1_730' title='bbox 2135 3120 2272 3184; x_wconf 88' lang='lat' dir='ltr'><strong>part.</strong></span> <span class='ocrx_word' id='word_1_731' title='bbox 2308 3127 2344 3176; x_wconf 92' lang='lat'><strong>1,</strong></span> <span class='ocrx_word' id='word_1_732' title='bbox 2379 3109 2482 3165; x_wconf 91' lang='lat' dir='ltr'><strong>col.</strong></span> <span class='ocrx_word' id='word_1_733' title='bbox 2518 3105 2623 3163; x_wconf 72' lang='lat'><strong>142</strong></span> <span class='ocrx_word' id='word_1_734' title='bbox 2646 3119 2700 3164; x_wconf 86' lang='lat' dir='ltr'><strong>et</strong></span> <span class='ocrx_word' id='word_1_735' title='bbox 2729 3107 2872 3178; x_wconf 90' lang='lat' dir='ltr'><strong>seq.)</strong></span> 
     </span>
    </p>
   </div>
   <div class='ocr_carea' id='block_1_90' title="bbox 1912 3191 3430 3271">
    <p class='ocr_par' dir='ltr' id='par_1_90' title="bbox 1912 3191 3430 3271">
     <span class='ocr_line' id='line_1_90' title="bbox 1912 3191 3430 3271; baseline -0.009 -12"><span class='ocrx_word' id='word_1_736' title='bbox 1912 3202 1958 3259; x_wconf 87' lang='grc' dir='ltr'><strong>Ο</strong></span> <span class='ocrx_word' id='word_1_737' title='bbox 1988 3202 2159 3268; x_wconf 87' lang='lat' dir='ltr'><strong>stulti,</strong></span> <span class='ocrx_word' id='word_1_738' title='bbox 2205 3200 2553 3271; x_wconf 87' lang='lat' dir='ltr'><strong>increpastis,</strong></span> <span class='ocrx_word' id='word_1_739' title='bbox 2592 3198 2914 3261; x_wconf 87' lang='lat' dir='ltr'><strong>insultastis,</strong></span> <span class='ocrx_word' id='word_1_740' title='bbox 2966 3204 3098 3261; x_wconf 84' lang='lat' dir='ltr'><strong>etc.,</strong></span> <span class='ocrx_word' id='word_1_741' title='bbox 3150 3208 3314 3266; x_wconf 82' lang='lat' dir='ltr'><strong>usque</strong></span> <span class='ocrx_word' id='word_1_742' title='bbox 3360 3191 3430 3248; x_wconf 88' lang='lat' dir='ltr'><strong>ad</strong></span> 
     </span>
    </p>
   </div>
   <div class='ocr_carea' id='block_1_91' title="bbox 1838 3284 3425 3368">
    <p class='ocr_par' dir='ltr' id='par_1_91' title="bbox 1838 3284 3425 3368">
     <span class='ocr_line' id='line_1_91' title="bbox 1838 3284 3425 3368; baseline -0.008 -17"><span class='ocrx_word' id='word_1_743' title='bbox 1838 3297 1962 3368; x_wconf 86' lang='lat' dir='ltr'><strong>quia</strong></span> <span class='ocrx_word' id='word_1_744' title='bbox 1995 3295 2110 3365; x_wconf 89' lang='lat' dir='ltr'><strong>ipse</strong></span> <span class='ocrx_word' id='word_1_745' title='bbox 2134 3293 2404 3366; x_wconf 79' lang='lat' dir='ltr'><strong>cognovit.</strong></span> <span class='ocrx_word' id='word_1_746' title='bbox 2436 3292 2560 3364; x_wconf 88' lang='lat' dir='ltr'><strong>(ld.,</strong></span> <span class='ocrx_word' id='word_1_747' title='bbox 2586 3299 2740 3346; x_wconf 83' lang='lat' dir='ltr'><strong>tract.</strong></span> <span class='ocrx_word' id='word_1_748' title='bbox 2785 3291 2838 3343; x_wconf 85' lang='lat' dir='ltr'><strong>in</strong></span> <span class='ocrx_word' id='word_1_749' title='bbox 2883 3290 3018 3360; x_wconf 82' lang='lat' dir='ltr'><strong>psal.</strong></span> <span class='ocrx_word' id='word_1_750' title='bbox 3051 3287 3142 3353; x_wconf 87' lang='lat'><strong>52,</strong></span> <span class='ocrx_word' id='word_1_751' title='bbox 3175 3296 3307 3342; x_wconf 92' lang='lat' dir='ltr'><strong>tom.</strong></span> <span class='ocrx_word' id='word_1_752' title='bbox 3334 3284 3425 3350; x_wconf 90' lang='grc' dir='ltr'><strong>Ν,</strong></span> 
     </span>
    </p>
   </div>
   <div class='ocr_carea' id='block_1_92' title="bbox 1835 3385 2330 3460">
    <p class='ocr_par' dir='ltr' id='par_1_92' title="bbox 1835 3385 2330 3460">
     <span class='ocr_line' id='line_1_92' title="bbox 1835 3385 2330 3460; baseline -0.012 -15"><span class='ocrx_word' id='word_1_753' title='bbox 1835 3398 1980 3460; x_wconf 89' lang='lat' dir='ltr'><strong>part.</strong></span> <span class='ocrx_word' id='word_1_754' title='bbox 2011 3404 2049 3454; x_wconf 91' lang='lat'><strong>1,</strong></span> <span class='ocrx_word' id='word_1_755' title='bbox 2074 3385 2330 3444; x_wconf 82' lang='lat' dir='ltr'><strong>colz619.</strong></span> 
     </span>
    </p>
   </div>
   <div class='ocr_carea' id='block_1_93' title="bbox 1908 3469 3432 3550">
    <p class='ocr_par' dir='ltr' id='par_1_93' title="bbox 1908 3469 3432 3550">
     <span class='ocr_line' id='line_1_93' title="bbox 1908 3469 3432 3550; baseline -0.009 -12"><span class='ocrx_word' id='word_1_756' title='bbox 1908 3483 2061 3550; x_wconf 86' lang='lat' dir='ltr'><strong>Quod</strong></span> <span class='ocrx_word' id='word_1_757' title='bbox 2091 3495 2221 3536; x_wconf 88' lang='lat' dir='ltr'><strong>vero</strong></span> <span class='ocrx_word' id='word_1_758' title='bbox 2246 3480 2322 3534; x_wconf 89' lang='lat' dir='ltr'><strong>ait</strong></span> <span class='ocrx_word' id='word_1_759' title='bbox 2339 3478 2630 3534; x_wconf 88' lang='lat' dir='ltr'><strong>Malachias</strong></span> <span class='ocrx_word' id='word_1_760' title='bbox 2656 3474 2920 3546; x_wconf 85' lang='lat' dir='ltr'><strong>propheta</strong></span> <span class='ocrx_word' id='word_1_761' title='bbox 2950 3490 2963 3528; x_wconf 89' lang='lat'><strong>:</strong></span> <span class='ocrx_word' id='word_1_762' title='bbox 2995 3471 3324 3527; x_wconf 82' lang='lat' dir='ltr'><strong>Mementote</strong></span> <span class='ocrx_word' id='word_1_763' title='bbox 3351 3469 3432 3525; x_wconf 88' lang='lat' dir='ltr'><strong>le-</strong></span> 
     </span>
    </p>
   </div>
   <div class='ocr_carea' id='block_1_94' title="bbox 1836 3562 3429 3647">
    <p class='ocr_par' dir='ltr' id='par_1_94' title="bbox 1836 3562 3429 3647">
     <span class='ocr_line' id='line_1_94' title="bbox 1836 3562 3429 3647; baseline -0.011 -15"><span class='ocrx_word' id='word_1_764' title='bbox 1836 3577 1918 3646; x_wconf 86' lang='lat' dir='ltr'><strong>gis</strong></span> <span class='ocrx_word' id='word_1_765' title='bbox 1949 3574 2135 3647; x_wconf 82' lang='lat' dir='ltr'><strong>Moysi,</strong></span> <span class='ocrx_word' id='word_1_766' title='bbox 2172 3585 2303 3639; x_wconf 90' lang='lat' dir='ltr'><strong>ete.,</strong></span> <span class='ocrx_word' id='word_1_767' title='bbox 2331 3588 2494 3643; x_wconf 83' lang='lat' dir='ltr'><strong>usque</strong></span> <span class='ocrx_word' id='word_1_768' title='bbox 2527 3569 2594 3623; x_wconf 90' lang='lat' dir='ltr'><strong>ad</strong></span> <span class='ocrx_word' id='word_1_769' title='bbox 2621 3567 2972 3639; x_wconf 84' lang='lat' dir='ltr'><strong>ejusdemque</strong></span> <span class='ocrx_word' id='word_1_770' title='bbox 2998 3562 3429 3620; x_wconf 87' lang='lat' dir='ltr'><strong>renovationem.</strong></span> 
     </span>
    </p>
   </div>
   <div class='ocr_carea' id='block_1_95' title="bbox 1837 3655 3434 3740">
    <p class='ocr_par' dir='ltr' id='par_1_95' title="bbox 1837 3655 3434 3740">
     <span class='ocr_line' id='line_1_95' title="bbox 1837 3655 3434 3740; baseline -0.009 -16"><span class='ocrx_word' id='word_1_771' title='bbox 1837 3668 1958 3740; x_wconf 87' lang='lat' dir='ltr'><strong>(ld.,</strong></span> <span class='ocrx_word' id='word_1_772' title='bbox 1989 3668 2081 3722; x_wconf 88' lang='lat' dir='ltr'><strong>lib.</strong></span> <span class='ocrx_word' id='word_1_773' title='bbox 2108 3683 2180 3721; x_wconf 83' lang='lat' dir='ltr'><strong>xx</strong></span> <span class='ocrx_word' id='word_1_774' title='bbox 2207 3667 2270 3720; x_wconf 89' lang='lat' dir='ltr'><strong>de</strong></span> <span class='ocrx_word' id='word_1_775' title='bbox 2299 3665 2409 3720; x_wconf 85' lang='lat' dir='ltr'><strong>Civ.</strong></span> <span class='ocrx_word' id='word_1_776' title='bbox 2453 3663 2572 3727; x_wconf 89' lang='lat' dir='ltr'><strong>Dei,</strong></span> <span class='ocrx_word' id='word_1_777' title='bbox 2621 3671 2751 3716; x_wconf 83' lang='lat' dir='ltr'><strong>tom.</strong></span> <span class='ocrx_word' id='word_1_778' title='bbox 2780 3658 2893 3726; x_wconf 88' lang='lat' dir='ltr'><strong>Vll,</strong></span> <span class='ocrx_word' id='word_1_779' title='bbox 2923 3657 3028 3714; x_wconf 92' lang='lat' dir='ltr'><strong>col.</strong></span> <span class='ocrx_word' id='word_1_780' title='bbox 3063 3656 3184 3711; x_wconf 87' lang='lat'><strong>705.</strong></span> <span class='ocrx_word' id='word_1_781' title='bbox 3211 3664 3268 3711; x_wconf 87' lang='lat' dir='ltr'><strong>et</strong></span> <span class='ocrx_word' id='word_1_782' title='bbox 3291 3655 3434 3725; x_wconf 89' lang='lat' dir='ltr'><strong>seq.)</strong></span> 
     </span>
    </p>
   </div>
   <div class='ocr_carea' id='block_1_96' title="bbox 1908 3745 3432 3825">
    <p class='ocr_par' dir='ltr' id='par_1_96' title="bbox 1908 3745 3432 3825">
     <span class='ocr_line' id='line_1_96' title="bbox 1908 3745 3432 3825; baseline -0.011 -11"><span class='ocrx_word' id='word_1_783' title='bbox 1908 3758 2210 3814; x_wconf 88' lang='lat' dir='ltr'><strong>Secundum</strong></span> <span class='ocrx_word' id='word_1_784' title='bbox 2234 3753 2580 3825; x_wconf 83' lang='lat' dir='ltr'><strong>Evangelium</strong></span> <span class='ocrx_word' id='word_1_785' title='bbox 2598 3751 2829 3821; x_wconf 88' lang='lat' dir='ltr'><strong>quidem,</strong></span> <span class='ocrx_word' id='word_1_786' title='bbox 2871 3756 3002 3812; x_wconf 84' lang='lat' dir='ltr'><strong>etc.,</strong></span> <span class='ocrx_word' id='word_1_787' title='bbox 3032 3761 3205 3816; x_wconf 90' lang='lat' dir='ltr'><strong>usque</strong></span> <span class='ocrx_word' id='word_1_788' title='bbox 3229 3745 3296 3799; x_wconf 88' lang='lat' dir='ltr'><strong>ad</strong></span> <span class='ocrx_word' id='word_1_789' title='bbox 3320 3747 3432 3798; x_wconf 84' lang='lat' dir='ltr'><strong>sine</strong></span> 
     </span>
    </p>
   </div>
   <div class='ocr_carea' id='block_1_97' title="bbox 1837 3837 3429 3926">
    <p class='ocr_par' dir='ltr' id='par_1_97' title="bbox 1837 3837 3429 3926">
     <span class='ocr_line' id='line_1_97' title="bbox 1837 3837 3429 3926; baseline -0.013 -17"><span class='ocrx_word' id='word_1_790' title='bbox 1837 3853 2137 3926; x_wconf 79' lang='lat' dir='ltr'><strong>paenitentia</strong></span> <span class='ocrx_word' id='word_1_791' title='bbox 2182 3859 2300 3905; x_wconf 85' lang='lat' dir='ltr'><strong>sunt</strong></span> <span class='ocrx_word' id='word_1_792' title='bbox 2332 3847 2473 3902; x_wconf 87' lang='lat' dir='ltr'><strong>dona</strong></span> <span class='ocrx_word' id='word_1_793' title='bbox 2515 3857 2562 3900; x_wconf 88' lang='lat' dir='ltr'><strong>et</strong></span> <span class='ocrx_word' id='word_1_794' title='bbox 2599 3843 2806 3899; x_wconf 81' lang='lat' dir='ltr'><strong>vacatio</strong></span> <span class='ocrx_word' id='word_1_795' title='bbox 2845 3838 2963 3895; x_wconf 88' lang='lat' dir='ltr'><strong>Dei.</strong></span> <span class='ocrx_word' id='word_1_796' title='bbox 2994 3839 3130 3895; x_wconf 85' lang='lat' dir='ltr'><strong>Cum</strong></span> <span class='ocrx_word' id='word_1_797' title='bbox 3172 3837 3429 3892; x_wconf 82' lang='lat' dir='ltr'><strong>dixisset:</strong></span> 
     </span>
    </p>
   </div>
   <div class='ocr_carea' id='block_1_98' title="bbox 1836 3931 3430 4012">
    <p class='ocr_par' dir='ltr' id='par_1_98' title="bbox 1836 3931 3430 4012">
     <span class='ocr_line' id='line_1_98' title="bbox 1836 3931 3430 4012; baseline -0.01 -10"><span class='ocrx_word' id='word_1_798' title='bbox 1836 3947 1970 4002; x_wconf 87' lang='lat' dir='ltr'><strong>Nolo</strong></span> <span class='ocrx_word' id='word_1_799' title='bbox 2014 3944 2160 4000; x_wconf 90' lang='lat' dir='ltr'><strong>enim</strong></span> <span class='ocrx_word' id='word_1_800' title='bbox 2186 3957 2284 3999; x_wconf 84' lang='lat' dir='ltr'><strong>vos</strong></span> <span class='ocrx_word' id='word_1_801' title='bbox 2306 3942 2576 4012; x_wconf 86' lang='lat' dir='ltr'><strong>ignorare,</strong></span> <span class='ocrx_word' id='word_1_802' title='bbox 2610 3937 2836 4001; x_wconf 79' lang='lat' dir='ltr'><strong>fratres,</strong></span> <span class='ocrx_word' id='word_1_803' title='bbox 2874 3939 3276 3991; x_wconf 81' lang='lat' dir='ltr'><strong>sacramentum</strong></span> <span class='ocrx_word' id='word_1_804' title='bbox 3304 3931 3430 3996; x_wconf 79' lang='lat' dir='ltr'><strong>hoc,</strong></span> 
     </span>
    </p>
   </div>
   <div class='ocr_carea' id='block_1_99' title="bbox 1837 4025 3436 4111">
    <p class='ocr_par' dir='ltr' id='par_1_99' title="bbox 1837 4025 3436 4111">
     <span class='ocr_line' id='line_1_99' title="bbox 1837 4025 3436 4111; baseline -0.013 -12"><span class='ocrx_word' id='word_1_805' title='bbox 1837 4051 1966 4108; x_wconf 89' lang='lat' dir='ltr'><strong>etc.,</strong></span> <span class='ocrx_word' id='word_1_806' title='bbox 2003 4056 2164 4111; x_wconf 81' lang='lat' dir='ltr'><strong>usque</strong></span> <span class='ocrx_word' id='word_1_807' title='bbox 2186 4038 2254 4093; x_wconf 88' lang='lat' dir='ltr'><strong>ad</strong></span> <span class='ocrx_word' id='word_1_808' title='bbox 2294 4034 2722 4107; x_wconf 88' lang='lat' dir='ltr'><strong>permansissent</strong></span> <span class='ocrx_word' id='word_1_809' title='bbox 2753 4031 2941 4101; x_wconf 92' lang='lat' dir='ltr'><strong>utique</strong></span> <span class='ocrx_word' id='word_1_810' title='bbox 2971 4028 3277 4084; x_wconf 79' lang='lat' dir='ltr'><strong>nobiscum.</strong></span> <span class='ocrx_word' id='word_1_811' title='bbox 3302 4025 3436 4097; x_wconf 73' lang='lat' dir='ltr'><strong>(ld.,</strong></span> 
     </span>
    </p>
   </div>
   <div class='ocr_carea' id='block_1_100' title="bbox 1835 4117 3432 4196">
    <p class='ocr_par' dir='ltr' id='par_1_100' title="bbox 1835 4117 3432 4196">
     <span class='ocr_line' id='line_1_100' title="bbox 1835 4117 3432 4196; baseline -0.013 -5"><span class='ocrx_word' id='word_1_812' title='bbox 1835 4135 1926 4191; x_wconf 87' lang='lat' dir='ltr'><strong>lib.</strong></span> <span class='ocrx_word' id='word_1_813' title='bbox 1951 4134 2016 4189; x_wconf 91' lang='lat' dir='ltr'><strong>de</strong></span> <span class='ocrx_word' id='word_1_814' title='bbox 2038 4130 2218 4188; x_wconf 67' lang='lat' dir='ltr'><strong>Praad.</strong></span> <span class='ocrx_word' id='word_1_815' title='bbox 2247 4139 2413 4186; x_wconf 88' lang='lat' dir='ltr'><strong>sanct.</strong></span> <span class='ocrx_word' id='word_1_816' title='bbox 2447 4138 2578 4183; x_wconf 89' lang='lat' dir='ltr'><strong>tom.</strong></span> <span class='ocrx_word' id='word_1_817' title='bbox 2603 4124 2674 4193; x_wconf 80' lang='grc' dir='ltr'><strong>Χ,</strong></span> <span class='ocrx_word' id='word_1_818' title='bbox 2702 4133 2847 4196; x_wconf 87' lang='lat' dir='ltr'><strong>part.</strong></span> <span class='ocrx_word' id='word_1_819' title='bbox 2875 4139 2919 4189; x_wconf 79' lang='grc' dir='ltr'>ι,</span> <span class='ocrx_word' id='word_1_820' title='bbox 2947 4121 3052 4178; x_wconf 89' lang='lat' dir='ltr'><strong>col.</strong></span> <span class='ocrx_word' id='word_1_821' title='bbox 3082 4119 3186 4176; x_wconf 85' lang='lat'><strong>985</strong></span> <span class='ocrx_word' id='word_1_822' title='bbox 3211 4127 3267 4174; x_wconf 86' lang='lat' dir='ltr'><strong>et</strong></span> <span class='ocrx_word' id='word_1_823' title='bbox 3290 4117 3432 4189; x_wconf 81' lang='lat' dir='ltr'><strong>seq.)</strong></span> 
     </span>
    </p>
   </div>
   <div class='ocr_carea' id='block_1_101' title="bbox 1911 4210 3434 4283">
    <p class='ocr_par' dir='ltr' id='par_1_101' title="bbox 1911 4210 3434 4283">
     <span class='ocr_line' id='line_1_101' title="bbox 1911 4210 3434 4283; baseline -0.012 -1"><span class='ocrx_word' id='word_1_824' title='bbox 1911 4225 2027 4282; x_wconf 86' lang='lat' dir='ltr'><strong>Non</strong></span> <span class='ocrx_word' id='word_1_825' title='bbox 2066 4222 2239 4280; x_wconf 90' lang='lat' dir='ltr'><strong>solum</strong></span> <span class='ocrx_word' id='word_1_826' title='bbox 2267 4220 2414 4276; x_wconf 90' lang='lat' dir='ltr'><strong>enim</strong></span> <span class='ocrx_word' id='word_1_827' title='bbox 2457 4218 2613 4283; x_wconf 79' lang='lat' dir='ltr'><strong>dixit,</strong></span> <span class='ocrx_word' id='word_1_828' title='bbox 2643 4217 2762 4272; x_wconf 90' lang='lat' dir='ltr'><strong>sine</strong></span> <span class='ocrx_word' id='word_1_829' title='bbox 2807 4229 2894 4270; x_wconf 89' lang='lat' dir='ltr'><strong>me</strong></span> <span class='ocrx_word' id='word_1_830' title='bbox 2943 4211 3080 4268; x_wconf 89' lang='lat' dir='ltr'><strong>nihil</strong></span> <span class='ocrx_word' id='word_1_831' title='bbox 3143 4210 3434 4281; x_wconf 85' lang='lat' dir='ltr'><strong>potestatis</strong></span> 
     </span>
    </p>
   </div>
   <div class='ocr_carea' id='block_1_102' title="bbox 1836 4300 3433 4385">
    <p class='ocr_par' dir='ltr' id='par_1_102' title="bbox 1836 4300 3433 4385">
     <span class='ocr_line' id='line_1_102' title="bbox 1836 4300 3433 4385; baseline -0.014 -9"><span class='ocrx_word' id='word_1_832' title='bbox 1836 4319 2038 4385; x_wconf 80' lang='lat' dir='ltr'><strong>facere,</strong></span> <span class='ocrx_word' id='word_1_833' title='bbox 2067 4325 2197 4382; x_wconf 91' lang='lat' dir='ltr'><strong>etc.,</strong></span> <span class='ocrx_word' id='word_1_834' title='bbox 2220 4328 2382 4384; x_wconf 83' lang='lat' dir='ltr'><strong>usque</strong></span> <span class='ocrx_word' id='word_1_835' title='bbox 2401 4312 2470 4366; x_wconf 88' lang='lat' dir='ltr'><strong>ad</strong></span> <span class='ocrx_word' id='word_1_836' title='bbox 2501 4308 2741 4366; x_wconf 89' lang='lat' dir='ltr'><strong>inveniet</strong></span> <span class='ocrx_word' id='word_1_837' title='bbox 2785 4305 2928 4361; x_wconf 89' lang='lat' dir='ltr'><strong>linis.</strong></span> <span class='ocrx_word' id='word_1_838' title='bbox 2963 4302 3050 4376; x_wconf 91' lang='lat' dir='ltr'><strong>(S.</strong></span> <span class='ocrx_word' id='word_1_839' title='bbox 3084 4301 3221 4372; x_wconf 84' lang='lat' dir='ltr'><strong>Aug.</strong></span> <span class='ocrx_word' id='word_1_840' title='bbox 3251 4301 3342 4355; x_wconf 90' lang='lat' dir='ltr'><strong>lib.</strong></span> <span class='ocrx_word' id='word_1_841' title='bbox 3369 4300 3433 4354; x_wconf 87' lang='lat' dir='ltr'><strong>de</strong></span> 
     </span>
    </p>
   </div>
   <div class='ocr_carea' id='block_1_103' title="bbox 1837 4396 3058 4476">
    <p class='ocr_par' dir='ltr' id='par_1_103' title="bbox 1837 4396 3058 4476">
     <span class='ocr_line' id='line_1_103' title="bbox 1837 4396 3058 4476; baseline -0.016 -7"><span class='ocrx_word' id='word_1_842' title='bbox 1837 4412 1961 4470; x_wconf 86' lang='lat' dir='ltr'><strong>Cor.</strong></span> <span class='ocrx_word' id='word_1_843' title='bbox 1984 4419 2032 4467; x_wconf 89' lang='lat' dir='ltr'><strong>et</strong></span> <span class='ocrx_word' id='word_1_844' title='bbox 2059 4407 2236 4475; x_wconf 86' lang='lat' dir='ltr'><strong>Grat.,</strong></span> <span class='ocrx_word' id='word_1_845' title='bbox 2267 4417 2396 4464; x_wconf 87' lang='lat' dir='ltr'><strong>tom.</strong></span> <span class='ocrx_word' id='word_1_846' title='bbox 2424 4403 2493 4472; x_wconf 79' lang='grc' dir='ltr'>Χ,</span> <span class='ocrx_word' id='word_1_847' title='bbox 2524 4411 2667 4476; x_wconf 90' lang='lat' dir='ltr'><strong>part.</strong></span> <span class='ocrx_word' id='word_1_848' title='bbox 2694 4417 2736 4467; x_wconf 92' lang='lat'><strong>1,</strong></span> <span class='ocrx_word' id='word_1_849' title='bbox 2765 4399 2870 4456; x_wconf 92' lang='lat' dir='ltr'><strong>eol.</strong></span> <span class='ocrx_word' id='word_1_850' title='bbox 2903 4396 3058 4466; x_wconf 85' lang='lat'><strong>957.)</strong></span> 
     </span>
    </p>
   </div>
   <div class='ocr_carea' id='block_1_104' title="bbox 1909 4483 3431 4568">
    <p class='ocr_par' dir='ltr' id='par_1_104' title="bbox 1909 4483 3431 4568">
     <span class='ocr_line' id='line_1_104' title="bbox 1909 4483 3431 4568; baseline -0.018 -10"><span class='ocrx_word' id='word_1_851' title='bbox 1909 4501 2055 4559; x_wconf 86' lang='lat' dir='ltr'><strong>Sicut</strong></span> <span class='ocrx_word' id='word_1_852' title='bbox 2079 4501 2217 4556; x_wconf 88' lang='lat' dir='ltr'><strong>enim</strong></span> <span class='ocrx_word' id='word_1_853' title='bbox 2245 4495 2531 4568; x_wconf 84' lang='lat' dir='ltr'><strong>aliquando</strong></span> <span class='ocrx_word' id='word_1_854' title='bbox 2553 4504 2602 4549; x_wconf 90' lang='lat' dir='ltr'><strong>et</strong></span> <span class='ocrx_word' id='word_1_855' title='bbox 2630 4509 2742 4557; x_wconf 82' lang='lat' dir='ltr'><strong>vos,</strong></span> <span class='ocrx_word' id='word_1_856' title='bbox 2768 4499 2900 4554; x_wconf 79' lang='lat' dir='ltr'><strong>etc.,</strong></span> <span class='ocrx_word' id='word_1_857' title='bbox 2925 4499 3098 4556; x_wconf 86' lang='lat' dir='ltr'><strong>usque</strong></span> <span class='ocrx_word' id='word_1_858' title='bbox 3133 4483 3200 4538; x_wconf 89' lang='lat' dir='ltr'><strong>ad</strong></span> <span class='ocrx_word' id='word_1_859' title='bbox 3228 4490 3283 4534; x_wconf 90' lang='lat' dir='ltr'><strong>ut</strong></span> <span class='ocrx_word' id='word_1_860' title='bbox 3316 4495 3431 4534; x_wconf 88' lang='lat' dir='ltr'><strong>om-</strong></span> 
     </span>
    </p>
   </div>
   <div class='ocr_carea' id='block_1_105' title="bbox 1767 4572 3434 4692">
    <p class='ocr_par' dir='ltr' id='par_1_105' title="bbox 1767 4572 3434 4692">
     <span class='ocr_line' id='line_1_105' title="bbox 1767 4572 3434 4692; baseline -0.019 -37"><span class='ocrx_word' id='word_1_861' title='bbox 1767 4632 1815 4692; x_wconf 73' lang='grc' dir='ltr'><strong>ι)</strong></span> <span class='ocrx_word' id='word_1_862' title='bbox 1840 4598 1986 4655; x_wconf 88' lang='lat' dir='ltr'><strong>nium</strong></span> <span class='ocrx_word' id='word_1_863' title='bbox 2016 4595 2344 4651; x_wconf 77' lang='lat' dir='ltr'><strong>misereatur.</strong></span> <span class='ocrx_word' id='word_1_864' title='bbox 2373 4590 2490 4646; x_wconf 85' lang='lat' dir='ltr'><strong>Non</strong></span> <span class='ocrx_word' id='word_1_865' title='bbox 2519 4590 2624 4644; x_wconf 88' lang='lat' dir='ltr'><strong>hoc</strong></span> <span class='ocrx_word' id='word_1_866' title='bbox 2660 4586 2781 4641; x_wconf 91' lang='lat' dir='ltr'><strong>ideo</strong></span> <span class='ocrx_word' id='word_1_867' title='bbox 2832 4581 3036 4692; x_wconf 61' lang='lat' dir='ltr'><strong>dictum</strong></span> <span class='ocrx_word' id='word_1_868' title='bbox 3063 4584 3146 4679; x_wconf 81' lang='lat' dir='ltr'><strong>est</strong></span> <span class='ocrx_word' id='word_1_869' title='bbox 3188 4573 3330 4692; x_wconf 51' lang='lat' dir='ltr'><strong>quo&#39;d</strong></span> <span class='ocrx_word' id='word_1_870' title='bbox 3361 4572 3434 4625; x_wconf 86' lang='lat' dir='ltr'><strong>sit</strong></span> 
     </span>
    </p>
   </div>
   <div class='ocr_carea' id='block_1_106' title="bbox 1843 4665 3428 4751">
    <p class='ocr_par' dir='ltr' id='par_1_106' title="bbox 1843 4665 3428 4751">
     <span class='ocr_line' id='line_1_106' title="bbox 1843 4665 3428 4751; baseline -0.019 -5"><span class='ocrx_word' id='word_1_871' title='bbox 1843 4689 2113 4748; x_wconf 89' lang='lat' dir='ltr'><strong>neminem</strong></span> <span class='ocrx_word' id='word_1_872' title='bbox 2145 4687 2520 4751; x_wconf 84' lang='lat' dir='ltr'><strong>damnaturus,</strong></span> <span class='ocrx_word' id='word_1_873' title='bbox 2537 4689 2844 4747; x_wconf 77' lang='lat' dir='ltr'><strong>etc.,usque</strong></span> <span class='ocrx_word' id='word_1_874' title='bbox 2859 4673 2926 4727; x_wconf 87' lang='lat' dir='ltr'><strong>ad</strong></span> <span class='ocrx_word' id='word_1_875' title='bbox 2960 4669 3229 4726; x_wconf 87' lang='lat' dir='ltr'><strong>neminem</strong></span> <span class='ocrx_word' id='word_1_876' title='bbox 3273 4665 3428 4720; x_wconf 83' lang='lat' dir='ltr'><strong>dam-</strong></span> 
     </span>
    </p>
   </div>
   <div class='ocr_carea' id='block_1_107' title="bbox 1843 4757 3433 4854">
    <p class='ocr_par' dir='ltr' id='par_1_107' title="bbox 1843 4757 3433 4854">
     <span class='ocr_line' id='line_1_107' title="bbox 1843 4757 3433 4854; baseline -0.019 -13"><span class='ocrx_word' id='word_1_877' title='bbox 1843 4793 2089 4841; x_wconf 86' lang='lat' dir='ltr'><strong>naturus.</strong></span> <span class='ocrx_word' id='word_1_878' title='bbox 2125 4781 2248 4854; x_wconf 90' lang='lat' dir='ltr'><strong>(ld.,</strong></span> <span class='ocrx_word' id='word_1_879' title='bbox 2292 4779 2382 4834; x_wconf 90' lang='lat' dir='ltr'><strong>lib.</strong></span> <span class='ocrx_word' id='word_1_880' title='bbox 2431 4791 2524 4832; x_wconf 79' lang='lat' dir='ltr'><strong>1m</strong></span> <span class='ocrx_word' id='word_1_881' title='bbox 2547 4775 2610 4829; x_wconf 83' lang='lat' dir='ltr'><strong>de</strong></span> <span class='ocrx_word' id='word_1_882' title='bbox 2632 4771 2742 4828; x_wconf 89' lang='lat' dir='ltr'><strong>Civ.</strong></span> <span class='ocrx_word' id='word_1_883' title='bbox 2766 4768 2886 4833; x_wconf 91' lang='lat' dir='ltr'><strong>Dei,</strong></span> <span class='ocrx_word' id='word_1_884' title='bbox 2911 4775 3042 4821; x_wconf 87' lang='lat' dir='ltr'><strong>tom.</strong></span> <span class='ocrx_word' id='word_1_885' title='bbox 3061 4759 3170 4828; x_wconf 88' lang='lat' dir='ltr'><strong>VII,</strong></span> <span class='ocrx_word' id='word_1_886' title='bbox 3197 4759 3304 4816; x_wconf 92' lang='lat' dir='ltr'><strong>col.</strong></span> <span class='ocrx_word' id='word_1_887' title='bbox 3326 4757 3433 4812; x_wconf 90' lang='lat'><strong>752</strong></span> 
     </span>
    </p>
   </div>
   <div class='ocr_carea' id='block_1_108' title="bbox 1843 4876 3432 5033">
    <p class='ocr_par' dir='ltr' id='par_1_108' title="bbox 1843 4876 3432 5033">
     <span class='ocr_line' id='line_1_108' title="bbox 1843 4876 3432 5033; baseline -0.021 -4"><span class='ocrx_word' id='word_1_888' title='bbox 1843 4886 1898 4934; x_wconf 55' lang='lat' dir='ltr'><strong>et</strong></span> <span class='ocrx_word' id='word_1_889' title='bbox 1917 4876 2236 5033; x_wconf 51' lang='lat' dir='ltr'><strong>Deglzi&#39;tudo,</strong></span> <span class='ocrx_word' id='word_1_890' title='bbox 2264 4973 2395 5030; x_wconf 89' lang='lat' dir='ltr'><strong>etc.,</strong></span> <span class='ocrx_word' id='word_1_891' title='bbox 2429 4973 2601 5030; x_wconf 90' lang='lat' dir='ltr'><strong>usque</strong></span> <span class='ocrx_word' id='word_1_892' title='bbox 2622 4957 2691 5012; x_wconf 89' lang='lat' dir='ltr'><strong>ad</strong></span> <span class='ocrx_word' id='word_1_893' title='bbox 2715 4955 2812 5026; x_wconf 87' lang='lat' dir='ltr'><strong>ipsi</strong></span> <span class='ocrx_word' id='word_1_894' title='bbox 2837 4951 3005 5023; x_wconf 88' lang='lat' dir='ltr'><strong>gloria</strong></span> <span class='ocrx_word' id='word_1_895' title='bbox 3028 4949 3083 5002; x_wconf 86' lang='lat' dir='ltr'><strong>in</strong></span> <span class='ocrx_word' id='word_1_896' title='bbox 3108 4944 3303 5002; x_wconf 74' lang='lat' dir='ltr'><strong>stecula</strong></span> <span class='ocrx_word' id='word_1_897' title='bbox 3333 4959 3432 4998; x_wconf 80' lang='lat' dir='ltr'><strong>sce-</strong></span> 
     </span>
    </p>
   </div>
   <div class='ocr_carea' id='block_1_109' title="bbox 1845 5036 3429 5121">
    <p class='ocr_par' dir='ltr' id='par_1_109' title="bbox 1845 5036 3429 5121">
     <span class='ocr_line' id='line_1_109' title="bbox 1845 5036 3429 5121; baseline -0.019 0"><span class='ocrx_word' id='word_1_898' title='bbox 1845 5063 2090 5121; x_wconf 89' lang='lat' dir='ltr'><strong>culorum</strong></span> <span class='ocrx_word' id='word_1_899' title='bbox 2113 5076 2286 5116; x_wconf 86' lang='lat' dir='ltr'><strong>amen.</strong></span> <span class='ocrx_word' id='word_1_900' title='bbox 2322 5054 2522 5111; x_wconf 83' lang='lat' dir='ltr'><strong>Nolunt</strong></span> <span class='ocrx_word' id='word_1_901' title='bbox 2565 5058 2624 5105; x_wconf 90' lang='lat' dir='ltr'><strong>ut</strong></span> <span class='ocrx_word' id='word_1_902' title='bbox 2653 5048 2725 5104; x_wconf 90' lang='lat' dir='ltr'><strong>sit</strong></span> <span class='ocrx_word' id='word_1_903' title='bbox 2774 5045 2875 5116; x_wconf 90' lang='lat' dir='ltr'><strong>ipsi</strong></span> <span class='ocrx_word' id='word_1_904' title='bbox 2931 5041 3103 5113; x_wconf 88' lang='lat' dir='ltr'><strong>gloria</strong></span> <span class='ocrx_word' id='word_1_905' title='bbox 3135 5040 3190 5095; x_wconf 93' lang='lat' dir='ltr'><strong>in</strong></span> <span class='ocrx_word' id='word_1_906' title='bbox 3227 5036 3429 5108; x_wconf 79' lang='lat' dir='ltr'><strong>justiﬁ-</strong></span> 
     </span>
    </p>
   </div>
   <div class='ocr_carea' id='block_1_110' title="bbox 1842 5129 3428 5225">
    <p class='ocr_par' dir='ltr' id='par_1_110' title="bbox 1842 5129 3428 5225">
     <span class='ocr_line' id='line_1_110' title="bbox 1842 5129 3428 5225; baseline -0.021 -10"><span class='ocrx_word' id='word_1_907' title='bbox 1842 5157 2029 5215; x_wconf 86' lang='lat' dir='ltr'><strong>candis</strong></span> <span class='ocrx_word' id='word_1_908' title='bbox 2053 5152 2253 5225; x_wconf 90' lang='lat' dir='ltr'><strong>impiis,</strong></span> <span class='ocrx_word' id='word_1_909' title='bbox 2280 5157 2407 5212; x_wconf 88' lang='lat' dir='ltr'><strong>etc.,</strong></span> <span class='ocrx_word' id='word_1_910' title='bbox 2436 5159 2597 5216; x_wconf 83' lang='lat' dir='ltr'><strong>usque</strong></span> <span class='ocrx_word' id='word_1_911' title='bbox 2623 5141 2690 5195; x_wconf 87' lang='lat' dir='ltr'><strong>ad</strong></span> <span class='ocrx_word' id='word_1_912' title='bbox 2721 5154 2817 5210; x_wconf 89' lang='lat' dir='ltr'><strong>per</strong></span> <span class='ocrx_word' id='word_1_913' title='bbox 2843 5135 3074 5208; x_wconf 84' lang='lat' dir='ltr'><strong>gratiam</strong></span> <span class='ocrx_word' id='word_1_914' title='bbox 3103 5133 3288 5203; x_wconf 86' lang='lat' dir='ltr'><strong>ipsius.</strong></span> <span class='ocrx_word' id='word_1_915' title='bbox 3306 5129 3428 5199; x_wconf 89' lang='lat' dir='ltr'><strong>(ld.,</strong></span> 
     </span>
    </p>
   </div>
   <div class='ocr_carea' id='block_1_111' title="bbox 1824 5226 3029 5322">
    <p class='ocr_par' dir='ltr' id='par_1_111' title="bbox 1824 5226 3029 5322">
     <span class='ocr_line' id='line_1_111' title="bbox 1824 5226 3029 5322; baseline -0.021 -17"><span class='ocrx_word' id='word_1_916' title='bbox 1824 5250 1989 5322; x_wconf 81' lang='lat' dir='ltr'><strong>epist.</strong></span> <span class='ocrx_word' id='word_1_917' title='bbox 2014 5247 2083 5300; x_wconf 86' lang='lat' dir='ltr'><strong>ad</strong></span> <span class='ocrx_word' id='word_1_918' title='bbox 2113 5244 2248 5299; x_wconf 71' lang='lat' dir='ltr'><strong>Sixt.</strong></span> <span class='ocrx_word' id='word_1_919' title='bbox 2275 5230 2457 5311; x_wconf 77' lang='lat' dir='ltr'><strong>episc.,</strong></span> <span class='ocrx_word' id='word_1_920' title='bbox 2492 5245 2622 5290; x_wconf 87' lang='lat' dir='ltr'><strong>tom.</strong></span> <span class='ocrx_word' id='word_1_921' title='bbox 2657 5231 2721 5298; x_wconf 93' lang='lat' dir='ltr'><strong>ll,</strong></span> <span class='ocrx_word' id='word_1_922' title='bbox 2749 5229 2852 5286; x_wconf 86' lang='lat' dir='ltr'><strong>col.</strong></span> <span class='ocrx_word' id='word_1_923' title='bbox 2877 5226 3029 5298; x_wconf 88' lang='lat'><strong>876.)</strong></span> 
     </span>
    </p>
   </div>
   <div class='ocr_carea' id='block_1_112' title="bbox 1915 5317 3432 5400">
    <p class='ocr_par' dir='ltr' id='par_1_112' title="bbox 1915 5317 3432 5400">
     <span class='ocr_line' id='line_1_112' title="bbox 1915 5317 3432 5400; baseline -0.02 0"><span class='ocrx_word' id='word_1_924' title='bbox 1915 5343 1958 5400; x_wconf 93' lang='grc' dir='ltr'><strong>Ο</strong></span> <span class='ocrx_word' id='word_1_925' title='bbox 2002 5338 2228 5397; x_wconf 89' lang='lat' dir='ltr'><strong>altitudo</strong></span> <span class='ocrx_word' id='word_1_926' title='bbox 2278 5333 2590 5390; x_wconf 87' lang='lat' dir='ltr'><strong>divitiarum</strong></span> <span class='ocrx_word' id='word_1_927' title='bbox 2635 5325 2938 5398; x_wconf 66' lang='lat' dir='ltr'><strong>sapientiae,</strong></span> <span class='ocrx_word' id='word_1_928' title='bbox 2987 5331 3118 5385; x_wconf 88' lang='lat' dir='ltr'><strong>etc.,</strong></span> <span class='ocrx_word' id='word_1_929' title='bbox 3175 5335 3336 5389; x_wconf 75' lang='lat' dir='ltr'><strong>usque</strong></span> <span class='ocrx_word' id='word_1_930' title='bbox 3363 5317 3432 5370; x_wconf 86' lang='lat' dir='ltr'><strong>ad</strong></span> 
     </span>
    </p>
   </div>
   <div class='ocr_carea' id='block_1_113' title="bbox 1845 5412 3432 5509">
    <p class='ocr_par' dir='ltr' id='par_1_113' title="bbox 1845 5412 3432 5509">
     <span class='ocr_line' id='line_1_113' title="bbox 1845 5412 3432 5509; baseline -0.02 -14"><span class='ocrx_word' id='word_1_931' title='bbox 1845 5436 2080 5509; x_wconf 87' lang='lat' dir='ltr'><strong>indignis</strong></span> <span class='ocrx_word' id='word_1_932' title='bbox 2126 5433 2247 5488; x_wconf 86' lang='lat' dir='ltr'><strong>aliis</strong></span> <span class='ocrx_word' id='word_1_933' title='bbox 2294 5429 2609 5499; x_wconf 71' lang='lat' dir='ltr'><strong>denegatur.</strong></span> <span class='ocrx_word' id='word_1_934' title='bbox 2641 5423 2762 5497; x_wconf 87' lang='lat' dir='ltr'><strong>(ld.,</strong></span> <span class='ocrx_word' id='word_1_935' title='bbox 2800 5421 2890 5476; x_wconf 87' lang='lat' dir='ltr'><strong>lib.</strong></span> <span class='ocrx_word' id='word_1_936' title='bbox 2937 5421 3001 5474; x_wconf 87' lang='lat' dir='ltr'><strong>de</strong></span> <span class='ocrx_word' id='word_1_937' title='bbox 3035 5416 3157 5472; x_wconf 84' lang='lat' dir='ltr'><strong>Cor.</strong></span> <span class='ocrx_word' id='word_1_938' title='bbox 3200 5424 3246 5469; x_wconf 85' lang='lat' dir='ltr'><strong>et</strong></span> <span class='ocrx_word' id='word_1_939' title='bbox 3275 5412 3432 5478; x_wconf 49' lang='grc' dir='ltr'>σιγὴ,</span> 
     </span>
    </p>
   </div>
   <div class='ocr_carea' id='block_1_114' title="bbox 1850 5515 2865 5599">
    <p class='ocr_par' dir='ltr' id='par_1_114' title="bbox 1850 5515 2865 5599">
     <span class='ocr_line' id='line_1_114' title="bbox 1850 5515 2865 5599; baseline -0.016 -13"><span class='ocrx_word' id='word_1_940' title='bbox 1850 5543 1980 5588; x_wconf 86' lang='grc' dir='ltr'>ιοιιι.</span> <span class='ocrx_word' id='word_1_941' title='bbox 2013 5528 2084 5593; x_wconf 81' lang='grc' dir='ltr'>Χ,</span> <span class='ocrx_word' id='word_1_942' title='bbox 2112 5533 2257 5599; x_wconf 87' lang='lat' dir='ltr'><strong>part.</strong></span> <span class='ocrx_word' id='word_1_943' title='bbox 2291 5538 2352 5588; x_wconf 91' lang='lat'><strong>11,</strong></span> <span class='ocrx_word' id='word_1_944' title='bbox 2385 5519 2488 5577; x_wconf 89' lang='lat' dir='ltr'><strong>col.</strong></span> <span class='ocrx_word' id='word_1_945' title='bbox 2512 5519 2619 5574; x_wconf 73' lang='lat'><strong>215</strong></span> <span class='ocrx_word' id='word_1_946' title='bbox 2643 5526 2699 5573; x_wconf 89' lang='lat' dir='ltr'><strong>et</strong></span> <span class='ocrx_word' id='word_1_947' title='bbox 2724 5515 2865 5585; x_wconf 85' lang='lat' dir='ltr'><strong>seq.)</strong></span> 
     </span>
    </p>
   </div>
   <div class='ocr_carea' id='block_1_115' title="bbox 1924 5597 3434 5692">
    <p class='ocr_par' dir='ltr' id='par_1_115' title="bbox 1924 5597 3434 5692">
     <span class='ocr_line' id='line_1_115' title="bbox 1924 5597 3434 5692; baseline -0.021 -14"><span class='ocrx_word' id='word_1_948' title='bbox 1924 5623 2048 5678; x_wconf 85' lang='lat' dir='ltr'><strong>Seio</strong></span> <span class='ocrx_word' id='word_1_949' title='bbox 2069 5597 2212 5692; x_wconf 84' lang='lat' dir='ltr'><strong>quod</strong></span> <span class='ocrx_word' id='word_1_950' title='bbox 2243 5615 2384 5672; x_wconf 89' lang='lat' dir='ltr'><strong>sicut</strong></span> <span class='ocrx_word' id='word_1_951' title='bbox 2428 5610 2855 5684; x_wconf 84' lang='lat' dir='ltr'><strong>impossibilitas,</strong></span> <span class='ocrx_word' id='word_1_952' title='bbox 2886 5614 3016 5668; x_wconf 90' lang='lat' dir='ltr'><strong>etc.,</strong></span> <span class='ocrx_word' id='word_1_953' title='bbox 3075 5617 3233 5670; x_wconf 82' lang='lat' dir='ltr'><strong>usque</strong></span> <span class='ocrx_word' id='word_1_954' title='bbox 3265 5598 3355 5692; x_wconf 46' lang='lat' dir='ltr'><strong>ad-</strong></span> <span class='ocrx_word' id='word_1_955' title='bbox 3375 5597 3434 5692; x_wconf 75' lang='lat' dir='ltr'><strong>in</strong></span> 
     </span>
    </p>
   </div>
   <div class='ocr_carea' id='block_1_116' title="bbox 1852 5683 3436 5772">
    <p class='ocr_par' dir='ltr' id='par_1_116' title="bbox 1852 5683 3436 5772">
     <span class='ocr_line' id='line_1_116' title="bbox 1852 5683 3436 5772; baseline -0.024 0"><span class='ocrx_word' id='word_1_956' title='bbox 1852 5712 2043 5772; x_wconf 65' lang='lat' dir='ltr'><strong>saecula</strong></span> <span class='ocrx_word' id='word_1_957' title='bbox 2085 5683 2433 5766; x_wconf 56' lang='lat' dir='ltr'><strong>seculorum.</strong></span> <span class='ocrx_word' id='word_1_958' title='bbox 2465 5683 2657 5758; x_wconf 85' lang='lat' dir='ltr'><strong>Amen.</strong></span> <span class='ocrx_word' id='word_1_959' title='bbox 2703 5699 2828 5770; x_wconf 87' lang='lat' dir='ltr'><strong>(ld.,</strong></span> <span class='ocrx_word' id='word_1_960' title='bbox 2863 5695 2952 5749; x_wconf 86' lang='lat' dir='ltr'><strong>tib.</strong></span> <span class='ocrx_word' id='word_1_961' title='bbox 2983 5693 3045 5746; x_wconf 87' lang='lat' dir='ltr'><strong>de</strong></span> <span class='ocrx_word' id='word_1_962' title='bbox 3074 5689 3215 5761; x_wconf 85' lang='lat' dir='ltr'><strong>Spir.</strong></span> <span class='ocrx_word' id='word_1_963' title='bbox 3246 5696 3293 5740; x_wconf 85' lang='lat' dir='ltr'><strong>et</strong></span> <span class='ocrx_word' id='word_1_964' title='bbox 3325 5683 3436 5737; x_wconf 77' lang='lat' dir='ltr'><strong>Lu-</strong></span> 
     </span>
    </p>
   </div>
   <div class='ocr_carea' id='block_1_117' title="bbox 1854 5793 3004 5875">
    <p class='ocr_par' dir='ltr' id='par_1_117' title="bbox 1854 5793 3004 5875">
     <span class='ocr_line' id='line_1_117' title="bbox 1854 5793 3004 5875; baseline -0.021 -10"><span class='ocrx_word' id='word_1_965' title='bbox 1854 5821 1972 5875; x_wconf 88' lang='lat' dir='ltr'><strong>ter.,</strong></span> <span class='ocrx_word' id='word_1_966' title='bbox 2001 5817 2154 5871; x_wconf 91' lang='lat' dir='ltr'><strong>tom.,</strong></span> <span class='ocrx_word' id='word_1_967' title='bbox 2183 5801 2251 5871; x_wconf 78' lang='grc' dir='ltr'>Χ,</span> <span class='ocrx_word' id='word_1_968' title='bbox 2283 5808 2422 5872; x_wconf 91' lang='lat' dir='ltr'><strong>part.</strong></span> <span class='ocrx_word' id='word_1_969' title='bbox 2456 5814 2496 5865; x_wconf 92' lang='lat'><strong>1,</strong></span> <span class='ocrx_word' id='word_1_970' title='bbox 2521 5796 2622 5854; x_wconf 90' lang='lat' dir='ltr'><strong>col.</strong></span> <span class='ocrx_word' id='word_1_971' title='bbox 2651 5793 2759 5850; x_wconf 87' lang='lat'><strong>258</strong></span> <span class='ocrx_word' id='word_1_972' title='bbox 2787 5800 2842 5847; x_wconf 87' lang='lat' dir='ltr'><strong>et</strong></span> <span class='ocrx_word' id='word_1_973' title='bbox 2864 5799 3004 5858; x_wconf 82' lang='lat' dir='ltr'><strong>seq.)</strong></span> 
     </span>
    </p>
   </div>
   <div class='ocr_carea' id='block_1_118' title="bbox 1929 5875 3436 5974">
    <p class='ocr_par' dir='ltr' id='par_1_118' title="bbox 1929 5875 3436 5974">
     <span class='ocr_line' id='line_1_118' title="bbox 1929 5875 3436 5974; baseline -0.022 -12"><span class='ocrx_word' id='word_1_974' title='bbox 1929 5903 2074 5962; x_wconf 86' lang='lat' dir='ltr'><strong>Dixit</strong></span> <span class='ocrx_word' id='word_1_975' title='bbox 2102 5900 2426 5974; x_wconf 85' lang='lat' dir='ltr'><strong>Apostolus:</strong></span> <span class='ocrx_word' id='word_1_976' title='bbox 2457 5894 2608 5954; x_wconf 91' lang='lat' dir='ltr'><strong>Unus</strong></span> <span class='ocrx_word' id='word_1_977' title='bbox 2633 5894 2765 5950; x_wconf 90' lang='lat' dir='ltr'><strong>deus</strong></span> <span class='ocrx_word' id='word_1_978' title='bbox 2795 5889 2956 5946; x_wconf 82' lang='lat' dir='ltr'><strong>Pater</strong></span> <span class='ocrx_word' id='word_1_979' title='bbox 2988 5900 3050 5940; x_wconf 67' lang='lat' dir='ltr'><strong>ex</strong></span> <span class='ocrx_word' id='word_1_980' title='bbox 3091 5896 3198 5954; x_wconf 86' lang='lat' dir='ltr'><strong>quo</strong></span> <span class='ocrx_word' id='word_1_981' title='bbox 3231 5875 3436 5944; x_wconf 85' lang='lat' dir='ltr'><strong>omnia,</strong></span> 
     </span>
    </p>
   </div>
  </div>
