3970 6306
591 366 690 422 511

1800 359 2006 417 FLORI
2047 356 2322 416 DIACONI
2361 357 2667 415 MONACHI
3696 325 3758 431 δίε

585 493 717 549 etc.,
751 498 912 554 usque
957 484 1026 537 ad
1078 481 1132 536 in
1185 479 1376 536 Saecula
1430 478 1770 535 saeculorum.
1812 474 2008 530 Amen.
2042 473 2166 545 (ld.,
2197 473 2250 533 Α
2273 470 2626 525 sobrietatem.
2654 469 3021 542 lntelligamus
3056 485 3218 543 quam
3267 472 3338 527 sit
3370 471 3597 544 Apostolo
3617 479 3758 541 obteul.

585 576 676 631 lib.
707 593 770 641 11,
801 585 968 630 contr.
1002 575 1251 638 Maxim.,
1276 581 1406 628 tom.
1438 570 1547 635 VII,
1582 568 1686 625 col.
1718 567 1820 623 799
1840 576 1896 621 et
1922 565 2063 637 seq.)

659 665 792 733 Quis
820 667 958 722 enim
981 666 1212 737 cognovit
1252 678 1461 718 sensum
1501 659 1737 724 Domini,
1774 667 1865 711 aut
1910 657 2026 728 quis
2048 671 2173 710 con-
2213 696 2221 704 .

541 778 544 782 ·
584 758 819 813 siliarius
844 758 960 829 ejus
987 756 1133 828 fuit?
1163 754 1273 810 Nec
1316 753 1517 808 mirum
1545 760 1628 806 est
1671 748 1814 820 quod
1838 747 2041 804 sanctis
2068 762 2170 802 an-

585 850 743 920 gelis,
791 859 921 916 etc.,
953 864 1111 920 usque
1150 847 1218 900 ad
1276 843 1719 916 superferebatur
1759 836 1920 911 super
1949 854 2168 910 aquam.

585 944 712 1012 (ld.,
740 943 830 998 lib.
869 944 932 998 de
974 937 1104 996 Gen.
1161 940 1230 994 ad
1279 939 1383 994 litt.
1411 981 1426 1004 ,
1467 947 1600 994 tom.
1628 935 1694 992 III
1726 976 1742 1003 ,
1790 945 1931 1006 part.
1966 951 2004 1000 1,
2061 933 2166 990 col.

582 1011 691 1091 225
719 1044 776 1091 et
799 1035 941 1105 seq.)
1041 1011 1056 1030 ”
1467 1100 1475 1104 η

655 1129 758 1183 Aut
779 1128 895 1198 quis
917 1127 1084 1196 prior,
1109 1133 1241 1193 etc.,
1265 1137 1440 1196 usque
1465 1123 1533 1178 ad
1562 1121 1661 1195 ipsi
1684 1120 1851 1192 gloria
1887 1120 1936 1172 in
1971 1117 2168 1174 saecula

580 1219 895 1284 saeculorum
915 1235 1088 1273 amen.
1119 1216 1187 1273 Et
1210 1217 1386 1288 ipsum
1415 1214 1581 1287 igitur
1612 1211 1826 1267 initium
1866 1211 2012 1276 lidei,
2036 1218 2166 1275 etc.,

579 1325 741 1380 usque
784 1309 853 1364 ad
898 1317 1025 1364 sunt
1073 1308 1277 1364 omnia.
1333 1305 1458 1380 (ld.,
1486 1305 1577 1359 lib.
1635 1304 1697 1357 de
1729 1299 1905 1356 Prtetl.
1963 1309 2166 1368 sanct.,

578 1411 710 1459 tom.
738 1401 806 1469 X,
837 1410 980 1474 part.
1005 1419 1048 1468 1,
1077 1401 1181 1458 col.
1215 1399 1364 1473 962.)

646 1495 820 1550 Aliter
845 1496 990 1550 enim
1015 1495 1247 1552 dicimus
1274 1492 1501 1557 homini,
1525 1491 1711 1555 debes,
1745 1494 1878 1552 etc.,
1907 1502 2068 1555 usque
2097 1486 2166 1538 ad

577 1601 644 1643 ne
674 1601 1054 1642 remaneamus
1080 1586 1297 1659 ingrati.
1333 1585 1458 1656 (ld.,
1499 1600 1656 1638 serm.
1709 1580 1774 1635 de
1813 1595 1917 1635 ver.
1957 1578 2162 1648 Apost.,

577 1689 707 1736 tom.
751 1679 814 1747 V,
839 1688 979 1751 part.
1007 1697 1048 1746 1,
1085 1679 1189 1736 col.
1221 1677 1327 1735 865
1350 1686 1406 1733 et
1430 1678 1570 1747 seq.)

647 1775 912 1840 Quoniam
930 1789 995 1828 ea:
1023 1773 1138 1843 ipso
1160 1779 1209 1827 et
1233 1787 1326 1843 per
1340 1772 1512 1841 ipsum
1537 1778 1584 1824 et
1606 1769 1660 1822 in
1686 1782 1796 1838 ipso
1821 1773 1940 1820 sunt
1963 1764 2164 1828 omnia,

519 1915 532 1939 ‘
575 1866 675 1935 ipsi
703 1865 872 1935 gloria
895 1867 952 1920 in
974 1864 1170 1920 stecula
1191 1862 1505 1920 steculorum
1526 1876 1697 1915 amen.

643 1955 858 2027 Religet
885 1971 1014 2028 ergo
1034 1971 1135 2012 nos
1151 1955 1344 2028 religio
1368 1953 1460 2010 uni
1483 1952 1841 2022 omnipotenti
1864 1950 1997 2016 Deo,
2024 1958 2160 2017 etc.,

571 2065 737 2122 usque
777 2052 845 2105 ad
894 2051 947 2106 in
984 2050 1181 2107 saecula
1219 2049 1558 2106 saeculorum.
1595 2047 1788 2102 Amen.
1827 2044 1950 2116 (ld.,
1977 2044 2068 2099 lib.
2099 2045 2164 2098 de

576 2157 683 2195 ver.
718 2141 1013 2214 Religione,
1047 2151 1176 2197 tom.
1202 2140 1287 2207 ΙΙΙ,
1318 2147 1458 2210 part.
1492 2155 1532 2204 1,
1563 2136 1665 2192 col.
1699 2135 1849 2206 172.)

645 2233 755 2289 Res
791 2233 954 2304 igitur
981 2233 1177 2304 quibus
1205 2231 1490 2288 fruendum
1537 2238 1644 2294 est,
1689 2235 1823 2293 etc.,
1878 2243 2040 2298 usque
2091 2227 2162 2288 ad

569 2336 795 2399 propter
835 2327 1084 2398 spiritum
1099 2334 1364 2383 sanctum.
1399 2322 1519 2396 (ld.,
1553 2321 1642 2376 lib.
1671 2321 1735 2376 de
1761 2319 2158 2386 Doct.CIm’st.,

571 2431 703 2476 tom.
737 2419 822 2486 ΙΙΙ,
850 2427 994 2492 part.
1022 2436 1058 2484 1,
1094 2419 1195 2474 col.
1223 2416 1339 2490 21.)

641 2513 817 2569 Unum
850 2512 1058 2568 scilicet
1082 2511 1371 2568 Dominum
1412 2523 1533 2565 esse
1561 2507 1756 2571 solum,
1791 2505 1879 2561 cui
1925 2505 2160 2561 servitus

571 2609 659 2664 illa
691 2608 917 2664 debetur
945 2623 1064 2680 quae
1107 2607 1286 2672 latria,
1338 2614 1468 2672 etc.,
1520 2620 1683 2675 usque
1709 2603 1778 2656 ad
1823 2610 1878 2657 et
1930 2599 2005 2656 illi
2058 2599 2160 2655 soli

569 2703 793 2758 servies.
824 2701 951 2772 (ld.,
978 2703 1129 2774 epist.
1149 2702 1217 2757 ad
1241 2700 1616 2766 Maximinum,
1645 2685 1775 2754 tom.
1793 2696 1977 2764 ll,col.
2006 2695 2075 2751 96
2104 2705 2160 2751 et

566 2793 709 2865 seq.)

636 2883 756 2940 Non
785 2886 932 2942 enim
959 2885 1094 2941 duos
1122 2891 1217 2939 aut
1245 2892 1356 2940 tres
1399 2883 1553 2949 deos,
1597 2890 1724 2945 etc.,
1756 2896 1918 2950 usque
1944 2879 2013 2933 ad
2062 2879 2158 2934 sed

565 2977 673 3045 ipsi
701 2977 890 3046 gloria.
931 2975 1056 3048 (ld.,
1089 2985 1244 3030 tract.
1277 2977 1332 3030 in
1376 2973 1511 3045 psal.
1545 2989 1599 3040 ν,
1627 2980 1756 3029 tom.
1790 2971 1880 3038 IV,
1919 2980 2058 3041 part.
2116 2987 2155 3036 1,

567 3067 671 3123 col.
703 3067 819 3135 84.)

636 3157 798 3213 Pater
819 3173 928 3215 non
956 3160 1121 3216 habet
1147 3168 1360 3232 patrem
1390 3159 1456 3214 de
1481 3173 1588 3229 quo
1614 3159 1703 3223 sit,
1735 3165 1866 3223 etc.,
1901 3173 2062 3229 usque
2087 3156 2156 3211 tul

563 3251 618 3305 in
660 3249 857 3305 saecula
903 3250 1245 3307 saeculorum.
1283 3251 1474 3307 Amen.
1521 3249 1640 3322 (ld.,
1675 3248 1767 3303 lib.
1818 3248 1882 3302 de
1937 3245 2150 3311 Trinit.,

565 3351 699 3397 tom.
736 3340 871 3408 VIII,
894 3340 998 3398 col.
1039 3341 1136 3398 951
1171 3350 1227 3397 et
1253 3341 1393 3411 seq.)

632 3435 769 3504 Quia
792 3450 921 3507 ergo
950 3436 1092 3490 Deus
1114 3434 1296 3489 omnia
1321 3449 1440 3505 quae
1466 3447 1573 3489 non
1601 3433 1667 3488 de
1691 3446 1752 3487 se
1781 3430 1987 3502 genuit,
2016 3439 2149 3497 etc.,

560 3546 726 3600 usque
759 3529 828 3583 ad
848 3528 1078 3585 sollicita
1123 3529 1235 3585 sint
1257 3530 1518 3584 membra.
1559 3527 1683 3601 (ld.,
1717 3525 1809 3580 lib.
1843 3526 1907 3580 de
1937 3523 2151 3580 Natura

559 3622 702 3689 boni,
733 3629 864 3678 tom.
905 3619 1033 3688 VIII,
1066 3619 1171 3678 col.
1201 3619 1308 3676 559
1335 3628 1390 3676 et
1417 3618 1557 3691 seq.)

1159 3776 1390 3838 CAPUT
1429 3778 1540 3836 XII.

623 3899 850 3955 Obsecro
875 3898 1075 3968 itaque,
1101 3895 1314 3967 fratres,
1340 3903 1471 3961 etc.,
1501 3905 1674 3964 usque
1699 3893 1766 3949 ad
1811 3902 1859 3949 et
1908 3891 2147 3964 benepla«

557 4007 677 4046 cens
702 4000 750 4045 et
779 3991 1032 4062 perfecta.

627 4083 834 4140 Verum
866 4084 1197 4142 sacrificium
1241 4092 1325 4142 est
1368 4098 1530 4142 onme
1585 4097 1726 4154 opus
1773 4082 1920 4153 quod
1964 4081 2146 4152 agitur

554 4186 689 4242 etc.,
734 4193 897 4243 usque
921 4177 990 4230 ad
1024 4191 1152 4248 pars
1197 4176 1253 4232 in
1297 4176 1403 4233 illis
1442 4176 1758 4248 opitulatur.
1799 4174 1929 4245 (ld.,
1957 4173 2049 4227 lib.
2086 4188 2143 4238 κ,

554 4267 620 4322 de
643 4267 756 4324 Civ.
784 4266 927 4335 Dei.,
961 4277 1092 4326 tom.
1122 4268 1232 4336 VII,
1261 4269 1365 4325 col.
1403 4269 1508 4324 285
1543 4277 1598 4324 et
1626 4267 1770 4339 seq.)

621 4362 690 4418 Et
715 4363 876 4421 nolite
897 4364 1219 4435 conformari
1251 4365 1372 4419 huic
1401 4362 1616 4428 sarculo,
1661 4360 1752 4415 sed
1780 4357 2144 4428 reformamini

550 4459 605 4512 in
662 4457 888 4512 novitate
911 4471 1096 4510 sensus
1143 4455 1321 4510 vestri.
1363 4452 1478 4508 Non
1515 4453 1591 4507 ita
1634 4457 1718 4507 est
1769 4445 2145 4517 accipiendum

551 4548 706 4618 quasi
756 4555 928 4604 totum
959 4546 1207 4602 amiserit
1258 4546 1443 4611 homo,
1501 4552 1632 4608 etc.,
1681 4557 1844 4611 usque
1883 4540 1954 4594 ad
2003 4553 2145 4596 vane

2272 563 2572 633 perandum
2620 564 2956 635 praecipienti
2985 605 2999 630 ,
3046 573 3153 620 etc.
3183 605 3199 632 ,
3247 582 3408 637 usque
3456 571 3518 622 ad
3555 581 3758 647 antequam

2275 665 2506 713 crescat.
2540 656 2665 728 (ld.,
2694 657 2788 712 lib.
2820 674 2897 713 x11
2922 658 2987 714 de
3009 657 3122 714 Civ.
3154 658 3272 726 Dei,
3305 669 3431 716 tom.
3451 661 3758 732 Vll,col.565.)

2345 744 2416 801 Et
2456 747 2734 820 unicuique
2757 749 2891 802 sicut
2916 747 3060 804 Deus
3086 749 3285 817 divisit,
3307 760 3436 820 etc.,
3470 769 3616 827 usque
3641 762 3690 815 ad
3705 735 3757 832 qui

2271 851 2477 910 prteest,
2501 843 2558 896 in
2585 840 2958 898 sollicitudine.

2343 935 2487 991 Ecce
2535 943 2778 1005 apertam
2832 937 3228 996 confessionem
3277 941 3417 999 illius
3459 946 3634 1015 gratiae,
3675 962 3756 1016 etc.,

2274 1043 2437 1099 usque
2465 1027 2535 1082 ad
2562 1028 2850 1098 unicuique
2877 1029 3156 1100 partitum.
3187 1030 3312 1103 (ld.,
3356 1034 3497 1104 epist.
3543 1040 3602 1092 ad
3643 1038 3758 1096 lulia-

2273 1133 2423 1184 num,
2449 1126 2579 1173 tom.
2611 1116 2678 1185 Il,
2717 1118 2821 1175 col.
2856 1119 3009 1191 855.)

2344 1212 2421 1267 De
2447 1211 2572 1279 ﬁde,
2592 1212 2695 1270 hoc
2716 1222 2801 1270 est
2825 1215 2893 1270 de
2911 1215 3189 1274 voluntate
3213 1222 3499 1288 credentis,
3525 1230 3634 1290 etc.,
3659 1241 3760 1295 usqu

2273 1301 2342 1355 ad
2365 1301 2594 1358 Domino
2617 1303 2746 1360 Jesu
2767 1303 3004 1363 Christo.
3023 1307 3147 1380 (ld.,
3165 1307 3258 1365 lib.
3275 1311 3341 1366 de
3359 1307 3499 1368 Grat.
3523 1324 3563 1368 et
3583 1315 3654 1370 lib.
3673 1318 3758 1381 arb,

2274 1402 2406 1451 tom.
2434 1395 2502 1462 Χ,
2535 1406 2678 1468 part.
2711 1414 2753 1467 1,
2781 1399 2884 1455 col.
2923 1399 3073 1474 891.)

2342 1487 2588 1555 Constat,
2611 1490 2728 1546 sine
2755 1490 2960 1562 Spiritu
2982 1503 3173 1551 sancto
3201 1496 3471 1553 Christum
3487 1515 3572 1554 nos
3590 1499 3758 1572 diligere,

2273 1588 2329 1636 et
2355 1579 2472 1648 ejus
2501 1583 2756 1640 mandata
2807 1599 3030 1643 servare
3072 1603 3178 1642 non
3221 1603 3398 1659 posse,
3424 1599 3545 1655 etc.,
3569 1609 3691 1663 usque
3720 1597 3760 1646 at

2273 1671 2418 1729 idem
2462 1681 2643 1730 autem
2687 1676 2930 1746 spiritus.
2974 1679 3096 1749 (ld.,
3129 1689 3286 1735 tract.
3320 1682 3373 1734 in
3417 1680 3596 1754 Evang.
3636 1683 3758 1750 locu,

2274 1773 2406 1822 tom.
2430 1764 2517 1832 ΙΙΙ,
2538 1776 2681 1838 part.
2715 1784 2776 1837 11,
2801 1769 2906 1828 col.
2935 1771 3122 1841 1828.)

2191 1851 2241 1913 Β
2339 1857 2516 1930 Ipsam
2547 1859 2707 1916 fidem
2747 1864 2892 1919 unde
2935 1868 3116 1920 omnis
3152 1864 3368 1934 justitia
3405 1868 3556 1924 sumit
3603 1869 3758 1930 initium,

2267 1959 2412 2018 etc.,
2457 1967 2620 2024 usque
2668 1954 2738 2008 ad
2774 1954 2902 2025 quia
2949 1956 3182 2013 occulta.
3234 1958 3361 2031 (ld.,
3397 1961 3536 2032 epist.
3575 1966 3631 2016 ad
3675 1959 3758 2016 Sin.

2265 2044 2461 2115 presb.,
2491 2052 2622 2101 tom.
2648 2043 2716 2114 II,
2746 2047 2849 2104 col.
2878 2047 2982 2105 877
3009 2058 3066 2105 et
3093 2050 3237 2122 seq.)

2340 2136 2447 2204 Qui
2467 2138 2765 2207 miseretur,
2785 2140 2841 2196 in
2868 2141 3159 2211 hilaritate,
3191 2153 3324 2211 etc.,
3357 2159 3518 2215 usque
3550 2144 3606 2200 ad
3640 2145 3760 2199 sollici-

2267 2229 2448 2284 tudine
2477 2247 2580 2286 non
2604 2232 2762 2303 pigri.
2796 2232 3062 2300 Quoniam
3098 2237 3152 2291 in
3191 2237 3376 2294 multis
3403 2237 3758 2294 oﬂ‘endimusom-

2265 2339 2366 2382 nes
2380 2324 2621 2395 suggerit
2651 2324 2982 2381 dominicam
3010 2334 3268 2399 tanquam
3298 2329 3651 2401 quotidianam,
3673 2337 3756 2391 etc.,

2264 2430 2428 2485 usque
2449 2414 2517 2468 ad
2534 2414 2711 2485 diligit
2739 2414 2900 2472 Deus.
2926 2416 3054 2488 (ld.,
3088 2417 3182 2474 lib.
3209 2436 3250 2476 11
3275 2423 3342 2475 aa'
3365 2418 3587 2486 Hieron,
3611 2418 3756 2481 ton1.ll,

2265 2507 2368 2563 col.
2403 2506 2508 2563 740
2535 2516 2593 2564 et
2621 2508 2762 2581 seq.)

2336 2601 2538 2674 Spiritu
2579 2604 2868 2675 ferventes,
2910 2607 3124 2663 domino
3149 2610 3442 2666 servientes.
3488 2608 3568 2664 Ait
3600 2607 3758 2663 Joannes

2264 2695 2407 2749 inter
2433 2702 2631 2750 caetera
2655 2709 2776 2766 quas
2806 2697 3019 2754 locutus
3050 2706 3136 2754 est
3170 2698 3244 2755 ad
3280 2714 3394 2767 eos,
3421 2707 3540 2765 etc.,
3578 2699 3755 2770 usquead

2263 2785 2504 2842 charitas
2517 2788 2967 2863 multorum.(ld.,
2984 2807 3142 2847 serm.
3164 2791 3232 2848 de
3259 2791 3459 2865 blaspn.
3485 2791 3609 2848 Suir.
3627 2798 3754 2848 sunt.

2266 2885 2397 2934 tom.
2431 2878 2497 2944 V,
2525 2888 2669 2949 part.
2703 2895 2744 2947 1,
2778 2881 2885 2937 col.
2913 2880 3069 2953 455.)

2332 2992 2618 3066 Eloquium
2647 2995 2854 3052 domini
2881 2997 3078 3068 ignivit
3096 3013 3246 3067 eum,
3275 3011 3406 3068 etc.,
3435 3016 3578 3071 usque
3601 2997 3653 3052 ad
3673 3001 3754 3051 clu-
3846 3005 3847 3076 χ

2262 3085 2397 3142 ritas
2427 3085 2742 3142 multorum.
2775 3087 2903 3158 (ld.,
2927 3097 3086 3145 tract.
3108 3091 3165 3146 in
3196 3089 3348 3148 Psal.
3371 3110 3424 3160 x,
3444 3101 3558 3149 tom.
3585 3089 3749 3157 lV,part
3846 3087 3847 3104 ῖ

2262 3193 2322 3244 11,
2357 3177 2460 3234 col.
2489 3178 2678 3250 1405.)

2333 3269 2439 3341 Spe
2458 3271 2766 3342 gaudentes,
2797 3281 2927 3342 etc.,
2956 3291 3129 3348 usque
3150 3278 3219 3334 ad
3243 3281 3467 3352 idipsum
3490 3277 3667 3334 invicem
3679 3289 3751 3328 sen-

2258 3362 2461 3418 tientes.
2505 3363 2562 3418 In
2611 3380 2808 3438 magna
2832 3367 3045 3424 videtur
3087 3385 3210 3428 esse
3263 3372 3471 3429 tristitia
3518 3385 3621 3427 cum
3650 3367 3749 3428 dicit.

2257 3454 2624 3526 Concupiscit,
2659 3467 2792 3525 etc.,
2819 3476 2983 3532 usque
3013 3462 3085 3516 ad
3107 3478 3216 3519 non
3255 3465 3508 3522 aufertur.
3531 3462 3748 3534 (ld.,tmcl-

2253 3547 2388 3618 psal.
2424 3564 2656 3616 Lxxx111,
2689 3559 2820 3606 tom.
2853 3550 2942 3618 IV,
2969 3562 3111 3624 part.
3141 3570 3202 3623 11,
3237 3556 3342 3613 col.
3379 3554 3507 3611 1059
3529 3549 3698 3620 etsqu

2325 3659 2466 3730 Quid
2492 3660 2595 3717 sibi
2621 3661 2769 3717 vult:
2791 3661 3021 3719 Labores
3045 3664 3315 3735 fructuum
3341 3677 3535 3722 tuorum
3553 3658 3752 3718 mandum-
3846 3663 3847 3666 ‘

2253 3753 2352 3819 bis,
2368 3760 2501 3819 etc.,
2529 3769 2692 3825 usque
2713 3754 2784 3808 ad
2805 3754 2897 3810 ubi
2913 3756 3246 3827 sempiterna
3270 3757 3506 3815 felicitas.
3529 3754 3629 3828 (ld.,
3651 3754 3750 3804 tract.
3846 3801 3847 3804 η

2252 3844 2305 3898 in
2337 3841 2488 3898 Psal.
2513 3859 2718 3913 cxxvu,
2743 3852 2875 3900 tom.
2900 3843 2992 3917 IV,
3027 3857 3172 3919 part.
3203 3866 3267 3918 11,
3318 3849 3419 3908 col.
3457 3845 3578 3905 1685
3601 3851 3643 3899 et
3675 3851 3748 3904 sol-

2250 3946 2305 3993 et
2327 3940 2561 4010 praeced.
2588 3940 2762 4012 ejusd.
2795 3942 2926 4016 col.)

2323 4051 2449 4108 Non
2495 4053 2606 4109 alta
2665 4057 2945 4127 sapientes,
2975 4057 3068 4111 sed
3116 4058 3401 4113 liumuious
3444 4049 3748 4111 consentiente-

2250 4147 2402 4203 Tnnc
2431 4148 2577 4203 enim
2608 4145 2715 4205 erit
2762 4147 3043 4204 humilitas
3085 4163 3240 4216 vera,
3283 4150 3329 4206 si
3375 4163 3476 4204 non
3501 4144 3597 4202 sola
3631 4145 3752 4194 osten-

2249 4250 2394 4298 telur
2430 4241 2484 4296 in
2537 4239 2740 4310 lingua,
2787 4248 2920 4307 etc.,
2974 4257 3139 4311 usque
3196 4242 3267 4296 ad
3290 4255 3446 4312 quam
3491 4245 3674 4292 tumere.
3697 4222 3749 4312 (ὃς

2246 4336 2412 4405 Aug.,
2457 4341 2613 4389 tract.
2644 4332 2700 4386 in
2729 4331 2864 4402 psal.
2896 4310 3088 4398 cxv111,
3124 4341 3260 4388 tom.
3290 4310 3380 4398 IV,
3431 4335 3556 4400 part.
3591 4310 3751 4384 11,155'2

2246 4434 2302 4481 et
2327 4424 2471 4497 seq.)

2315 4518 2420 4586 Qui
2435 4532 2495 4575 se
2516 4516 2725 4574 exaltat
2743 4502 3133 4582 humiliabitur,
3149 4524 3286 4584 etc.,
3301 4529 3456 4587 usque
3479 4510 3541 4566 ad
3567 4500 3748 4562 inimicus

550 4598 927 4696 satiant};
959 4598 1094 4710 ("13:
1103 4598 1204 4691 iis.“
1231 4598 1595 4700 tanta...
1620 4598 1825 4697 lamin
1856 4629 1960 4688 col.
1992 4628 2143 4703 628.)

2251 4610 2500 4682 injustus.
2532 4607 2661 4683 (ld.,
2691 4623 2794 4662 scr.
2821 4607 2886 4662 de
2925 4623 3068 4678 pass.
3092 4606 3329 4674 Domini,
3358 4614 3482 4662 tom.
3512 4598 3570 4666 Ἴ,
3595 4599 3698 4666 part.
3724 4605 3746 4649 ι,

623 4729 724 4797 Qui
741 4744 871 4785 vero
889 4727 1297 4785 commemorati
1313 4730 1726 4788 convertuntur,
1741 4729 1846 4778 etc.
1859 4764 1873 4789 ,
1898 4721 2140 4794 usquead

549 4821 692 4876 sicut
713 4822 890 4891 potuit
917 4820 1245 4878 deformare.
1275 4818 1401 4889 (ld.,
1421 4817 1510 4871 lib.
1532 4831 1626 4872 x1v
1655 4816 1720 4870 de
1749 4814 1966 4883 Trinit.,
2002 4823 2136 4870 tom.

549 4910 684 4979 vm,
713 4912 817 4968 col.
858 4911 1044 4984 1055.)

618 5005 880 5061 Dominus
915 5005 1009 5075 qui
1059 5004 1285 5060 verbum
1341 5015 1724 5058 consummans
1775 5007 1828 5055 et
1879 4999 2137 5054 brevians

543 5097 690 5164 fecit,
721 5106 854 5164 etc.,
903 5113 1066 5167 usque
1109 5096 1179 5151 ad
1220 5094 1480 5165 perducat
1527 5092 1728 5149 officio.
1777 5091 1903 5163 (ld.,
1952 5091 2043 5146 lib.
2071 5091 2135 5146 de

545 5187 695 5258 Perf.
712 5187 1034 5259 just.ltom.,
1061 5196 1194 5242 tom.
1223 5183 1291 5251 X,
1324 5193 1464 5257 part.
1498 5201 1536 5250 1,
1569 5183 1672 5240 col.
1701 5181 1806 5237 296
1830 5191 1887 5237 et
1922 5182 2064 5253 seq.)

613 5279 755 5348 Quid
781 5285 1057 5335 estautem
1069 5275 1213 5331 aliud
1232 5275 1441 5347 justitia
1467 5290 1590 5331 cum
1617 5275 1671 5329 in
1688 5274 1845 5329 nobis
1865 5281 1971 5338 est,
2003 5283 2132 5341 etc.,

545 5391 706 5446 usque
727 5374 796 5428 ad
823 5371 892 5427 ad
921 5370 1212 5441 imaginem
1238 5370 1354 5426 Dei.
1373 5369 1497 5441 (ld.,
1520 5370 1668 5440 epist.
1693 5367 1765 5422 ad
1795 5366 2132 5423 Consentium

543 5467 606 5520 de
632 5463 913 5528 Trinitale,
937 5469 1069 5517 tom.
1101 5460 1165 5516 ll.
1193 5461 1299 5518 col.
1333 5461 1486 5533 462.)

615 5558 694 5614 Ex
719 5557 859 5612 libro
885 5555 1289 5614 confessionum
1318 5556 1695 5613 tertiodecimo
1724 5572 1850 5613 cum
1876 5557 1942 5613 de
1977 5556 2134 5612 initio

541 5650 788 5716 Genesis,
803 5657 932 5717 etc.,
950 5665 1109 5722 usque
1129 5651 1198 5705 ad
1209 5649 1504 5722 perfectqu
1525 5658 1626 5704 est.
1643 5648 1740 5720 (Id.
1754 5689 1769 5716 ,
1786 5649 1876 5704 lib.
1895 5647 2106 5720 Confes.
2120 5690 2135 5715 ,

544 5751 672 5802 tom.
708 5741 749 5809 I,
786 5741 892 5798 col.
927 5741 1075 5813 658.)

615 5833 741 5890 Dico
765 5835 901 5910 enim.
942 5850 1030 5888 ver
1069 5836 1315 5909 gratiam,
1363 5845 1492 5903 etc.,
1541 5848 1710 5916 usque
1748 5835 1813 5890 ad
1854 5851 2033 5904 sapere
2063 5835 2132 5889 ad

2315 4703 2350 4758 Ι.
2381 4701 2536 4758 1087.

2315 4703 2350 4758 Ι.
2381 4701 2448 4758 10
2485 4701 2536 4756 7.

2246 4701 2495 4851 coNoli:
2519 4700 2629 4849 cisse
2650 4793 2928 4865 prudentes
2957 4793 3099 4865 apud
3129 4792 3482 4863 nosmetipsos,
3503 4793 3610 4845 etc.,
3631 4782 3746 4840 usque

2197 4923 2202 4928 -
2243 4890 2312 4946 ad
2340 4905 2456 4943 cum
2488 4888 2727 4944 omnibus
2750 4887 3046 4942 hominibus
3077 4903 3260 4958 pacem
3285 4884 3532 4940 habentes.
3559 4873 3645 4930 Sex
3665 4869 3747 4922 sun!

2242 4981 2300 5036 in
2342 4981 2445 5036 isto
2496 4992 2693 5049 genere
2723 4975 3074 5042 differentiae,
3107 4986 3235 5044 etc.,
3268 4990 3423 5046 usque
3458 4970 3520 5024 ad
3545 4959 3743 5049 homini}I

2242 5073 2345 5129 sibi
2389 5044 2662 5143 expetere.
2708 5068 2806 5142 (Id.
2833 5110 2849 5136 ,
2893 5078 3046 5124 tract.
3093 5069 3147 5123 in
3188 5044 3516 5140 psal.—cvm,
3541 5068 3647 5114 tom.
3677 5044 3741 5107 IV.

2239 5175 2382 5238 part.
2413 5181 2475 5232 11,
2496 5163 2598 5221 col.
2631 5162 2769 5219 1452
2794 5169 2850 5219 et
2874 5162 3014 5236 seq.)

2314 5281 2440 5337 Non
2465 5281 2805 5351 nosmetipsos
2836 5279 3239 5350 defendentes...
3263 5295 3354 5351 ego
3377 5273 3642 5331 retribuam,
3657 5252 3742 5311 dicit

2188 5394 2192 5398 ·
2241 5373 2519 5428 Dominus.
2549 5370 2704 5439 Quod
2733 5369 2996 5441 scriptum
3030 5379 3114 5427 est
3145 5372 3199 5426 in
3228 5362 3553 5441 Apocalypsi,
3579 5351 3657 5411 sub
3671 5356 3738 5441 ita

2240 5465 2335 5521 Dei
2369 5437 2658 5538 martyres,
2685 5471 2822 5530 etc.,
2841 5437 3004 5534 usque
3028 5462 3098 5516 ad
3119 5437 3390 5518 volun—tate
3416 5447 3632 5538 crudelii-
3649 5437 3735 5538 ﬂii:

2238 5567 2394 5612 tract.
2447 5520 2691 5628 indpsa'l.
2743 5520 2970 5619 LX’XVII'I,
3025 5561 3154 5610 tom.
3186 5552 3274 5620 IV,
3320 5556 3450 5622 part.
3474 5561 3506 5607 1,
3535 5535 3620 5596 col.
3643 5520 3736 5618 l0”
3846 5565 3847 5630 ξ

2235 5659 2289 5707 et
2311 5652 2450 5723 seq.)

2311 5744 2416 5800 Sed
2448 5745 2494 5799 si
2513 5745 2750 5800 esurierit
2774 5744 3083 5800 inimicus...
3105 5757 3262 5814 super
3280 5743 3425 5808 caput
3450 5741 3567 5800 ejus-

3592 5717 3733 5773 δεηθ-
3846 5719 3847 5773 ξ

2236 5837 2384 5893 bitur
2409 5853 2537 5907 ergo
2588 5839 2642 5894 in
2699 5799 3347 5911 locutionibusfiguratis,
3393 5799 3732 5890 etC-,“illi‘i‘d
