  <div class='ocr_page' id='page_1' title='image "/cluster/home/n/w/nwhite01/storage/ocr_20150623/119/hvd.32044015466915/162.png"; bbox 0 0 3970 6306; ppageno 0'>
   <div class='ocr_carea' id='block_1_1' title="bbox 164 382 279 436">
    <p class='ocr_par' dir='ltr' id='par_1_1' title="bbox 164 382 279 436">
     <span class='ocr_line' id='line_1_1' title="bbox 164 382 279 436; baseline 0 0"><span class='ocrx_word' id='word_1_1' title='bbox 164 382 279 436; x_wconf 77' lang='grc'><strong>515</strong></span> 
     </span>
    </p>
   </div>
   <div class='ocr_carea' id='block_1_2' title="bbox 1039 361 2515 427">
    <p class='ocr_par' dir='ltr' id='par_1_2' title="bbox 1039 361 2515 427">
     <span class='ocr_line' id='line_1_2' title="bbox 1039 361 2515 427; baseline -0.006 -1"><span class='ocrx_word' id='word_1_2' title='bbox 1039 369 1404 427; x_wconf 79' lang='lat' dir='ltr'><strong>EXPOSITIO</strong></span> <span class='ocrx_word' id='word_1_3' title='bbox 1441 369 1509 425; x_wconf 81' lang='lat' dir='ltr'>IN</span> <span class='ocrx_word' id='word_1_4' title='bbox 1551 366 1700 425; x_wconf 86' lang='lat' dir='ltr'><strong>EPP.</strong></span> <span class='ocrx_word' id='word_1_5' title='bbox 1740 364 1947 421; x_wconf 83' lang='lat' dir='ltr'><strong>PAULI</strong></span> <span class='ocrx_word' id='word_1_6' title='bbox 1985 396 2052 405; x_wconf 79' lang='lat'><strong>-——</strong></span> <span class='ocrx_word' id='word_1_7' title='bbox 2091 363 2178 421; x_wconf 84' lang='grc' dir='ltr'><strong>ΕΡ</strong></span> <span class='ocrx_word' id='word_1_8' title='bbox 2221 364 2313 419; x_wconf 82' lang='lat' dir='ltr'><strong>AD</strong></span> <span class='ocrx_word' id='word_1_9' title='bbox 2351 361 2515 419; x_wconf 81' lang='lat' dir='ltr'><strong>ROM.</strong></span> 
     </span>
    </p>
   </div>
   <div class='ocr_carea' id='block_1_3' title="bbox 3295 363 3451 418">
    <p class='ocr_par' dir='ltr' id='par_1_3' title="bbox 3295 363 3451 418">
     <span class='ocr_line' id='line_1_3' title="bbox 3295 363 3451 418; baseline 0 0"><span class='ocrx_word' id='word_1_10' title='bbox 3295 399 3301 403; x_wconf 66' lang='grc' dir='ltr'><strong>ι</strong></span> <span class='ocrx_word' id='word_1_11' title='bbox 3346 363 3451 418; x_wconf 72' lang='grc' dir='ltr'><strong>5η</strong></span> 
     </span>
    </p>
   </div>
   <div class='ocr_carea' id='block_1_4' title="bbox 165 472 3449 556">
    <p class='ocr_par' dir='ltr' id='par_1_4' title="bbox 165 472 3449 556">
     <span class='ocr_line' id='line_1_4' title="bbox 165 472 3449 556; baseline -0.006 -7"><span class='ocrx_word' id='word_1_12' title='bbox 165 489 412 550; x_wconf 70' lang='lat' dir='ltr'><strong>miseria:</strong></span> <span class='ocrx_word' id='word_1_13' title='bbox 430 483 763 543; x_wconf 78' lang='lat' dir='ltr'><strong>subvenitur.</strong></span> <span class='ocrx_word' id='word_1_14' title='bbox 783 482 906 556; x_wconf 88' lang='lat' dir='ltr'><strong>(ld.,</strong></span> <span class='ocrx_word' id='word_1_15' title='bbox 933 482 1019 538; x_wconf 89' lang='lat' dir='ltr'><strong>lib.</strong></span> <span class='ocrx_word' id='word_1_16' title='bbox 1039 499 1098 539; x_wconf 87' lang='grc' dir='ltr'><strong>ιιι</strong></span> <span class='ocrx_word' id='word_1_17' title='bbox 1114 480 1656 548; x_wconf 87' lang='lat' dir='ltr'><strong>deDoctr.Christ.,t.</strong></span> <span class='ocrx_word' id='word_1_18' title='bbox 1675 478 1759 548; x_wconf 90' lang='lat' dir='ltr'><strong>lll,</strong></span> <span class='ocrx_word' id='word_1_19' title='bbox 1789 481 1844 543; x_wconf 76' lang='grc' dir='ltr'><strong>Α</strong></span> <span class='ocrx_word' id='word_1_20' title='bbox 1941 477 2087 532; x_wconf 90' lang='lat' dir='ltr'><strong>Nam</strong></span> <span class='ocrx_word' id='word_1_21' title='bbox 2111 494 2214 532; x_wconf 90' lang='lat' dir='ltr'><strong>non</strong></span> <span class='ocrx_word' id='word_1_22' title='bbox 2237 474 2628 531; x_wconf 88' lang='lat' dir='ltr'><strong>adulterabis...</strong></span> <span class='ocrx_word' id='word_1_23' title='bbox 2662 472 2846 544; x_wconf 79' lang='lat' dir='ltr'><strong>diliges</strong></span> <span class='ocrx_word' id='word_1_24' title='bbox 2876 473 3172 543; x_wconf 76' lang='lat' dir='ltr'><strong>proximum</strong></span> <span class='ocrx_word' id='word_1_25' title='bbox 3200 482 3449 545; x_wconf 79' lang='lat' dir='ltr'><strong>tanquam</strong></span> 
     </span>
    </p>
   </div>
   <div class='ocr_carea' id='block_1_5' title="bbox 164 575 873 658">
    <p class='ocr_par' dir='ltr' id='par_1_5' title="bbox 164 575 873 658">
     <span class='ocr_line' id='line_1_5' title="bbox 164 575 873 658; baseline -0.017 -18"><span class='ocrx_word' id='word_1_26' title='bbox 164 591 316 658; x_wconf 89' lang='lat' dir='ltr'><strong>part.</strong></span> <span class='ocrx_word' id='word_1_27' title='bbox 349 600 387 648; x_wconf 91' lang='grc' dir='ltr'><strong>ι,</strong></span> <span class='ocrx_word' id='word_1_28' title='bbox 416 578 521 636; x_wconf 90' lang='lat' dir='ltr'><strong>col.</strong></span> <span class='ocrx_word' id='word_1_29' title='bbox 552 578 621 632; x_wconf 72' lang='lat'><strong>74</strong></span> <span class='ocrx_word' id='word_1_30' title='bbox 644 584 700 632; x_wconf 89' lang='lat' dir='ltr'><strong>et</strong></span> <span class='ocrx_word' id='word_1_31' title='bbox 732 575 873 648; x_wconf 86' lang='lat' dir='ltr'><strong>seq.)</strong></span> 
     </span>
    </p>
   </div>
   <div class='ocr_carea' id='block_1_6' title="bbox 1861 565 3448 642">
    <p class='ocr_par' dir='ltr' id='par_1_6' title="bbox 1861 565 3448 642">
     <span class='ocr_line' id='line_1_6' title="bbox 1861 565 3448 642; baseline 0.001 -17"><span class='ocrx_word' id='word_1_32' title='bbox 1861 570 2104 642; x_wconf 88' lang='lat' dir='ltr'><strong>teipsum.</strong></span> <span class='ocrx_word' id='word_1_33' title='bbox 2153 567 2262 624; x_wconf 91' lang='lat' dir='ltr'><strong>Cur</strong></span> <span class='ocrx_word' id='word_1_34' title='bbox 2285 583 2416 640; x_wconf 89' lang='lat' dir='ltr'><strong>ergo</strong></span> <span class='ocrx_word' id='word_1_35' title='bbox 2444 583 2553 624; x_wconf 89' lang='lat' dir='ltr'><strong>non</strong></span> <span class='ocrx_word' id='word_1_36' title='bbox 2583 566 2812 623; x_wconf 88' lang='lat' dir='ltr'><strong>dicimus</strong></span> <span class='ocrx_word' id='word_1_37' title='bbox 2857 565 2949 636; x_wconf 88' lang='lat' dir='ltr'><strong>qui</strong></span> <span class='ocrx_word' id='word_1_38' title='bbox 2998 565 3141 621; x_wconf 89' lang='lat' dir='ltr'><strong>hanc</strong></span> <span class='ocrx_word' id='word_1_39' title='bbox 3193 567 3448 626; x_wconf 83' lang='lat' dir='ltr'><strong>virtutem</strong></span> 
     </span>
    </p>
   </div>
   <div class='ocr_carea' id='block_1_7' title="bbox 244 657 3446 737">
    <p class='ocr_par' dir='ltr' id='par_1_7' title="bbox 244 657 3446 737">
     <span class='ocr_line' id='line_1_7' title="bbox 244 657 3446 737; baseline -0.006 -6"><span class='ocrx_word' id='word_1_40' title='bbox 244 674 376 731; x_wconf 81' lang='lat' dir='ltr'><strong>Noli</strong></span> <span class='ocrx_word' id='word_1_41' title='bbox 389 669 848 737; x_wconf 81' lang='lat' dir='ltr'><strong>vinciamalo,sed</strong></span> <span class='ocrx_word' id='word_1_42' title='bbox 865 668 1008 724; x_wconf 86' lang='lat' dir='ltr'><strong>vince</strong></span> <span class='ocrx_word' id='word_1_43' title='bbox 1021 669 1076 724; x_wconf 89' lang='lat' dir='ltr'><strong>in</strong></span> <span class='ocrx_word' id='word_1_44' title='bbox 1092 666 1457 723; x_wconf 86' lang='lat' dir='ltr'><strong>bonontalum.</strong></span> <span class='ocrx_word' id='word_1_45' title='bbox 1483 664 1760 723; x_wconf 86' lang='lat' dir='ltr'><strong>Contende</strong></span> <span class='ocrx_word' id='word_1_46' title='bbox 1857 662 2041 729; x_wconf 87' lang='lat' dir='ltr'><strong>habet,</strong></span> <span class='ocrx_word' id='word_1_47' title='bbox 2065 671 2196 730; x_wconf 92' lang='lat' dir='ltr'><strong>etc.,</strong></span> <span class='ocrx_word' id='word_1_48' title='bbox 2235 678 2398 734; x_wconf 88' lang='lat' dir='ltr'><strong>usque</strong></span> <span class='ocrx_word' id='word_1_49' title='bbox 2423 661 2493 716; x_wconf 89' lang='lat' dir='ltr'><strong>ad</strong></span> <span class='ocrx_word' id='word_1_50' title='bbox 2522 659 2658 716; x_wconf 86' lang='lat' dir='ltr'><strong>nihil</strong></span> <span class='ocrx_word' id='word_1_51' title='bbox 2701 673 2768 715; x_wconf 80' lang='lat' dir='ltr'><strong>ex</strong></span> <span class='ocrx_word' id='word_1_52' title='bbox 2814 659 2947 715; x_wconf 93' lang='lat' dir='ltr'><strong>vitio</strong></span> <span class='ocrx_word' id='word_1_53' title='bbox 2974 659 3294 715; x_wconf 78' lang='lat' dir='ltr'><strong>remanebit.</strong></span> <span class='ocrx_word' id='word_1_54' title='bbox 3326 657 3446 731; x_wconf 64' lang='lat' dir='ltr'><strong>(ld.,</strong></span> 
     </span>
    </p>
   </div>
   <div class='ocr_carea' id='block_1_8' title="bbox 163 738 1787 836">
    <p class='ocr_par' dir='ltr' id='par_1_8' title="bbox 163 738 1787 836">
     <span class='ocr_line' id='line_1_8' title="bbox 163 738 1787 836; baseline -0.007 -9"><span class='ocrx_word' id='word_1_55' title='bbox 163 787 298 827; x_wconf 87' lang='lat' dir='ltr'><strong>cum</strong></span> <span class='ocrx_word' id='word_1_56' title='bbox 324 769 487 835; x_wconf 89' lang='lat' dir='ltr'><strong>malo,</strong></span> <span class='ocrx_word' id='word_1_57' title='bbox 517 767 634 832; x_wconf 87' lang='lat' dir='ltr'><strong>sed,</strong></span> <span class='ocrx_word' id='word_1_58' title='bbox 659 773 792 832; x_wconf 90' lang='lat' dir='ltr'><strong>etc.,</strong></span> <span class='ocrx_word' id='word_1_59' title='bbox 812 780 972 836; x_wconf 78' lang='lat' dir='ltr'><strong>usque</strong></span> <span class='ocrx_word' id='word_1_60' title='bbox 992 763 1060 818; x_wconf 81' lang='lat' dir='ltr'><strong>ad</strong></span> <span class='ocrx_word' id='word_1_61' title='bbox 1079 763 1186 819; x_wconf 92' lang='lat' dir='ltr'><strong>duo</strong></span> <span class='ocrx_word' id='word_1_62' title='bbox 1206 761 1353 818; x_wconf 90' lang='lat' dir='ltr'><strong>mali.</strong></span> <span class='ocrx_word' id='word_1_63' title='bbox 1379 760 1500 834; x_wconf 89' lang='lat' dir='ltr'><strong>(ld.,</strong></span> <span class='ocrx_word' id='word_1_64' title='bbox 1524 767 1678 815; x_wconf 84' lang='lat' dir='ltr'><strong>tract.</strong></span> <span class='ocrx_word' id='word_1_65' title='bbox 1703 738 1787 816; x_wconf 42' lang='lat' dir='ltr'><strong>in’</strong></span> 
     </span>
    </p>
   </div>
   <div class='ocr_carea' id='block_1_9' title="bbox 161 853 1366 935">
    <p class='ocr_par' dir='ltr' id='par_1_9' title="bbox 161 853 1366 935">
     <span class='ocr_line' id='line_1_9' title="bbox 161 853 1366 935; baseline -0.008 -17"><span class='ocrx_word' id='word_1_66' title='bbox 161 863 308 935; x_wconf 82' lang='lat' dir='ltr'><strong>psal.</strong></span> <span class='ocrx_word' id='word_1_67' title='bbox 340 876 526 930; x_wconf 74' lang='lat' dir='ltr'><strong>xxxvi,</strong></span> <span class='ocrx_word' id='word_1_68' title='bbox 559 866 692 915; x_wconf 89' lang='lat' dir='ltr'><strong>tom.</strong></span> <span class='ocrx_word' id='word_1_69' title='bbox 715 855 805 925; x_wconf 88' lang='lat' dir='ltr'><strong>IV,</strong></span> <span class='ocrx_word' id='word_1_70' title='bbox 833 863 978 928; x_wconf 83' lang='lat' dir='ltr'><strong>part.</strong></span> <span class='ocrx_word' id='word_1_71' title='bbox 1007 871 1048 924; x_wconf 90' lang='grc' dir='ltr'><strong>ι,</strong></span> <span class='ocrx_word' id='word_1_72' title='bbox 1079 854 1184 912; x_wconf 92' lang='lat' dir='ltr'><strong>col.</strong></span> <span class='ocrx_word' id='word_1_73' title='bbox 1211 853 1366 924; x_wconf 68' lang='grc'><strong>564.)</strong></span> 
     </span>
    </p>
   </div>
   <div class='ocr_carea' id='block_1_10' title="bbox 241 948 1762 1026">
    <p class='ocr_par' dir='ltr' id='par_1_10' title="bbox 241 948 1762 1026">
     <span class='ocr_line' id='line_1_10' title="bbox 241 948 1762 1026; baseline -0.006 -14"><span class='ocrx_word' id='word_1_74' title='bbox 241 955 305 1013; x_wconf 90' lang='lat' dir='ltr'><strong>Si</strong></span> <span class='ocrx_word' id='word_1_75' title='bbox 334 963 392 1011; x_wconf 90' lang='lat' dir='ltr'><strong>tu</strong></span> <span class='ocrx_word' id='word_1_76' title='bbox 425 955 540 1026; x_wconf 88' lang='lat' dir='ltr'><strong>jam</strong></span> <span class='ocrx_word' id='word_1_77' title='bbox 566 967 675 1008; x_wconf 90' lang='lat' dir='ltr'><strong>non</strong></span> <span class='ocrx_word' id='word_1_78' title='bbox 700 965 760 1009; x_wconf 91' lang='lat' dir='ltr'><strong>es</strong></span> <span class='ocrx_word' id='word_1_79' title='bbox 785 950 979 1017; x_wconf 87' lang='lat' dir='ltr'><strong>malus,</strong></span> <span class='ocrx_word' id='word_1_80' title='bbox 1011 957 1145 1016; x_wconf 90' lang='lat' dir='ltr'><strong>etc.,</strong></span> <span class='ocrx_word' id='word_1_81' title='bbox 1174 965 1338 1021; x_wconf 86' lang='lat' dir='ltr'><strong>usque</strong></span> <span class='ocrx_word' id='word_1_82' title='bbox 1359 948 1428 1003; x_wconf 88' lang='lat' dir='ltr'><strong>ad</strong></span> <span class='ocrx_word' id='word_1_83' title='bbox 1450 963 1590 1004; x_wconf 89' lang='lat' dir='ltr'><strong>unus</strong></span> <span class='ocrx_word' id='word_1_84' title='bbox 1617 956 1762 1005; x_wconf 87' lang='lat' dir='ltr'><strong>esset</strong></span> 
     </span>
    </p>
   </div>
   <div class='ocr_carea' id='block_1_11' title="bbox 157 1037 1757 1115">
    <p class='ocr_par' dir='ltr' id='par_1_11' title="bbox 157 1037 1757 1115">
     <span class='ocr_line' id='line_1_11' title="bbox 157 1037 1757 1115; baseline -0.006 -12"><span class='ocrx_word' id='word_1_85' title='bbox 157 1047 366 1103; x_wconf 86' lang='lat' dir='ltr'><strong>bonus.</strong></span> <span class='ocrx_word' id='word_1_86' title='bbox 391 1043 520 1115; x_wconf 91' lang='lat' dir='ltr'><strong>(ld.,</strong></span> <span class='ocrx_word' id='word_1_87' title='bbox 546 1058 705 1098; x_wconf 86' lang='lat' dir='ltr'><strong>serm.</strong></span> <span class='ocrx_word' id='word_1_88' title='bbox 753 1041 818 1098; x_wconf 89' lang='lat' dir='ltr'><strong>de</strong></span> <span class='ocrx_word' id='word_1_89' title='bbox 869 1038 1055 1096; x_wconf 91' lang='lat' dir='ltr'><strong>natali.</strong></span> <span class='ocrx_word' id='word_1_90' title='bbox 1088 1038 1150 1096; x_wconf 92' lang='lat' dir='ltr'><strong>S.</strong></span> <span class='ocrx_word' id='word_1_91' title='bbox 1199 1037 1494 1107; x_wconf 76' lang='lat' dir='ltr'><strong>Laurentii,</strong></span> <span class='ocrx_word' id='word_1_92' title='bbox 1525 1047 1655 1095; x_wconf 91' lang='lat' dir='ltr'><strong>tom.</strong></span> <span class='ocrx_word' id='word_1_93' title='bbox 1691 1037 1757 1105; x_wconf 91' lang='lat' dir='ltr'><strong>V,</strong></span> 
     </span>
    </p>
   </div>
   <div class='ocr_carea' id='block_1_12' title="bbox 158 1134 729 1211">
    <p class='ocr_par' dir='ltr' id='par_1_12' title="bbox 158 1134 729 1211">
     <span class='ocr_line' id='line_1_12' title="bbox 158 1134 729 1211; baseline -0.002 -18"><span class='ocrx_word' id='word_1_94' title='bbox 158 1147 314 1211; x_wconf 89' lang='lat' dir='ltr'><strong>part.</strong></span> <span class='ocrx_word' id='word_1_95' title='bbox 343 1154 387 1206; x_wconf 86' lang='grc' dir='ltr'><strong>ι,</strong></span> <span class='ocrx_word' id='word_1_96' title='bbox 410 1136 516 1194; x_wconf 92' lang='lat' dir='ltr'><strong>col.</strong></span> <span class='ocrx_word' id='word_1_97' title='bbox 542 1134 729 1208; x_wconf 82' lang='lat'><strong>1589.)</strong></span> 
     </span>
    </p>
   </div>
   <div class='ocr_carea' id='block_1_13' title="bbox 773 1227 1157 1287">
    <p class='ocr_par' dir='ltr' id='par_1_13' title="bbox 773 1227 1157 1287">
     <span class='ocr_line' id='line_1_13' title="bbox 773 1227 1157 1287; baseline -0.01 0"><span class='ocrx_word' id='word_1_98' title='bbox 773 1227 1000 1287; x_wconf 86' lang='lat' dir='ltr'>CAPUT</span> <span class='ocrx_word' id='word_1_99' title='bbox 1021 1227 1157 1284; x_wconf 84' lang='lat' dir='ltr'><strong>XIII.</strong></span> 
     </span>
    </p>
   </div>
   <div class='ocr_carea' id='block_1_14' title="bbox 241 1318 1756 1396">
    <p class='ocr_par' dir='ltr' id='par_1_14' title="bbox 241 1318 1756 1396">
     <span class='ocr_line' id='line_1_14' title="bbox 241 1318 1756 1396; baseline -0.005 -14"><span class='ocrx_word' id='word_1_100' title='bbox 241 1327 430 1382; x_wconf 76' lang='lat' dir='ltr'><strong>Omnis</strong></span> <span class='ocrx_word' id='word_1_101' title='bbox 454 1339 633 1380; x_wconf 74' lang='lat' dir='ltr'><strong>anima</strong></span> <span class='ocrx_word' id='word_1_102' title='bbox 654 1321 995 1396; x_wconf 75' lang='lat' dir='ltr'><strong>potestatibus</strong></span> <span class='ocrx_word' id='word_1_103' title='bbox 1020 1318 1410 1376; x_wconf 77' lang='lat' dir='ltr'><strong>sublimioribus</strong></span> <span class='ocrx_word' id='word_1_104' title='bbox 1439 1320 1648 1375; x_wconf 89' lang='lat' dir='ltr'><strong>subdita</strong></span> <span class='ocrx_word' id='word_1_105' title='bbox 1669 1321 1756 1376; x_wconf 90' lang='lat' dir='ltr'><strong>sit.</strong></span> 
     </span>
    </p>
   </div>
   <div class='ocr_carea' id='block_1_15' title="bbox 157 1410 1757 1492">
    <p class='ocr_par' dir='ltr' id='par_1_15' title="bbox 157 1410 1757 1492">
     <span class='ocr_line' id='line_1_15' title="bbox 157 1410 1757 1492; baseline -0.008 -15"><span class='ocrx_word' id='word_1_106' title='bbox 157 1422 208 1475; x_wconf 86' lang='lat' dir='ltr'><strong>A</strong></span> <span class='ocrx_word' id='word_1_107' title='bbox 244 1428 401 1492; x_wconf 83' lang='lat' dir='ltr'><strong>parte</strong></span> <span class='ocrx_word' id='word_1_108' title='bbox 419 1417 722 1489; x_wconf 85' lang='lat' dir='ltr'><strong>superiore,</strong></span> <span class='ocrx_word' id='word_1_109' title='bbox 752 1421 884 1483; x_wconf 89' lang='lat' dir='ltr'><strong>etc.,</strong></span> <span class='ocrx_word' id='word_1_110' title='bbox 907 1429 1070 1485; x_wconf 84' lang='lat' dir='ltr'><strong>usque</strong></span> <span class='ocrx_word' id='word_1_111' title='bbox 1090 1412 1184 1480; x_wconf 93' lang='lat' dir='ltr'><strong>ad,</strong></span> <span class='ocrx_word' id='word_1_112' title='bbox 1211 1411 1390 1470; x_wconf 91' lang='lat' dir='ltr'><strong>omnis</strong></span> <span class='ocrx_word' id='word_1_113' title='bbox 1414 1412 1597 1468; x_wconf 87' lang='lat' dir='ltr'><strong>homo.</strong></span> <span class='ocrx_word' id='word_1_114' title='bbox 1631 1410 1757 1483; x_wconf 87' lang='lat' dir='ltr'><strong>(ld.,</strong></span> 
     </span>
    </p>
   </div>
   <div class='ocr_carea' id='block_1_16' title="bbox 156 1503 1756 1579">
    <p class='ocr_par' dir='ltr' id='par_1_16' title="bbox 156 1503 1756 1579">
     <span class='ocr_line' id='line_1_16' title="bbox 156 1503 1756 1579; baseline -0.004 -14"><span class='ocrx_word' id='word_1_115' title='bbox 156 1522 326 1566; x_wconf 86' lang='lat' dir='ltr'><strong>tract.</strong></span> <span class='ocrx_word' id='word_1_116' title='bbox 361 1510 464 1566; x_wconf 84' lang='lat'><strong>105</strong></span> <span class='ocrx_word' id='word_1_117' title='bbox 491 1509 544 1564; x_wconf 87' lang='lat' dir='ltr'><strong>in</strong></span> <span class='ocrx_word' id='word_1_118' title='bbox 575 1523 760 1579; x_wconf 76' lang='lat' dir='ltr'><strong>evang.</strong></span> <span class='ocrx_word' id='word_1_119' title='bbox 799 1522 902 1562; x_wconf 88' lang='lat' dir='ltr'><strong>sec.</strong></span> <span class='ocrx_word' id='word_1_120' title='bbox 944 1504 1110 1561; x_wconf 87' lang='lat' dir='ltr'><strong>Joan.</strong></span> <span class='ocrx_word' id='word_1_121' title='bbox 1159 1503 1262 1562; x_wconf 91' lang='lat' dir='ltr'><strong>col.</strong></span> <span class='ocrx_word' id='word_1_122' title='bbox 1287 1503 1463 1572; x_wconf 66' lang='lat'><strong>1904;</strong></span> <span class='ocrx_word' id='word_1_123' title='bbox 1507 1513 1636 1561; x_wconf 90' lang='lat' dir='ltr'><strong>tom.</strong></span> <span class='ocrx_word' id='word_1_124' title='bbox 1667 1503 1756 1572; x_wconf 90' lang='lat' dir='ltr'><strong>Ill,</strong></span> 
     </span>
    </p>
   </div>
   <div class='ocr_carea' id='block_1_17' title="bbox 154 1594 1583 1672">
    <p class='ocr_par' dir='ltr' id='par_1_17' title="bbox 154 1594 1583 1672">
     <span class='ocr_line' id='line_1_17' title="bbox 154 1594 1583 1672; baseline -0.003 -17"><span class='ocrx_word' id='word_1_125' title='bbox 154 1610 308 1672; x_wconf 82' lang='lat' dir='ltr'><strong>part.</strong></span> <span class='ocrx_word' id='word_1_126' title='bbox 340 1617 406 1668; x_wconf 89' lang='grc' dir='ltr'><strong>ιι,</strong></span> <span class='ocrx_word' id='word_1_127' title='bbox 442 1616 598 1655; x_wconf 88' lang='lat' dir='ltr'><strong>serm.</strong></span> <span class='ocrx_word' id='word_1_128' title='bbox 629 1614 682 1653; x_wconf 74' lang='lat' dir='ltr'><strong>vr</strong></span> <span class='ocrx_word' id='word_1_129' title='bbox 709 1598 774 1652; x_wconf 90' lang='lat' dir='ltr'><strong>de</strong></span> <span class='ocrx_word' id='word_1_130' title='bbox 805 1596 974 1653; x_wconf 80' lang='lat' dir='ltr'><strong>verbis</strong></span> <span class='ocrx_word' id='word_1_131' title='bbox 999 1595 1171 1652; x_wconf 80' lang='lat' dir='ltr'><strong>Euan.</strong></span> <span class='ocrx_word' id='word_1_132' title='bbox 1202 1613 1294 1652; x_wconf 85' lang='lat' dir='ltr'><strong>seu</strong></span> <span class='ocrx_word' id='word_1_133' title='bbox 1323 1594 1583 1668; x_wconf 85' lang='lat' dir='ltr'><strong>Domini.)</strong></span> 
     </span>
    </p>
   </div>
   <div class='ocr_carea' id='block_1_18' title="bbox 131 1689 1758 1764">
    <p class='ocr_par' dir='ltr' id='par_1_18' title="bbox 131 1689 1758 1764">
     <span class='ocr_line' id='line_1_18' title="bbox 131 1689 1758 1764; baseline -0.002 -17"><span class='ocrx_word' id='word_1_134' title='bbox 131 1737 139 1747; x_wconf 94' lang='lat'><strong>.</strong></span> <span class='ocrx_word' id='word_1_135' title='bbox 238 1693 466 1750; x_wconf 84' lang='lat' dir='ltr'><strong>Prodest</strong></span> <span class='ocrx_word' id='word_1_136' title='bbox 490 1706 622 1764; x_wconf 91' lang='lat' dir='ltr'><strong>ergo</strong></span> <span class='ocrx_word' id='word_1_137' title='bbox 649 1698 704 1746; x_wconf 91' lang='lat' dir='ltr'><strong>et</strong></span> <span class='ocrx_word' id='word_1_138' title='bbox 757 1689 1020 1746; x_wconf 81' lang='lat' dir='ltr'><strong>severitas</strong></span> <span class='ocrx_word' id='word_1_139' title='bbox 1067 1699 1269 1756; x_wconf 89' lang='lat' dir='ltr'><strong>vestra,</strong></span> <span class='ocrx_word' id='word_1_140' title='bbox 1319 1697 1449 1757; x_wconf 88' lang='lat' dir='ltr'><strong>etc.,</strong></span> <span class='ocrx_word' id='word_1_141' title='bbox 1496 1705 1662 1757; x_wconf 84' lang='lat' dir='ltr'><strong>usque</strong></span> <span class='ocrx_word' id='word_1_142' title='bbox 1687 1689 1758 1745; x_wconf 90' lang='lat' dir='ltr'><strong>ad</strong></span> 
     </span>
    </p>
   </div>
   <div class='ocr_carea' id='block_1_19' title="bbox 154 1782 1752 1858">
    <p class='ocr_par' dir='ltr' id='par_1_19' title="bbox 154 1782 1752 1858">
     <span class='ocr_line' id='line_1_19' title="bbox 154 1782 1752 1858; baseline -0.002 -16"><span class='ocrx_word' id='word_1_143' title='bbox 154 1787 477 1845; x_wconf 85' lang='lat' dir='ltr'><strong>dilectionis</strong></span> <span class='ocrx_word' id='word_1_144' title='bbox 532 1783 807 1858; x_wconf 91' lang='lat' dir='ltr'><strong>impletur.</strong></span> <span class='ocrx_word' id='word_1_145' title='bbox 837 1782 965 1855; x_wconf 91' lang='lat' dir='ltr'><strong>(ld.,</strong></span> <span class='ocrx_word' id='word_1_146' title='bbox 1016 1782 1108 1839; x_wconf 86' lang='lat' dir='ltr'><strong>lib.</strong></span> <span class='ocrx_word' id='word_1_147' title='bbox 1154 1782 1354 1854; x_wconf 88' lang='lat' dir='ltr'><strong>Epist.,</strong></span> <span class='ocrx_word' id='word_1_148' title='bbox 1381 1790 1514 1839; x_wconf 91' lang='lat' dir='ltr'><strong>tom.</strong></span> <span class='ocrx_word' id='word_1_149' title='bbox 1552 1783 1618 1853; x_wconf 93' lang='lat' dir='ltr'><strong>Il,</strong></span> <span class='ocrx_word' id='word_1_150' title='bbox 1647 1785 1752 1841; x_wconf 92' lang='lat' dir='ltr'><strong>col.</strong></span> 
     </span>
    </p>
   </div>
   <div class='ocr_carea' id='block_1_20' title="bbox 155 1881 518 1953">
    <p class='ocr_par' dir='ltr' id='par_1_20' title="bbox 155 1881 518 1953">
     <span class='ocr_line' id='line_1_20' title="bbox 155 1881 518 1953; baseline -0.008 -18"><span class='ocrx_word' id='word_1_151' title='bbox 155 1881 264 1938; x_wconf 84' lang='lat'><strong>661</strong></span> <span class='ocrx_word' id='word_1_152' title='bbox 294 1890 352 1938; x_wconf 89' lang='lat' dir='ltr'><strong>et</strong></span> <span class='ocrx_word' id='word_1_153' title='bbox 377 1881 518 1953; x_wconf 87' lang='lat' dir='ltr'><strong>seq.)</strong></span> 
     </span>
    </p>
   </div>
   <div class='ocr_carea' id='block_1_21' title="bbox 242 1966 1758 2042">
    <p class='ocr_par' dir='ltr' id='par_1_21' title="bbox 242 1966 1758 2042">
     <span class='ocr_line' id='line_1_21' title="bbox 242 1966 1758 2042; baseline -0.003 -14"><span class='ocrx_word' id='word_1_154' title='bbox 242 1971 367 2027; x_wconf 88' lang='lat' dir='ltr'><strong>Non</strong></span> <span class='ocrx_word' id='word_1_155' title='bbox 392 1980 469 2028; x_wconf 87' lang='lat' dir='ltr'><strong>est</strong></span> <span class='ocrx_word' id='word_1_156' title='bbox 497 1971 636 2028; x_wconf 91' lang='lat' dir='ltr'><strong>enim</strong></span> <span class='ocrx_word' id='word_1_157' title='bbox 656 1976 883 2042; x_wconf 81' lang='lat' dir='ltr'><strong>potestas</strong></span> <span class='ocrx_word' id='word_1_158' title='bbox 902 1967 1005 2023; x_wconf 87' lang='lat' dir='ltr'><strong>nisi</strong></span> <span class='ocrx_word' id='word_1_159' title='bbox 1027 1985 1062 2022; x_wconf 91' lang='lat' dir='ltr'><strong>a</strong></span> <span class='ocrx_word' id='word_1_160' title='bbox 1082 1966 1217 2023; x_wconf 88' lang='lat' dir='ltr'><strong>Deo.</strong></span> <span class='ocrx_word' id='word_1_161' title='bbox 1257 1967 1392 2034; x_wconf 75' lang='lat' dir='ltr'><strong>Qua:</strong></span> <span class='ocrx_word' id='word_1_162' title='bbox 1412 1977 1587 2024; x_wconf 86' lang='lat' dir='ltr'><strong>autem</strong></span> <span class='ocrx_word' id='word_1_163' title='bbox 1614 1977 1758 2038; x_wconf 87' lang='lat' dir='ltr'><strong>sunt,</strong></span> 
     </span>
    </p>
   </div>
   <div class='ocr_carea' id='block_1_22' title="bbox 157 2057 1764 2130">
    <p class='ocr_par' dir='ltr' id='par_1_22' title="bbox 157 2057 1764 2130">
     <span class='ocr_line' id='line_1_22' title="bbox 157 2057 1764 2130; baseline -0.001 -13"><span class='ocrx_word' id='word_1_164' title='bbox 157 2080 198 2117; x_wconf 84' lang='grc' dir='ltr'><strong>ιι</strong></span> <span class='ocrx_word' id='word_1_165' title='bbox 227 2060 336 2117; x_wconf 87' lang='lat' dir='ltr'><strong>Deo</strong></span> <span class='ocrx_word' id='word_1_166' title='bbox 360 2061 608 2117; x_wconf 88' lang='lat' dir='ltr'><strong>ordinata</strong></span> <span class='ocrx_word' id='word_1_167' title='bbox 635 2068 780 2115; x_wconf 88' lang='lat' dir='ltr'><strong>sunt.</strong></span> <span class='ocrx_word' id='word_1_168' title='bbox 807 2057 1047 2114; x_wconf 85' lang='lat' dir='ltr'><strong>Nocendi</strong></span> <span class='ocrx_word' id='word_1_169' title='bbox 1074 2065 1256 2113; x_wconf 90' lang='lat' dir='ltr'><strong>autem</strong></span> <span class='ocrx_word' id='word_1_170' title='bbox 1305 2057 1556 2117; x_wconf 83' lang='lat' dir='ltr'><strong>voluntas</strong></span> <span class='ocrx_word' id='word_1_171' title='bbox 1583 2067 1764 2130; x_wconf 89' lang='lat' dir='ltr'><strong>potest</strong></span> 
     </span>
    </p>
   </div>
   <div class='ocr_carea' id='block_1_23' title="bbox 157 2151 1764 2226">
    <p class='ocr_par' dir='ltr' id='par_1_23' title="bbox 157 2151 1764 2226">
     <span class='ocr_line' id='line_1_23' title="bbox 157 2151 1764 2226; baseline -0.002 -13"><span class='ocrx_word' id='word_1_172' title='bbox 157 2169 293 2213; x_wconf 87' lang='lat' dir='ltr'><strong>esse</strong></span> <span class='ocrx_word' id='word_1_173' title='bbox 317 2171 347 2210; x_wconf 87' lang='lat' dir='ltr'><strong>a</strong></span> <span class='ocrx_word' id='word_1_174' title='bbox 383 2170 485 2212; x_wconf 89' lang='lat' dir='ltr'><strong>suo</strong></span> <span class='ocrx_word' id='word_1_175' title='bbox 520 2166 738 2226; x_wconf 92' lang='lat' dir='ltr'><strong>quoque</strong></span> <span class='ocrx_word' id='word_1_176' title='bbox 759 2151 946 2208; x_wconf 90' lang='lat' dir='ltr'><strong>animo</strong></span> <span class='ocrx_word' id='word_1_177' title='bbox 977 2164 1165 2223; x_wconf 89' lang='lat' dir='ltr'><strong>prava,</strong></span> <span class='ocrx_word' id='word_1_178' title='bbox 1197 2159 1327 2216; x_wconf 91' lang='lat' dir='ltr'><strong>etc.,</strong></span> <span class='ocrx_word' id='word_1_179' title='bbox 1356 2167 1521 2224; x_wconf 88' lang='lat' dir='ltr'><strong>usque</strong></span> <span class='ocrx_word' id='word_1_180' title='bbox 1566 2153 1635 2207; x_wconf 90' lang='lat' dir='ltr'><strong>ad</strong></span> <span class='ocrx_word' id='word_1_181' title='bbox 1661 2153 1764 2209; x_wconf 86' lang='lat' dir='ltr'><strong>ini-</strong></span> 
     </span>
    </p>
   </div>
   <div class='ocr_carea' id='block_1_24' title="bbox 155 2239 1759 2322">
    <p class='ocr_par' dir='ltr' id='par_1_24' title="bbox 155 2239 1759 2322">
     <span class='ocr_line' id='line_1_24' title="bbox 155 2239 1759 2322; baseline -0.003 -17"><span class='ocrx_word' id='word_1_182' title='bbox 155 2250 350 2322; x_wconf 86' lang='lat' dir='ltr'><strong>quitas</strong></span> <span class='ocrx_word' id='word_1_183' title='bbox 377 2248 518 2320; x_wconf 87' lang='lat' dir='ltr'><strong>apud</strong></span> <span class='ocrx_word' id='word_1_184' title='bbox 547 2247 738 2303; x_wconf 89' lang='lat' dir='ltr'><strong>Deum.</strong></span> <span class='ocrx_word' id='word_1_185' title='bbox 788 2243 908 2316; x_wconf 91' lang='lat' dir='ltr'><strong>(ld.,</strong></span> <span class='ocrx_word' id='word_1_186' title='bbox 953 2242 1045 2298; x_wconf 88' lang='lat' dir='ltr'><strong>lib.</strong></span> <span class='ocrx_word' id='word_1_187' title='bbox 1086 2243 1150 2298; x_wconf 85' lang='lat' dir='ltr'><strong>de</strong></span> <span class='ocrx_word' id='word_1_188' title='bbox 1180 2239 1473 2311; x_wconf 80' lang='lat' dir='ltr'><strong>Patientia,</strong></span> <span class='ocrx_word' id='word_1_189' title='bbox 1507 2252 1636 2300; x_wconf 92' lang='lat' dir='ltr'><strong>tom.</strong></span> <span class='ocrx_word' id='word_1_190' title='bbox 1672 2243 1759 2313; x_wconf 91' lang='lat' dir='ltr'><strong>Vl,</strong></span> 
     </span>
    </p>
   </div>
   <div class='ocr_carea' id='block_1_25' title="bbox 156 2339 510 2415">
    <p class='ocr_par' dir='ltr' id='par_1_25' title="bbox 156 2339 510 2415">
     <span class='ocr_line' id='line_1_25' title="bbox 156 2339 510 2415; baseline -0.014 -16"><span class='ocrx_word' id='word_1_191' title='bbox 156 2358 326 2415; x_wconf 82' lang='lat' dir='ltr'><strong>page.</strong></span> <span class='ocrx_word' id='word_1_192' title='bbox 355 2339 510 2411; x_wconf 90' lang='lat'><strong>622.)</strong></span> 
     </span>
    </p>
   </div>
   <div class='ocr_carea' id='block_1_26' title="bbox 154 2429 1764 2503">
    <p class='ocr_par' dir='ltr' id='par_1_26' title="bbox 154 2429 1764 2503">
     <span class='ocr_line' id='line_1_26' title="bbox 154 2429 1764 2503; baseline -0.002 -13"><span class='ocrx_word' id='word_1_193' title='bbox 154 2451 158 2453; x_wconf 61' lang='grc'><em>’</em></span> <span class='ocrx_word' id='word_1_194' title='bbox 241 2432 444 2491; x_wconf 85' lang='lat' dir='ltr'><strong>Malitia</strong></span> <span class='ocrx_word' id='word_1_195' title='bbox 483 2433 767 2489; x_wconf 87' lang='lat' dir='ltr'><strong>hominum</strong></span> <span class='ocrx_word' id='word_1_196' title='bbox 796 2431 1144 2503; x_wconf 86' lang='lat' dir='ltr'><strong>cupiditatem</strong></span> <span class='ocrx_word' id='word_1_197' title='bbox 1179 2431 1408 2487; x_wconf 88' lang='lat' dir='ltr'><strong>nocendi</strong></span> <span class='ocrx_word' id='word_1_198' title='bbox 1437 2437 1618 2502; x_wconf 87' lang='lat' dir='ltr'><strong>potest</strong></span> <span class='ocrx_word' id='word_1_199' title='bbox 1668 2429 1764 2486; x_wconf 89' lang='lat' dir='ltr'><strong>ha-</strong></span> 
     </span>
    </p>
   </div>
   <div class='ocr_carea' id='block_1_27' title="bbox 157 2514 1759 2597">
    <p class='ocr_par' dir='ltr' id='par_1_27' title="bbox 157 2514 1759 2597">
     <span class='ocr_line' id='line_1_27' title="bbox 157 2514 1759 2597; baseline -0.006 -12"><span class='ocrx_word' id='word_1_200' title='bbox 157 2529 321 2595; x_wconf 89' lang='lat' dir='ltr'><strong>bere,</strong></span> <span class='ocrx_word' id='word_1_201' title='bbox 350 2534 483 2593; x_wconf 92' lang='lat' dir='ltr'><strong>etc.,</strong></span> <span class='ocrx_word' id='word_1_202' title='bbox 523 2541 687 2597; x_wconf 86' lang='lat' dir='ltr'><strong>usque</strong></span> <span class='ocrx_word' id='word_1_203' title='bbox 713 2524 782 2578; x_wconf 90' lang='lat' dir='ltr'><strong>ad</strong></span> <span class='ocrx_word' id='word_1_204' title='bbox 809 2537 917 2580; x_wconf 89' lang='lat' dir='ltr'><strong>non</strong></span> <span class='ocrx_word' id='word_1_205' title='bbox 944 2523 1158 2580; x_wconf 88' lang='lat' dir='ltr'><strong>diabolo</strong></span> <span class='ocrx_word' id='word_1_206' title='bbox 1182 2522 1407 2594; x_wconf 84' lang='lat' dir='ltr'><strong>placuit.</strong></span> <span class='ocrx_word' id='word_1_207' title='bbox 1438 2514 1568 2594; x_wconf 78' lang='lat' dir='ltr'><strong>(Id.,</strong></span> <span class='ocrx_word' id='word_1_208' title='bbox 1601 2531 1759 2577; x_wconf 92' lang='lat' dir='ltr'><strong>tract.</strong></span> 
     </span>
    </p>
   </div>
   <div class='ocr_carea' id='block_1_28' title="bbox 159 2615 1630 2692">
    <p class='ocr_par' dir='ltr' id='par_1_28' title="bbox 159 2615 1630 2692">
     <span class='ocr_line' id='line_1_28' title="bbox 159 2615 1630 2692; baseline -0.006 -15"><span class='ocrx_word' id='word_1_209' title='bbox 159 2624 225 2677; x_wconf 86' lang='lat' dir='ltr'><strong>in</strong></span> <span class='ocrx_word' id='word_1_210' title='bbox 245 2621 380 2692; x_wconf 86' lang='lat' dir='ltr'><strong>psal.</strong></span> <span class='ocrx_word' id='word_1_211' title='bbox 407 2634 584 2686; x_wconf 79' lang='lat' dir='ltr'><strong>mm,</strong></span> <span class='ocrx_word' id='word_1_212' title='bbox 607 2625 742 2676; x_wconf 87' lang='lat' dir='ltr'><strong>tom.</strong></span> <span class='ocrx_word' id='word_1_213' title='bbox 768 2615 863 2686; x_wconf 91' lang='lat' dir='ltr'><strong>IV,</strong></span> <span class='ocrx_word' id='word_1_214' title='bbox 883 2624 1024 2687; x_wconf 85' lang='lat' dir='ltr'><strong>part.</strong></span> <span class='ocrx_word' id='word_1_215' title='bbox 1055 2633 1097 2681; x_wconf 90' lang='grc' dir='ltr'><strong>ι,</strong></span> <span class='ocrx_word' id='word_1_216' title='bbox 1134 2615 1239 2673; x_wconf 91' lang='lat' dir='ltr'><strong>col.</strong></span> <span class='ocrx_word' id='word_1_217' title='bbox 1271 2615 1372 2672; x_wconf 86' lang='lat'><strong>291</strong></span> <span class='ocrx_word' id='word_1_218' title='bbox 1397 2624 1455 2671; x_wconf 88' lang='lat' dir='ltr'><strong>et</strong></span> <span class='ocrx_word' id='word_1_219' title='bbox 1482 2615 1630 2687; x_wconf 86' lang='lat' dir='ltr'><strong>seq.)</strong></span> 
     </span>
    </p>
   </div>
   <div class='ocr_carea' id='block_1_29' title="bbox 243 2710 1764 2783">
    <p class='ocr_par' dir='ltr' id='par_1_29' title="bbox 243 2710 1764 2783">
     <span class='ocr_line' id='line_1_29' title="bbox 243 2710 1764 2783; baseline -0.003 -13"><span class='ocrx_word' id='word_1_220' title='bbox 243 2714 348 2783; x_wconf 85' lang='lat' dir='ltr'><strong>Qui</strong></span> <span class='ocrx_word' id='word_1_221' title='bbox 378 2712 547 2770; x_wconf 88' lang='lat' dir='ltr'><strong>etiam</strong></span> <span class='ocrx_word' id='word_1_222' title='bbox 570 2710 884 2768; x_wconf 86' lang='lat' dir='ltr'><strong>nocentium</strong></span> <span class='ocrx_word' id='word_1_223' title='bbox 909 2716 1154 2781; x_wconf 84' lang='lat' dir='ltr'><strong>potestas</strong></span> <span class='ocrx_word' id='word_1_224' title='bbox 1174 2724 1282 2765; x_wconf 90' lang='lat' dir='ltr'><strong>non</strong></span> <span class='ocrx_word' id='word_1_225' title='bbox 1306 2717 1411 2776; x_wconf 90' lang='lat' dir='ltr'><strong>est,</strong></span> <span class='ocrx_word' id='word_1_226' title='bbox 1434 2718 1570 2778; x_wconf 90' lang='lat' dir='ltr'><strong>etc.,</strong></span> <span class='ocrx_word' id='word_1_227' title='bbox 1599 2727 1764 2782; x_wconf 84' lang='lat' dir='ltr'><strong>usque</strong></span> 
     </span>
    </p>
   </div>
   <div class='ocr_carea' id='block_1_30' title="bbox 159 2800 1759 2880">
    <p class='ocr_par' dir='ltr' id='par_1_30' title="bbox 159 2800 1759 2880">
     <span class='ocr_line' id='line_1_30' title="bbox 159 2800 1759 2880; baseline -0.006 -15"><span class='ocrx_word' id='word_1_228' title='bbox 159 2810 239 2865; x_wconf 85' lang='lat' dir='ltr'><strong>ad</strong></span> <span class='ocrx_word' id='word_1_229' title='bbox 283 2807 490 2878; x_wconf 79' lang='lat' dir='ltr'><strong>angelis</strong></span> <span class='ocrx_word' id='word_1_230' title='bbox 520 2805 638 2878; x_wconf 89' lang='lat' dir='ltr'><strong>ejus</strong></span> <span class='ocrx_word' id='word_1_231' title='bbox 682 2805 806 2880; x_wconf 91' lang='lat' dir='ltr'><strong>(Id.,</strong></span> <span class='ocrx_word' id='word_1_232' title='bbox 842 2803 936 2860; x_wconf 87' lang='lat' dir='ltr'><strong>lib.</strong></span> <span class='ocrx_word' id='word_1_233' title='bbox 963 2804 1028 2860; x_wconf 90' lang='lat' dir='ltr'><strong>de</strong></span> <span class='ocrx_word' id='word_1_234' title='bbox 1058 2800 1256 2858; x_wconf 88' lang='lat' dir='ltr'><strong>Natur.</strong></span> <span class='ocrx_word' id='word_1_235' title='bbox 1287 2804 1428 2871; x_wconf 87' lang='lat' dir='ltr'><strong>boni,</strong></span> <span class='ocrx_word' id='word_1_236' title='bbox 1460 2812 1588 2860; x_wconf 92' lang='lat' dir='ltr'><strong>tom.</strong></span> <span class='ocrx_word' id='word_1_237' title='bbox 1627 2801 1759 2868; x_wconf 78' lang='lat' dir='ltr'><strong>Vlll,</strong></span> 
     </span>
    </p>
   </div>
   <div class='ocr_carea' id='block_1_31' title="bbox 159 2888 466 2974">
    <p class='ocr_par' dir='ltr' id='par_1_31' title="bbox 159 2888 466 2974">
     <span class='ocr_line' id='line_1_31' title="bbox 159 2888 466 2974; baseline -0.007 -16"><span class='ocrx_word' id='word_1_238' title='bbox 159 2902 273 2958; x_wconf 91' lang='lat' dir='ltr'><strong>col.</strong></span> <span class='ocrx_word' id='word_1_239' title='bbox 312 2888 466 2974; x_wconf 85' lang='lat'><strong>561.)</strong></span> 
     </span>
    </p>
   </div>
   <div class='ocr_carea' id='block_1_32' title="bbox 251 2987 1760 3050">
    <p class='ocr_par' dir='ltr' id='par_1_32' title="bbox 251 2987 1760 3050">
     <span class='ocr_line' id='line_1_32' title="bbox 251 2987 1760 3050; baseline -0.004 -2"><span class='ocrx_word' id='word_1_240' title='bbox 251 2993 344 3050; x_wconf 86' lang='lat' dir='ltr'><strong>Vis</strong></span> <span class='ocrx_word' id='word_1_241' title='bbox 373 3002 550 3048; x_wconf 88' lang='lat' dir='ltr'><strong>autem</strong></span> <span class='ocrx_word' id='word_1_242' title='bbox 579 3008 683 3048; x_wconf 87' lang='lat' dir='ltr'><strong>non</strong></span> <span class='ocrx_word' id='word_1_243' title='bbox 709 2992 963 3048; x_wconf 90' lang='lat' dir='ltr'><strong>timere...</strong></span> <span class='ocrx_word' id='word_1_244' title='bbox 995 2989 1234 3045; x_wconf 85' lang='lat' dir='ltr'><strong>minister</strong></span> <span class='ocrx_word' id='word_1_245' title='bbox 1253 2998 1328 3044; x_wconf 91' lang='lat' dir='ltr'><strong>est</strong></span> <span class='ocrx_word' id='word_1_246' title='bbox 1352 2988 1446 3044; x_wconf 89' lang='lat' dir='ltr'><strong>tibi</strong></span> <span class='ocrx_word' id='word_1_247' title='bbox 1466 2989 1522 3043; x_wconf 88' lang='lat' dir='ltr'><strong>in</strong></span> <span class='ocrx_word' id='word_1_248' title='bbox 1547 2987 1760 3043; x_wconf 88' lang='lat' dir='ltr'><strong>bonum.</strong></span> 
     </span>
    </p>
   </div>
   <div class='ocr_carea' id='block_1_33' title="bbox 161 3079 1762 3158">
    <p class='ocr_par' dir='ltr' id='par_1_33' title="bbox 161 3079 1762 3158">
     <span class='ocr_line' id='line_1_33' title="bbox 161 3079 1762 3158; baseline -0.005 -16"><span class='ocrx_word' id='word_1_249' title='bbox 161 3087 309 3156; x_wconf 86' lang='lat' dir='ltr'><strong>Quid</strong></span> <span class='ocrx_word' id='word_1_250' title='bbox 337 3086 514 3158; x_wconf 86' lang='lat' dir='ltr'><strong>ergo?</strong></span> <span class='ocrx_word' id='word_1_251' title='bbox 552 3085 650 3156; x_wconf 88' lang='lat' dir='ltr'><strong>(ait</strong></span> <span class='ocrx_word' id='word_1_252' title='bbox 680 3084 900 3157; x_wconf 90' lang='lat' dir='ltr'><strong>aliquis)</strong></span> <span class='ocrx_word' id='word_1_253' title='bbox 931 3091 1152 3139; x_wconf 91' lang='lat' dir='ltr'><strong>sanctus</strong></span> <span class='ocrx_word' id='word_1_254' title='bbox 1192 3081 1520 3137; x_wconf 83' lang='lat' dir='ltr'><strong>Laurentius</strong></span> <span class='ocrx_word' id='word_1_255' title='bbox 1560 3079 1762 3135; x_wconf 87' lang='lat' dir='ltr'><strong>malum</strong></span> 
     </span>
    </p>
   </div>
   <div class='ocr_carea' id='block_1_34' title="bbox 163 3169 1761 3248">
    <p class='ocr_par' dir='ltr' id='par_1_34' title="bbox 163 3169 1761 3248">
     <span class='ocr_line' id='line_1_34' title="bbox 163 3169 1761 3248; baseline -0.006 -14"><span class='ocrx_word' id='word_1_256' title='bbox 163 3181 380 3236; x_wconf 82' lang='lat' dir='ltr'><strong>iecerat</strong></span> <span class='ocrx_word' id='word_1_257' title='bbox 402 3169 525 3232; x_wconf 78' lang='lat' dir='ltr'><strong>ut&#39;a</strong></span> <span class='ocrx_word' id='word_1_258' title='bbox 570 3182 839 3248; x_wconf 83' lang='lat' dir='ltr'><strong>potestate</strong></span> <span class='ocrx_word' id='word_1_259' title='bbox 889 3173 1430 3240; x_wconf 88' lang='lat' dir='ltr'><strong>occideretur?etc.,</strong></span> <span class='ocrx_word' id='word_1_260' title='bbox 1482 3189 1646 3243; x_wconf 87' lang='lat' dir='ltr'><strong>usque</strong></span> <span class='ocrx_word' id='word_1_261' title='bbox 1693 3171 1761 3225; x_wconf 82' lang='lat' dir='ltr'><strong>ad</strong></span> 
     </span>
    </p>
   </div>
   <div class='ocr_carea' id='block_1_35' title="bbox 161 3235 1840 3339">
    <p class='ocr_par' dir='ltr' id='par_1_35' title="bbox 161 3235 1840 3339">
     <span class='ocr_line' id='line_1_35' title="bbox 161 3235 1840 3339; baseline -0.006 -12"><span class='ocrx_word' id='word_1_262' title='bbox 161 3269 513 3327; x_wconf 85' lang='lat' dir='ltr'><strong>occasionem</strong></span> <span class='ocrx_word' id='word_1_263' title='bbox 545 3235 840 3339; x_wconf 62' lang='lat' dir='ltr'><strong>prebente.</strong></span> <span class='ocrx_word' id='word_1_264' title='bbox 898 3265 1021 3338; x_wconf 91' lang='lat' dir='ltr'><strong>(ld.,</strong></span> <span class='ocrx_word' id='word_1_265' title='bbox 1054 3281 1209 3320; x_wconf 86' lang='lat' dir='ltr'><strong>serm.</strong></span> <span class='ocrx_word' id='word_1_266' title='bbox 1268 3266 1334 3319; x_wconf 85' lang='lat' dir='ltr'><strong>de</strong></span> <span class='ocrx_word' id='word_1_267' title='bbox 1384 3235 1569 3319; x_wconf 73' lang='lat' dir='ltr'><strong>natali</strong></span> <span class='ocrx_word' id='word_1_268' title='bbox 1597 3235 1840 3318; x_wconf 74' lang='lat' dir='ltr'><strong>sanctic</strong></span> 
     </span>
    </p>
   </div>
   <div class='ocr_carea' id='block_1_36' title="bbox 163 3355 1348 3430">
    <p class='ocr_par' dir='ltr' id='par_1_36' title="bbox 163 3355 1348 3430">
     <span class='ocr_line' id='line_1_36' title="bbox 163 3355 1348 3430; baseline -0.008 -12"><span class='ocrx_word' id='word_1_269' title='bbox 163 3361 464 3424; x_wconf 86' lang='lat' dir='ltr'><strong>Laurentii,</strong></span> <span class='ocrx_word' id='word_1_270' title='bbox 495 3369 626 3415; x_wconf 91' lang='lat' dir='ltr'><strong>tom.</strong></span> <span class='ocrx_word' id='word_1_271' title='bbox 661 3357 729 3426; x_wconf 86' lang='lat' dir='ltr'><strong>V,</strong></span> <span class='ocrx_word' id='word_1_272' title='bbox 758 3365 902 3430; x_wconf 85' lang='lat' dir='ltr'><strong>part.</strong></span> <span class='ocrx_word' id='word_1_273' title='bbox 933 3373 997 3424; x_wconf 86' lang='grc' dir='ltr'><strong>ιι,</strong></span> <span class='ocrx_word' id='word_1_274' title='bbox 1028 3357 1130 3413; x_wconf 91' lang='lat' dir='ltr'><strong>col.</strong></span> <span class='ocrx_word' id='word_1_275' title='bbox 1159 3355 1348 3424; x_wconf 88' lang='lat'><strong>2129.)</strong></span> 
     </span>
    </p>
   </div>
   <div class='ocr_carea' id='block_1_37' title="bbox 241 3446 1764 3521">
    <p class='ocr_par' dir='ltr' id='par_1_37' title="bbox 241 3446 1764 3521">
     <span class='ocr_line' id='line_1_37' title="bbox 241 3446 1764 3521; baseline -0.007 -10"><span class='ocrx_word' id='word_1_276' title='bbox 241 3454 301 3512; x_wconf 87' lang='lat' dir='ltr'><strong>Si</strong></span> <span class='ocrx_word' id='word_1_277' title='bbox 325 3465 502 3510; x_wconf 90' lang='lat' dir='ltr'><strong>autem</strong></span> <span class='ocrx_word' id='word_1_278' title='bbox 547 3451 746 3508; x_wconf 81' lang='lat' dir='ltr'><strong>malum</strong></span> <span class='ocrx_word' id='word_1_279' title='bbox 786 3451 1040 3521; x_wconf 80' lang='lat' dir='ltr'><strong>feceris...</strong></span> <span class='ocrx_word' id='word_1_280' title='bbox 1092 3448 1281 3505; x_wconf 76' lang='lat' dir='ltr'><strong>vindex</strong></span> <span class='ocrx_word' id='word_1_281' title='bbox 1323 3448 1377 3502; x_wconf 89' lang='lat' dir='ltr'><strong>in</strong></span> <span class='ocrx_word' id='word_1_282' title='bbox 1422 3447 1559 3502; x_wconf 91' lang='lat' dir='ltr'><strong>iram</strong></span> <span class='ocrx_word' id='word_1_283' title='bbox 1587 3446 1634 3501; x_wconf 89' lang='lat' dir='ltr'><strong>ei</strong></span> <span class='ocrx_word' id='word_1_284' title='bbox 1673 3447 1764 3517; x_wconf 89' lang='lat' dir='ltr'><strong>qui</strong></span> 
     </span>
    </p>
   </div>
   <div class='ocr_carea' id='block_1_38' title="bbox 163 3538 1766 3619">
    <p class='ocr_par' dir='ltr' id='par_1_38' title="bbox 163 3538 1766 3619">
     <span class='ocr_line' id='line_1_38' title="bbox 163 3538 1766 3619; baseline -0.006 -17"><span class='ocrx_word' id='word_1_285' title='bbox 163 3548 309 3604; x_wconf 85' lang='lat' dir='ltr'><strong>male</strong></span> <span class='ocrx_word' id='word_1_286' title='bbox 337 3547 465 3619; x_wconf 83' lang='lat' dir='ltr'><strong>agit.</strong></span> <span class='ocrx_word' id='word_1_287' title='bbox 495 3544 578 3601; x_wconf 79' lang='lat' dir='ltr'><strong>Ex</strong></span> <span class='ocrx_word' id='word_1_288' title='bbox 605 3542 831 3616; x_wconf 79' lang='lat' dir='ltr'><strong>epistola</strong></span> <span class='ocrx_word' id='word_1_289' title='bbox 859 3542 928 3598; x_wconf 88' lang='lat' dir='ltr'><strong>ad</strong></span> <span class='ocrx_word' id='word_1_290' title='bbox 960 3540 1302 3613; x_wconf 86' lang='lat' dir='ltr'><strong>Apringium,</strong></span> <span class='ocrx_word' id='word_1_291' title='bbox 1329 3538 1420 3596; x_wconf 89' lang='lat' dir='ltr'><strong>ubi</strong></span> <span class='ocrx_word' id='word_1_292' title='bbox 1448 3553 1547 3610; x_wconf 89' lang='lat' dir='ltr'><strong>pro</strong></span> <span class='ocrx_word' id='word_1_293' title='bbox 1590 3539 1766 3594; x_wconf 89' lang='lat' dir='ltr'><strong>Dona-</strong></span> 
     </span>
    </p>
   </div>
   <div class='ocr_carea' id='block_1_39' title="bbox 166 3627 1762 3709">
    <p class='ocr_par' dir='ltr' id='par_1_39' title="bbox 166 3627 1762 3709">
     <span class='ocr_line' id='line_1_39' title="bbox 166 3627 1762 3709; baseline -0.008 -12"><span class='ocrx_word' id='word_1_294' title='bbox 166 3640 340 3707; x_wconf 87' lang='lat' dir='ltr'><strong>tistis,</strong></span> <span class='ocrx_word' id='word_1_295' title='bbox 382 3647 518 3707; x_wconf 91' lang='lat' dir='ltr'><strong>etc.,</strong></span> <span class='ocrx_word' id='word_1_296' title='bbox 571 3652 733 3709; x_wconf 84' lang='lat' dir='ltr'><strong>usque</strong></span> <span class='ocrx_word' id='word_1_297' title='bbox 783 3632 856 3691; x_wconf 88' lang='lat' dir='ltr'><strong>ad</strong></span> <span class='ocrx_word' id='word_1_298' title='bbox 899 3631 1363 3689; x_wconf 77' lang='lat' dir='ltr'><strong>intercedentibus</strong></span> <span class='ocrx_word' id='word_1_299' title='bbox 1399 3630 1576 3687; x_wconf 86' lang='lat' dir='ltr'><strong>nobis.</strong></span> <span class='ocrx_word' id='word_1_300' title='bbox 1632 3627 1762 3701; x_wconf 87' lang='lat' dir='ltr'><strong>(ld.,</strong></span> 
     </span>
    </p>
   </div>
   <div class='ocr_carea' id='block_1_40' title="bbox 166 3729 897 3801">
    <p class='ocr_par' dir='ltr' id='par_1_40' title="bbox 166 3729 897 3801">
     <span class='ocr_line' id='line_1_40' title="bbox 166 3729 897 3801; baseline -0.012 -9"><span class='ocrx_word' id='word_1_301' title='bbox 166 3745 302 3792; x_wconf 88' lang='lat' dir='ltr'><strong>tom.</strong></span> <span class='ocrx_word' id='word_1_302' title='bbox 324 3733 390 3801; x_wconf 92' lang='lat' dir='ltr'><strong>ll,</strong></span> <span class='ocrx_word' id='word_1_303' title='bbox 414 3731 520 3790; x_wconf 91' lang='lat' dir='ltr'><strong>col.</strong></span> <span class='ocrx_word' id='word_1_304' title='bbox 552 3729 649 3786; x_wconf 84' lang='lat'><strong>511</strong></span> <span class='ocrx_word' id='word_1_305' title='bbox 678 3737 734 3786; x_wconf 90' lang='lat' dir='ltr'><strong>et</strong></span> <span class='ocrx_word' id='word_1_306' title='bbox 753 3735 897 3799; x_wconf 83' lang='lat' dir='ltr'><strong>seq.)</strong></span> 
     </span>
    </p>
   </div>
   <div class='ocr_carea' id='block_1_41' title="bbox 243 3815 1765 3882">
    <p class='ocr_par' dir='ltr' id='par_1_41' title="bbox 243 3815 1765 3882">
     <span class='ocr_line' id='line_1_41' title="bbox 243 3815 1765 3882; baseline -0.009 0"><span class='ocrx_word' id='word_1_307' title='bbox 243 3826 372 3882; x_wconf 87' lang='lat' dir='ltr'><strong>Ideo</strong></span> <span class='ocrx_word' id='word_1_308' title='bbox 395 3830 702 3880; x_wconf 67' lang='lat' dir='ltr'><strong>necessitate</strong></span> <span class='ocrx_word' id='word_1_309' title='bbox 737 3819 934 3876; x_wconf 85' lang='lat' dir='ltr'><strong>subditi</strong></span> <span class='ocrx_word' id='word_1_310' title='bbox 985 3827 1214 3877; x_wconf 78' lang='lat' dir='ltr'><strong>estote...</strong></span> <span class='ocrx_word' id='word_1_311' title='bbox 1241 3817 1327 3873; x_wconf 88' lang='lat' dir='ltr'><strong>cui</strong></span> <span class='ocrx_word' id='word_1_312' title='bbox 1359 3817 1634 3882; x_wconf 82' lang='lat' dir='ltr'><strong>honorem,</strong></span> <span class='ocrx_word' id='word_1_313' title='bbox 1665 3815 1765 3869; x_wconf 87' lang='lat' dir='ltr'><strong>ho-</strong></span> 
     </span>
    </p>
   </div>
   <div class='ocr_carea' id='block_1_42' title="bbox 164 3906 1768 3976">
    <p class='ocr_par' dir='ltr' id='par_1_42' title="bbox 164 3906 1768 3976">
     <span class='ocr_line' id='line_1_42' title="bbox 164 3906 1768 3976; baseline -0.009 -1"><span class='ocrx_word' id='word_1_314' title='bbox 164 3934 372 3976; x_wconf 84' lang='lat' dir='ltr'><strong>norem.</strong></span> <span class='ocrx_word' id='word_1_315' title='bbox 397 3917 458 3973; x_wconf 90' lang='lat' dir='ltr'><strong>In</strong></span> <span class='ocrx_word' id='word_1_316' title='bbox 505 3913 612 3972; x_wconf 89' lang='lat' dir='ltr'><strong>ﬁde</strong></span> <span class='ocrx_word' id='word_1_317' title='bbox 645 3913 850 3970; x_wconf 87' lang='lat' dir='ltr'><strong>Christi</strong></span> <span class='ocrx_word' id='word_1_318' title='bbox 900 3925 1009 3968; x_wconf 90' lang='lat' dir='ltr'><strong>non</strong></span> <span class='ocrx_word' id='word_1_319' title='bbox 1045 3919 1130 3967; x_wconf 88' lang='lat' dir='ltr'><strong>est</strong></span> <span class='ocrx_word' id='word_1_320' title='bbox 1179 3909 1434 3966; x_wconf 84' lang='lat' dir='ltr'><strong>distantia</strong></span> <span class='ocrx_word' id='word_1_321' title='bbox 1486 3906 1656 3963; x_wconf 82' lang='lat' dir='ltr'><strong>Judaei</strong></span> <span class='ocrx_word' id='word_1_322' title='bbox 1710 3915 1768 3962; x_wconf 86' lang='lat' dir='ltr'><strong>et</strong></span> 
     </span>
    </p>
   </div>
   <div class='ocr_carea' id='block_1_43' title="bbox 162 4001 1762 4082">
    <p class='ocr_par' dir='ltr' id='par_1_43' title="bbox 162 4001 1762 4082">
     <span class='ocr_line' id='line_1_43' title="bbox 162 4001 1762 4082; baseline -0.011 -10"><span class='ocrx_word' id='word_1_323' title='bbox 162 4014 370 4081; x_wconf 61' lang='lat' dir='ltr'><strong>Graeci,</strong></span> <span class='ocrx_word' id='word_1_324' title='bbox 399 4019 534 4081; x_wconf 90' lang='lat' dir='ltr'><strong>etc.,</strong></span> <span class='ocrx_word' id='word_1_325' title='bbox 563 4026 726 4082; x_wconf 86' lang='lat' dir='ltr'><strong>usque</strong></span> <span class='ocrx_word' id='word_1_326' title='bbox 771 4008 841 4063; x_wconf 89' lang='lat' dir='ltr'><strong>ad</strong></span> <span class='ocrx_word' id='word_1_327' title='bbox 897 4005 1228 4078; x_wconf 82' lang='lat' dir='ltr'><strong>agnitionem</strong></span> <span class='ocrx_word' id='word_1_328' title='bbox 1277 4002 1523 4058; x_wconf 81' lang='lat' dir='ltr'><strong>veritatis</strong></span> <span class='ocrx_word' id='word_1_329' title='bbox 1554 4001 1762 4058; x_wconf 89' lang='lat' dir='ltr'><strong>venire.</strong></span> 
     </span>
    </p>
   </div>
   <div class='ocr_carea' id='block_1_44' title="bbox 163 4097 1820 4179">
    <p class='ocr_par' dir='ltr' id='par_1_44' title="bbox 163 4097 1820 4179">
     <span class='ocr_line' id='line_1_44' title="bbox 163 4097 1820 4179; baseline -0.01 -12"><span class='ocrx_word' id='word_1_330' title='bbox 163 4111 296 4176; x_wconf 89' lang='lat' dir='ltr'><strong>(Id.,</strong></span> <span class='ocrx_word' id='word_1_331' title='bbox 344 4109 400 4163; x_wconf 90' lang='lat' dir='ltr'><strong>in</strong></span> <span class='ocrx_word' id='word_1_332' title='bbox 450 4123 630 4179; x_wconf 73' lang='lat' dir='ltr'><strong>expos.</strong></span> <span class='ocrx_word' id='word_1_333' title='bbox 669 4105 820 4176; x_wconf 83' lang='lat' dir='ltr'><strong>epist.</strong></span> <span class='ocrx_word' id='word_1_334' title='bbox 874 4101 944 4157; x_wconf 91' lang='lat' dir='ltr'><strong>ad</strong></span> <span class='ocrx_word' id='word_1_335' title='bbox 995 4098 1140 4166; x_wconf 88' lang='lat' dir='ltr'><strong>Gal.,</strong></span> <span class='ocrx_word' id='word_1_336' title='bbox 1196 4107 1327 4155; x_wconf 92' lang='lat' dir='ltr'><strong>tom.</strong></span> <span class='ocrx_word' id='word_1_337' title='bbox 1369 4097 1459 4164; x_wconf 92' lang='lat' dir='ltr'>III,</span> <span class='ocrx_word' id='word_1_338' title='bbox 1508 4104 1649 4169; x_wconf 89' lang='lat' dir='ltr'><strong>part.</strong></span> <span class='ocrx_word' id='word_1_339' title='bbox 1700 4111 1762 4162; x_wconf 85' lang='grc' dir='ltr'><strong>ιι,</strong></span> <span class='ocrx_word' id='word_1_340' title='bbox 1815 4165 1820 4168; x_wconf 88' lang='lat'>_</span> 
     </span>
    </p>
   </div>
   <div class='ocr_carea' id='block_1_45' title="bbox 164 4199 1656 4274">
    <p class='ocr_par' dir='ltr' id='par_1_45' title="bbox 164 4199 1656 4274">
     <span class='ocr_line' id='line_1_45' title="bbox 164 4199 1656 4274; baseline -0.006 -17"><span class='ocrx_word' id='word_1_341' title='bbox 164 4203 276 4259; x_wconf 90' lang='lat' dir='ltr'><strong>col.</strong></span> <span class='ocrx_word' id='word_1_342' title='bbox 301 4199 494 4274; x_wconf 84' lang='lat'><strong>2125.)</strong></span> <span class='ocrx_word' id='word_1_343' title='bbox 1647 4240 1656 4248; x_wconf 37' lang='grc' dir='ltr'><strong>κ</strong></span> 
     </span>
    </p>
   </div>
   <div class='ocr_carea' id='block_1_46' title="bbox 243 4281 1763 4362">
    <p class='ocr_par' dir='ltr' id='par_1_46' title="bbox 243 4281 1763 4362">
     <span class='ocr_line' id='line_1_46' title="bbox 243 4281 1763 4362; baseline -0.007 -13"><span class='ocrx_word' id='word_1_344' title='bbox 243 4292 461 4349; x_wconf 81' lang='lat' dir='ltr'><strong>Nemini</strong></span> <span class='ocrx_word' id='word_1_345' title='bbox 491 4289 779 4362; x_wconf 82' lang='lat' dir='ltr'><strong>quidquam</strong></span> <span class='ocrx_word' id='word_1_346' title='bbox 807 4286 1037 4343; x_wconf 86' lang='lat' dir='ltr'><strong>debeatis</strong></span> <span class='ocrx_word' id='word_1_347' title='bbox 1067 4284 1168 4341; x_wconf 88' lang='lat' dir='ltr'><strong>nisi</strong></span> <span class='ocrx_word' id='word_1_348' title='bbox 1190 4293 1244 4340; x_wconf 90' lang='lat' dir='ltr'><strong>ut</strong></span> <span class='ocrx_word' id='word_1_349' title='bbox 1266 4284 1488 4340; x_wconf 85' lang='lat' dir='ltr'><strong>invicem</strong></span> <span class='ocrx_word' id='word_1_350' title='bbox 1509 4281 1763 4354; x_wconf 85' lang='lat' dir='ltr'><strong>diligatis.</strong></span> 
     </span>
    </p>
   </div>
   <div class='ocr_carea' id='block_1_47' title="bbox 164 4375 1766 4452">
    <p class='ocr_par' dir='ltr' id='par_1_47' title="bbox 164 4375 1766 4452">
     <span class='ocr_line' id='line_1_47' title="bbox 164 4375 1766 4452; baseline -0.009 -8"><span class='ocrx_word' id='word_1_351' title='bbox 164 4386 510 4444; x_wconf 88' lang='lat' dir='ltr'><strong>Charitatem</strong></span> <span class='ocrx_word' id='word_1_352' title='bbox 567 4391 718 4438; x_wconf 89' lang='lat' dir='ltr'><strong>tanto</strong></span> <span class='ocrx_word' id='word_1_353' title='bbox 750 4380 924 4452; x_wconf 89' lang='lat' dir='ltr'><strong>magis</strong></span> <span class='ocrx_word' id='word_1_354' title='bbox 967 4378 1248 4446; x_wconf 82' lang='lat' dir='ltr'><strong>debemus,</strong></span> <span class='ocrx_word' id='word_1_355' title='bbox 1303 4385 1434 4444; x_wconf 90' lang='lat' dir='ltr'><strong>etc.,</strong></span> <span class='ocrx_word' id='word_1_356' title='bbox 1485 4392 1650 4448; x_wconf 86' lang='lat' dir='ltr'><strong>usque</strong></span> <span class='ocrx_word' id='word_1_357' title='bbox 1695 4375 1766 4430; x_wconf 91' lang='lat' dir='ltr'><strong>ad</strong></span> 
     </span>
    </p>
   </div>
   <div class='ocr_carea' id='block_1_48' title="bbox 165 4453 1762 4550">
    <p class='ocr_par' dir='ltr' id='par_1_48' title="bbox 165 4453 1762 4550">
     <span class='ocr_line' id='line_1_48' title="bbox 165 4453 1762 4550; baseline -0.009 -14"><span class='ocrx_word' id='word_1_358' title='bbox 165 4493 388 4550; x_wconf 88' lang='lat' dir='ltr'><strong>semper</strong></span> <span class='ocrx_word' id='word_1_359' title='bbox 409 4476 660 4533; x_wconf 86' lang='lat' dir='ltr'><strong>debetur.</strong></span> <span class='ocrx_word' id='word_1_360' title='bbox 685 4471 810 4547; x_wconf 88' lang='lat' dir='ltr'><strong>(Id.,</strong></span> <span class='ocrx_word' id='word_1_361' title='bbox 832 4472 984 4543; x_wconf 86' lang='lat' dir='ltr'><strong>epist.</strong></span> <span class='ocrx_word' id='word_1_362' title='bbox 1011 4471 1082 4526; x_wconf 90' lang='lat' dir='ltr'><strong>ad</strong></span> <span class='ocrx_word' id='word_1_363' title='bbox 1123 4468 1370 4527; x_wconf 74' lang='lat' dir='ltr'><strong>Severum</strong></span> <span class='ocrx_word' id='word_1_364' title='bbox 1413 4453 1762 4539; x_wconf 46' lang='lat' dir='ltr'><strong>episc.,&#39;tom.</strong></span> 
     </span>
    </p>
   </div>
   <div class='ocr_carea' id='block_1_49' title="bbox 165 4567 546 4640">
    <p class='ocr_par' dir='ltr' id='par_1_49' title="bbox 165 4567 546 4640">
     <span class='ocr_line' id='line_1_49' title="bbox 165 4567 546 4640; baseline -0.013 -12"><span class='ocrx_word' id='word_1_365' title='bbox 165 4571 233 4639; x_wconf 87' lang='grc' dir='ltr'><strong>ιι,</strong></span> <span class='ocrx_word' id='word_1_366' title='bbox 263 4567 546 4640; x_wconf 66' lang='lat'><strong>001.420.)</strong></span> 
     </span>
    </p>
   </div>
   <div class='ocr_carea' id='block_1_50' title="bbox 242 4658 1757 4729">
    <p class='ocr_par' dir='ltr' id='par_1_50' title="bbox 242 4658 1757 4729">
     <span class='ocr_line' id='line_1_50' title="bbox 242 4658 1757 4729; baseline -0.007 -7"><span class='ocrx_word' id='word_1_367' title='bbox 242 4664 538 4722; x_wconf 88' lang='lat' dir='ltr'><strong>Sanctitati</strong></span> <span class='ocrx_word' id='word_1_368' title='bbox 582 4671 689 4720; x_wconf 76' lang='lat' dir='ltr'><strong>tua:</strong></span> <span class='ocrx_word' id='word_1_369' title='bbox 717 4660 1097 4718; x_wconf 87' lang='lat' dir='ltr'><strong>salutationem</strong></span> <span class='ocrx_word' id='word_1_370' title='bbox 1121 4659 1360 4717; x_wconf 88' lang='lat' dir='ltr'><strong>debitam</strong></span> <span class='ocrx_word' id='word_1_371' title='bbox 1408 4658 1595 4729; x_wconf 89' lang='lat' dir='ltr'><strong>reddo,</strong></span> <span class='ocrx_word' id='word_1_372' title='bbox 1626 4666 1757 4726; x_wconf 90' lang='lat' dir='ltr'><strong>etc.,</strong></span> 
     </span>
    </p>
   </div>
   <div class='ocr_carea' id='block_1_51' title="bbox 167 4752 1760 4834">
    <p class='ocr_par' dir='ltr' id='par_1_51' title="bbox 167 4752 1760 4834">
     <span class='ocr_line' id='line_1_51' title="bbox 167 4752 1760 4834; baseline -0.006 -17"><span class='ocrx_word' id='word_1_373' title='bbox 167 4779 334 4834; x_wconf 82' lang='lat' dir='ltr'><strong>usque</strong></span> <span class='ocrx_word' id='word_1_374' title='bbox 357 4761 426 4815; x_wconf 86' lang='lat' dir='ltr'><strong>ad</strong></span> <span class='ocrx_word' id='word_1_375' title='bbox 453 4759 685 4816; x_wconf 83' lang='lat' dir='ltr'><strong>invicem</strong></span> <span class='ocrx_word' id='word_1_376' title='bbox 708 4756 966 4829; x_wconf 79' lang='lat' dir='ltr'><strong>diligatis.</strong></span> <span class='ocrx_word' id='word_1_377' title='bbox 998 4755 1122 4830; x_wconf 89' lang='lat' dir='ltr'><strong>(ld.,</strong></span> <span class='ocrx_word' id='word_1_378' title='bbox 1151 4755 1304 4826; x_wconf 87' lang='lat' dir='ltr'><strong>epist.</strong></span> <span class='ocrx_word' id='word_1_379' title='bbox 1332 4754 1402 4810; x_wconf 91' lang='lat' dir='ltr'><strong>ad</strong></span> <span class='ocrx_word' id='word_1_380' title='bbox 1426 4752 1760 4810; x_wconf 57' lang='lat' dir='ltr'><strong>Caelestinum</strong></span> 
     </span>
    </p>
   </div>
   <div class='ocr_carea' id='block_1_52' title="bbox 166 4850 1258 4923">
    <p class='ocr_par' dir='ltr' id='par_1_52' title="bbox 166 4850 1258 4923">
     <span class='ocr_line' id='line_1_52' title="bbox 166 4850 1258 4923; baseline -0.007 -11"><span class='ocrx_word' id='word_1_381' title='bbox 166 4859 479 4921; x_wconf 81' lang='lat' dir='ltr'><strong>diaconum,</strong></span> <span class='ocrx_word' id='word_1_382' title='bbox 509 4862 641 4910; x_wconf 93' lang='lat' dir='ltr'><strong>tom.</strong></span> <span class='ocrx_word' id='word_1_383' title='bbox 666 4853 732 4920; x_wconf 89' lang='lat' dir='ltr'><strong>Il,</strong></span> <span class='ocrx_word' id='word_1_384' title='bbox 764 4853 868 4908; x_wconf 93' lang='lat' dir='ltr'><strong>col.</strong></span> <span class='ocrx_word' id='word_1_385' title='bbox 897 4850 1004 4908; x_wconf 88' lang='lat'><strong>868</strong></span> <span class='ocrx_word' id='word_1_386' title='bbox 1028 4859 1085 4906; x_wconf 92' lang='lat' dir='ltr'><strong>et</strong></span> <span class='ocrx_word' id='word_1_387' title='bbox 1115 4850 1258 4923; x_wconf 86' lang='lat' dir='ltr'><strong>seq.)</strong></span> 
     </span>
    </p>
   </div>
   <div class='ocr_carea' id='block_1_53' title="bbox 135 4937 1766 5016">
    <p class='ocr_par' dir='ltr' id='par_1_53' title="bbox 135 4937 1766 5016">
     <span class='ocr_line' id='line_1_53' title="bbox 135 4937 1766 5016; baseline -0.005 -13"><span class='ocrx_word' id='word_1_388' title='bbox 135 4983 140 4989; x_wconf 70' lang='grc' dir='ltr'><strong>ι</strong></span> <span class='ocrx_word' id='word_1_389' title='bbox 245 4948 352 5015; x_wconf 83' lang='lat' dir='ltr'><strong>Qui</strong></span> <span class='ocrx_word' id='word_1_390' title='bbox 378 4947 516 5003; x_wconf 88' lang='lat' dir='ltr'><strong>enim</strong></span> <span class='ocrx_word' id='word_1_391' title='bbox 545 4944 715 5016; x_wconf 87' lang='lat' dir='ltr'><strong>diligit</strong></span> <span class='ocrx_word' id='word_1_392' title='bbox 741 4945 1062 5016; x_wconf 75' lang='lat' dir='ltr'><strong>proximum,</strong></span> <span class='ocrx_word' id='word_1_393' title='bbox 1099 4941 1261 5012; x_wconf 88' lang='lat' dir='ltr'><strong>legem</strong></span> <span class='ocrx_word' id='word_1_394' title='bbox 1303 4939 1548 5010; x_wconf 81' lang='lat' dir='ltr'><strong>implevit.</strong></span> <span class='ocrx_word' id='word_1_395' title='bbox 1603 4937 1766 4994; x_wconf 80' lang='lat' dir='ltr'><strong>Fides</strong></span> 
     </span>
    </p>
   </div>
   <div class='ocr_carea' id='block_1_54' title="bbox 171 5029 1764 5108">
    <p class='ocr_par' dir='ltr' id='par_1_54' title="bbox 171 5029 1764 5108">
     <span class='ocr_line' id='line_1_54' title="bbox 171 5029 1764 5108; baseline -0.008 -13"><span class='ocrx_word' id='word_1_396' title='bbox 171 5039 348 5105; x_wconf 87' lang='lat' dir='ltr'><strong>enim,</strong></span> <span class='ocrx_word' id='word_1_397' title='bbox 374 5037 516 5094; x_wconf 87' lang='lat' dir='ltr'><strong>sicut</strong></span> <span class='ocrx_word' id='word_1_398' title='bbox 545 5033 836 5108; x_wconf 80' lang='lat' dir='ltr'><strong>Apostolus</strong></span> <span class='ocrx_word' id='word_1_399' title='bbox 865 5034 957 5097; x_wconf 90' lang='lat' dir='ltr'><strong>ait,</strong></span> <span class='ocrx_word' id='word_1_400' title='bbox 990 5046 1090 5104; x_wconf 91' lang='lat' dir='ltr'><strong>per</strong></span> <span class='ocrx_word' id='word_1_401' title='bbox 1121 5029 1463 5086; x_wconf 89' lang='lat' dir='ltr'><strong>dilectionem</strong></span> <span class='ocrx_word' id='word_1_402' title='bbox 1489 5039 1764 5099; x_wconf 89' lang='lat' dir='ltr'><strong>operatur,</strong></span> 
     </span>
    </p>
   </div>
   <div class='ocr_carea' id='block_1_55' title="bbox 167 5120 1772 5199">
    <p class='ocr_par' dir='ltr' id='par_1_55' title="bbox 167 5120 1772 5199">
     <span class='ocr_line' id='line_1_55' title="bbox 167 5120 1772 5199; baseline -0.007 -12"><span class='ocrx_word' id='word_1_403' title='bbox 167 5141 306 5199; x_wconf 92' lang='lat' dir='ltr'><strong>etc.,</strong></span> <span class='ocrx_word' id='word_1_404' title='bbox 329 5145 494 5197; x_wconf 88' lang='lat' dir='ltr'><strong>usque</strong></span> <span class='ocrx_word' id='word_1_405' title='bbox 512 5128 582 5183; x_wconf 90' lang='lat' dir='ltr'><strong>ad</strong></span> <span class='ocrx_word' id='word_1_406' title='bbox 603 5127 835 5183; x_wconf 86' lang='lat' dir='ltr'><strong>invicem</strong></span> <span class='ocrx_word' id='word_1_407' title='bbox 875 5123 1130 5196; x_wconf 77' lang='lat' dir='ltr'><strong>diligatis.</strong></span> <span class='ocrx_word' id='word_1_408' title='bbox 1163 5122 1288 5197; x_wconf 89' lang='lat' dir='ltr'><strong>(ld.,</strong></span> <span class='ocrx_word' id='word_1_409' title='bbox 1315 5120 1405 5178; x_wconf 90' lang='lat' dir='ltr'><strong>lib.</strong></span> <span class='ocrx_word' id='word_1_410' title='bbox 1429 5132 1595 5177; x_wconf 87' lang='lat' dir='ltr'><strong>contr.</strong></span> <span class='ocrx_word' id='word_1_411' title='bbox 1624 5120 1772 5176; x_wconf 81' lang='lat' dir='ltr'><strong>Fau-</strong></span> 
     </span>
    </p>
   </div>
   <div class='ocr_carea' id='block_1_56' title="bbox 170 5217 985 5292">
    <p class='ocr_par' dir='ltr' id='par_1_56' title="bbox 170 5217 985 5292">
     <span class='ocr_line' id='line_1_56' title="bbox 170 5217 985 5292; baseline -0.006 -13"><span class='ocrx_word' id='word_1_412' title='bbox 170 5235 337 5292; x_wconf 85' lang='lat' dir='ltr'><strong>stum,</strong></span> <span class='ocrx_word' id='word_1_413' title='bbox 371 5231 504 5279; x_wconf 89' lang='lat' dir='ltr'><strong>tom.</strong></span> <span class='ocrx_word' id='word_1_414' title='bbox 537 5218 672 5288; x_wconf 86' lang='lat' dir='ltr'>VIII,</span> <span class='ocrx_word' id='word_1_415' title='bbox 697 5219 802 5276; x_wconf 89' lang='lat' dir='ltr'><strong>col.</strong></span> <span class='ocrx_word' id='word_1_416' title='bbox 831 5217 985 5291; x_wconf 84' lang='grc'><strong>566.)</strong></span> 
     </span>
    </p>
   </div>
   <div class='ocr_carea' id='block_1_57' title="bbox 247 5304 1771 5375">
    <p class='ocr_par' dir='ltr' id='par_1_57' title="bbox 247 5304 1771 5375">
     <span class='ocr_line' id='line_1_57' title="bbox 247 5304 1771 5375; baseline -0.007 -5"><span class='ocrx_word' id='word_1_417' title='bbox 247 5314 378 5370; x_wconf 71' lang='lat' dir='ltr'><strong>Haec</strong></span> <span class='ocrx_word' id='word_1_418' title='bbox 405 5323 490 5370; x_wconf 87' lang='lat' dir='ltr'><strong>est</strong></span> <span class='ocrx_word' id='word_1_419' title='bbox 513 5319 698 5368; x_wconf 87' lang='lat' dir='ltr'><strong>autem</strong></span> <span class='ocrx_word' id='word_1_420' title='bbox 726 5324 858 5366; x_wconf 86' lang='lat' dir='ltr'><strong>vera</strong></span> <span class='ocrx_word' id='word_1_421' title='bbox 893 5308 1138 5375; x_wconf 90' lang='lat' dir='ltr'><strong>dilectio,</strong></span> <span class='ocrx_word' id='word_1_422' title='bbox 1177 5316 1240 5363; x_wconf 89' lang='lat' dir='ltr'><strong>ut</strong></span> <span class='ocrx_word' id='word_1_423' title='bbox 1265 5306 1594 5363; x_wconf 60' lang='lat' dir='ltr'><strong>inhaerentes</strong></span> <span class='ocrx_word' id='word_1_424' title='bbox 1628 5304 1771 5360; x_wconf 87' lang='lat' dir='ltr'><strong>veri-</strong></span> 
     </span>
    </p>
   </div>
   <div class='ocr_carea' id='block_1_58' title="bbox 175 5395 1770 5474">
    <p class='ocr_par' dir='ltr' id='par_1_58' title="bbox 175 5395 1770 5474">
     <span class='ocr_line' id='line_1_58' title="bbox 175 5395 1770 5474; baseline -0.008 -10"><span class='ocrx_word' id='word_1_425' title='bbox 175 5414 299 5474; x_wconf 75' lang='lat' dir='ltr'><strong>tati,</strong></span> <span class='ocrx_word' id='word_1_426' title='bbox 332 5415 465 5472; x_wconf 90' lang='lat' dir='ltr'><strong>etc.,</strong></span> <span class='ocrx_word' id='word_1_427' title='bbox 513 5420 676 5474; x_wconf 87' lang='lat' dir='ltr'><strong>usque</strong></span> <span class='ocrx_word' id='word_1_428' title='bbox 699 5403 768 5458; x_wconf 90' lang='lat' dir='ltr'><strong>ad</strong></span> <span class='ocrx_word' id='word_1_429' title='bbox 798 5409 859 5457; x_wconf 91' lang='lat' dir='ltr'><strong>ut</strong></span> <span class='ocrx_word' id='word_1_430' title='bbox 884 5400 1157 5474; x_wconf 72' lang='lat' dir='ltr'><strong>praecipue</strong></span> <span class='ocrx_word' id='word_1_431' title='bbox 1183 5401 1352 5456; x_wconf 90' lang='lat' dir='ltr'><strong>Deum</strong></span> <span class='ocrx_word' id='word_1_432' title='bbox 1403 5398 1612 5470; x_wconf 79' lang='lat' dir='ltr'><strong>diligat.</strong></span> <span class='ocrx_word' id='word_1_433' title='bbox 1643 5395 1770 5470; x_wconf 90' lang='lat' dir='ltr'><strong>(ld.,</strong></span> 
     </span>
    </p>
   </div>
   <div class='ocr_carea' id='block_1_59' title="bbox 175 5491 1559 5565">
    <p class='ocr_par' dir='ltr' id='par_1_59' title="bbox 175 5491 1559 5565">
     <span class='ocr_line' id='line_1_59' title="bbox 175 5491 1559 5565; baseline -0.006 -11"><span class='ocrx_word' id='word_1_434' title='bbox 175 5501 270 5556; x_wconf 85' lang='lat' dir='ltr'><strong>tib.</strong></span> <span class='ocrx_word' id='word_1_435' title='bbox 302 5515 398 5557; x_wconf 87' lang='lat' dir='ltr'><strong>vm</strong></span> <span class='ocrx_word' id='word_1_436' title='bbox 419 5501 484 5554; x_wconf 86' lang='lat' dir='ltr'><strong>de</strong></span> <span class='ocrx_word' id='word_1_437' title='bbox 512 5498 725 5565; x_wconf 86' lang='lat' dir='ltr'><strong>Trinit.,</strong></span> <span class='ocrx_word' id='word_1_438' title='bbox 761 5504 890 5553; x_wconf 92' lang='lat' dir='ltr'><strong>tom.</strong></span> <span class='ocrx_word' id='word_1_439' title='bbox 918 5492 1052 5562; x_wconf 89' lang='lat' dir='ltr'><strong>V111,</strong></span> <span class='ocrx_word' id='word_1_440' title='bbox 1083 5493 1189 5551; x_wconf 89' lang='lat' dir='ltr'><strong>col.</strong></span> <span class='ocrx_word' id='word_1_441' title='bbox 1211 5492 1316 5550; x_wconf 82' lang='lat'><strong>956</strong></span> <span class='ocrx_word' id='word_1_442' title='bbox 1335 5501 1390 5548; x_wconf 89' lang='lat' dir='ltr'><strong>et</strong></span> <span class='ocrx_word' id='word_1_443' title='bbox 1415 5491 1559 5564; x_wconf 90' lang='lat' dir='ltr'><strong>seq.)</strong></span> 
     </span>
    </p>
   </div>
   <div class='ocr_carea' id='block_1_60' title="bbox 249 5590 1775 5669">
    <p class='ocr_par' dir='ltr' id='par_1_60' title="bbox 249 5590 1775 5669">
     <span class='ocr_line' id='line_1_60' title="bbox 249 5590 1775 5669; baseline -0.005 -18"><span class='ocrx_word' id='word_1_444' title='bbox 249 5596 431 5666; x_wconf 77' lang='lat' dir='ltr'><strong>Qua-ri</strong></span> <span class='ocrx_word' id='word_1_445' title='bbox 483 5602 664 5669; x_wconf 88' lang='lat' dir='ltr'><strong>potest</strong></span> <span class='ocrx_word' id='word_1_446' title='bbox 711 5609 812 5651; x_wconf 91' lang='lat' dir='ltr'><strong>cur</strong></span> <span class='ocrx_word' id='word_1_447' title='bbox 861 5590 1152 5664; x_wconf 86' lang='lat' dir='ltr'><strong>Apostolus</strong></span> <span class='ocrx_word' id='word_1_448' title='bbox 1181 5590 1353 5648; x_wconf 90' lang='lat' dir='ltr'><strong>solam</strong></span> <span class='ocrx_word' id='word_1_449' title='bbox 1380 5601 1775 5645; x_wconf 88' lang='lat' dir='ltr'><strong>commemora-</strong></span> 
     </span>
    </p>
   </div>
   <div class='ocr_carea' id='block_1_61' title="bbox 178 5681 1774 5764">
    <p class='ocr_par' dir='ltr' id='par_1_61' title="bbox 178 5681 1774 5764">
     <span class='ocr_line' id='line_1_61' title="bbox 178 5681 1774 5764; baseline -0.008 -16"><span class='ocrx_word' id='word_1_450' title='bbox 178 5692 322 5750; x_wconf 86' lang='lat' dir='ltr'><strong>verit</strong></span> <span class='ocrx_word' id='word_1_451' title='bbox 348 5690 582 5764; x_wconf 82' lang='lat' dir='ltr'><strong>proximi</strong></span> <span class='ocrx_word' id='word_1_452' title='bbox 627 5687 994 5755; x_wconf 88' lang='lat' dir='ltr'><strong>dilectionem,</strong></span> <span class='ocrx_word' id='word_1_453' title='bbox 1040 5693 1172 5752; x_wconf 90' lang='lat' dir='ltr'><strong>etc.,</strong></span> <span class='ocrx_word' id='word_1_454' title='bbox 1204 5699 1366 5756; x_wconf 86' lang='lat' dir='ltr'><strong>usque</strong></span> <span class='ocrx_word' id='word_1_455' title='bbox 1415 5682 1483 5737; x_wconf 85' lang='lat' dir='ltr'><strong>ad</strong></span> <span class='ocrx_word' id='word_1_456' title='bbox 1531 5681 1774 5737; x_wconf 89' lang='lat' dir='ltr'><strong>moribus</strong></span> 
     </span>
    </p>
   </div>
   <div class='ocr_carea' id='block_1_62' title="bbox 181 5771 1771 5855">
    <p class='ocr_par' dir='ltr' id='par_1_62' title="bbox 181 5771 1771 5855">
     <span class='ocr_line' id='line_1_62' title="bbox 181 5771 1771 5855; baseline -0.008 -15"><span class='ocrx_word' id='word_1_457' title='bbox 181 5783 342 5840; x_wconf 78' lang='lat' dir='ltr'><strong>facile</strong></span> <span class='ocrx_word' id='word_1_458' title='bbox 361 5792 464 5840; x_wconf 88' lang='lat' dir='ltr'><strong>est.</strong></span> <span class='ocrx_word' id='word_1_459' title='bbox 518 5782 645 5855; x_wconf 90' lang='lat' dir='ltr'><strong>(ld.,</strong></span> <span class='ocrx_word' id='word_1_460' title='bbox 689 5782 746 5836; x_wconf 92' lang='lat' dir='ltr'><strong>in</strong></span> <span class='ocrx_word' id='word_1_461' title='bbox 797 5796 977 5850; x_wconf 78' lang='lat' dir='ltr'><strong>expos.</strong></span> <span class='ocrx_word' id='word_1_462' title='bbox 1025 5780 1177 5851; x_wconf 82' lang='lat' dir='ltr'><strong>epist.</strong></span> <span class='ocrx_word' id='word_1_463' title='bbox 1237 5776 1306 5831; x_wconf 89' lang='lat' dir='ltr'><strong>ad</strong></span> <span class='ocrx_word' id='word_1_464' title='bbox 1341 5774 1484 5841; x_wconf 84' lang='lat' dir='ltr'><strong>Gal.,</strong></span> <span class='ocrx_word' id='word_1_465' title='bbox 1515 5784 1647 5832; x_wconf 90' lang='lat' dir='ltr'><strong>tom.</strong></span> <span class='ocrx_word' id='word_1_466' title='bbox 1685 5771 1771 5839; x_wconf 89' lang='lat' dir='ltr'><strong>Ill,</strong></span> 
     </span>
    </p>
   </div>
   <div class='ocr_carea' id='block_1_63' title="bbox 182 5874 966 5951">
    <p class='ocr_par' dir='ltr' id='par_1_63' title="bbox 182 5874 966 5951">
     <span class='ocr_line' id='line_1_63' title="bbox 182 5874 966 5951; baseline -0.006 -18"><span class='ocrx_word' id='word_1_467' title='bbox 182 5888 324 5951; x_wconf 86' lang='lat' dir='ltr'><strong>part.</strong></span> <span class='ocrx_word' id='word_1_468' title='bbox 358 5894 418 5946; x_wconf 88' lang='lat' dir='ltr'><strong>Il,</strong></span> <span class='ocrx_word' id='word_1_469' title='bbox 442 5878 545 5936; x_wconf 86' lang='lat' dir='ltr'><strong>col.</strong></span> <span class='ocrx_word' id='word_1_470' title='bbox 575 5877 713 5932; x_wconf 77' lang='lat'><strong>2137</strong></span> <span class='ocrx_word' id='word_1_471' title='bbox 745 5882 800 5934; x_wconf 90' lang='lat' dir='ltr'><strong>et</strong></span> <span class='ocrx_word' id='word_1_472' title='bbox 827 5874 966 5949; x_wconf 90' lang='lat' dir='ltr'><strong>seq.)</strong></span> 
     </span>
    </p>
   </div>
   <div class='ocr_carea' id='block_1_64' title="bbox 1789 4604 1846 4668">
    <p class='ocr_par' dir='ltr' id='par_1_64' title="bbox 1789 4604 1846 4668">
     <span class='ocr_line' id='line_1_64' title="bbox 1789 4604 1846 4668; baseline 0 0"><span class='ocrx_word' id='word_1_473' title='bbox 1789 4604 1846 4668; x_wconf 90' lang='lat' dir='ltr'><strong><em>D</em></strong></span> 
     </span>
    </p>
   </div>
   <div class='ocr_carea' id='block_1_65' title="bbox 1860 751 3008 828">
    <p class='ocr_par' dir='ltr' id='par_1_65' title="bbox 1860 751 3008 828">
     <span class='ocr_line' id='line_1_65' title="bbox 1860 751 3008 828; baseline -0.001 -17"><span class='ocrx_word' id='word_1_474' title='bbox 1860 757 1930 812; x_wconf 90' lang='lat' dir='ltr'><strong>ad</strong></span> <span class='ocrx_word' id='word_1_475' title='bbox 1957 755 2179 813; x_wconf 85' lang='lat' dir='ltr'><strong>Hieron.</strong></span> <span class='ocrx_word' id='word_1_476' title='bbox 2206 757 2438 828; x_wconf 85' lang='lat' dir='ltr'><strong>epist.u,</strong></span> <span class='ocrx_word' id='word_1_477' title='bbox 2471 764 2605 812; x_wconf 89' lang='lat' dir='ltr'><strong>tom.</strong></span> <span class='ocrx_word' id='word_1_478' title='bbox 2631 753 2698 822; x_wconf 92' lang='lat' dir='ltr'><strong>ll,</strong></span> <span class='ocrx_word' id='word_1_479' title='bbox 2726 752 2829 810; x_wconf 90' lang='lat' dir='ltr'><strong>col.</strong></span> <span class='ocrx_word' id='word_1_480' title='bbox 2859 751 3008 827; x_wconf 82' lang='grc'><strong>758.)</strong></span> 
     </span>
    </p>
   </div>
   <div class='ocr_carea' id='block_1_66' title="bbox 1931 845 3450 922">
    <p class='ocr_par' dir='ltr' id='par_1_66' title="bbox 1931 845 3450 922">
     <span class='ocr_line' id='line_1_66' title="bbox 1931 845 3450 922; baseline -0.004 -17"><span class='ocrx_word' id='word_1_481' title='bbox 1931 848 2109 907; x_wconf 83' lang='lat' dir='ltr'><strong>Nolite</strong></span> <span class='ocrx_word' id='word_1_482' title='bbox 2157 849 2340 921; x_wconf 83' lang='lat' dir='ltr'><strong>itaque</strong></span> <span class='ocrx_word' id='word_1_483' title='bbox 2385 856 2602 922; x_wconf 88' lang='lat' dir='ltr'><strong>putare,</strong></span> <span class='ocrx_word' id='word_1_484' title='bbox 2651 845 2846 902; x_wconf 84' lang='lat' dir='ltr'><strong>fratres</strong></span> <span class='ocrx_word' id='word_1_485' title='bbox 2892 845 3021 913; x_wconf 88' lang='lat' dir='ltr'><strong>mei,</strong></span> <span class='ocrx_word' id='word_1_486' title='bbox 3053 845 3109 901; x_wconf 90' lang='lat' dir='ltr'><strong>in</strong></span> <span class='ocrx_word' id='word_1_487' title='bbox 3155 846 3283 912; x_wconf 93' lang='lat' dir='ltr'><strong>hoc,</strong></span> <span class='ocrx_word' id='word_1_488' title='bbox 3319 854 3450 912; x_wconf 88' lang='lat' dir='ltr'><strong>etc.,</strong></span> 
     </span>
    </p>
   </div>
   <div class='ocr_carea' id='block_1_67' title="bbox 1860 935 3447 1014">
    <p class='ocr_par' dir='ltr' id='par_1_67' title="bbox 1860 935 3447 1014">
     <span class='ocr_line' id='line_1_67' title="bbox 1860 935 3447 1014; baseline -0.003 -17"><span class='ocrx_word' id='word_1_489' title='bbox 1860 957 2023 1014; x_wconf 87' lang='lat' dir='ltr'><strong>usque</strong></span> <span class='ocrx_word' id='word_1_490' title='bbox 2059 940 2128 995; x_wconf 88' lang='lat' dir='ltr'><strong>ad</strong></span> <span class='ocrx_word' id='word_1_491' title='bbox 2153 939 2288 996; x_wconf 88' lang='lat' dir='ltr'><strong>tanti</strong></span> <span class='ocrx_word' id='word_1_492' title='bbox 2311 939 2504 1011; x_wconf 89' lang='lat' dir='ltr'><strong>capitis</strong></span> <span class='ocrx_word' id='word_1_493' title='bbox 2541 937 2730 995; x_wconf 89' lang='lat' dir='ltr'><strong>simus.</strong></span> <span class='ocrx_word' id='word_1_494' title='bbox 2756 935 2878 1008; x_wconf 88' lang='lat' dir='ltr'><strong>(Id.,</strong></span> <span class='ocrx_word' id='word_1_495' title='bbox 2897 945 3053 992; x_wconf 88' lang='lat' dir='ltr'><strong>tract.</strong></span> <span class='ocrx_word' id='word_1_496' title='bbox 3077 936 3218 994; x_wconf 86' lang='lat' dir='ltr'><strong>62in</strong></span> <span class='ocrx_word' id='word_1_497' title='bbox 3247 936 3447 1008; x_wconf 84' lang='lat' dir='ltr'><strong>Evang.</strong></span> 
     </span>
    </p>
   </div>
   <div class='ocr_carea' id='block_1_68' title="bbox 1860 1029 3075 1103">
    <p class='ocr_par' dir='ltr' id='par_1_68' title="bbox 1860 1029 3075 1103">
     <span class='ocr_line' id='line_1_68' title="bbox 1860 1029 3075 1103; baseline -0.005 -13"><span class='ocrx_word' id='word_1_498' title='bbox 1860 1049 1964 1090; x_wconf 87' lang='lat' dir='ltr'><strong>sec.</strong></span> <span class='ocrx_word' id='word_1_499' title='bbox 1990 1033 2182 1102; x_wconf 83' lang='lat' dir='ltr'><strong>Joan.,</strong></span> <span class='ocrx_word' id='word_1_500' title='bbox 2203 1040 2336 1090; x_wconf 90' lang='lat' dir='ltr'><strong>tom.</strong></span> <span class='ocrx_word' id='word_1_501' title='bbox 2367 1032 2458 1100; x_wconf 88' lang='lat' dir='ltr'><strong>Ill,</strong></span> <span class='ocrx_word' id='word_1_502' title='bbox 2486 1039 2628 1103; x_wconf 89' lang='lat' dir='ltr'><strong>part.</strong></span> <span class='ocrx_word' id='word_1_503' title='bbox 2659 1047 2723 1099; x_wconf 91' lang='grc' dir='ltr'><strong>ιι,</strong></span> <span class='ocrx_word' id='word_1_504' title='bbox 2757 1029 2860 1087; x_wconf 92' lang='lat' dir='ltr'><strong>col.</strong></span> <span class='ocrx_word' id='word_1_505' title='bbox 2887 1029 3075 1102; x_wconf 89' lang='lat'><strong>1809.)</strong></span> 
     </span>
    </p>
   </div>
   <div class='ocr_carea' id='block_1_69' title="bbox 1931 1122 3452 1200">
    <p class='ocr_par' dir='ltr' id='par_1_69' title="bbox 1931 1122 3452 1200">
     <span class='ocr_line' id='line_1_69' title="bbox 1931 1122 3452 1200; baseline -0.005 -16"><span class='ocrx_word' id='word_1_506' title='bbox 1931 1127 2084 1185; x_wconf 91' lang='lat' dir='ltr'><strong>Tunc</strong></span> <span class='ocrx_word' id='word_1_507' title='bbox 2110 1126 2309 1200; x_wconf 89' lang='lat' dir='ltr'><strong>quippe</strong></span> <span class='ocrx_word' id='word_1_508' title='bbox 2353 1133 2439 1184; x_wconf 87' lang='lat' dir='ltr'><strong>est</strong></span> <span class='ocrx_word' id='word_1_509' title='bbox 2487 1124 2724 1198; x_wconf 81' lang='lat' dir='ltr'><strong>Optimus</strong></span> <span class='ocrx_word' id='word_1_510' title='bbox 2766 1124 2954 1192; x_wconf 86' lang='lat' dir='ltr'><strong>homo,</strong></span> <span class='ocrx_word' id='word_1_511' title='bbox 3002 1130 3135 1190; x_wconf 88' lang='lat' dir='ltr'><strong>etc.,</strong></span> <span class='ocrx_word' id='word_1_512' title='bbox 3180 1138 3340 1193; x_wconf 83' lang='lat' dir='ltr'><strong>usque</strong></span> <span class='ocrx_word' id='word_1_513' title='bbox 3383 1122 3452 1177; x_wconf 87' lang='lat' dir='ltr'><strong>ad</strong></span> 
     </span>
    </p>
   </div>
   <div class='ocr_carea' id='block_1_70' title="bbox 1861 1213 3452 1288">
    <p class='ocr_par' dir='ltr' id='par_1_70' title="bbox 1861 1213 3452 1288">
     <span class='ocr_line' id='line_1_70' title="bbox 1861 1213 3452 1288; baseline -0.007 -10"><span class='ocrx_word' id='word_1_514' title='bbox 1861 1220 2200 1278; x_wconf 87' lang='lat' dir='ltr'><strong>derivatione</strong></span> <span class='ocrx_word' id='word_1_515' title='bbox 2251 1218 2548 1274; x_wconf 89' lang='lat' dir='ltr'><strong>minuatur.</strong></span> <span class='ocrx_word' id='word_1_516' title='bbox 2577 1215 2701 1288; x_wconf 93' lang='lat' dir='ltr'><strong>(ld.,</strong></span> <span class='ocrx_word' id='word_1_517' title='bbox 2732 1214 2822 1271; x_wconf 89' lang='lat' dir='ltr'><strong>lib.</strong></span> <span class='ocrx_word' id='word_1_518' title='bbox 2851 1230 2871 1269; x_wconf 94' lang='grc' dir='ltr'><strong>ι</strong></span> <span class='ocrx_word' id='word_1_519' title='bbox 2903 1215 2969 1271; x_wconf 90' lang='lat' dir='ltr'><strong>de</strong></span> <span class='ocrx_word' id='word_1_520' title='bbox 2992 1213 3173 1270; x_wconf 84' lang='lat' dir='ltr'><strong>Doetr.</strong></span> <span class='ocrx_word' id='word_1_521' title='bbox 3231 1213 3452 1282; x_wconf 87' lang='lat' dir='ltr'><strong>Christ.,</strong></span> 
     </span>
    </p>
   </div>
   <div class='ocr_carea' id='block_1_71' title="bbox 1860 1306 2864 1384">
    <p class='ocr_par' dir='ltr' id='par_1_71' title="bbox 1860 1306 2864 1384">
     <span class='ocr_line' id='line_1_71' title="bbox 1860 1306 2864 1384; baseline -0.009 -13"><span class='ocrx_word' id='word_1_522' title='bbox 1860 1322 1993 1372; x_wconf 86' lang='lat' dir='ltr'><strong>tom.</strong></span> <span class='ocrx_word' id='word_1_523' title='bbox 2022 1312 2110 1381; x_wconf 90' lang='lat' dir='ltr'><strong>Ill,</strong></span> <span class='ocrx_word' id='word_1_524' title='bbox 2143 1321 2288 1384; x_wconf 89' lang='lat' dir='ltr'><strong>part.</strong></span> <span class='ocrx_word' id='word_1_525' title='bbox 2318 1329 2360 1379; x_wconf 89' lang='grc' dir='ltr'><strong>ι,</strong></span> <span class='ocrx_word' id='word_1_526' title='bbox 2392 1310 2496 1368; x_wconf 93' lang='lat' dir='ltr'><strong>col.</strong></span> <span class='ocrx_word' id='word_1_527' title='bbox 2525 1309 2597 1366; x_wconf 89' lang='lat'><strong>26</strong></span> <span class='ocrx_word' id='word_1_528' title='bbox 2633 1316 2690 1363; x_wconf 87' lang='lat' dir='ltr'><strong>et</strong></span> <span class='ocrx_word' id='word_1_529' title='bbox 2721 1306 2864 1380; x_wconf 86' lang='lat' dir='ltr'><strong>seq.)</strong></span> 
     </span>
    </p>
   </div>
   <div class='ocr_carea' id='block_1_72' title="bbox 1931 1397 3452 1482">
    <p class='ocr_par' dir='ltr' id='par_1_72' title="bbox 1931 1397 3452 1482">
     <span class='ocr_line' id='line_1_72' title="bbox 1931 1397 3452 1482; baseline -0.007 -20"><span class='ocrx_word' id='word_1_530' title='bbox 1931 1403 2230 1476; x_wconf 89' lang='lat' dir='ltr'><strong>Decalogus</strong></span> <span class='ocrx_word' id='word_1_531' title='bbox 2253 1402 2388 1476; x_wconf 87' lang='lat' dir='ltr'><strong>legis</strong></span> <span class='ocrx_word' id='word_1_532' title='bbox 2418 1404 2606 1458; x_wconf 90' lang='lat' dir='ltr'><strong>decem</strong></span> <span class='ocrx_word' id='word_1_533' title='bbox 2632 1406 2900 1472; x_wconf 81' lang='lat' dir='ltr'><strong>praecepta</strong></span> <span class='ocrx_word' id='word_1_534' title='bbox 2920 1397 3119 1482; x_wconf 53' lang='lat' dir='ltr'><strong>habetL</strong></span> <span class='ocrx_word' id='word_1_535' title='bbox 3131 1405 3260 1464; x_wconf 90' lang='lat' dir='ltr'><strong>etc.,</strong></span> <span class='ocrx_word' id='word_1_536' title='bbox 3290 1414 3452 1467; x_wconf 82' lang='lat' dir='ltr'><strong>usque</strong></span> 
     </span>
    </p>
   </div>
   <div class='ocr_carea' id='block_1_73' title="bbox 1861 1489 3454 1566">
    <p class='ocr_par' dir='ltr' id='par_1_73' title="bbox 1861 1489 3454 1566">
     <span class='ocr_line' id='line_1_73' title="bbox 1861 1489 3454 1566; baseline -0.006 -12"><span class='ocrx_word' id='word_1_537' title='bbox 1861 1498 1931 1554; x_wconf 91' lang='lat' dir='ltr'><strong>ad</strong></span> <span class='ocrx_word' id='word_1_538' title='bbox 1957 1497 2218 1554; x_wconf 87' lang='lat' dir='ltr'><strong>societate</strong></span> <span class='ocrx_word' id='word_1_539' title='bbox 2243 1494 2498 1552; x_wconf 84' lang='lat' dir='ltr'><strong>versaris.</strong></span> <span class='ocrx_word' id='word_1_540' title='bbox 2535 1492 2660 1566; x_wconf 91' lang='lat' dir='ltr'><strong>(Id.,</strong></span> <span class='ocrx_word' id='word_1_541' title='bbox 2700 1507 2860 1548; x_wconf 88' lang='lat' dir='ltr'><strong>serm.</strong></span> <span class='ocrx_word' id='word_1_542' title='bbox 2893 1490 2959 1546; x_wconf 88' lang='lat' dir='ltr'><strong>de</strong></span> <span class='ocrx_word' id='word_1_543' title='bbox 3001 1489 3177 1545; x_wconf 86' lang='lat' dir='ltr'><strong>decem</strong></span> <span class='ocrx_word' id='word_1_544' title='bbox 3225 1491 3454 1558; x_wconf 83' lang='lat' dir='ltr'><strong>chordis,</strong></span> 
     </span>
    </p>
   </div>
   <div class='ocr_carea' id='block_1_74' title="bbox 1861 1583 2814 1662">
    <p class='ocr_par' dir='ltr' id='par_1_74' title="bbox 1861 1583 2814 1662">
     <span class='ocr_line' id='line_1_74' title="bbox 1861 1583 2814 1662; baseline -0.009 -13"><span class='ocrx_word' id='word_1_545' title='bbox 1861 1599 1995 1649; x_wconf 88' lang='lat' dir='ltr'><strong>tom.</strong></span> <span class='ocrx_word' id='word_1_546' title='bbox 2020 1589 2089 1659; x_wconf 84' lang='lat' dir='ltr'><strong>V,</strong></span> <span class='ocrx_word' id='word_1_547' title='bbox 2121 1599 2266 1662; x_wconf 87' lang='lat' dir='ltr'><strong>part.</strong></span> <span class='ocrx_word' id='word_1_548' title='bbox 2296 1605 2337 1657; x_wconf 90' lang='grc' dir='ltr'><strong>ι,</strong></span> <span class='ocrx_word' id='word_1_549' title='bbox 2367 1588 2472 1646; x_wconf 94' lang='lat' dir='ltr'><strong>col.</strong></span> <span class='ocrx_word' id='word_1_550' title='bbox 2499 1587 2570 1646; x_wconf 76' lang='grc'><strong>84</strong></span> <span class='ocrx_word' id='word_1_551' title='bbox 2588 1595 2646 1644; x_wconf 91' lang='lat' dir='ltr'><strong>et</strong></span> <span class='ocrx_word' id='word_1_552' title='bbox 2669 1583 2814 1658; x_wconf 89' lang='lat' dir='ltr'><strong>seq.)</strong></span> 
     </span>
    </p>
   </div>
   <div class='ocr_carea' id='block_1_75' title="bbox 1931 1677 3454 1751">
    <p class='ocr_par' dir='ltr' id='par_1_75' title="bbox 1931 1677 3454 1751">
     <span class='ocr_line' id='line_1_75' title="bbox 1931 1677 3454 1751; baseline -0.006 -11"><span class='ocrx_word' id='word_1_553' title='bbox 1931 1683 2266 1740; x_wconf 88' lang='lat' dir='ltr'><strong>Charitatem</strong></span> <span class='ocrx_word' id='word_1_554' title='bbox 2311 1681 2516 1738; x_wconf 83' lang='lat' dir='ltr'><strong>habens</strong></span> <span class='ocrx_word' id='word_1_555' title='bbox 2544 1695 2665 1751; x_wconf 81' lang='lat' dir='ltr'><strong>quae</strong></span> <span class='ocrx_word' id='word_1_556' title='bbox 2707 1686 2791 1736; x_wconf 89' lang='lat' dir='ltr'><strong>est</strong></span> <span class='ocrx_word' id='word_1_557' title='bbox 2838 1678 2905 1734; x_wconf 89' lang='lat' dir='ltr'><strong>de</strong></span> <span class='ocrx_word' id='word_1_558' title='bbox 2949 1677 3114 1734; x_wconf 89' lang='lat' dir='ltr'><strong>corde</strong></span> <span class='ocrx_word' id='word_1_559' title='bbox 3143 1691 3300 1750; x_wconf 87' lang='lat' dir='ltr'><strong>puro,</strong></span> <span class='ocrx_word' id='word_1_560' title='bbox 3324 1685 3454 1742; x_wconf 91' lang='lat' dir='ltr'><strong>etc.,</strong></span> 
     </span>
    </p>
   </div>
   <div class='ocr_carea' id='block_1_76' title="bbox 1861 1756 3456 1848">
    <p class='ocr_par' dir='ltr' id='par_1_76' title="bbox 1861 1756 3456 1848">
     <span class='ocr_line' id='line_1_76' title="bbox 1861 1756 3456 1848; baseline -0.006 -16"><span class='ocrx_word' id='word_1_561' title='bbox 1861 1756 2024 1848; x_wconf 65' lang='lat' dir='ltr'><strong>usque</strong></span> <span class='ocrx_word' id='word_1_562' title='bbox 2056 1776 2126 1832; x_wconf 89' lang='lat' dir='ltr'><strong>ad</strong></span> <span class='ocrx_word' id='word_1_563' title='bbox 2154 1775 2333 1832; x_wconf 89' lang='lat' dir='ltr'><strong>odisse</strong></span> <span class='ocrx_word' id='word_1_564' title='bbox 2357 1774 2502 1845; x_wconf 90' lang='lat' dir='ltr'><strong>quod</strong></span> <span class='ocrx_word' id='word_1_565' title='bbox 2529 1771 2720 1844; x_wconf 86' lang='lat' dir='ltr'><strong>diligit.</strong></span> <span class='ocrx_word' id='word_1_566' title='bbox 2751 1769 2876 1843; x_wconf 88' lang='lat' dir='ltr'><strong>(Id.,</strong></span> <span class='ocrx_word' id='word_1_567' title='bbox 2907 1768 2998 1824; x_wconf 89' lang='lat' dir='ltr'><strong>lib.</strong></span> <span class='ocrx_word' id='word_1_568' title='bbox 3017 1766 3163 1824; x_wconf 88' lang='lat' dir='ltr'><strong>Sent.</strong></span> <span class='ocrx_word' id='word_1_569' title='bbox 3187 1767 3456 1840; x_wconf 83' lang='lat' dir='ltr'><strong>Prosperi,</strong></span> 
     </span>
    </p>
   </div>
   <div class='ocr_carea' id='block_1_77' title="bbox 1787 1858 2708 1941">
    <p class='ocr_par' dir='ltr' id='par_1_77' title="bbox 1787 1858 2708 1941">
     <span class='ocr_line' id='line_1_77' title="bbox 1787 1858 2708 1941; baseline -0.001 -20"><span class='ocrx_word' id='word_1_570' title='bbox 1787 1858 1836 1921; x_wconf 88' lang='grc' dir='ltr'><strong>Β</strong></span> <span class='ocrx_word' id='word_1_571' title='bbox 1866 1879 1998 1927; x_wconf 89' lang='lat' dir='ltr'><strong>tom.</strong></span> <span class='ocrx_word' id='word_1_572' title='bbox 2022 1868 2092 1936; x_wconf 85' lang='lat' dir='ltr'><strong>X,</strong></span> <span class='ocrx_word' id='word_1_573' title='bbox 2112 1878 2256 1941; x_wconf 89' lang='lat' dir='ltr'><strong>part.</strong></span> <span class='ocrx_word' id='word_1_574' title='bbox 2287 1885 2349 1936; x_wconf 90' lang='grc' dir='ltr'><strong>ιι,</strong></span> <span class='ocrx_word' id='word_1_575' title='bbox 2385 1867 2491 1925; x_wconf 91' lang='lat' dir='ltr'><strong>col.</strong></span> <span class='ocrx_word' id='word_1_576' title='bbox 2521 1866 2708 1938; x_wconf 84' lang='lat'><strong>1891.)</strong></span> 
     </span>
    </p>
   </div>
   <div class='ocr_carea' id='block_1_78' title="bbox 1931 1956 3459 2034">
    <p class='ocr_par' dir='ltr' id='par_1_78' title="bbox 1931 1956 3459 2034">
     <span class='ocr_line' id='line_1_78' title="bbox 1931 1956 3459 2034; baseline -0.005 -16"><span class='ocrx_word' id='word_1_577' title='bbox 1931 1962 2156 2018; x_wconf 87' lang='lat' dir='ltr'><strong>Dilectio</strong></span> <span class='ocrx_word' id='word_1_578' title='bbox 2192 1961 2420 2034; x_wconf 74' lang='lat' dir='ltr'><strong>proximi</strong></span> <span class='ocrx_word' id='word_1_579' title='bbox 2457 1959 2660 2015; x_wconf 89' lang='lat' dir='ltr'><strong>malum</strong></span> <span class='ocrx_word' id='word_1_580' title='bbox 2693 1975 2797 2014; x_wconf 87' lang='lat' dir='ltr'><strong>non</strong></span> <span class='ocrx_word' id='word_1_581' title='bbox 2827 1966 3098 2029; x_wconf 87' lang='lat' dir='ltr'><strong>operatur.</strong></span> <span class='ocrx_word' id='word_1_582' title='bbox 3143 1956 3459 2011; x_wconf 72' lang='lat' dir='ltr'><strong>Proximum</strong></span> 
     </span>
    </p>
   </div>
   <div class='ocr_carea' id='block_1_79' title="bbox 1863 2052 3457 2130">
    <p class='ocr_par' dir='ltr' id='par_1_79' title="bbox 1863 2052 3457 2130">
     <span class='ocr_line' id='line_1_79' title="bbox 1863 2052 3457 2130; baseline -0.008 -11"><span class='ocrx_word' id='word_1_583' title='bbox 1863 2076 2078 2119; x_wconf 89' lang='lat' dir='ltr'><strong>omnem</strong></span> <span class='ocrx_word' id='word_1_584' title='bbox 2114 2059 2387 2117; x_wconf 88' lang='lat' dir='ltr'><strong>hominem</strong></span> <span class='ocrx_word' id='word_1_585' title='bbox 2434 2064 2652 2130; x_wconf 87' lang='lat' dir='ltr'><strong>oportet</strong></span> <span class='ocrx_word' id='word_1_586' title='bbox 2694 2053 2941 2126; x_wconf 84' lang='lat' dir='ltr'><strong>intelligi,</strong></span> <span class='ocrx_word' id='word_1_587' title='bbox 2994 2064 3126 2119; x_wconf 84' lang='lat' dir='ltr'><strong>etc.,</strong></span> <span class='ocrx_word' id='word_1_588' title='bbox 3182 2069 3345 2124; x_wconf 86' lang='lat' dir='ltr'><strong>usque</strong></span> <span class='ocrx_word' id='word_1_589' title='bbox 3389 2052 3457 2106; x_wconf 87' lang='lat' dir='ltr'><strong>ad</strong></span> 
     </span>
    </p>
   </div>
   <div class='ocr_carea' id='block_1_80' title="bbox 1863 2143 3456 2222">
    <p class='ocr_par' dir='ltr' id='par_1_80' title="bbox 1863 2143 3456 2222">
     <span class='ocr_line' id='line_1_80' title="bbox 1863 2143 3456 2222; baseline -0.008 -11"><span class='ocrx_word' id='word_1_590' title='bbox 1863 2155 1976 2212; x_wconf 89' lang='lat' dir='ltr'><strong>odit</strong></span> <span class='ocrx_word' id='word_1_591' title='bbox 2015 2153 2252 2210; x_wconf 88' lang='lat' dir='ltr'><strong>animam</strong></span> <span class='ocrx_word' id='word_1_592' title='bbox 2301 2166 2480 2208; x_wconf 87' lang='lat' dir='ltr'><strong>suam.</strong></span> <span class='ocrx_word' id='word_1_593' title='bbox 2509 2149 2631 2222; x_wconf 88' lang='lat' dir='ltr'><strong>(ld.,</strong></span> <span class='ocrx_word' id='word_1_594' title='bbox 2658 2156 2812 2204; x_wconf 86' lang='lat' dir='ltr'><strong>tract.</strong></span> <span class='ocrx_word' id='word_1_595' title='bbox 2854 2148 2910 2202; x_wconf 90' lang='lat' dir='ltr'><strong>in</strong></span> <span class='ocrx_word' id='word_1_596' title='bbox 2936 2145 3073 2220; x_wconf 86' lang='lat' dir='ltr'><strong>psal.</strong></span> <span class='ocrx_word' id='word_1_597' title='bbox 3108 2161 3173 2212; x_wconf 92' lang='grc' dir='ltr'><strong>ιι,</strong></span> <span class='ocrx_word' id='word_1_598' title='bbox 3206 2153 3336 2202; x_wconf 90' lang='lat' dir='ltr'><strong>tom.</strong></span> <span class='ocrx_word' id='word_1_599' title='bbox 3366 2143 3456 2212; x_wconf 91' lang='lat' dir='ltr'><strong>1V,</strong></span> 
     </span>
    </p>
   </div>
   <div class='ocr_carea' id='block_1_81' title="bbox 1863 2243 2398 2319">
    <p class='ocr_par' dir='ltr' id='par_1_81' title="bbox 1863 2243 2398 2319">
     <span class='ocr_line' id='line_1_81' title="bbox 1863 2243 2398 2319; baseline -0.007 -16"><span class='ocrx_word' id='word_1_600' title='bbox 1863 2254 2004 2319; x_wconf 83' lang='lat' dir='ltr'><strong>part.</strong></span> <span class='ocrx_word' id='word_1_601' title='bbox 2039 2261 2080 2314; x_wconf 89' lang='grc' dir='ltr'><strong>ι,</strong></span> <span class='ocrx_word' id='word_1_602' title='bbox 2112 2245 2216 2302; x_wconf 91' lang='lat' dir='ltr'><strong>col.</strong></span> <span class='ocrx_word' id='word_1_603' title='bbox 2246 2243 2398 2316; x_wconf 82' lang='grc'><strong>158.)</strong></span> 
     </span>
    </p>
   </div>
   <div class='ocr_carea' id='block_1_82' title="bbox 1936 2332 3463 2412">
    <p class='ocr_par' dir='ltr' id='par_1_82' title="bbox 1936 2332 3463 2412">
     <span class='ocr_line' id='line_1_82' title="bbox 1936 2332 3463 2412; baseline -0.005 -16"><span class='ocrx_word' id='word_1_604' title='bbox 1936 2339 2141 2398; x_wconf 85' lang='lat' dir='ltr'><strong>Tenete</strong></span> <span class='ocrx_word' id='word_1_605' title='bbox 2175 2353 2306 2412; x_wconf 88' lang='lat' dir='ltr'><strong>ergo</strong></span> <span class='ocrx_word' id='word_1_606' title='bbox 2335 2337 2704 2402; x_wconf 81' lang='lat' dir='ltr'><strong>dilectionem,</strong></span> <span class='ocrx_word' id='word_1_607' title='bbox 2741 2344 2870 2402; x_wconf 90' lang='lat' dir='ltr'><strong>etc.,</strong></span> <span class='ocrx_word' id='word_1_608' title='bbox 2901 2350 3067 2406; x_wconf 84' lang='lat' dir='ltr'><strong>usque</strong></span> <span class='ocrx_word' id='word_1_609' title='bbox 3107 2332 3177 2388; x_wconf 89' lang='lat' dir='ltr'><strong>ad</strong></span> <span class='ocrx_word' id='word_1_610' title='bbox 3206 2341 3269 2388; x_wconf 90' lang='lat' dir='ltr'><strong>ut</strong></span> <span class='ocrx_word' id='word_1_611' title='bbox 3292 2333 3463 2389; x_wconf 88' lang='lat' dir='ltr'><strong>corri-</strong></span> 
     </span>
    </p>
   </div>
   <div class='ocr_carea' id='block_1_83' title="bbox 1865 2425 3458 2506">
    <p class='ocr_par' dir='ltr' id='par_1_83' title="bbox 1865 2425 3458 2506">
     <span class='ocr_line' id='line_1_83' title="bbox 1865 2425 3458 2506; baseline -0.005 -18"><span class='ocrx_word' id='word_1_612' title='bbox 1865 2441 1975 2506; x_wconf 86' lang='lat' dir='ltr'><strong>gat.</strong></span> <span class='ocrx_word' id='word_1_613' title='bbox 1992 2431 2117 2504; x_wconf 91' lang='lat' dir='ltr'><strong>(Id.,</strong></span> <span class='ocrx_word' id='word_1_614' title='bbox 2141 2448 2299 2487; x_wconf 85' lang='lat' dir='ltr'><strong>serm.</strong></span> <span class='ocrx_word' id='word_1_615' title='bbox 2324 2431 2475 2502; x_wconf 85' lang='lat' dir='ltr'><strong>epist.</strong></span> <span class='ocrx_word' id='word_1_616' title='bbox 2495 2428 2744 2485; x_wconf 85' lang='lat' dir='ltr'><strong>Joan.ad</strong></span> <span class='ocrx_word' id='word_1_617' title='bbox 2761 2426 3010 2494; x_wconf 84' lang='lat' dir='ltr'><strong>Parthos,</strong></span> <span class='ocrx_word' id='word_1_618' title='bbox 3040 2432 3171 2484; x_wconf 89' lang='lat' dir='ltr'><strong>tom.</strong></span> <span class='ocrx_word' id='word_1_619' title='bbox 3201 2425 3286 2495; x_wconf 89' lang='lat' dir='ltr'><strong>Ill,</strong></span> <span class='ocrx_word' id='word_1_620' title='bbox 3316 2436 3458 2497; x_wconf 90' lang='lat' dir='ltr'><strong>part.</strong></span> 
     </span>
    </p>
   </div>
   <div class='ocr_carea' id='block_1_84' title="bbox 1867 2521 2274 2593">
    <p class='ocr_par' dir='ltr' id='par_1_84' title="bbox 1867 2521 2274 2593">
     <span class='ocr_line' id='line_1_84' title="bbox 1867 2521 2274 2593; baseline -0.007 -14"><span class='ocrx_word' id='word_1_621' title='bbox 1867 2541 1930 2593; x_wconf 86' lang='grc' dir='ltr'><strong>ιι,</strong></span> <span class='ocrx_word' id='word_1_622' title='bbox 1952 2523 2056 2581; x_wconf 90' lang='lat' dir='ltr'><strong>col.</strong></span> <span class='ocrx_word' id='word_1_623' title='bbox 2087 2521 2274 2593; x_wconf 83' lang='lat'><strong>2059.)</strong></span> 
     </span>
    </p>
   </div>
   <div class='ocr_carea' id='block_1_85' title="bbox 1940 2607 3466 2686">
    <p class='ocr_par' dir='ltr' id='par_1_85' title="bbox 1940 2607 3466 2686">
     <span class='ocr_line' id='line_1_85' title="bbox 1940 2607 3466 2686; baseline -0.005 -16"><span class='ocrx_word' id='word_1_624' title='bbox 1940 2614 2220 2672; x_wconf 86' lang='lat' dir='ltr'><strong>Plenitudo</strong></span> <span class='ocrx_word' id='word_1_625' title='bbox 2261 2631 2382 2686; x_wconf 87' lang='lat' dir='ltr'><strong>ergo</strong></span> <span class='ocrx_word' id='word_1_626' title='bbox 2429 2613 2557 2686; x_wconf 88' lang='lat' dir='ltr'><strong>legis</strong></span> <span class='ocrx_word' id='word_1_627' title='bbox 2594 2622 2669 2668; x_wconf 85' lang='lat' dir='ltr'><strong>est</strong></span> <span class='ocrx_word' id='word_1_628' title='bbox 2719 2613 2952 2668; x_wconf 89' lang='lat' dir='ltr'><strong>dilectio.</strong></span> <span class='ocrx_word' id='word_1_629' title='bbox 3001 2608 3290 2667; x_wconf 88' lang='lat' dir='ltr'><strong>Plenitudo</strong></span> <span class='ocrx_word' id='word_1_630' title='bbox 3330 2607 3466 2680; x_wconf 85' lang='lat' dir='ltr'><strong>legis</strong></span> 
     </span>
    </p>
   </div>
   <div class='ocr_carea' id='block_1_86' title="bbox 1867 2698 3460 2776">
    <p class='ocr_par' dir='ltr' id='par_1_86' title="bbox 1867 2698 3460 2776">
     <span class='ocr_line' id='line_1_86' title="bbox 1867 2698 3460 2776; baseline -0.009 -10"><span class='ocrx_word' id='word_1_631' title='bbox 1867 2709 2108 2766; x_wconf 88' lang='lat' dir='ltr'><strong>charitas</strong></span> <span class='ocrx_word' id='word_1_632' title='bbox 2152 2715 2256 2776; x_wconf 91' lang='lat' dir='ltr'><strong>est,</strong></span> <span class='ocrx_word' id='word_1_633' title='bbox 2283 2715 2414 2773; x_wconf 89' lang='lat' dir='ltr'><strong>etc.,</strong></span> <span class='ocrx_word' id='word_1_634' title='bbox 2441 2721 2607 2776; x_wconf 85' lang='lat' dir='ltr'><strong>usque</strong></span> <span class='ocrx_word' id='word_1_635' title='bbox 2646 2704 2716 2759; x_wconf 88' lang='lat' dir='ltr'><strong>ad</strong></span> <span class='ocrx_word' id='word_1_636' title='bbox 2761 2717 2863 2759; x_wconf 89' lang='lat' dir='ltr'><strong>nec</strong></span> <span class='ocrx_word' id='word_1_637' title='bbox 2907 2702 3219 2774; x_wconf 78' lang='lat' dir='ltr'><strong>proximum</strong></span> <span class='ocrx_word' id='word_1_638' title='bbox 3266 2698 3460 2770; x_wconf 89' lang='lat' dir='ltr'><strong>diligit.</strong></span> 
     </span>
    </p>
   </div>
   <div class='ocr_carea' id='block_1_87' title="bbox 1867 2787 3349 2876">
    <p class='ocr_par' dir='ltr' id='par_1_87' title="bbox 1867 2787 3349 2876">
     <span class='ocr_line' id='line_1_87' title="bbox 1867 2787 3349 2876; baseline -0.009 -17"><span class='ocrx_word' id='word_1_639' title='bbox 1867 2803 2090 2876; x_wconf 89' lang='lat' dir='ltr'><strong>(ld.,ep.</strong></span> <span class='ocrx_word' id='word_1_640' title='bbox 2119 2815 2181 2857; x_wconf 89' lang='grc' dir='ltr'>ιι.</span> <span class='ocrx_word' id='word_1_641' title='bbox 2212 2787 2280 2856; x_wconf 91' lang='lat' dir='ltr'><strong>ad</strong></span> <span class='ocrx_word' id='word_1_642' title='bbox 2309 2797 2556 2865; x_wconf 85' lang='lat' dir='ltr'><strong>Hieron.,</strong></span> <span class='ocrx_word' id='word_1_643' title='bbox 2585 2805 2720 2854; x_wconf 88' lang='lat' dir='ltr'><strong>tom.</strong></span> <span class='ocrx_word' id='word_1_644' title='bbox 2747 2795 2812 2862; x_wconf 91' lang='lat' dir='ltr'>II,</span> <span class='ocrx_word' id='word_1_645' title='bbox 2850 2794 2954 2851; x_wconf 90' lang='lat' dir='ltr'><strong>col.</strong></span> <span class='ocrx_word' id='word_1_646' title='bbox 2985 2794 3091 2851; x_wconf 82' lang='grc'><strong>759</strong></span> <span class='ocrx_word' id='word_1_647' title='bbox 3118 2801 3174 2849; x_wconf 93' lang='lat' dir='ltr'><strong>et</strong></span> <span class='ocrx_word' id='word_1_648' title='bbox 3204 2791 3349 2862; x_wconf 88' lang='lat' dir='ltr'><strong>seq.)</strong></span> 
     </span>
    </p>
   </div>
   <div class='ocr_carea' id='block_1_88' title="bbox 1938 2883 3464 2957">
    <p class='ocr_par' dir='ltr' id='par_1_88' title="bbox 1938 2883 3464 2957">
     <span class='ocr_line' id='line_1_88' title="bbox 1938 2883 3464 2957; baseline -0.009 -6"><span class='ocrx_word' id='word_1_649' title='bbox 1938 2894 2250 2951; x_wconf 83' lang='lat' dir='ltr'><strong>Mandatum</strong></span> <span class='ocrx_word' id='word_1_650' title='bbox 2278 2905 2475 2948; x_wconf 88' lang='lat' dir='ltr'><strong>novum</strong></span> <span class='ocrx_word' id='word_1_651' title='bbox 2504 2890 2571 2947; x_wconf 91' lang='lat' dir='ltr'><strong>de</strong></span> <span class='ocrx_word' id='word_1_652' title='bbox 2603 2888 2777 2955; x_wconf 90' lang='lat' dir='ltr'><strong>vobis,</strong></span> <span class='ocrx_word' id='word_1_653' title='bbox 2810 2894 2944 2953; x_wconf 90' lang='lat' dir='ltr'><strong>etc.,</strong></span> <span class='ocrx_word' id='word_1_654' title='bbox 2974 2901 3138 2957; x_wconf 86' lang='lat' dir='ltr'><strong>usque</strong></span> <span class='ocrx_word' id='word_1_655' title='bbox 3165 2883 3234 2938; x_wconf 89' lang='lat' dir='ltr'><strong>ad</strong></span> <span class='ocrx_word' id='word_1_656' title='bbox 3283 2884 3464 2939; x_wconf 90' lang='lat' dir='ltr'><strong>omnia</strong></span> 
     </span>
    </p>
   </div>
   <div class='ocr_carea' id='block_1_89' title="bbox 1867 2975 3460 3055">
    <p class='ocr_par' dir='ltr' id='par_1_89' title="bbox 1867 2975 3460 3055">
     <span class='ocr_line' id='line_1_89' title="bbox 1867 2975 3460 3055; baseline -0.008 -14"><span class='ocrx_word' id='word_1_657' title='bbox 1867 2985 1921 3042; x_wconf 91' lang='lat' dir='ltr'><strong>in</strong></span> <span class='ocrx_word' id='word_1_658' title='bbox 1951 2985 2222 3042; x_wconf 90' lang='lat' dir='ltr'><strong>omnibus.</strong></span> <span class='ocrx_word' id='word_1_659' title='bbox 2247 2983 2544 3055; x_wconf 87' lang='lat' dir='ltr'><strong>(ld.,tract.</strong></span> <span class='ocrx_word' id='word_1_660' title='bbox 2563 2980 2634 3037; x_wconf 70' lang='grc'><strong>84</strong></span> <span class='ocrx_word' id='word_1_661' title='bbox 2660 2981 2717 3035; x_wconf 89' lang='lat' dir='ltr'><strong>in</strong></span> <span class='ocrx_word' id='word_1_662' title='bbox 2739 2979 2946 3050; x_wconf 81' lang='lat' dir='ltr'><strong>Evang.</strong></span> <span class='ocrx_word' id='word_1_663' title='bbox 2973 2993 3080 3032; x_wconf 88' lang='lat' dir='ltr'><strong>sec.</strong></span> <span class='ocrx_word' id='word_1_664' title='bbox 3109 2975 3298 3041; x_wconf 85' lang='lat' dir='ltr'><strong>Joan.,</strong></span> <span class='ocrx_word' id='word_1_665' title='bbox 3328 2983 3460 3030; x_wconf 88' lang='lat' dir='ltr'><strong>tom.</strong></span> 
     </span>
    </p>
   </div>
   <div class='ocr_carea' id='block_1_90' title="bbox 1867 3073 2770 3150">
    <p class='ocr_par' dir='ltr' id='par_1_90' title="bbox 1867 3073 2770 3150">
     <span class='ocr_line' id='line_1_90' title="bbox 1867 3073 2770 3150; baseline -0.006 -16"><span class='ocrx_word' id='word_1_666' title='bbox 1867 3079 1953 3148; x_wconf 89' lang='lat' dir='ltr'><strong>Ill,</strong></span> <span class='ocrx_word' id='word_1_667' title='bbox 1983 3088 2126 3150; x_wconf 88' lang='lat' dir='ltr'><strong>part.</strong></span> <span class='ocrx_word' id='word_1_668' title='bbox 2155 3094 2214 3144; x_wconf 87' lang='grc' dir='ltr'><strong>ιι,</strong></span> <span class='ocrx_word' id='word_1_669' title='bbox 2251 3076 2352 3132; x_wconf 92' lang='lat' dir='ltr'><strong>col.</strong></span> <span class='ocrx_word' id='word_1_670' title='bbox 2375 3075 2515 3134; x_wconf 72' lang='grc'><strong>1845</strong></span> <span class='ocrx_word' id='word_1_671' title='bbox 2540 3083 2598 3130; x_wconf 90' lang='lat' dir='ltr'><strong>et</strong></span> <span class='ocrx_word' id='word_1_672' title='bbox 2625 3073 2770 3144; x_wconf 89' lang='lat' dir='ltr'><strong>seq.)</strong></span> 
     </span>
    </p>
   </div>
   <div class='ocr_carea' id='block_1_91' title="bbox 1940 3161 3466 3239">
    <p class='ocr_par' dir='ltr' id='par_1_91' title="bbox 1940 3161 3466 3239">
     <span class='ocr_line' id='line_1_91' title="bbox 1940 3161 3466 3239; baseline -0.006 -15"><span class='ocrx_word' id='word_1_673' title='bbox 1940 3169 2042 3239; x_wconf 91' lang='lat' dir='ltr'><strong>Qui</strong></span> <span class='ocrx_word' id='word_1_674' title='bbox 2095 3169 2254 3225; x_wconf 91' lang='lat' dir='ltr'><strong>sedes</strong></span> <span class='ocrx_word' id='word_1_675' title='bbox 2288 3180 2451 3237; x_wconf 88' lang='lat' dir='ltr'><strong>super</strong></span> <span class='ocrx_word' id='word_1_676' title='bbox 2496 3162 2794 3230; x_wconf 87' lang='lat' dir='ltr'><strong>Cherubin,</strong></span> <span class='ocrx_word' id='word_1_677' title='bbox 2847 3170 2982 3229; x_wconf 91' lang='lat' dir='ltr'><strong>etc.,</strong></span> <span class='ocrx_word' id='word_1_678' title='bbox 3015 3178 3178 3238; x_wconf 84' lang='lat' dir='ltr'><strong>usque</strong></span> <span class='ocrx_word' id='word_1_679' title='bbox 3225 3161 3296 3215; x_wconf 90' lang='lat' dir='ltr'><strong>ad</strong></span> <span class='ocrx_word' id='word_1_680' title='bbox 3323 3161 3466 3219; x_wconf 89' lang='lat' dir='ltr'><strong>Deus</strong></span> 
     </span>
    </p>
   </div>
   <div class='ocr_carea' id='block_1_92' title="bbox 1870 3252 3459 3332">
    <p class='ocr_par' dir='ltr' id='par_1_92' title="bbox 1870 3252 3459 3332">
     <span class='ocr_line' id='line_1_92' title="bbox 1870 3252 3459 3332; baseline -0.008 -13"><span class='ocrx_word' id='word_1_681' title='bbox 1870 3263 2222 3320; x_wconf 77' lang='lat' dir='ltr'><strong>charitaseSI.</strong></span> <span class='ocrx_word' id='word_1_682' title='bbox 2242 3259 2362 3332; x_wconf 85' lang='lat' dir='ltr'><strong>(Id.,</strong></span> <span class='ocrx_word' id='word_1_683' title='bbox 2391 3265 2548 3314; x_wconf 89' lang='lat' dir='ltr'><strong>tract.</strong></span> <span class='ocrx_word' id='word_1_684' title='bbox 2579 3257 2636 3311; x_wconf 90' lang='lat' dir='ltr'><strong>in</strong></span> <span class='ocrx_word' id='word_1_685' title='bbox 2662 3253 2801 3328; x_wconf 87' lang='lat' dir='ltr'><strong>psal.</strong></span> <span class='ocrx_word' id='word_1_686' title='bbox 2827 3269 3016 3322; x_wconf 74' lang='lat' dir='ltr'><strong>LXXIX,</strong></span> <span class='ocrx_word' id='word_1_687' title='bbox 3041 3262 3173 3312; x_wconf 91' lang='lat' dir='ltr'><strong>tom.</strong></span> <span class='ocrx_word' id='word_1_688' title='bbox 3203 3252 3293 3322; x_wconf 83' lang='lat' dir='ltr'><strong>IV,</strong></span> <span class='ocrx_word' id='word_1_689' title='bbox 3318 3259 3459 3325; x_wconf 85' lang='lat' dir='ltr'><strong>part.</strong></span> 
     </span>
    </p>
   </div>
   <div class='ocr_carea' id='block_1_93' title="bbox 1870 3351 2462 3422">
    <p class='ocr_par' dir='ltr' id='par_1_93' title="bbox 1870 3351 2462 3422">
     <span class='ocr_line' id='line_1_93' title="bbox 1870 3351 2462 3422; baseline -0.007 -13"><span class='ocrx_word' id='word_1_690' title='bbox 1870 3371 1909 3420; x_wconf 92' lang='grc' dir='ltr'><strong>ι,</strong></span> <span class='ocrx_word' id='word_1_691' title='bbox 1936 3353 2040 3410; x_wconf 92' lang='lat' dir='ltr'><strong>col.</strong></span> <span class='ocrx_word' id='word_1_692' title='bbox 2074 3352 2206 3409; x_wconf 82' lang='lat'><strong>1021</strong></span> <span class='ocrx_word' id='word_1_693' title='bbox 2238 3358 2294 3408; x_wconf 88' lang='lat' dir='ltr'><strong>et</strong></span> <span class='ocrx_word' id='word_1_694' title='bbox 2318 3351 2462 3422; x_wconf 91' lang='lat' dir='ltr'><strong>seq.)</strong></span> 
     </span>
    </p>
   </div>
   <div class='ocr_carea' id='block_1_94' title="bbox 1942 3439 3465 3515">
    <p class='ocr_par' dir='ltr' id='par_1_94' title="bbox 1942 3439 3465 3515">
     <span class='ocr_line' id='line_1_94' title="bbox 1942 3439 3465 3515; baseline -0.006 -13"><span class='ocrx_word' id='word_1_695' title='bbox 1942 3446 2010 3503; x_wconf 87' lang='lat' dir='ltr'><strong>Et</strong></span> <span class='ocrx_word' id='word_1_696' title='bbox 2055 3447 2152 3504; x_wconf 91' lang='lat' dir='ltr'><strong>hoc</strong></span> <span class='ocrx_word' id='word_1_697' title='bbox 2193 3445 2411 3502; x_wconf 83' lang='lat' dir='ltr'><strong>scientes</strong></span> <span class='ocrx_word' id='word_1_698' title='bbox 2439 3451 2660 3515; x_wconf 86' lang='lat' dir='ltr'><strong>tempus,</strong></span> <span class='ocrx_word' id='word_1_699' title='bbox 2693 3448 2800 3499; x_wconf 87' lang='lat' dir='ltr'><strong>etc.</strong></span> <span class='ocrx_word' id='word_1_700' title='bbox 2852 3454 3027 3514; x_wconf 88' lang='lat' dir='ltr'><strong>usque</strong></span> <span class='ocrx_word' id='word_1_701' title='bbox 3049 3439 3118 3497; x_wconf 90' lang='lat' dir='ltr'><strong>ad</strong></span> <span class='ocrx_word' id='word_1_702' title='bbox 3151 3439 3262 3496; x_wconf 88' lang='lat' dir='ltr'><strong>dies</strong></span> <span class='ocrx_word' id='word_1_703' title='bbox 3291 3447 3465 3496; x_wconf 83' lang='lat' dir='ltr'><strong>autem</strong></span> 
     </span>
    </p>
   </div>
   <div class='ocr_carea' id='block_1_95' title="bbox 1869 3534 3462 3616">
    <p class='ocr_par' dir='ltr' id='par_1_95' title="bbox 1869 3534 3462 3616">
     <span class='ocr_line' id='line_1_95' title="bbox 1869 3534 3462 3616; baseline -0.009 -16"><span class='ocrx_word' id='word_1_704' title='bbox 1869 3540 2324 3616; x_wconf 82' lang='lat' dir='ltr'><strong>appmpinquavit.</strong></span> <span class='ocrx_word' id='word_1_705' title='bbox 2371 3537 2442 3594; x_wconf 89' lang='lat' dir='ltr'><strong>Et</strong></span> <span class='ocrx_word' id='word_1_706' title='bbox 2482 3551 2645 3593; x_wconf 89' lang='lat' dir='ltr'><strong>mane</strong></span> <span class='ocrx_word' id='word_1_707' title='bbox 2672 3534 2851 3592; x_wconf 87' lang='lat' dir='ltr'><strong>oratio</strong></span> <span class='ocrx_word' id='word_1_708' title='bbox 2880 3548 3001 3590; x_wconf 87' lang='lat' dir='ltr'><strong>mea</strong></span> <span class='ocrx_word' id='word_1_709' title='bbox 3047 3539 3345 3606; x_wconf 77' lang='lat' dir='ltr'><strong>praeveniet</strong></span> <span class='ocrx_word' id='word_1_710' title='bbox 3389 3541 3462 3600; x_wconf 91' lang='lat' dir='ltr'><strong>te,</strong></span> 
     </span>
    </p>
   </div>
   <div class='ocr_carea' id='block_1_96' title="bbox 1868 3628 3463 3710">
    <p class='ocr_par' dir='ltr' id='par_1_96' title="bbox 1868 3628 3463 3710">
     <span class='ocr_line' id='line_1_96' title="bbox 1868 3628 3463 3710; baseline -0.007 -14"><span class='ocrx_word' id='word_1_711' title='bbox 1868 3650 2183 3710; x_wconf 82' lang='lat' dir='ltr'><strong>etc.,usque</strong></span> <span class='ocrx_word' id='word_1_712' title='bbox 2213 3637 2282 3690; x_wconf 92' lang='lat' dir='ltr'><strong>ad</strong></span> <span class='ocrx_word' id='word_1_713' title='bbox 2319 3633 2548 3690; x_wconf 87' lang='lat' dir='ltr'><strong>ﬁdeliter</strong></span> <span class='ocrx_word' id='word_1_714' title='bbox 2597 3630 2998 3702; x_wconf 75' lang='lat' dir='ltr'><strong>exspectamus.</strong></span> <span class='ocrx_word' id='word_1_715' title='bbox 3044 3628 3170 3702; x_wconf 92' lang='lat' dir='ltr'><strong>(ld.,</strong></span> <span class='ocrx_word' id='word_1_716' title='bbox 3202 3638 3360 3685; x_wconf 88' lang='lat' dir='ltr'><strong>tract.</strong></span> <span class='ocrx_word' id='word_1_717' title='bbox 3407 3630 3463 3685; x_wconf 89' lang='lat' dir='ltr'><strong>in</strong></span> 
     </span>
    </p>
   </div>
   <div class='ocr_carea' id='block_1_97' title="bbox 1869 3719 3360 3796">
    <p class='ocr_par' dir='ltr' id='par_1_97' title="bbox 1869 3719 3360 3796">
     <span class='ocr_line' id='line_1_97' title="bbox 1869 3719 3360 3796; baseline -0.009 -9"><span class='ocrx_word' id='word_1_718' title='bbox 1869 3731 2004 3796; x_wconf 84' lang='lat' dir='ltr'><strong>psal.</strong></span> <span class='ocrx_word' id='word_1_719' title='bbox 2034 3744 2281 3794; x_wconf 76' lang='lat' dir='ltr'><strong>Lxxxvu,</strong></span> <span class='ocrx_word' id='word_1_720' title='bbox 2317 3735 2447 3782; x_wconf 92' lang='lat' dir='ltr'><strong>tom.</strong></span> <span class='ocrx_word' id='word_1_721' title='bbox 2478 3723 2812 3794; x_wconf 81' lang='lat' dir='ltr'><strong>lV,part.1t,</strong></span> <span class='ocrx_word' id='word_1_722' title='bbox 2841 3719 2947 3778; x_wconf 88' lang='lat' dir='ltr'><strong>col.</strong></span> <span class='ocrx_word' id='word_1_723' title='bbox 2983 3719 3192 3780; x_wconf 82' lang='lat' dir='ltr'><strong>1118et</strong></span> <span class='ocrx_word' id='word_1_724' title='bbox 3217 3719 3360 3791; x_wconf 89' lang='lat' dir='ltr'><strong>seq.)</strong></span> 
     </span>
    </p>
   </div>
   <div class='ocr_carea' id='block_1_98' title="bbox 1939 3812 3464 3893">
    <p class='ocr_par' dir='ltr' id='par_1_98' title="bbox 1939 3812 3464 3893">
     <span class='ocr_line' id='line_1_98' title="bbox 1939 3812 3464 3893; baseline -0.007 -16"><span class='ocrx_word' id='word_1_725' title='bbox 1939 3821 2264 3893; x_wconf 82' lang='lat' dir='ltr'><strong>Abjiciamus</strong></span> <span class='ocrx_word' id='word_1_726' title='bbox 2298 3835 2421 3890; x_wconf 83' lang='lat' dir='ltr'><strong>ergo</strong></span> <span class='ocrx_word' id='word_1_727' title='bbox 2445 3832 2602 3888; x_wconf 87' lang='lat' dir='ltr'><strong>opera</strong></span> <span class='ocrx_word' id='word_1_728' title='bbox 2639 3813 2993 3883; x_wconf 82' lang='lat' dir='ltr'><strong>tenebrarum,</strong></span> <span class='ocrx_word' id='word_1_729' title='bbox 3021 3819 3151 3878; x_wconf 91' lang='lat' dir='ltr'><strong>etc.,</strong></span> <span class='ocrx_word' id='word_1_730' title='bbox 3183 3825 3356 3882; x_wconf 89' lang='lat' dir='ltr'><strong>usque</strong></span> <span class='ocrx_word' id='word_1_731' title='bbox 3397 3812 3464 3866; x_wconf 91' lang='lat' dir='ltr'><strong>ad</strong></span> 
     </span>
    </p>
   </div>
   <div class='ocr_carea' id='block_1_99' title="bbox 1867 3902 3461 3976">
    <p class='ocr_par' dir='ltr' id='par_1_99' title="bbox 1867 3902 3461 3976">
     <span class='ocr_line' id='line_1_99' title="bbox 1867 3902 3461 3976; baseline -0.008 -7"><span class='ocrx_word' id='word_1_732' title='bbox 1867 3915 2078 3969; x_wconf 87' lang='lat' dir='ltr'><strong>honeste</strong></span> <span class='ocrx_word' id='word_1_733' title='bbox 2101 3908 2446 3966; x_wconf 86' lang='lat' dir='ltr'><strong>ambulemus.</strong></span> <span class='ocrx_word' id='word_1_734' title='bbox 2488 3906 2612 3962; x_wconf 90' lang='lat' dir='ltr'><strong>Vita</strong></span> <span class='ocrx_word' id='word_1_735' title='bbox 2643 3903 2883 3961; x_wconf 89' lang='lat' dir='ltr'><strong>ﬁdelium</strong></span> <span class='ocrx_word' id='word_1_736' title='bbox 2908 3917 3030 3976; x_wconf 64' lang='lat' dir='ltr'><strong>quae</strong></span> <span class='ocrx_word' id='word_1_737' title='bbox 3051 3903 3112 3959; x_wconf 85' lang='lat' dir='ltr'><strong>1n</strong></span> <span class='ocrx_word' id='word_1_738' title='bbox 3140 3902 3242 3960; x_wconf 89' lang='lat' dir='ltr'><strong>hac</strong></span> <span class='ocrx_word' id='word_1_739' title='bbox 3272 3917 3461 3976; x_wconf 69' lang='lat' dir='ltr'><strong>carne,</strong></span> 
     </span>
    </p>
   </div>
   <div class='ocr_carea' id='block_1_100' title="bbox 1868 3982 3468 4076">
    <p class='ocr_par' dir='ltr' id='par_1_100' title="bbox 1868 3982 3468 4076">
     <span class='ocr_line' id='line_1_100' title="bbox 1868 3982 3468 4076; baseline -0.009 -12"><span class='ocrx_word' id='word_1_740' title='bbox 1868 4016 1996 4071; x_wconf 89' lang='lat' dir='ltr'><strong>etc.,</strong></span> <span class='ocrx_word' id='word_1_741' title='bbox 2021 4020 2184 4076; x_wconf 84' lang='lat' dir='ltr'><strong>usque</strong></span> <span class='ocrx_word' id='word_1_742' title='bbox 2205 4002 2274 4057; x_wconf 90' lang='lat' dir='ltr'><strong>ad</strong></span> <span class='ocrx_word' id='word_1_743' title='bbox 2300 4001 2356 4057; x_wconf 91' lang='lat' dir='ltr'><strong>in</strong></span> <span class='ocrx_word' id='word_1_744' title='bbox 2382 3998 2640 4057; x_wconf 88' lang='lat' dir='ltr'><strong>cordibus</strong></span> <span class='ocrx_word' id='word_1_745' title='bbox 2668 3995 2889 4053; x_wconf 92' lang='lat' dir='ltr'><strong>nostris.</strong></span> <span class='ocrx_word' id='word_1_746' title='bbox 2923 3993 3051 4067; x_wconf 90' lang='lat' dir='ltr'><strong>(ld.,</strong></span> <span class='ocrx_word' id='word_1_747' title='bbox 3081 3993 3172 4068; x_wconf 78' lang='lat' dir='ltr'><strong>lib.</strong></span> <span class='ocrx_word' id='word_1_748' title='bbox 3189 4009 3246 4050; x_wconf 81' lang='lat' dir='ltr'><strong>tv</strong></span> <span class='ocrx_word' id='word_1_749' title='bbox 3273 3993 3339 4049; x_wconf 85' lang='lat' dir='ltr'><strong>de</strong></span> <span class='ocrx_word' id='word_1_750' title='bbox 3367 3982 3468 4049; x_wconf 62' lang='lat' dir='ltr'><strong>(fe-</strong></span> 
     </span>
    </p>
   </div>
   <div class='ocr_carea' id='block_1_101' title="bbox 1868 4084 3464 4170">
    <p class='ocr_par' dir='ltr' id='par_1_101' title="bbox 1868 4084 3464 4170">
     <span class='ocr_line' id='line_1_101' title="bbox 1868 4084 3464 4170; baseline -0.009 -17"><span class='ocrx_word' id='word_1_751' title='bbox 1868 4115 1978 4155; x_wconf 87' lang='lat' dir='ltr'><strong>nes.</strong></span> <span class='ocrx_word' id='word_1_752' title='bbox 2004 4096 2072 4152; x_wconf 92' lang='lat' dir='ltr'><strong>ad</strong></span> <span class='ocrx_word' id='word_1_753' title='bbox 2117 4094 2367 4160; x_wconf 86' lang='lat' dir='ltr'><strong>litteram,</strong></span> <span class='ocrx_word' id='word_1_754' title='bbox 2428 4100 2559 4148; x_wconf 88' lang='lat' dir='ltr'><strong>tom.</strong></span> <span class='ocrx_word' id='word_1_755' title='bbox 2597 4087 2684 4158; x_wconf 89' lang='lat' dir='ltr'><strong>Ill,</strong></span> <span class='ocrx_word' id='word_1_756' title='bbox 2714 4095 2856 4170; x_wconf 71' lang='lat' dir='ltr'><strong>part.</strong></span> <span class='ocrx_word' id='word_1_757' title='bbox 2886 4102 2929 4155; x_wconf 91' lang='grc' dir='ltr'><strong>ι,</strong></span> <span class='ocrx_word' id='word_1_758' title='bbox 2961 4085 3066 4142; x_wconf 90' lang='lat' dir='ltr'><strong>col.</strong></span> <span class='ocrx_word' id='word_1_759' title='bbox 3096 4084 3203 4142; x_wconf 90' lang='grc'><strong>269</strong></span> <span class='ocrx_word' id='word_1_760' title='bbox 3236 4092 3293 4141; x_wconf 92' lang='lat' dir='ltr'><strong>et</strong></span> <span class='ocrx_word' id='word_1_761' title='bbox 3322 4086 3464 4157; x_wconf 89' lang='lat' dir='ltr'><strong>seq.)</strong></span> 
     </span>
    </p>
   </div>
   <div class='ocr_carea' id='block_1_102' title="bbox 1938 4177 3460 4255">
    <p class='ocr_par' dir='ltr' id='par_1_102' title="bbox 1938 4177 3460 4255">
     <span class='ocr_line' id='line_1_102' title="bbox 1938 4177 3460 4255; baseline -0.009 -8"><span class='ocrx_word' id='word_1_762' title='bbox 1938 4191 2064 4248; x_wconf 88' lang='lat' dir='ltr'><strong>Vita</strong></span> <span class='ocrx_word' id='word_1_763' title='bbox 2093 4188 2332 4246; x_wconf 86' lang='lat' dir='ltr'><strong>ﬁdelium</strong></span> <span class='ocrx_word' id='word_1_764' title='bbox 2354 4186 2410 4243; x_wconf 90' lang='lat' dir='ltr'><strong>in</strong></span> <span class='ocrx_word' id='word_1_765' title='bbox 2439 4182 2847 4255; x_wconf 84' lang='lat' dir='ltr'><strong>comparatione</strong></span> <span class='ocrx_word' id='word_1_766' title='bbox 2866 4181 2992 4237; x_wconf 73' lang='lat' dir='ltr'><strong>vita:</strong></span> <span class='ocrx_word' id='word_1_767' title='bbox 3015 4177 3315 4236; x_wconf 85' lang='lat' dir='ltr'><strong>inﬁdelium</strong></span> <span class='ocrx_word' id='word_1_768' title='bbox 3341 4177 3460 4234; x_wconf 90' lang='lat' dir='ltr'><strong>dies</strong></span> 
     </span>
    </p>
   </div>
   <div class='ocr_carea' id='block_1_103' title="bbox 1868 4271 3462 4354">
    <p class='ocr_par' dir='ltr' id='par_1_103' title="bbox 1868 4271 3462 4354">
     <span class='ocr_line' id='line_1_103' title="bbox 1868 4271 3462 4354; baseline -0.012 -10"><span class='ocrx_word' id='word_1_769' title='bbox 1868 4297 1975 4354; x_wconf 87' lang='lat' dir='ltr'><strong>est,</strong></span> <span class='ocrx_word' id='word_1_770' title='bbox 2000 4293 2137 4350; x_wconf 90' lang='lat' dir='ltr'><strong>etc.,</strong></span> <span class='ocrx_word' id='word_1_771' title='bbox 2171 4296 2338 4353; x_wconf 88' lang='lat' dir='ltr'><strong>usque</strong></span> <span class='ocrx_word' id='word_1_772' title='bbox 2369 4279 2438 4334; x_wconf 89' lang='lat' dir='ltr'><strong>ad</strong></span> <span class='ocrx_word' id='word_1_773' title='bbox 2469 4277 2525 4334; x_wconf 91' lang='lat' dir='ltr'><strong>in</strong></span> <span class='ocrx_word' id='word_1_774' title='bbox 2560 4273 2963 4332; x_wconf 87' lang='lat' dir='ltr'><strong>resurrectione</strong></span> <span class='ocrx_word' id='word_1_775' title='bbox 2997 4271 3330 4344; x_wconf 72' lang='lat' dir='ltr'><strong>promissum</strong></span> <span class='ocrx_word' id='word_1_776' title='bbox 3357 4276 3462 4326; x_wconf 91' lang='lat' dir='ltr'><strong>est.</strong></span> 
     </span>
    </p>
   </div>
   <div class='ocr_carea' id='block_1_104' title="bbox 1869 4361 3465 4454">
    <p class='ocr_par' dir='ltr' id='par_1_104' title="bbox 1869 4361 3465 4454">
     <span class='ocr_line' id='line_1_104' title="bbox 1869 4361 3465 4454; baseline -0.014 -16"><span class='ocrx_word' id='word_1_777' title='bbox 1869 4381 1993 4454; x_wconf 90' lang='lat' dir='ltr'><strong>(ld.,</strong></span> <span class='ocrx_word' id='word_1_778' title='bbox 2015 4384 2170 4434; x_wconf 88' lang='lat' dir='ltr'><strong>tract.</strong></span> <span class='ocrx_word' id='word_1_779' title='bbox 2209 4376 2264 4430; x_wconf 87' lang='lat' dir='ltr'><strong>in</strong></span> <span class='ocrx_word' id='word_1_780' title='bbox 2294 4371 2430 4447; x_wconf 89' lang='lat' dir='ltr'><strong>psal.</strong></span> <span class='ocrx_word' id='word_1_781' title='bbox 2462 4385 2644 4437; x_wconf 76' lang='lat' dir='ltr'><strong>LXXVI,</strong></span> <span class='ocrx_word' id='word_1_782' title='bbox 2673 4377 2804 4426; x_wconf 82' lang='lat' dir='ltr'><strong>tom.</strong></span> <span class='ocrx_word' id='word_1_783' title='bbox 2832 4367 2926 4435; x_wconf 88' lang='lat' dir='ltr'><strong>IV,</strong></span> <span class='ocrx_word' id='word_1_784' title='bbox 2953 4374 3092 4440; x_wconf 90' lang='lat' dir='ltr'><strong>part.</strong></span> <span class='ocrx_word' id='word_1_785' title='bbox 3125 4381 3162 4433; x_wconf 91' lang='grc' dir='ltr'><strong>ι,</strong></span> <span class='ocrx_word' id='word_1_786' title='bbox 3190 4361 3465 4454; x_wconf 79' lang='lat' dir='ltr'><strong>col.97‘5.)</strong></span> 
     </span>
    </p>
   </div>
   <div class='ocr_carea' id='block_1_105' title="bbox 1939 4451 3464 4530">
    <p class='ocr_par' dir='ltr' id='par_1_105' title="bbox 1939 4451 3464 4530">
     <span class='ocr_line' id='line_1_105' title="bbox 1939 4451 3464 4530; baseline -0.015 -2"><span class='ocrx_word' id='word_1_787' title='bbox 1939 4470 2063 4530; x_wconf 90' lang='lat' dir='ltr'><strong>Non</strong></span> <span class='ocrx_word' id='word_1_788' title='bbox 2083 4471 2140 4524; x_wconf 92' lang='lat' dir='ltr'><strong>in</strong></span> <span class='ocrx_word' id='word_1_789' title='bbox 2159 4461 2700 4528; x_wconf 85' lang='lat' dir='ltr'><strong>commessationibus,</strong></span> <span class='ocrx_word' id='word_1_790' title='bbox 2725 4468 2857 4526; x_wconf 91' lang='lat' dir='ltr'><strong>etc.,</strong></span> <span class='ocrx_word' id='word_1_791' title='bbox 2885 4470 3056 4526; x_wconf 91' lang='lat' dir='ltr'><strong>usque</strong></span> <span class='ocrx_word' id='word_1_792' title='bbox 3077 4455 3145 4511; x_wconf 91' lang='lat' dir='ltr'><strong>ad</strong></span> <span class='ocrx_word' id='word_1_793' title='bbox 3175 4451 3464 4508; x_wconf 88' lang='lat' dir='ltr'><strong>Dominum</strong></span> 
     </span>
    </p>
   </div>
   <div class='ocr_carea' id='block_1_106' title="bbox 1869 4545 3466 4624">
    <p class='ocr_par' dir='ltr' id='par_1_106' title="bbox 1869 4545 3466 4624">
     <span class='ocr_line' id='line_1_106' title="bbox 1869 4545 3466 4624; baseline -0.016 -4"><span class='ocrx_word' id='word_1_794' title='bbox 1869 4564 2054 4620; x_wconf 83' lang='lat' dir='ltr'><strong>Jesunt</strong></span> <span class='ocrx_word' id='word_1_795' title='bbox 2077 4559 2364 4618; x_wconf 85' lang='lat' dir='ltr'><strong>Christum.</strong></span> <span class='ocrx_word' id='word_1_796' title='bbox 2387 4553 2524 4612; x_wconf 91' lang='lat' dir='ltr'><strong>Cum</strong></span> <span class='ocrx_word' id='word_1_797' title='bbox 2553 4550 2842 4624; x_wconf 80' lang='lat' dir='ltr'><strong>Apostolus</strong></span> <span class='ocrx_word' id='word_1_798' title='bbox 2863 4549 2968 4604; x_wconf 89' lang='lat' dir='ltr'><strong>tria</strong></span> <span class='ocrx_word' id='word_1_799' title='bbox 2989 4545 3226 4602; x_wconf 88' lang='lat' dir='ltr'><strong>breviter</strong></span> <span class='ocrx_word' id='word_1_800' title='bbox 3245 4556 3466 4614; x_wconf 87' lang='lat' dir='ltr'><strong>genera,</strong></span> 
     </span>
    </p>
   </div>
   <div class='ocr_carea' id='block_1_107' title="bbox 1869 4631 3464 4724">
    <p class='ocr_par' dir='ltr' id='par_1_107' title="bbox 1869 4631 3464 4724">
     <span class='ocr_line' id='line_1_107' title="bbox 1869 4631 3464 4724; baseline -0.016 -13"><span class='ocrx_word' id='word_1_801' title='bbox 1869 4664 1996 4720; x_wconf 89' lang='lat' dir='ltr'><strong>etc.,</strong></span> <span class='ocrx_word' id='word_1_802' title='bbox 2026 4667 2190 4724; x_wconf 87' lang='lat' dir='ltr'><strong>usque</strong></span> <span class='ocrx_word' id='word_1_803' title='bbox 2212 4649 2281 4704; x_wconf 88' lang='lat' dir='ltr'><strong>ad</strong></span> <span class='ocrx_word' id='word_1_804' title='bbox 2304 4661 2428 4704; x_wconf 88' lang='lat' dir='ltr'><strong>ossa</strong></span> <span class='ocrx_word' id='word_1_805' title='bbox 2453 4643 2838 4714; x_wconf 78' lang='lat' dir='ltr'><strong>confringeret.</strong></span> <span class='ocrx_word' id='word_1_806' title='bbox 2872 4638 2997 4712; x_wconf 90' lang='lat' dir='ltr'><strong>(Id.,</strong></span> <span class='ocrx_word' id='word_1_807' title='bbox 3017 4637 3171 4706; x_wconf 86' lang='lat' dir='ltr'><strong>epist.</strong></span> <span class='ocrx_word' id='word_1_808' title='bbox 3202 4633 3271 4689; x_wconf 87' lang='lat' dir='ltr'><strong>ad</strong></span> <span class='ocrx_word' id='word_1_809' title='bbox 3283 4631 3464 4686; x_wconf 69' lang='grc' dir='ltr'><strong>’Λατε-</strong></span> 
     </span>
    </p>
   </div>
   <div class='ocr_carea' id='block_1_108' title="bbox 1871 4727 3278 4818">
    <p class='ocr_par' dir='ltr' id='par_1_108' title="bbox 1871 4727 3278 4818">
     <span class='ocr_line' id='line_1_108' title="bbox 1871 4727 3278 4818; baseline -0.017 -13"><span class='ocrx_word' id='word_1_810' title='bbox 1871 4751 2002 4806; x_wconf 89' lang='lat' dir='ltr'><strong>lium</strong></span> <span class='ocrx_word' id='word_1_811' title='bbox 2031 4747 2283 4818; x_wconf 85' lang='lat' dir='ltr'><strong>episcop.,</strong></span> <span class='ocrx_word' id='word_1_812' title='bbox 2315 4749 2446 4797; x_wconf 88' lang='lat' dir='ltr'><strong>tom.</strong></span> <span class='ocrx_word' id='word_1_813' title='bbox 2473 4738 2540 4805; x_wconf 88' lang='lat' dir='ltr'><strong>ll,</strong></span> <span class='ocrx_word' id='word_1_814' title='bbox 2569 4744 2692 4808; x_wconf 86' lang='lat' dir='ltr'><strong>part</strong></span> <span class='ocrx_word' id='word_1_815' title='bbox 2720 4751 2778 4797; x_wconf 92' lang='grc' dir='ltr'><strong>ιι,</strong></span> <span class='ocrx_word' id='word_1_816' title='bbox 2813 4732 2918 4789; x_wconf 86' lang='lat' dir='ltr'><strong>col.</strong></span> <span class='ocrx_word' id='word_1_817' title='bbox 2950 4730 3013 4786; x_wconf 89' lang='lat'><strong>91</strong></span> <span class='ocrx_word' id='word_1_818' title='bbox 3048 4736 3105 4786; x_wconf 87' lang='lat' dir='ltr'><strong>et</strong></span> <span class='ocrx_word' id='word_1_819' title='bbox 3133 4727 3278 4799; x_wconf 89' lang='lat' dir='ltr'><strong>seq.)</strong></span> 
     </span>
    </p>
   </div>
   <div class='ocr_carea' id='block_1_109' title="bbox 1944 4817 3469 4901">
    <p class='ocr_par' dir='ltr' id='par_1_109' title="bbox 1944 4817 3469 4901">
     <span class='ocr_line' id='line_1_109' title="bbox 1944 4817 3469 4901; baseline -0.015 -6"><span class='ocrx_word' id='word_1_820' title='bbox 1944 4838 2013 4895; x_wconf 86' lang='lat' dir='ltr'><strong>Et</strong></span> <span class='ocrx_word' id='word_1_821' title='bbox 2036 4817 2210 4894; x_wconf 88' lang='lat' dir='ltr'><strong>carnis</strong></span> <span class='ocrx_word' id='word_1_822' title='bbox 2231 4849 2414 4890; x_wconf 88' lang='lat' dir='ltr'><strong>curam</strong></span> <span class='ocrx_word' id='word_1_823' title='bbox 2441 4847 2505 4886; x_wconf 90' lang='lat' dir='ltr'><strong>ne</strong></span> <span class='ocrx_word' id='word_1_824' title='bbox 2533 4828 2760 4901; x_wconf 76' lang='lat' dir='ltr'><strong>feceritis</strong></span> <span class='ocrx_word' id='word_1_825' title='bbox 2785 4826 2840 4879; x_wconf 88' lang='lat' dir='ltr'><strong>in</strong></span> <span class='ocrx_word' id='word_1_826' title='bbox 2861 4820 3156 4877; x_wconf 87' lang='lat' dir='ltr'><strong>desideriis.</strong></span> <span class='ocrx_word' id='word_1_827' title='bbox 3185 4817 3469 4875; x_wconf 90' lang='lat' dir='ltr'><strong>Crastinus</strong></span> 
     </span>
    </p>
   </div>
   <div class='ocr_carea' id='block_1_110' title="bbox 1871 4908 3466 4998">
    <p class='ocr_par' dir='ltr' id='par_1_110' title="bbox 1871 4908 3466 4998">
     <span class='ocr_line' id='line_1_110' title="bbox 1871 4908 3466 4998; baseline -0.016 -6"><span class='ocrx_word' id='word_1_828' title='bbox 1871 4934 2019 4992; x_wconf 88' lang='lat' dir='ltr'><strong>enim</strong></span> <span class='ocrx_word' id='word_1_829' title='bbox 2071 4932 2208 4997; x_wconf 89' lang='lat' dir='ltr'><strong>dies,</strong></span> <span class='ocrx_word' id='word_1_830' title='bbox 2273 4927 2473 4998; x_wconf 90' lang='lat' dir='ltr'><strong>inquit,</strong></span> <span class='ocrx_word' id='word_1_831' title='bbox 2524 4908 2786 4978; x_wconf 83' lang='lat' dir='ltr'><strong>sollicitus</strong></span> <span class='ocrx_word' id='word_1_832' title='bbox 2830 4918 2937 4973; x_wconf 88' lang='lat' dir='ltr'><strong>erit</strong></span> <span class='ocrx_word' id='word_1_833' title='bbox 2998 4915 3103 4972; x_wconf 89' lang='lat' dir='ltr'><strong>sibi</strong></span> <span class='ocrx_word' id='word_1_834' title='bbox 3147 4913 3276 4986; x_wconf 87' lang='lat' dir='ltr'><strong>ipsi,</strong></span> <span class='ocrx_word' id='word_1_835' title='bbox 3333 4921 3466 4979; x_wconf 93' lang='lat' dir='ltr'><strong>etc.,</strong></span> 
     </span>
    </p>
   </div>
   <div class='ocr_carea' id='block_1_111' title="bbox 1875 5003 3467 5097">
    <p class='ocr_par' dir='ltr' id='par_1_111' title="bbox 1875 5003 3467 5097">
     <span class='ocr_line' id='line_1_111' title="bbox 1875 5003 3467 5097; baseline -0.016 -15"><span class='ocrx_word' id='word_1_836' title='bbox 1875 5041 2040 5097; x_wconf 88' lang='lat' dir='ltr'><strong>usque</strong></span> <span class='ocrx_word' id='word_1_837' title='bbox 2097 5022 2167 5078; x_wconf 88' lang='lat' dir='ltr'><strong>ad</strong></span> <span class='ocrx_word' id='word_1_838' title='bbox 2222 5026 2350 5076; x_wconf 90' lang='lat' dir='ltr'><strong>sunt</strong></span> <span class='ocrx_word' id='word_1_839' title='bbox 2396 5013 2726 5071; x_wconf 85' lang='lat' dir='ltr'><strong>necessaria.</strong></span> <span class='ocrx_word' id='word_1_840' title='bbox 2760 5008 2841 5082; x_wconf 89' lang='lat' dir='ltr'><strong>(S.</strong></span> <span class='ocrx_word' id='word_1_841' title='bbox 2871 5007 3034 5079; x_wconf 85' lang='lat' dir='ltr'><strong>Aug.,</strong></span> <span class='ocrx_word' id='word_1_842' title='bbox 3077 5003 3467 5097; x_wconf 15' lang='lat' dir='ltr'><strong>lib.ide‘$erm.</strong></span> 
     </span>
    </p>
   </div>
   <div class='ocr_carea' id='block_1_112' title="bbox 1877 5095 3474 5175">
    <p class='ocr_par' dir='ltr' id='par_1_112' title="bbox 1877 5095 3474 5175">
     <span class='ocr_line' id='line_1_112' title="bbox 1877 5095 3474 5175; baseline -0.015 0"><span class='ocrx_word' id='word_1_843' title='bbox 1877 5095 2094 5174; x_wconf 88' lang='lat' dir='ltr'><strong>Domini</strong></span> <span class='ocrx_word' id='word_1_844' title='bbox 2147 5114 2204 5169; x_wconf 90' lang='lat' dir='ltr'><strong>in</strong></span> <span class='ocrx_word' id='word_1_845' title='bbox 2249 5117 2447 5175; x_wconf 89' lang='lat' dir='ltr'><strong>monte,</strong></span> <span class='ocrx_word' id='word_1_846' title='bbox 2504 5113 2634 5162; x_wconf 90' lang='lat' dir='ltr'><strong>tom.</strong></span> <span class='ocrx_word' id='word_1_847' title='bbox 2677 5101 2766 5169; x_wconf 90' lang='lat' dir='ltr'><strong>Ill,</strong></span> <span class='ocrx_word' id='word_1_848' title='bbox 2814 5110 2958 5173; x_wconf 86' lang='lat' dir='ltr'><strong>part.</strong></span> <span class='ocrx_word' id='word_1_849' title='bbox 3012 5115 3052 5166; x_wconf 88' lang='grc' dir='ltr'><strong>ι,</strong></span> <span class='ocrx_word' id='word_1_850' title='bbox 3105 5096 3210 5156; x_wconf 91' lang='lat' dir='ltr'><strong>col.</strong></span> <span class='ocrx_word' id='word_1_851' title='bbox 3264 5095 3369 5153; x_wconf 83' lang='grc'><strong>295</strong></span> <span class='ocrx_word' id='word_1_852' title='bbox 3417 5102 3474 5151; x_wconf 90' lang='lat' dir='ltr'><strong>et</strong></span> 
     </span>
    </p>
   </div>
   <div class='ocr_carea' id='block_1_113' title="bbox 1876 5225 1992 5268">
    <p class='ocr_par' dir='ltr' id='par_1_113' title="bbox 1876 5225 1992 5268">
     <span class='ocr_line' id='line_1_113' title="bbox 1876 5225 1992 5268; baseline -0.034 0"><span class='ocrx_word' id='word_1_853' title='bbox 1876 5225 1972 5268; x_wconf 86' lang='lat' dir='ltr'><strong>seu</strong></span> <span class='ocrx_word' id='word_1_854' title='bbox 1979 5251 1992 5264; x_wconf 94' lang='lat'><strong>.</strong></span> 
     </span>
    </p>
   </div>
   <div class='ocr_carea' id='block_1_114' title="bbox 1939 5210 3472 5363">
    <p class='ocr_par' dir='ltr' id='par_1_114' title="bbox 1939 5210 3472 5363">
     <span class='ocr_line' id='line_1_114' title="bbox 1939 5210 3472 5363; baseline -0.015 -6"><span class='ocrx_word' id='word_1_855' title='bbox 1939 5210 2144 5357; x_wconf 43' lang='lat' dir='ltr'><strong>(limes</strong></span> <span class='ocrx_word' id='word_1_856' title='bbox 2165 5305 2221 5355; x_wconf 91' lang='lat' dir='ltr'><strong>et</strong></span> <span class='ocrx_word' id='word_1_857' title='bbox 2241 5295 2362 5356; x_wconf 89' lang='lat' dir='ltr'><strong>sitis</strong></span> <span class='ocrx_word' id='word_1_858' title='bbox 2391 5291 2610 5363; x_wconf 87' lang='lat' dir='ltr'><strong>quidem</strong></span> <span class='ocrx_word' id='word_1_859' title='bbox 2653 5289 2868 5346; x_wconf 87' lang='lat' dir='ltr'><strong>dolores</strong></span> <span class='ocrx_word' id='word_1_860' title='bbox 2895 5293 3040 5352; x_wconf 91' lang='lat' dir='ltr'><strong>sunt,</strong></span> <span class='ocrx_word' id='word_1_861' title='bbox 3058 5292 3191 5350; x_wconf 90' lang='lat' dir='ltr'><strong>etc.,</strong></span> <span class='ocrx_word' id='word_1_862' title='bbox 3213 5298 3378 5354; x_wconf 86' lang='lat' dir='ltr'><strong>usque</strong></span> <span class='ocrx_word' id='word_1_863' title='bbox 3403 5280 3472 5335; x_wconf 84' lang='lat' dir='ltr'><strong>ad</strong></span> 
     </span>
    </p>
   </div>
   <div class='ocr_carea' id='block_1_115' title="bbox 1876 5374 3473 5462">
    <p class='ocr_par' dir='ltr' id='par_1_115' title="bbox 1876 5374 3473 5462">
     <span class='ocr_line' id='line_1_115' title="bbox 1876 5374 3473 5462; baseline -0.016 -9"><span class='ocrx_word' id='word_1_864' title='bbox 1876 5395 1982 5453; x_wconf 93' lang='lat' dir='ltr'><strong>nisi</strong></span> <span class='ocrx_word' id='word_1_865' title='bbox 2018 5403 2077 5451; x_wconf 92' lang='lat' dir='ltr'><strong>tu</strong></span> <span class='ocrx_word' id='word_1_866' title='bbox 2111 5392 2226 5450; x_wconf 91' lang='lat' dir='ltr'><strong>des.</strong></span> <span class='ocrx_word' id='word_1_867' title='bbox 2255 5387 2338 5462; x_wconf 93' lang='lat' dir='ltr'><strong>(S.</strong></span> <span class='ocrx_word' id='word_1_868' title='bbox 2367 5385 2505 5459; x_wconf 86' lang='lat' dir='ltr'><strong>Aug.</strong></span> <span class='ocrx_word' id='word_1_869' title='bbox 2535 5384 2626 5440; x_wconf 91' lang='lat' dir='ltr'><strong>lib.</strong></span> <span class='ocrx_word' id='word_1_870' title='bbox 2659 5398 2698 5439; x_wconf 75' lang='grc' dir='ltr'><strong>ιι</strong></span> <span class='ocrx_word' id='word_1_871' title='bbox 2744 5379 3007 5453; x_wconf 79' lang='lat' dir='ltr'><strong>Confess.,</strong></span> <span class='ocrx_word' id='word_1_872' title='bbox 3037 5387 3168 5436; x_wconf 91' lang='lat' dir='ltr'><strong>tom.</strong></span> <span class='ocrx_word' id='word_1_873' title='bbox 3194 5376 3238 5445; x_wconf 90' lang='lat' dir='ltr'><strong>l,</strong></span> <span class='ocrx_word' id='word_1_874' title='bbox 3265 5375 3370 5432; x_wconf 92' lang='lat' dir='ltr'><strong>col.</strong></span> <span class='ocrx_word' id='word_1_875' title='bbox 3405 5374 3473 5430; x_wconf 88' lang='lat'><strong>97</strong></span> 
     </span>
    </p>
   </div>
   <div class='ocr_carea' id='block_1_116' title="bbox 1878 5471 3558 5561">
    <p class='ocr_par' dir='ltr' id='par_1_116' title="bbox 1878 5471 3558 5561">
     <span class='ocr_line' id='line_1_116' title="bbox 1878 5471 3558 5561; baseline -0.01 -13"><span class='ocrx_word' id='word_1_876' title='bbox 1878 5499 1935 5548; x_wconf 88' lang='lat' dir='ltr'><strong>et</strong></span> <span class='ocrx_word' id='word_1_877' title='bbox 1958 5488 2101 5561; x_wconf 88' lang='lat' dir='ltr'><strong>seq.)</strong></span> <span class='ocrx_word' id='word_1_878' title='bbox 3555 5471 3558 5474; x_wconf 76' lang='grc'><strong>’</strong></span> 
     </span>
    </p>
   </div>
   <div class='ocr_carea' id='block_1_117' title="bbox 1952 5564 3472 5646">
    <p class='ocr_par' dir='ltr' id='par_1_117' title="bbox 1952 5564 3472 5646">
     <span class='ocr_line' id='line_1_117' title="bbox 1952 5564 3472 5646; baseline -0.016 -8"><span class='ocrx_word' id='word_1_879' title='bbox 1952 5581 2066 5637; x_wconf 84' lang='lat' dir='ltr'><strong>Nec</strong></span> <span class='ocrx_word' id='word_1_880' title='bbox 2093 5593 2194 5636; x_wconf 91' lang='lat' dir='ltr'><strong>nos</strong></span> <span class='ocrx_word' id='word_1_881' title='bbox 2212 5584 2425 5634; x_wconf 91' lang='lat' dir='ltr'><strong>terrent</strong></span> <span class='ocrx_word' id='word_1_882' title='bbox 2468 5571 2716 5646; x_wconf 75' lang='lat' dir='ltr'><strong>quaedam</strong></span> <span class='ocrx_word' id='word_1_883' title='bbox 2761 5583 2913 5627; x_wconf 88' lang='lat' dir='ltr'><strong>more</strong></span> <span class='ocrx_word' id='word_1_884' title='bbox 2966 5564 3311 5640; x_wconf 88' lang='lat' dir='ltr'><strong>sapientium,</strong></span> <span class='ocrx_word' id='word_1_885' title='bbox 3363 5568 3472 5615; x_wconf 91' lang='lat' dir='ltr'><strong>etc.</strong></span> 
     </span>
    </p>
   </div>
   <div class='ocr_carea' id='block_1_118' title="bbox 1883 5651 3478 5745">
    <p class='ocr_par' dir='ltr' id='par_1_118' title="bbox 1883 5651 3478 5745">
     <span class='ocr_line' id='line_1_118' title="bbox 1883 5651 3478 5745; baseline -0.016 -16"><span class='ocrx_word' id='word_1_886' title='bbox 1883 5688 2047 5745; x_wconf 85' lang='lat' dir='ltr'><strong>usque</strong></span> <span class='ocrx_word' id='word_1_887' title='bbox 2073 5670 2142 5726; x_wconf 92' lang='lat' dir='ltr'><strong>ad</strong></span> <span class='ocrx_word' id='word_1_888' title='bbox 2170 5670 2218 5726; x_wconf 89' lang='lat' dir='ltr'><strong>si</strong></span> <span class='ocrx_word' id='word_1_889' title='bbox 2246 5669 2360 5741; x_wconf 91' lang='lat' dir='ltr'><strong>ipsa</strong></span> <span class='ocrx_word' id='word_1_890' title='bbox 2383 5681 2491 5723; x_wconf 91' lang='lat' dir='ltr'><strong>non</strong></span> <span class='ocrx_word' id='word_1_891' title='bbox 2543 5665 2758 5722; x_wconf 88' lang='lat' dir='ltr'><strong>desunt.</strong></span> <span class='ocrx_word' id='word_1_892' title='bbox 2787 5659 2868 5734; x_wconf 91' lang='lat' dir='ltr'><strong>(S.</strong></span> <span class='ocrx_word' id='word_1_893' title='bbox 2899 5657 3061 5731; x_wconf 88' lang='lat' dir='ltr'><strong>Aug.,</strong></span> <span class='ocrx_word' id='word_1_894' title='bbox 3091 5656 3182 5710; x_wconf 92' lang='lat' dir='ltr'><strong>lib.</strong></span> <span class='ocrx_word' id='word_1_895' title='bbox 3224 5654 3288 5708; x_wconf 89' lang='lat' dir='ltr'><strong>de</strong></span> <span class='ocrx_word' id='word_1_896' title='bbox 3327 5651 3478 5706; x_wconf 87' lang='lat' dir='ltr'><strong>beata</strong></span> 
     </span>
    </p>
   </div>
   <div class='ocr_carea' id='block_1_119' title="bbox 1896 5760 2951 5834">
    <p class='ocr_par' dir='ltr' id='par_1_119' title="bbox 1896 5760 2951 5834">
     <span class='ocr_line' id='line_1_119' title="bbox 1896 5760 2951 5834; baseline -0.009 -13"><span class='ocrx_word' id='word_1_897' title='bbox 1896 5766 2036 5833; x_wconf 84' lang='lat' dir='ltr'><strong>Vita,</strong></span> <span class='ocrx_word' id='word_1_898' title='bbox 2067 5773 2200 5822; x_wconf 90' lang='lat' dir='ltr'><strong>tom.</strong></span> <span class='ocrx_word' id='word_1_899' title='bbox 2225 5763 2269 5832; x_wconf 88' lang='lat' dir='ltr'><strong>I,</strong></span> <span class='ocrx_word' id='word_1_900' title='bbox 2296 5762 2400 5821; x_wconf 90' lang='lat' dir='ltr'><strong>col.</strong></span> <span class='ocrx_word' id='word_1_901' title='bbox 2426 5760 2576 5834; x_wconf 88' lang='lat'><strong>971).</strong></span> <span class='ocrx_word' id='word_1_902' title='bbox 2943 5767 2951 5772; x_wconf 89' lang='lat'>&#39;</span> 
     </span>
    </p>
   </div>
   <div class='ocr_carea' id='block_1_120' title="bbox 1957 5840 3480 5935">
    <p class='ocr_par' dir='ltr' id='par_1_120' title="bbox 1957 5840 3480 5935">
     <span class='ocr_line' id='line_1_120' title="bbox 1957 5840 3480 5935; baseline -0.02 -13"><span class='ocrx_word' id='word_1_903' title='bbox 1957 5863 2152 5920; x_wconf 85' lang='lat' dir='ltr'><strong>Carnis</strong></span> <span class='ocrx_word' id='word_1_904' title='bbox 2193 5859 2390 5934; x_wconf 90' lang='lat' dir='ltr'><strong>inquit,</strong></span> <span class='ocrx_word' id='word_1_905' title='bbox 2423 5854 2843 5935; x_wconf 86' lang='lat' dir='ltr'><strong>providentiam,</strong></span> <span class='ocrx_word' id='word_1_906' title='bbox 2872 5857 3002 5915; x_wconf 90' lang='lat' dir='ltr'><strong>etc.,</strong></span> <span class='ocrx_word' id='word_1_907' title='bbox 3042 5860 3202 5922; x_wconf 84' lang='lat' dir='ltr'><strong>usque</strong></span> <span class='ocrx_word' id='word_1_908' title='bbox 3248 5840 3317 5896; x_wconf 89' lang='lat' dir='ltr'><strong>ad</strong></span> <span class='ocrx_word' id='word_1_909' title='bbox 3354 5852 3480 5898; x_wconf 86' lang='lat' dir='ltr'><strong>suas</strong></span> 
     </span>
    </p>
   </div>
  </div>
