3970 6306
162 389 286 446 517

1043 391 1402 450 EXPOSITIO
1440 393 1506 448 IN
1545 395 1692 451 EPI’.
1734 396 1957 455 PAULI.
1995 428 2064 440 —-
2099 397 2204 452 EP.
2250 397 2269 452 I
2305 398 2396 453 AD
2430 397 2586 455 COR.

3361 409 3464 468 518

254 509 398 562 Deus
422 515 595 562 autem
611 521 776 578 pacis,
805 514 927 573 etc.,
953 522 1121 577 usque
1148 508 1212 562 ad
1234 507 1623 578 prtt’dt'caliont's
1649 508 1776 564 Jesu
1805 515 1856 574 Α
1883 511 2020 583 ignis
2049 526 2157 567 non
2183 511 2322 567 sicut
2349 511 2511 580 Deus,
2536 521 2667 582 etc.,
2696 531 2858 588 usque
2881 487 2949 571 ad
2978 526 3061 574 est
3092 535 3218 575 vera
3245 524 3465 578 aeterni-

163 603 400 658 Christi.
436 602 648 658 Dictum
672 610 755 656 est
779 601 990 656 mulieri
1018 601 1102 657 vel
1133 601 1314 672 potius
1347 603 1608 671 serpenti,
1634 610 1770 670 etc.,

163 713 344 766 usque
382 695 450 750 ad
481 694 656 752 lactus
682 698 767 750 est
791 693 1059 750 diabolus.
1101 694 1289 764 (Idem,
1331 704 1482 750 tract.
1512 696 1628 766 psal
1655 712 1772 763 cm,

163 798 315 845 tom.
345 788 436 855 IV,
461 797 584 860 part
608 803 670 854 11,
699 788 801 844 col.
828 788 929 845 108
951 795 1004 843 et
1030 787 1169 860 seq.)

247 881 554 939 Secundum
583 882 946 939 reuelationem
977 883 1230 954 mysterii,
1279 893 1402 949 etc.,
1435 897 1604 953 usque
1634 882 1702 938 ad
1725 891 1772 938 et

161 973 349 1045 gloria
387 974 439 1030 in
469 973 664 1030 saecula
702 971 1034 1029 sweulorum‘.
1087 973 1272 1030 Amen.
1307 971 1567 1032 Eternus
1593 985 1770 1032 autem

1877 613 1977 660 tas.
2008 604 2196 677 (Idem,
2219 603 2310 661 lib.
2341 603 2405 659 de
2437 605 2634 661 Nalur.
2666 606 2806 674 boni,
2845 618 2977 666 tom.
3009 609 3136 678 VIII,
3181 613 3284 669 col.
3313 613 3463 685 565.)

1943 698 2003 754 1η
2049 698 2141 756 illo
2189 701 2350 757 etiam
2399 702 2707 758 testimonio
2755 705 2844 760 ubi
2871 705 2949 760 ait
2998 707 3305 778 Apostolus,
3333 720 3458 774 etc.,

1878 807 2040 862 usque
2067 792 2138 847 ad
2166 801 2326 864 atque
2365 792 2741 852 immobilitate
2769 805 2996 855 naturxe'.
3051 797 3252 871 (Idem,
3301 799 3391 857 lib.
3426 817 3462 858 ιι

1879 893 2044 940 contr.
2073 884 2321 953 Μαίη,
2344 895 2478 943 tom.
2503 885 2636 955 VIII,
2673 887 2774 946 col.
2805 889 2907 949 797
2928 900 2982 948 et
3007 896 3147 964 seq.)

168 1149 3439 1179 ww

898 1303 1007 1383 IN
1087 1303 1671 1384 EPISTOLAM
1752 1305 1787 1383 Ι
1861 1305 1994 1384 ΑΒ
2069 1305 2732 1387 CORINTHIOS.

705 1587 1218 1648 ABGUMENTUM.

1875 1605 2136 1654 venerant
2149 1596 2369 1654 ostium.
2389 1597 2580 1669 (Idem,
2597 1607 2748 1653 tract.
2769 1597 2838 1652 47
2857 1599 2912 1654 in
2927 1597 3128 1672 Evang.
3144 1615 3248 1656 see.
3274 1599 3464 1672 Joan.,

239 1684 513 1742 Corinthii
537 1692 665 1741 sunt
686 1683 935 1752 Achaici,
967 1694 1020 1741 et
1049 1686 1103 1741 bi
1128 1685 1382 1742 similiter
1417 1685 1486 1741 ab
1506 1685 1768 1758 Apostolo
1797 1759 1831 1761 _
1873 1695 2005 1743 tom.
2035 1687 2122 1755 Ill,
2148 1697 2291 1760 part.
2320 1705 2380 1756 11,
2418 1688 2523 1745 col.
2558 1689 2696 1745 1754
2723 1697 2780 1744 et
2801 1689 2942 1761 seq.)

159 1778 465 1834 audierunt
493 1776 715 1833 verbum
747 1777 1014 1845 veritatis,
1061 1787 1118 1834 et
1147 1780 1393 1835 subversi
1431 1788 1555 1836 sunt
1593 1780 1770 1836 multi-
1796 1759 1845 1820 Β
1943 1759 2432 1850 Βίεοίιθίῳιειηιιιω
2475 1783 2816 1852 praesumatis
2845 1759 3071 1849 deIDeo,
3121 1791 3253 1850 etc.,
3302 1799 3464 1856 usque

160 1869 311 1926 farie
332 1885 362 1924 a
387 1859 538 1926 falsis
561 1871 840 1941 apostolis,
866 1873 1086 1942 quidam
1105 1887 1134 1928 a
1165 1874 1519 1945 phiIOSOphize
1541 1876 1769 1932 verbosa
1874 1872 1944 1926 ad
1959 1872 2338 1944 mysteriorum
2361 1872 2477 1928 Dei.
2498 1873 2684 1945 (Idem,
2713 1883 2867 1928 tract.
2896 1874 2951 1929 in
2973 1875 3108 1945 psal.
3139 1891 3302 1944 xxxv,
3329 1885 3460 1933 tom.

159 1963 509 2034 eloquentia,
558 1964 646 2019 alii
697 1973 847 2021 secta
903 1965 1037 2038 legis
1078 1965 1314 2022 Iudaicae
1364 1966 1568 2022 inducti
1621 1976 1767 2023 sunt.
1868 1963 1959 2030 IV,
1993 1973 2137 2034 part.
2161 1981 2202 2032 1,
2235 1966 2339 2021 col.
2363 1965 2468 2022 547
2491 1975 2545 2021 et
2573 1967 2715 2037 seq.)

165 2053 295 2110 Hos
317 2062 538 2110 revocat
578 2053 870 2125 Apostolus
901 2056 970 2112 ad
1007 2070 1194 2112 veram
1225 2055 1386 2112 ﬁdem
1413 2066 1470 2112 et
1499 2057 1770 2129 evangeli-
1938 2055 2194 2112 Ecclesiae
2224 2057 2348 2112 ﬁliae
2372 2058 2762 2128 apostolorum,
2794 2066 2925 2127 etc.,
2955 2077 3117 2132 usque
3138 2059 3208 2115 ad
3236 2060 3468 2132 gloriam

158 2159 300 2205 eam
332 2149 676 2221 sapientiam,
722 2149 968 2206 scribens
1003 2150 1084 2207 eis
1118 2148 1192 2207 ab
1213 2151 1428 2223 Epheso
1467 2157 1564 2223 per
1591 2150 1768 2209 Timo-‘
1867 2163 2134 2219 quaerere.
2157 2150 2347 2221 (Idem,
2375 2161 2530 2208 tract.
2559 2152 2614 2207 in
2637 2152 2771 2224 psal.
2805 2167 2952 2222 κων,
2976 2163 3105 2211 tom.
3128 2155 3221 2223 IV,
3247 2163 3388 2228 part.
3420 2174 3460 2225 1,

157 2241 383 2298 theam.

688 2311 916 2371 CAPUT
955 2313 1249 2372 PRIMUM.

247 2426 446 2484 Paulus
464 2434 671 2484 vocatus
687 2428 955 2498 apostolus
965 2425 1096 2483 Iesu
1111 2427 1330 2494 Christi,
1344 2438 1472 2495 etc.,
1497 2443 1670 2500 usque
1695 2431 1764 2487 ad

155 2522 224 2576 in
246 2519 454 2576 Christo
478 2520 607 2576 Jestt
632 2521 832 2576 baculis
858 2522 1073 2576 sanctis.
1115 2521 1320 2577 Paulus
1341 2521 1520 2592 primo
1542 2521 1761 2589 Saulus,

157 2613 272 2668 hoc
292 2625 375 2668 est
402 2613 576 2684 primo
600 2613 884 2684 superbus,
915 2622 1046 2680 etc.,
1081 2629 1242 2686 usque
1267 2613 1336 2668 ad
1361 2614 1484 2684 plus
1513 2616 1764 2672 omnibus

155 2704 405 2759 sanavit.
435 2703 521 2776 (S.
548 2705 710 2776 Aug.,
751 2721 910 2760 serm.
945 2702 1151 2776 Evang.
1193 2705 1258 2760 de
1298 2703 1515 2762 muliere
1565 2705 1762 2775 Chan.,

157 2805 300 2851 tota.
332 2795 400 2861 V,
423 2804 566 2868 parta
597 2812 640 2864 1,
671 2795 774 2852 eoi.
798 2796 906 2853 484
929 2804 985 2852 et
1007 2795 1150 2868 seq.)

237 2889 372 2945 Cum
399 2891 640 2946 omnibus
671 2891 760 2963 qui
798 2893 1060 2957 invocant,
1092 2900 1214 2960 etc.,
1246 2905 1422 2963 usque
1446 2893 1514 2948 ad
1535 2891 1764 2948 Domino

152 2984 293 3039 Iesu
321 2980 549 3038 Christo.
577 2981 679 3050 Qui
715 2983 973 3039 devorant
1001 2982 1259 3054 populum
1289 2990 1471 3040 meum
1496 2991 1555 3038 ut
1581 2983 1762 3040 cibum

153 3075 340 3147 panis,
392 3085 517 3140 etc.,
571 3091 734 3146 usque
763 3075 832 3128 ad
873 3074 1126 3131 invocant
1154 3076 1344 3130 Deum.
1379 3074 1569 3147 (Idem,
1607 3084 1761 3130 tract.

158 3171 220 3222 in
249 3167 383 3239 psal.
415 3184 512 3234 ιιι,
539 3177 668 3222 tom.
698 3167 786 3232 IV,
811 3173 952 3238 part.
982 3183 1020 3233 1,
1047 3165 1151 3222 col.
1176 3165 1326 3238 617.)

236 3258 302 3314 Et
337 3260 564 3315 multum
593 3259 903 3315 misericors
925 3258 1201 3323 omnibus,
1231 3266 1366 3322 etc.,-
1393 3273 1555 3328 usque
1583 3257 1652 3312 ad
1673 3257 1758 3312 in-

152 3352 481 3407 vocantibus
523 3355 596 3406 te.
637 3350 824 3422 (Idem,
864 3359 1020 3404 tract.
1053 3350 1109 3404 in
1137 3349 1270 3404 usal.
1301 3364 1468 3414 Lxxa,
1507 3356 1638 3404 tem.
1663 3346 1758 3414 IV,

152 3454 301 3517 part.
334 3461 397 3508 11,
431 3444 536 3501 col.
569 3444 712 3500 1058·
735 3453 792 3500 et
815 3444 954 3517 seq.)

230 3539 404 3609 Prope
424 3541 506 3595 est
524 3537 787 3593 Dominus
797 3536 1048 3592 omnibus
1067 3534 1442 3591 invocantibus
1460 3542 1756 3602 eum,~ete.,

151 3648 322 3702 usque
348 3631 419 3685 ad
452 3631 667 3686 invocat
689 3623 864 3685 Dum!
897 3629 952 3684 In
987 3630 1237 3684 veritate.
1281 3628 1472 3700 (Idem,-
1513 3635 1667 3683 lract.
1698 3630 1756 3684 in
1859 3630 1868 3702 ᾗ

149 3724 290 3796 psal.
325 3723 508 3790 c'xuv,
539 3729 674 3778 tom.
703 3721 792 3785 IV,
818 3729 960 3791 part.
991 3733 1055 3787 11,
1086 3720 1188 3776 col.
1225 3720 1382 3786 1882,
1413 3720 1595 3792 1885.)

225 3813 449 3869 Invoeat
496 3821 568 3877 te,
613 3810 860 3877 Domine,
905 3809 1040 3864 ﬁdes
1089 3822 1228 3875 mea,
1281 3818 1415 3873 etc.,
1470 3821 1632 3880 usque
1683 3811 1752 3864 ad

149 3924 276 3963 eum
316 3907 580 3962 invocabo
620 3921 766 3962 eum.
808 3904 998 3976 (Idem,
1040 3902 1131 3956 lib.
1189 3919 1206 3959 1
1249 3900 1487 3972 Confes.,
1533 3909 1664 3957 tom.
1706 3902 1748 3967 I,

469 4103 568 4158 ago
597 4085 710 4142 Deo
732 4099 870 4152 meo,
894 4096 1019 4154 etc.,
1050 4099 1226 4157 usque
1259 4087 1326 4142 ad
1363 4086 1613 4140 adventus
1641 4085 1746 4140 Do-

145 4180 281 4236 mini
302 4181 469 4234 nostri
490 4179 619 4234 Jesu
647 4178 861 4233 Christi.
887 4177 944 4234 In
967 4193 1292 4249 quacunque
1313 4178 1400 4233 die
1425 4177 1748 4234 invocavero

145 4286 225 4342 te,
273 4283 408 4341 etc.,
451 4253 612 4345 usque
656 4274 726 4328 ad
767 4275 883 4344 ipse
928 4273 1001 4329 sit
1037 4281 1240 4330 noster.
1283 4273 1472 4345 (Idem,
1505 4283 1662 4328 lraet.
1691 4274 1747 4329 in

140 4375 284 4444 psal.
316 4391 403 4440 LV,
436 4382 566 4429 tom.
595 4372 687 4438 IV,
714 4381 856 4442 part.
885 4386 922 4437 1,
955 4371 1060 4428 col.
1091 4370 1246 4443 657.)

217 4465 426 4521 Fidelis
474 4466 634 4533 Deus,
680 4475 800 4532 etc.,
843 4477 1014 4535 usque
1038 4465 1106 4520 ad
1144 4464 1272 4520 Iesu
1310 4463 1503 4520 Christi
1531 4463 1742 4518 Domini

141 4558 334 4612 nostri.
381 4555 580 4612 Fidelis
621 4555 782 4621 Deus,
827 4555 919 4625 qui
955 4571 1014 4610 se
1051 4563 1296 4611 nostrum
1338 4555 1637 4610 debitorem
1664 4554 1743 4609 le-

139 4651 240 4715 cit,
289 4657 422 4714 etc.,
476 4663 638 4720 usque
680 4648 748 4702 ad
794 4648 962 4719 gratis
1009 4648 1249 4704 daretur.
1284 4647 1472 4720 (Idem,
1503 4658 1656 4702 tract.
1687 4649 1741 4703 in

137 4741 280 4813 psal.
310 4757 422 4805 (11x,
454 4750 586 4797 tom.
611 4741 702 4808 IV,
724 4750 866 4812 part.
899 4757 963 4807 11,
993 4741 1098 4796 eol.
1131 4739 1275 4795 1445
1295 4748 1350 4797 et
1371 4756 1487 4810 seq.

215 4832 445 4888 Obsecro
478 4843 651 4888 autem
672 4849 780 4897 vos,
807 4843 929 4899 etc.,
960 4848 1132 4902 usque
1159 4832 1226 4886 ad
1261 4833 1316 4886 in
1345 4831 1524 4886 cadent
1565 4831 1736 4885 scien-

135 4929 238 4981 tia.
280 4925 432 4980 Multi
468 4934 626 4981 erant
663 4924 889 4995 apostoli
917 4932 973 4980 et
997 4924 1088 4978 uni
1122 4923 1348 4978 dicitur:
1384 4923 1574 4989 Pasce,
1603 4935 1731 4990 etc.,

136 5034 305 5088 usque
345 5019 413 5071 ad
441 5017 926 5072 eontristabuntur.
977 5015 1185 5087 (Idem,
1215 5031 1280 5069 ea:
1309 5031 1464 5070 serm.
1497 5016 1560 5070 de
1590 5031 1726 5086 pass.

136 5109 379 5174 Domin.,
411 5117 543 5165 tom.
576 5107 640 5174 V,
662 5117 802 5179 part.
837 5125 877 5173 1,
906 5107 1008 5162 col.
1033 5106 1138 5162 279
1161 5113 1218 5161 et
1238 5105 1378 5176 seq.)

210 5200 581 5272 Signi/iculum
605 5212 680 5256 est
708 5203 845 5256 enim
873 5202 1026 5268 mihi,
1063 5211 1190 5263 etc.,
1219 5214 1389 5270 usque
1418 5200 1485 5254 ad
1514 5216 1606 5271 ego
1632 5215 1730 5253 au-

134 5306 240 5350 tem
268 5294 485 5350 Christi.
512 5295 719 5366 Agebat
749 5295 1061 5364 Apostolus,
1097 5309 1165 5349 ne
1202 5295 1431 5365 quisque
1468 5293 1728 5365 gloriare-

135 5395 249 5451 tur,
273 5395 406 5452 etc.,
447 5401 607 5457 usque
637 5387 705 5442 ad
731 5387 993 5443 adversus
1027 5387 1278 5442 alterum.
1308 5386 1502 5456 (Idem,
1531 5385 1620 5439 lib.
1668 5385 1752 5440 de.

136 5480 319 5537 Prwd.
349 5492 543 5548 sanct.,
576 5491 705 5538 tom.
743 5482 808 5550 Χ,
835 5496 978 5552 part.
1009 5499 1049 5548 1,
1074 5483 1175 5538 col.
1204 5483 1305 5538 967
1335 5492 1389 5537 et
1414 5480 1556 5552 seq.)

209 5572 302 5628 Va:
341 5574 448 5629 illis
485 5574 578 5644 qui
603 5575 836 5631 oderunt
860 5575 1149 5642 unitatem,
1181 5585 1313 5642 etc.,
1359 5591 1520 5646 usque
1547 5574 1616 5628 ad
1645 5583 1728 5630 est

134 5665 416 5722 vobiscum
460 5665 680 5721 Paulus.
725 5666 916 5737 (Idem,
966 5676 1134 5720 tract.—
1173 5667 1238 5721 12
1275 5668 1330 5722 in
1367 5665 1573 5737 Evang.
1621 5683 1725 5722 sec.

133 5758 323 5817 Joan..
360 5767 492 5812 tom.
525 5758 613 5824 IlI,
641 5767 780 5829 part.
814 5773 878 5823 ιι,
909 5758 1012 5814 col.
1047 5756 1230 5830 M89.)

208 5852 376 5909 Nemo
415 5853 566 5910 novit
595 5852 794 5911 Filium
832 5853 936 5910 nisi
971 5851 1154 5910 Pater.
1189 5862 1320 5920 etc.,
1351 5867 1512 5922 usque
1539 5851 1608 5907 ad
1637 5850 1723 5908 in-

1867 2240 1968 2296 col.
1998 2241 2104 2298 508
2131 2250 2187 2298 et
2213 2242 2356 2314 seq.)

1936 2355 2280 2412 Excedentes
2307 2355 2504 2427 quippe
2533 2356 2590 2412 in
2619 2356 2872 2424 eceiesia,
2904 2361 3036 2425 etc.,
3066 2365 3228 2430 usque
3247 2359 3318 2413 ad
3347 2373 3459 2415 cce-

1863 2446 1974 2503 lum
2032 2457 2088 2502 et
2114 2458 2337 2504 terram.
2369 2449 2560 2521 (Idem,
2591 2459 2750 2505 tract.
2772 2450 2827 2505 in
2849 2451 2984 2522 psal.
3018 2467 3167 2518 Lxx1,
3211 2459 3338 2509 tom.
3368 2451 3458 2521 IV,

1864 2545 2007 2610 part.
2039 2555 2078 2607 1,
2117 2539 2220 2595 col.
2252 2538 2404 2610 904.)

1936 2627 2004 2686 Et
2029 2646 2129 2704 ego
2153 2631 2274 2688 dico
2306 2632 2402 2688 tibi
2429 2649 2445 2687 :
2476 2631 2555 2686 Tu
2582 2643 2644 2687 es
2667 2631 2882 2699 Petrus,
2915 2640 3048 2700 etc.,
3087 2639 3249 2704 usque
3274 2634 3343 2687 ad
3367 2634 3460 2690 ba-

1864 2725 2053 2796 ptizati
2107 2727 2257 2781 estis.
2289 2724 2482 2795 (Idem,
2523 2743 2625 2782 ser.
2674 2727 2918 2798 Evang.,~
2958 2734 3087 2781 tom.
3124 2726 3186 2791 V,
3237 2735 3377 2797 part.
3418 2741 3458 2793 ι,

1865 2817 1969 2873 col.
1997 2817 2103 2872 I79
2124 2827 2180 2872 et
2206 2817 2352 2889 seq.)

1941 2909 2148 2965 Divisus
2171 2919 2266 2976 est,
2299 2919 2421 2976 etc.,
2456 2926 2627 2982 usque
2666 2911 2735 2966 ad
2766 2911 3019 2982 baptizati
3051 2910 3214 2965 estis!
3244 2909 3456 2980 Baptis-

1865 3017 1986 3058 mus
2021 3002 2234 3058 Domini
2263 3004 2497 3070 divinus,
2528 3005 2654 3075 quia
2687 3004 2937 3060 dominus
2963 3004 3124 3059 Deus.
3159 3002 3342 3058 Potuit
3369 3019 3460 3057 au-

1867 3104 1974 3150 tem
1993 3094 2151 3152 Jesus
2187 3095 2455 3162 Christus,
2486 3104 2621 3164 etc.,
2654 3113 2816 3168 usque
2845 3096 2915 3150 ad
2957 3095 3264 3167 baptizandi
3303 3105 3456 3168 pote-

1859 3188 2285 3261 statem.(Idem,
2325 3199 2477 3245 tract.
2505 3189 2539 3244 5
2562 3191 2616 3244 in
2642 3189 2844 3262 Evang.
2870 3205 2974 3245 sec.
2999 3186 3188 3258 Jo‘an‘.,
3217 3195 3347 3245 tom.
3365 3188 3454 3256 III,

1856 3287 1998 3354 part.
2031 3297 2094 3347 ιι,
2132 3281 2236 3336 col.
2272 3280 2410 3336 1417
2437 3290 2492 3338 et
2515 3282 2658 3355 seq.)

1927 3397 2070 3471 Ergo
2095 3399 2262 3455 boves
2303 3397 2400 3464 illi,
2439 3398 2728 3453 Dominum
2770 3395 3191 3469 magniﬁeabant
3223 3411 3327 3451 non
3373 3411 3451 3462 se,

1855 3501 1990 3560 etc.,
2028 3508 2189 3563 usque
2221 3490 2290 3544 ad
2327 3491 2726 3546 incrementum
2759 3491 2851 3546 dat
2877 3488 3037 3545 Deus.
3071 3489 3256 3561 (Idem,
3297 3498 3429 3542 tract

1858 3579 1946 3656 10,
1994 3586 2049 3640 in
2092 3584 2291 3656 Evang.
2343 3601 2445 3640 sec.
2496 3582 2685 3648 Joan.,
2731 3594 2860 3639 tom.
2903 3581 2988 3650 Ill,
3035 3592 3178 3654 part.
3226 3599 3285 3650 ιι,
3345 3583 3447 3638 col.

1856 3677 2039 3750 1471.)

1926 3770 2116 3826 Scribo
2152 3770 2328 3834 vobis,
2379 3768 2548 3834 ﬁlioli,
2581 3768 2708 3838 quia
2758 3767 3112 3823 remittuntur
3143 3766 3297 3821 vobis
3324 3779 3448 3836 pec-

1853 3870 1992 3926 cata,
2021 3871 2152 3927 etc.,
2184 3877 2344 3932 usque
2374 3860 2443 3913 ad
2473 3857 2765 3915 schismata
2804 3857 3095 3914 faciebant.
3130 3857 3315 3930 (Idem,
3342 3873 3445 3912 ser.

1850 3954 1905 4008 in
1969 3953 2117 4023 epist.
2169 3950 2355 4018 Joan.,
2398 3961 2552 4006 tract.
2595 3949 2632 4004 Ξ
2713 3961 2842 4006 ιοιη.
2888 3949 2977 4016 III,
3023 3958 3164 4021 part.
3222 3965 3285 4016 ιι,
3340 3947 3442 4002 col.

1853 4046 2038 4119 1992.)

1922 4139 2034 4196 lIoc
2081 4141 2320 4210 ipsorum
2371 4149 2490 4195 erat
2534 4137 2814 4210 proprium
2863 4135 3182 4194 detestabile
3230 4135 3441 4192 vitium.

1849 4234 2002 4304 Quod
2041 4251 2172 4290 vero
2213 4234 2478 4300 sciebant,
2525 4243 2654 4300 etc.,
2699 4250 2860 4304 usque
2888 4233 2956 4286 at!
2994 4248 3099 4287 non
3125 4232 3439 4288 credebant.

1849 4328 2036 4402 (Idem,
2067 4326 2158 4381 lib.
2187 4326 2250 4381 de
2274 4327 2426 4381 unico
2456 4325 2748 4398 Baptismo,
2777 4333 2908 4381 tom.
2943 4323 3058 4396 IX.)

1921 4415 2052 4474 Vide
2099 4417 2553 4489 quemadmodum
2603 4433 2828 4489 magnus
2877 4417 2964 4472 ille
3020 4415 3174 4470 miles
3214 4412 3438 4479 Christi,

1771 4527 1821 4588 D
1846 4515 1976 4577 etc.,
2007 4527 2170 4582 usque
2199 4509 2268 4563 ad
2296 4526 2401 4564 nou
2430 4525 2618 4566 sexum
2646 4508 2830 4582 (Idem,
2862 4517 3016 4563 tract.
3064 4509 3118 4561 in
3143 4504 3303 4576 psal.-
3329 4521 3438 4572 LIV,

1849 4613 1977 4660 tom.
2010 4601 2101 4671 IV,
2131 4613 2273 4683 part.
2310 4621 2347 4671 1,
2377 4603 2480 4661 col.
2505 4602 2654 4674 509.)

1916 4722 2228 4777 lllmninans
2257 4732 2310 4776 tu
2336 4721 2654 4778 mirabiliter
2677 4735 2707 4774 a
2724 4717 2994 4773 montibus
3019 4713 3258 4778 aeternis,
3301 4723 3434 4779 etc.,

1843 4831 2006 4886 usque
2033 4815 2102 4868 ad
2131 4814 2466 4870 illuminatus
2489 4829 2519 4867 a
2543 4811 2793 4867 Domino.
2823 4809 3014 4880 (Idem,
3040 4814 3194 4860 tract.
3221 4806 3274 4858 in
3296 4805 3430 4875 psal.

1841 4922 2000 4972 Lxxv,
2034 4917 2163 4961 tom.
2196 4905 2289 4971 IV,
2322 4913 2462 4976 part.
2495 4919 2532 4967 1,
2560 4901 2661 4957 col.
2695 4899 2791 4956 961
2827 4907 2882 4954 ct
2907 4899 3049 4968 seq.)

1911 4997 2124 5052 Gratias
2154 5015 2253 5068 ago
2277 4997 2384 5051 Deo
2414 5011 2546 5060 meo,
2578 5004 2703 5059 etc.,
2736 5007 2903 5062 usque
2933 4991 3000 5046 ad
3025 4990 3187 5044 alium
3204 4999 3426 5044 uestrum

1743 5121 1746 5124 ~
1837 5091 2230 5162 baptisaverim.
2281 5089 2500 5143 Poterat
2539 5087 2584 5142 si
2627 5085 2885 5140 voluisset
2932 5084 3192 5137 Dominus
3237 5081 3425 5148 Jesus,

1838 5195 1968 5250 etc.,
1987 5201 2148 5256 usque
2184 5183 2252 5238 ad
2275 5190 2330 5238 et
2359 5179 2564 5248 majore
2594 5179 2921 5250 baptizetur.
2971 5177 3160 5248 (Idem,
3185 5175 3276 5230 lib.
3309 5191 3339 5228 v
3363 5175 3428 5229 de

1836 5276 2065 5348 Baplis.,
2099 5286 2228 5350 tqm.
2259 5273 2348 5340 IX,
2379 5273 2480 5329 col.
2516 5272 2616 5328 184
2655 5283 2710 5328 et
2738 5272 2877 5344 seq.)

1914 5385 2032 5440 Non
2067 5386 2205 5440 enim
2240 5385 2382 5439 misit
2414 5399 2515 5450 me,
2550 5393 2674 5449 etc.,
2708 5393 2964 5454 usquead
2993 5391 3269 5438 evacuatur
3291 5396 3424 5436 crux

1834 5478 2048 5535 Christi.
2087 5477 2422 5535 Miserabiles
2443 5480 2693 5535 tenebras
2719 5480 2772 5533 in
2798 5479 2980 5533 animo
3026 5479 3280 5532 humano.
3314 5475 3420 5544 Qui

1832 5574 1935 5628 scit
1959 5571 2412 5642 quemadmodum
2440 5572 2633 5627 debeat
2657 5571 2865 5627 leonem
2908 5571 3146 5635 domare,
3172 5578 3300 5633 etc.,
3325 5583 3418 5622 us-

1831 5684 1928 5740 que
1974 5666 2042 5721 ad
2093 5665 2161 5720 ad
2202 5664 2470 5734 justitiam
2518 5665 2665 5721 omni
2720 5664 2980 5720 credenti.
3020 5663 3208 5735 (Idem,
3233 5661 3320 5715 lib.
3353 5659 3418 5713 de

1834 5757 1963 5812 Nat.
1992 5767 2039 5814 et
2069 5755 2244 5824 Grat.,
2273 5765 2403 5813 tom.
2436 5756 2499 5821 Χ,
2525 5766 2664 5829 part.
2693 5774 2733 5822 1,
2762 5756 2864 5812 col.
2892 5755 3042 5822 Q70.)

1903 5852 2018 5910 Non
2049 5868 2218 5924 usque
2239 5853 2394 5919 adeo,
2447 5852 2689 5924 inquam,
2723 5851 2842 5907 duci
2878 5865 2965 5906 me
2987 5859 3140 5920 putes
3168 5844 3414 5904 laudibus
