  <div class='ocr_page' id='page_1' title='image "/cluster/home/n/w/nwhite01/storage/ocr_20150623/119/hvd.32044015466915/165.png"; bbox 0 0 3970 6306; ppageno 0'>
   <div class='ocr_carea' id='block_1_1' title="bbox 518 309 2086 384">
    <p class='ocr_par' dir='ltr' id='par_1_1' title="bbox 518 315 2086 384">
     <span class='ocr_line' id='line_1_1' title="bbox 518 315 2086 384; baseline -0.006 -2"><span class='ocrx_word' id='word_1_1' title='bbox 518 325 624 384; x_wconf 82' lang='grc'><strong>519</strong></span> <span class='ocrx_word' id='word_1_2' title='bbox 1455 348 1461 355; x_wconf 71' lang='grc' dir='ltr'><strong><em>σ</em></strong></span> <span class='ocrx_word' id='word_1_3' title='bbox 1733 316 1940 375; x_wconf 81' lang='lat' dir='ltr'><strong>FLORI</strong></span> <span class='ocrx_word' id='word_1_4' title='bbox 1986 315 2086 372; x_wconf 76' lang='lat' dir='ltr'><strong>DIA</strong></span> 
     </span>
    </p>
   </div>
   <div class='ocr_carea' id='block_1_2' title="bbox 2196 309 3764 384">
    <p class='ocr_par' dir='ltr' id='par_1_2' title="bbox 2196 309 3764 370">
     <span class='ocr_line' id='line_1_2' title="bbox 2196 309 3764 370; baseline -0.007 0"><span class='ocrx_word' id='word_1_5' title='bbox 2196 313 2255 370; x_wconf 85' lang='lat' dir='ltr'><strong>NI</strong></span> <span class='ocrx_word' id='word_1_6' title='bbox 2296 309 2606 368; x_wconf 80' lang='lat' dir='ltr'><strong>MONACHI</strong></span> <span class='ocrx_word' id='word_1_7' title='bbox 3690 311 3764 365; x_wconf 57' lang='grc' dir='ltr'><strong>δὴ,</strong></span> 
     </span>
    </p>
   </div>
   <div class='ocr_carea' id='block_1_3' title="bbox 520 418 3763 507">
    <p class='ocr_par' dir='ltr' id='par_1_3' title="bbox 520 418 3763 507">
     <span class='ocr_line' id='line_1_3' title="bbox 520 418 3763 507; baseline -0.004 -13"><span class='ocrx_word' id='word_1_8' title='bbox 520 438 680 504; x_wconf 85' lang='lat' dir='ltr'><strong>meis,</strong></span> <span class='ocrx_word' id='word_1_9' title='bbox 705 444 834 502; x_wconf 87' lang='lat' dir='ltr'><strong>etc.,</strong></span> <span class='ocrx_word' id='word_1_10' title='bbox 874 452 1037 507; x_wconf 85' lang='lat' dir='ltr'><strong>usque</strong></span> <span class='ocrx_word' id='word_1_11' title='bbox 1078 436 1147 491; x_wconf 89' lang='lat' dir='ltr'><strong>ad</strong></span> <span class='ocrx_word' id='word_1_12' title='bbox 1195 450 1357 506; x_wconf 89' lang='lat' dir='ltr'><strong>quam</strong></span> <span class='ocrx_word' id='word_1_13' title='bbox 1394 435 1604 491; x_wconf 76' lang='lat' dir='ltr'><strong>ratione</strong></span> <span class='ocrx_word' id='word_1_14' title='bbox 1621 433 1887 491; x_wconf 76' lang='lat' dir='ltr'><strong>redditur.</strong></span> <span class='ocrx_word' id='word_1_15' title='bbox 1917 432 2106 505; x_wconf 89' lang='lat' dir='ltr'><strong>(Idem,</strong></span> <span class='ocrx_word' id='word_1_16' title='bbox 2135 435 2186 496; x_wconf 82' lang='grc' dir='ltr'>Α</span> <span class='ocrx_word' id='word_1_17' title='bbox 2212 444 2372 500; x_wconf 84' lang='lat' dir='ltr'><strong>usque</strong></span> <span class='ocrx_word' id='word_1_18' title='bbox 2400 427 2469 481; x_wconf 88' lang='lat' dir='ltr'><strong>ad</strong></span> <span class='ocrx_word' id='word_1_19' title='bbox 2497 425 2851 480; x_wconf 77' lang='lat' dir='ltr'><strong>minueretur.</strong></span> <span class='ocrx_word' id='word_1_20' title='bbox 2883 421 3181 495; x_wconf 88' lang='lat' dir='ltr'><strong>(Id.,tract.</strong></span> <span class='ocrx_word' id='word_1_21' title='bbox 3229 420 3291 474; x_wconf 84' lang='lat' dir='ltr'><strong>in</strong></span> <span class='ocrx_word' id='word_1_22' title='bbox 3319 418 3466 491; x_wconf 82' lang='lat' dir='ltr'><strong>psal.</strong></span> <span class='ocrx_word' id='word_1_23' title='bbox 3495 434 3610 487; x_wconf 73' lang='lat' dir='ltr'><strong>LXV,</strong></span> <span class='ocrx_word' id='word_1_24' title='bbox 3648 431 3679 477; x_wconf 91' lang='lat' dir='ltr'><strong>t.</strong></span> <span class='ocrx_word' id='word_1_25' title='bbox 3699 423 3763 494; x_wconf 72' lang='lat' dir='ltr'><strong>IV,</strong></span> 
     </span>
    </p>
   </div>
   <div class='ocr_carea' id='block_1_4' title="bbox 523 515 2729 597">
    <p class='ocr_par' dir='ltr' id='par_1_4' title="bbox 523 515 2729 597">
     <span class='ocr_line' id='line_1_4' title="bbox 523 515 2729 597; baseline -0.007 -12"><span class='ocrx_word' id='word_1_26' title='bbox 523 531 614 586; x_wconf 87' lang='lat' dir='ltr'><strong>lib.</strong></span> <span class='ocrx_word' id='word_1_27' title='bbox 639 539 807 585; x_wconf 83' lang='lat' dir='ltr'><strong>contr.</strong></span> <span class='ocrx_word' id='word_1_28' title='bbox 842 526 1197 595; x_wconf 89' lang='lat' dir='ltr'><strong>Felicianum,</strong></span> <span class='ocrx_word' id='word_1_29' title='bbox 1227 537 1358 584; x_wconf 91' lang='lat' dir='ltr'><strong>tom.</strong></span> <span class='ocrx_word' id='word_1_30' title='bbox 1390 525 1524 594; x_wconf 86' lang='lat' dir='ltr'><strong>VIII,</strong></span> <span class='ocrx_word' id='word_1_31' title='bbox 1560 526 1666 583; x_wconf 90' lang='lat' dir='ltr'><strong>col.</strong></span> <span class='ocrx_word' id='word_1_32' title='bbox 1698 525 1882 597; x_wconf 82' lang='grc'>1157.)</span> <span class='ocrx_word' id='word_1_33' title='bbox 2121 561 2129 596; x_wconf 68' lang='lat'><strong>,</strong></span> <span class='ocrx_word' id='word_1_34' title='bbox 2211 526 2353 591; x_wconf 82' lang='lat' dir='ltr'><strong>part.</strong></span> <span class='ocrx_word' id='word_1_35' title='bbox 2380 535 2417 582; x_wconf 87' lang='grc' dir='ltr'><strong>ι,</strong></span> <span class='ocrx_word' id='word_1_36' title='bbox 2447 516 2553 573; x_wconf 82' lang='lat' dir='ltr'><strong>col.</strong></span> <span class='ocrx_word' id='word_1_37' title='bbox 2580 515 2729 586; x_wconf 90' lang='lat'><strong>788.)</strong></span> 
     </span>
    </p>
   </div>
   <div class='ocr_carea' id='block_1_5' title="bbox 606 603 3763 692">
    <p class='ocr_par' dir='ltr' id='par_1_5' title="bbox 606 603 3763 692">
     <span class='ocr_line' id='line_1_5' title="bbox 606 603 3763 692; baseline -0.004 -14"><span class='ocrx_word' id='word_1_38' title='bbox 606 623 831 680; x_wconf 80' lang='lat' dir='ltr'><strong>Verbum</strong></span> <span class='ocrx_word' id='word_1_39' title='bbox 873 622 1011 678; x_wconf 89' lang='lat' dir='ltr'><strong>enim</strong></span> <span class='ocrx_word' id='word_1_40' title='bbox 1045 622 1237 689; x_wconf 86' lang='lat' dir='ltr'><strong>crucis,</strong></span> <span class='ocrx_word' id='word_1_41' title='bbox 1282 630 1404 689; x_wconf 85' lang='lat' dir='ltr'><strong>etc.,</strong></span> <span class='ocrx_word' id='word_1_42' title='bbox 1447 636 1621 692; x_wconf 89' lang='lat' dir='ltr'><strong>usque</strong></span> <span class='ocrx_word' id='word_1_43' title='bbox 1665 621 1734 677; x_wconf 90' lang='lat' dir='ltr'><strong>ad</strong></span> <span class='ocrx_word' id='word_1_44' title='bbox 1777 619 2111 691; x_wconf 82' lang='lat' dir='ltr'><strong>prudentiam</strong></span> <span class='ocrx_word' id='word_1_45' title='bbox 2280 611 2476 667; x_wconf 77' lang='lat' dir='ltr'><strong>Petrus</strong></span> <span class='ocrx_word' id='word_1_46' title='bbox 2501 608 2605 665; x_wconf 88' lang='lat' dir='ltr'><strong>iste</strong></span> <span class='ocrx_word' id='word_1_47' title='bbox 2636 607 2729 679; x_wconf 87' lang='lat' dir='ltr'><strong>qui</strong></span> <span class='ocrx_word' id='word_1_48' title='bbox 2759 607 2840 664; x_wconf 89' lang='lat' dir='ltr'><strong>sic</strong></span> <span class='ocrx_word' id='word_1_49' title='bbox 2868 605 3110 677; x_wconf 87' lang='lat' dir='ltr'><strong>loquitur</strong></span> <span class='ocrx_word' id='word_1_50' title='bbox 3135 604 3395 676; x_wconf 74' lang='lat' dir='ltr'><strong>piscator</strong></span> <span class='ocrx_word' id='word_1_51' title='bbox 3424 603 3545 671; x_wconf 81' lang='lat' dir='ltr'><strong>fuit,</strong></span> <span class='ocrx_word' id='word_1_52' title='bbox 3567 615 3678 674; x_wconf 86' lang='lat' dir='ltr'><strong>etc.,</strong></span> <span class='ocrx_word' id='word_1_53' title='bbox 3703 627 3763 666; x_wconf 78' lang='lat' dir='ltr'><strong>us-</strong></span> 
     </span>
    </p>
   </div>
   <div class='ocr_carea' id='block_1_6' title="bbox 524 697 3763 789">
    <p class='ocr_par' dir='ltr' id='par_1_6' title="bbox 524 697 3763 789">
     <span class='ocr_line' id='line_1_6' title="bbox 524 697 3763 789; baseline -0.005 -17"><span class='ocrx_word' id='word_1_54' title='bbox 524 716 859 789; x_wconf 87' lang='lat' dir='ltr'><strong>prudentium</strong></span> <span class='ocrx_word' id='word_1_55' title='bbox 903 714 1208 786; x_wconf 86' lang='lat' dir='ltr'><strong>reprobabo.</strong></span> <span class='ocrx_word' id='word_1_56' title='bbox 1253 713 1314 770; x_wconf 92' lang='lat' dir='ltr'><strong>Si</strong></span> <span class='ocrx_word' id='word_1_57' title='bbox 1343 715 1644 772; x_wconf 86' lang='lat' dir='ltr'><strong>secundum</strong></span> <span class='ocrx_word' id='word_1_58' title='bbox 1671 713 1986 786; x_wconf 87' lang='lat' dir='ltr'><strong>Scripturas</strong></span> <span class='ocrx_word' id='word_1_59' title='bbox 2020 728 2110 770; x_wconf 83' lang='lat' dir='ltr'><strong>sa-</strong></span> <span class='ocrx_word' id='word_1_60' title='bbox 2212 721 2311 778; x_wconf 86' lang='lat' dir='ltr'><strong>que</strong></span> <span class='ocrx_word' id='word_1_61' title='bbox 2332 705 2402 760; x_wconf 88' lang='lat' dir='ltr'><strong>ad</strong></span> <span class='ocrx_word' id='word_1_62' title='bbox 2427 710 2776 761; x_wconf 88' lang='lat' dir='ltr'><strong>evacuentur.</strong></span> <span class='ocrx_word' id='word_1_63' title='bbox 2804 700 2932 772; x_wconf 88' lang='lat' dir='ltr'><strong>(Id.,</strong></span> <span class='ocrx_word' id='word_1_64' title='bbox 2952 715 3112 755; x_wconf 92' lang='lat' dir='ltr'><strong>serm.</strong></span> <span class='ocrx_word' id='word_1_65' title='bbox 3137 699 3203 789; x_wconf 87' lang='lat' dir='ltr'><strong>de</strong></span> <span class='ocrx_word' id='word_1_66' title='bbox 3228 698 3386 754; x_wconf 80' lang='lat' dir='ltr'><strong>verb.</strong></span> <span class='ocrx_word' id='word_1_67' title='bbox 3407 697 3622 754; x_wconf 75' lang='lat' dir='ltr'><strong>eoist.B.</strong></span> <span class='ocrx_word' id='word_1_68' title='bbox 3642 698 3763 769; x_wconf 81' lang='lat' dir='ltr'><strong>Petri,</strong></span> 
     </span>
    </p>
   </div>
   <div class='ocr_carea' id='block_1_7' title="bbox 523 788 2091 882">
    <p class='ocr_par' dir='ltr' id='par_1_7' title="bbox 523 788 2086 882">
     <span class='ocr_line' id='line_1_7' title="bbox 523 788 2086 882; baseline -0.003 -16"><span class='ocrx_word' id='word_1_69' title='bbox 523 788 762 882; x_wconf 85' lang='lat' dir='ltr'><strong>piamus,</strong></span> <span class='ocrx_word' id='word_1_70' title='bbox 788 817 922 878; x_wconf 90' lang='lat' dir='ltr'><strong>etc.,</strong></span> <span class='ocrx_word' id='word_1_71' title='bbox 953 823 1115 878; x_wconf 85' lang='lat' dir='ltr'><strong>usque</strong></span> <span class='ocrx_word' id='word_1_72' title='bbox 1143 807 1213 862; x_wconf 88' lang='lat' dir='ltr'><strong>ad</strong></span> <span class='ocrx_word' id='word_1_73' title='bbox 1236 808 1512 879; x_wconf 75' lang='lat' dir='ltr'><strong>perveniri</strong></span> <span class='ocrx_word' id='word_1_74' title='bbox 1538 821 1701 881; x_wconf 83' lang='lat' dir='ltr'><strong>posse</strong></span> <span class='ocrx_word' id='word_1_75' title='bbox 1728 807 1958 864; x_wconf 84' lang='lat' dir='ltr'><strong>dicatur.</strong></span> <span class='ocrx_word' id='word_1_76' title='bbox 1989 807 2086 880; x_wconf 91' lang='lat' dir='ltr'><strong>(Id.</strong></span> 
     </span>
    </p>
   </div>
   <div class='ocr_carea' id='block_1_8' title="bbox 1609 788 3177 882">
    <p class='ocr_par' dir='ltr' id='par_1_8' title="bbox 1609 788 3177 880">
     <span class='ocr_line' id='line_1_8' title="bbox 1609 788 3177 880; baseline -0.011 -18"><span class='ocrx_word' id='word_1_77' title='bbox 1609 821 1701 865; x_wconf 84' lang='lat' dir='ltr'><strong>sse</strong></span> <span class='ocrx_word' id='word_1_78' title='bbox 1728 807 1958 864; x_wconf 82' lang='lat' dir='ltr'><strong>dicatur.</strong></span> <span class='ocrx_word' id='word_1_79' title='bbox 1989 807 2108 880; x_wconf 85' lang='lat' dir='ltr'><strong>(Id.,</strong></span> <span class='ocrx_word' id='word_1_80' title='bbox 2214 805 2347 853; x_wconf 87' lang='lat' dir='ltr'><strong>tom.</strong></span> <span class='ocrx_word' id='word_1_81' title='bbox 2371 795 2608 865; x_wconf 45' lang='lat' dir='ltr'><strong>V,‘part.</strong></span> <span class='ocrx_word' id='word_1_82' title='bbox 2635 809 2676 860; x_wconf 89' lang='grc' dir='ltr'><strong>ι,</strong></span> <span class='ocrx_word' id='word_1_83' title='bbox 2701 790 2804 848; x_wconf 88' lang='lat' dir='ltr'><strong>col.</strong></span> <span class='ocrx_word' id='word_1_84' title='bbox 2829 789 2935 846; x_wconf 83' lang='grc'><strong>256</strong></span> <span class='ocrx_word' id='word_1_85' title='bbox 2959 798 3014 846; x_wconf 90' lang='lat' dir='ltr'><strong>et</strong></span> <span class='ocrx_word' id='word_1_86' title='bbox 3037 788 3177 862; x_wconf 86' lang='lat' dir='ltr'><strong>seq.)</strong></span> 
     </span>
    </p>
   </div>
   <div class='ocr_carea' id='block_1_9' title="bbox 530 883 3764 972">
    <p class='ocr_par' dir='ltr' id='par_1_9' title="bbox 530 883 3764 972">
     <span class='ocr_line' id='line_1_9' title="bbox 530 883 3764 972; baseline -0.004 -19"><span class='ocrx_word' id='word_1_87' title='bbox 530 898 625 955; x_wconf 93' lang='lat' dir='ltr'><strong>lib.</strong></span> <span class='ocrx_word' id='word_1_88' title='bbox 658 900 723 955; x_wconf 89' lang='lat' dir='ltr'><strong>de</strong></span> <span class='ocrx_word' id='word_1_89' title='bbox 748 898 878 955; x_wconf 88' lang='lat' dir='ltr'><strong>Nat.</strong></span> <span class='ocrx_word' id='word_1_90' title='bbox 906 908 955 954; x_wconf 89' lang='lat' dir='ltr'><strong>et</strong></span> <span class='ocrx_word' id='word_1_91' title='bbox 981 895 1156 966; x_wconf 83' lang='lat' dir='ltr'><strong>Grat.,</strong></span> <span class='ocrx_word' id='word_1_92' title='bbox 1198 905 1329 954; x_wconf 88' lang='lat' dir='ltr'><strong>tom.</strong></span> <span class='ocrx_word' id='word_1_93' title='bbox 1363 898 1435 966; x_wconf 82' lang='lat' dir='ltr'><strong>X,</strong></span> <span class='ocrx_word' id='word_1_94' title='bbox 1463 909 1606 970; x_wconf 85' lang='lat' dir='ltr'><strong>part.</strong></span> <span class='ocrx_word' id='word_1_95' title='bbox 1633 915 1676 967; x_wconf 88' lang='grc' dir='ltr'><strong>ι,</strong></span> <span class='ocrx_word' id='word_1_96' title='bbox 1703 899 1808 956; x_wconf 91' lang='lat' dir='ltr'><strong>col.</strong></span> <span class='ocrx_word' id='word_1_97' title='bbox 1837 898 1992 972; x_wconf 82' lang='grc'>250.)</span> <span class='ocrx_word' id='word_1_98' title='bbox 2289 889 2359 944; x_wconf 89' lang='lat' dir='ltr'><strong>Ut</strong></span> <span class='ocrx_word' id='word_1_99' title='bbox 2405 903 2510 944; x_wconf 89' lang='lat' dir='ltr'><strong>non</strong></span> <span class='ocrx_word' id='word_1_100' title='bbox 2560 885 2815 958; x_wconf 83' lang='lat' dir='ltr'><strong>glorietur</strong></span> <span class='ocrx_word' id='word_1_101' title='bbox 2857 885 3027 939; x_wconf 88' lang='lat' dir='ltr'><strong>omnis</strong></span> <span class='ocrx_word' id='word_1_102' title='bbox 3075 899 3199 939; x_wconf 88' lang='lat' dir='ltr'><strong>caro</strong></span> <span class='ocrx_word' id='word_1_103' title='bbox 3251 883 3317 937; x_wconf 88' lang='lat' dir='ltr'><strong>in</strong></span> <span class='ocrx_word' id='word_1_104' title='bbox 3365 893 3635 954; x_wconf 85' lang='lat' dir='ltr'><strong>conspectu</strong></span> <span class='ocrx_word' id='word_1_105' title='bbox 3669 887 3764 955; x_wconf 70' lang='lat' dir='ltr'><strong>ejus.</strong></span> 
     </span>
    </p>
   </div>
   <div class='ocr_carea' id='block_1_10' title="bbox 598 975 3766 1066">
    <p class='ocr_par' dir='ltr' id='par_1_10' title="bbox 598 975 3766 1066">
     <span class='ocr_line' id='line_1_10' title="bbox 598 975 3766 1066; baseline 0 -31"><span class='ocrx_word' id='word_1_106' title='bbox 598 991 1200 1063; x_wconf 61' lang='lat' dir='ltr'><strong>perdamsapiemiam</strong></span> <span class='ocrx_word' id='word_1_107' title='bbox 1251 993 1601 1066; x_wconf 53' lang='lat' dir='ltr'><strong>sapientium,</strong></span> <span class='ocrx_word' id='word_1_108' title='bbox 1653 999 1783 1059; x_wconf 62' lang='lat' dir='ltr'><strong>etc.,</strong></span> <span class='ocrx_word' id='word_1_109' title='bbox 1835 1011 1999 1066; x_wconf 56' lang='lat' dir='ltr'><strong>usque</strong></span> <span class='ocrx_word' id='word_1_110' title='bbox 2045 994 2115 1048; x_wconf 78' lang='grc' dir='ltr'><strong>αά</strong></span> <span class='ocrx_word' id='word_1_111' title='bbox 2218 983 2410 1040; x_wconf 83' lang='lat' dir='ltr'><strong>Videte</strong></span> <span class='ocrx_word' id='word_1_112' title='bbox 2435 978 2890 1052; x_wconf 88' lang='lat' dir='ltr'><strong>quemadmodum</strong></span> <span class='ocrx_word' id='word_1_113' title='bbox 2921 977 3076 1034; x_wconf 91' lang='lat' dir='ltr'><strong>nobis</strong></span> <span class='ocrx_word' id='word_1_114' title='bbox 3103 976 3345 1033; x_wconf 88' lang='lat' dir='ltr'><strong>abstulit</strong></span> <span class='ocrx_word' id='word_1_115' title='bbox 3373 975 3617 1048; x_wconf 82' lang='lat' dir='ltr'><strong>gloriam,</strong></span> <span class='ocrx_word' id='word_1_116' title='bbox 3636 987 3684 1033; x_wconf 89' lang='lat' dir='ltr'><strong>ut</strong></span> <span class='ocrx_word' id='word_1_117' title='bbox 3703 980 3766 1035; x_wconf 78' lang='lat' dir='ltr'><strong>ds-</strong></span> 
     </span>
    </p>
   </div>
   <div class='ocr_carea' id='block_1_11' title="bbox 528 1069 2096 1156">
    <p class='ocr_par' dir='ltr' id='par_1_11' title="bbox 528 1082 2093 1156">
     <span class='ocr_line' id='line_1_11' title="bbox 528 1082 2093 1156; baseline 0 -18"><span class='ocrx_word' id='word_1_118' title='bbox 528 1082 802 1139; x_wconf 86' lang='lat' dir='ltr'><strong>miseriam</strong></span> <span class='ocrx_word' id='word_1_119' title='bbox 845 1082 1184 1140; x_wconf 80' lang='lat' dir='ltr'><strong>conﬁtentes.</strong></span> <span class='ocrx_word' id='word_1_120' title='bbox 1225 1083 1430 1156; x_wconf 87' lang='lat' dir='ltr'><strong>(Idem,</strong></span> <span class='ocrx_word' id='word_1_121' title='bbox 1475 1083 1566 1140; x_wconf 88' lang='lat' dir='ltr'><strong>lib.</strong></span> <span class='ocrx_word' id='word_1_122' title='bbox 1619 1099 1652 1138; x_wconf 70' lang='grc' dir='ltr'><strong>ι</strong></span> <span class='ocrx_word' id='word_1_123' title='bbox 1697 1083 1764 1139; x_wconf 89' lang='lat' dir='ltr'><strong>de</strong></span> <span class='ocrx_word' id='word_1_124' title='bbox 1799 1083 1955 1140; x_wconf 81' lang='lat' dir='ltr'><strong>Civit.</strong></span> <span class='ocrx_word' id='word_1_125' title='bbox 1994 1083 2093 1139; x_wconf 90' lang='lat' dir='ltr'><strong>Dei</strong></span> 
     </span>
    </p>
   </div>
   <div class='ocr_carea' id='block_1_12' title="bbox 2197 1069 3765 1156">
    <p class='ocr_par' dir='ltr' id='par_1_12' title="bbox 2217 1069 3765 1148">
     <span class='ocr_line' id='line_1_12' title="bbox 2217 1069 3765 1148; baseline -0.005 -15"><span class='ocrx_word' id='word_1_126' title='bbox 2217 1074 2565 1148; x_wconf 83' lang='lat' dir='ltr'><strong>retgloriam,</strong></span> <span class='ocrx_word' id='word_1_127' title='bbox 2587 1079 2720 1138; x_wconf 90' lang='lat' dir='ltr'><strong>etc.,</strong></span> <span class='ocrx_word' id='word_1_128' title='bbox 2745 1087 2908 1143; x_wconf 85' lang='lat' dir='ltr'><strong>usque</strong></span> <span class='ocrx_word' id='word_1_129' title='bbox 2936 1071 3006 1125; x_wconf 88' lang='lat' dir='ltr'><strong>ad</strong></span> <span class='ocrx_word' id='word_1_130' title='bbox 3036 1070 3091 1125; x_wconf 92' lang='lat' dir='ltr'><strong>in</strong></span> <span class='ocrx_word' id='word_1_131' title='bbox 3117 1070 3365 1126; x_wconf 87' lang='lat' dir='ltr'><strong>Domino</strong></span> <span class='ocrx_word' id='word_1_132' title='bbox 3395 1069 3663 1140; x_wconf 81' lang='lat' dir='ltr'><strong>glorietur.</strong></span> <span class='ocrx_word' id='word_1_133' title='bbox 3677 1072 3765 1141; x_wconf 83' lang='lat' dir='ltr'><strong>(Id.,</strong></span> 
     </span>
    </p>
   </div>
   <div class='ocr_carea' id='block_1_13' title="bbox 529 1164 3766 1250">
    <p class='ocr_par' dir='ltr' id='par_1_13' title="bbox 529 1164 3766 1250">
     <span class='ocr_line' id='line_1_13' title="bbox 529 1164 3766 1250; baseline -0.002 -19"><span class='ocrx_word' id='word_1_134' title='bbox 529 1186 660 1231; x_wconf 89' lang='lat' dir='ltr'><strong>tom.</strong></span> <span class='ocrx_word' id='word_1_135' title='bbox 692 1175 801 1242; x_wconf 88' lang='lat' dir='ltr'><strong>VII,</strong></span> <span class='ocrx_word' id='word_1_136' title='bbox 829 1175 932 1233; x_wconf 88' lang='lat' dir='ltr'><strong>eol.</strong></span> <span class='ocrx_word' id='word_1_137' title='bbox 956 1176 1110 1250; x_wconf 91' lang='grc'>507.)</span> <span class='ocrx_word' id='word_1_138' title='bbox 2214 1169 2308 1224; x_wconf 87' lang='lat' dir='ltr'><strong>lib.</strong></span> <span class='ocrx_word' id='word_1_139' title='bbox 2352 1169 2417 1224; x_wconf 87' lang='lat' dir='ltr'><strong>de</strong></span> <span class='ocrx_word' id='word_1_140' title='bbox 2455 1165 2580 1225; x_wconf 88' lang='lat' dir='ltr'><strong>Cor.</strong></span> <span class='ocrx_word' id='word_1_141' title='bbox 2625 1173 2676 1221; x_wconf 90' lang='lat' dir='ltr'><strong>et</strong></span> <span class='ocrx_word' id='word_1_142' title='bbox 2715 1164 2888 1230; x_wconf 83' lang='lat' dir='ltr'><strong>Crat.,</strong></span> <span class='ocrx_word' id='word_1_143' title='bbox 2937 1173 3070 1221; x_wconf 91' lang='lat' dir='ltr'><strong>tom.</strong></span> <span class='ocrx_word' id='word_1_144' title='bbox 3106 1164 3178 1232; x_wconf 81' lang='grc' dir='ltr'><strong>Χ,</strong></span> <span class='ocrx_word' id='word_1_145' title='bbox 3223 1173 3384 1238; x_wconf 85' lang='lat' dir='ltr'><strong>part.</strong></span> <span class='ocrx_word' id='word_1_146' title='bbox 3413 1181 3466 1234; x_wconf 91' lang='grc' dir='ltr'><strong>ι,</strong></span> <span class='ocrx_word' id='word_1_147' title='bbox 3503 1165 3602 1224; x_wconf 89' lang='lat' dir='ltr'><strong>col.</strong></span> <span class='ocrx_word' id='word_1_148' title='bbox 3625 1166 3708 1226; x_wconf 79' lang='lat'><strong>935</strong></span> <span class='ocrx_word' id='word_1_149' title='bbox 3731 1180 3766 1224; x_wconf 82' lang='lat' dir='ltr'><strong>et</strong></span> 
     </span>
    </p>
   </div>
   <div class='ocr_carea' id='block_1_14' title="bbox 603 1262 2574 1350">
    <p class='ocr_par' dir='ltr' id='par_1_14' title="bbox 603 1262 2574 1350">
     <span class='ocr_line' id='line_1_14' title="bbox 603 1262 2574 1350; baseline 0.004 -28"><span class='ocrx_word' id='word_1_150' title='bbox 603 1265 701 1322; x_wconf 77' lang='grc' dir='ltr'><strong>Πὺι</strong></span> <span class='ocrx_word' id='word_1_151' title='bbox 729 1268 978 1340; x_wconf 83' lang='lat' dir='ltr'><strong>sapiens?</strong></span> <span class='ocrx_word' id='word_1_152' title='bbox 1002 1268 1094 1323; x_wconf 92' lang='lat' dir='ltr'><strong>ubi</strong></span> <span class='ocrx_word' id='word_1_153' title='bbox 1120 1269 1334 1324; x_wconf 83' lang='lat' dir='ltr'><strong>scriba?</strong></span> <span class='ocrx_word' id='word_1_154' title='bbox 1361 1269 1452 1325; x_wconf 89' lang='lat' dir='ltr'><strong>ubi</strong></span> <span class='ocrx_word' id='word_1_155' title='bbox 1473 1271 1794 1341; x_wconf 87' lang='lat' dir='ltr'><strong>conquisitor</strong></span> <span class='ocrx_word' id='word_1_156' title='bbox 1820 1269 1989 1350; x_wconf 33' lang='lat' dir='ltr'><strong>hujus.</strong></span> <span class='ocrx_word' id='word_1_157' title='bbox 2015 1285 2118 1325; x_wconf 72' lang='lat' dir='ltr'><strong>sw-</strong></span> <span class='ocrx_word' id='word_1_158' title='bbox 2218 1262 2360 1334; x_wconf 68' lang='grc' dir='ltr'>θαι.)</span> <span class='ocrx_word' id='word_1_159' title='bbox 2569 1311 2574 1318; x_wconf 96' lang='grc'><strong><em>-</em></strong></span> 
     </span>
    </p>
   </div>
   <div class='ocr_carea' id='block_1_15' title="bbox 529 1348 3768 1431">
    <p class='ocr_par' dir='ltr' id='par_1_15' title="bbox 529 1348 3768 1431">
     <span class='ocr_line' id='line_1_15' title="bbox 529 1348 3768 1431; baseline 0 -19"><span class='ocrx_word' id='word_1_160' title='bbox 529 1356 1004 1416; x_wconf 74' lang='lat' dir='ltr'><strong>culi?Audivimus</strong></span> <span class='ocrx_word' id='word_1_161' title='bbox 1025 1359 1227 1431; x_wconf 80' lang='lat' dir='ltr'><strong>Filium</strong></span> <span class='ocrx_word' id='word_1_162' title='bbox 1251 1360 1348 1417; x_wconf 86' lang='lat' dir='ltr'><strong>Dei</strong></span> <span class='ocrx_word' id='word_1_163' title='bbox 1373 1361 1673 1418; x_wconf 89' lang='lat' dir='ltr'><strong>dicentem:</strong></span> <span class='ocrx_word' id='word_1_164' title='bbox 1693 1348 2114 1428; x_wconf 81' lang='lat' dir='ltr'><strong>Conliteortibi,</strong></span> <span class='ocrx_word' id='word_1_165' title='bbox 2292 1353 2378 1409; x_wconf 73' lang='lat' dir='ltr'><strong>Ex</strong></span> <span class='ocrx_word' id='word_1_166' title='bbox 2399 1355 2514 1427; x_wconf 78' lang='lat' dir='ltr'><strong>ipso</strong></span> <span class='ocrx_word' id='word_1_167' title='bbox 2538 1361 2716 1409; x_wconf 75' lang='lat' dir='ltr'><strong>autem</strong></span> <span class='ocrx_word' id='word_1_168' title='bbox 2738 1368 2849 1418; x_wconf 72' lang='lat' dir='ltr'><strong>vos.</strong></span> <span class='ocrx_word' id='word_1_169' title='bbox 2866 1361 3000 1416; x_wconf 70' lang='lat' dir='ltr'><strong>etc.,</strong></span> <span class='ocrx_word' id='word_1_170' title='bbox 3015 1363 3188 1421; x_wconf 83' lang='lat' dir='ltr'><strong>usque</strong></span> <span class='ocrx_word' id='word_1_171' title='bbox 3207 1349 3285 1404; x_wconf 82' lang='lat' dir='ltr'><strong>ad</strong></span> <span class='ocrx_word' id='word_1_172' title='bbox 3307 1348 3652 1418; x_wconf 70' lang='lat' dir='ltr'><strong>sanctiﬁcatio</strong></span> <span class='ocrx_word' id='word_1_173' title='bbox 3669 1358 3704 1403; x_wconf 73' lang='lat' dir='ltr'><strong>et</strong></span> <span class='ocrx_word' id='word_1_174' title='bbox 3721 1366 3768 1402; x_wconf 74' lang='lat' dir='ltr'><strong>re-</strong></span> 
     </span>
    </p>
   </div>
   <div class='ocr_carea' id='block_1_16' title="bbox 528 1439 3764 1528">
    <p class='ocr_par' dir='ltr' id='par_1_16' title="bbox 528 1439 3764 1528">
     <span class='ocr_line' id='line_1_16' title="bbox 528 1439 3764 1528; baseline -0.007 -15"><span class='ocrx_word' id='word_1_175' title='bbox 528 1451 707 1520; x_wconf 82' lang='lat' dir='ltr'><strong>Pater,</strong></span> <span class='ocrx_word' id='word_1_176' title='bbox 736 1461 866 1520; x_wconf 88' lang='lat' dir='ltr'><strong>etc.,</strong></span> <span class='ocrx_word' id='word_1_177' title='bbox 896 1471 1060 1527; x_wconf 81' lang='lat' dir='ltr'><strong>usque</strong></span> <span class='ocrx_word' id='word_1_178' title='bbox 1090 1456 1161 1510; x_wconf 89' lang='lat' dir='ltr'><strong>ad</strong></span> <span class='ocrx_word' id='word_1_179' title='bbox 1189 1455 1384 1512; x_wconf 89' lang='lat' dir='ltr'><strong>tradita</strong></span> <span class='ocrx_word' id='word_1_180' title='bbox 1426 1465 1553 1513; x_wconf 90' lang='lat' dir='ltr'><strong>sunt</strong></span> <span class='ocrx_word' id='word_1_181' title='bbox 1580 1472 1611 1511; x_wconf 85' lang='lat' dir='ltr'><strong>a</strong></span> <span class='ocrx_word' id='word_1_182' title='bbox 1637 1455 1800 1513; x_wconf 86' lang='lat' dir='ltr'><strong>Patre</strong></span> <span class='ocrx_word' id='word_1_183' title='bbox 1825 1471 1966 1514; x_wconf 91' lang='lat' dir='ltr'><strong>meo.</strong></span> <span class='ocrx_word' id='word_1_184' title='bbox 1994 1455 2119 1528; x_wconf 92' lang='lat' dir='ltr'><strong>(Id.,</strong></span> <span class='ocrx_word' id='word_1_185' title='bbox 2221 1447 2467 1518; x_wconf 84' lang='lat' dir='ltr'><strong>demptio.</strong></span> <span class='ocrx_word' id='word_1_186' title='bbox 2503 1444 2672 1501; x_wconf 88' lang='lat' dir='ltr'><strong>Filius</strong></span> <span class='ocrx_word' id='word_1_187' title='bbox 2696 1442 2872 1512; x_wconf 77' lang='lat' dir='ltr'><strong>factus</strong></span> <span class='ocrx_word' id='word_1_188' title='bbox 2893 1450 2978 1498; x_wconf 90' lang='lat' dir='ltr'><strong>est</strong></span> <span class='ocrx_word' id='word_1_189' title='bbox 3003 1441 3159 1497; x_wconf 91' lang='lat' dir='ltr'><strong>nobis</strong></span> <span class='ocrx_word' id='word_1_190' title='bbox 3186 1455 3217 1495; x_wconf 88' lang='lat' dir='ltr'><strong>a</strong></span> <span class='ocrx_word' id='word_1_191' title='bbox 3244 1440 3369 1496; x_wconf 88' lang='lat' dir='ltr'><strong>Deo</strong></span> <span class='ocrx_word' id='word_1_192' title='bbox 3391 1439 3764 1528; x_wconf 80' lang='lat' dir='ltr'><strong>sapicntia,elc.,</strong></span> 
     </span>
    </p>
   </div>
   <div class='ocr_carea' id='block_1_17' title="bbox 529 1527 3766 1625">
    <p class='ocr_par' dir='ltr' id='par_1_17' title="bbox 529 1527 3766 1625">
     <span class='ocr_line' id='line_1_17' title="bbox 529 1527 3766 1625; baseline -0.008 -19"><span class='ocrx_word' id='word_1_193' title='bbox 529 1567 687 1606; x_wconf 89' lang='lat' dir='ltr'><strong>serm.</strong></span> <span class='ocrx_word' id='word_1_194' title='bbox 732 1552 798 1607; x_wconf 87' lang='lat' dir='ltr'><strong>de</strong></span> <span class='ocrx_word' id='word_1_195' title='bbox 840 1550 959 1607; x_wconf 77' lang='lat' dir='ltr'><strong>lect.</strong></span> <span class='ocrx_word' id='word_1_196' title='bbox 1006 1551 1230 1625; x_wconf 71' lang='lat' dir='ltr'><strong>Evang.,</strong></span> <span class='ocrx_word' id='word_1_197' title='bbox 1276 1561 1405 1610; x_wconf 71' lang='lat' dir='ltr'><strong>mm,</strong></span> <span class='ocrx_word' id='word_1_198' title='bbox 1436 1553 1524 1622; x_wconf 68' lang='grc' dir='ltr'><strong>ΠΙ,</strong></span> <span class='ocrx_word' id='word_1_199' title='bbox 1558 1562 1699 1624; x_wconf 62' lang='lat' dir='ltr'><strong>pan,</strong></span> <span class='ocrx_word' id='word_1_200' title='bbox 1732 1570 1792 1618; x_wconf 71' lang='grc' dir='ltr'><strong>ιι,</strong></span> <span class='ocrx_word' id='word_1_201' title='bbox 1832 1553 1939 1610; x_wconf 65' lang='grc' dir='ltr'><strong>σοι,</strong></span> <span class='ocrx_word' id='word_1_202' title='bbox 1981 1527 2120 1610; x_wconf 66' lang='lat'><strong>4339</strong></span> <span class='ocrx_word' id='word_1_203' title='bbox 2223 1534 2823 1609; x_wconf 85' lang='lat' dir='ltr'><strong>usqueadpotissimum</strong></span> <span class='ocrx_word' id='word_1_204' title='bbox 2849 1533 3175 1588; x_wconf 88' lang='lat' dir='ltr'><strong>insinuatur.</strong></span> <span class='ocrx_word' id='word_1_205' title='bbox 3195 1529 3456 1604; x_wconf 86' lang='lat' dir='ltr'><strong>(Id.,lib.</strong></span> <span class='ocrx_word' id='word_1_206' title='bbox 3478 1545 3550 1585; x_wconf 78' lang='lat' dir='ltr'><strong>vn</strong></span> <span class='ocrx_word' id='word_1_207' title='bbox 3571 1529 3628 1582; x_wconf 84' lang='lat' dir='ltr'><strong>de</strong></span> <span class='ocrx_word' id='word_1_208' title='bbox 3643 1527 3766 1593; x_wconf 59' lang='lat' dir='ltr'><strong>Trin,</strong></span> 
     </span>
    </p>
   </div>
   <div class='ocr_carea' id='block_1_18' title="bbox 529 1627 2097 1718">
    <p class='ocr_par' dir='ltr' id='par_1_18' title="bbox 529 1645 1331 1718">
     <span class='ocr_line' id='line_1_18' title="bbox 529 1645 1331 1718; baseline 0.004 -18"><span class='ocrx_word' id='word_1_209' title='bbox 529 1652 582 1700; x_wconf 89' lang='lat' dir='ltr'><strong>et</strong></span> <span class='ocrx_word' id='word_1_210' title='bbox 608 1645 750 1718; x_wconf 88' lang='lat' dir='ltr'><strong>seq.)</strong></span> <span class='ocrx_word' id='word_1_211' title='bbox 1326 1699 1331 1703; x_wconf 87' lang='lat'><strong>.</strong></span> 
     </span>
    </p>
   </div>
   <div class='ocr_carea' id='block_1_19' title="bbox 1256 1627 2824 1718">
    <p class='ocr_par' dir='ltr' id='par_1_19' title="bbox 1326 1627 2824 1718">
     <span class='ocr_line' id='line_1_19' title="bbox 1326 1627 2824 1718; baseline -0.005 -27"><span class='ocrx_word' id='word_1_212' title='bbox 1326 1699 1331 1703; x_wconf 43' lang='grc'><strong>,</strong></span> <span class='ocrx_word' id='word_1_213' title='bbox 2223 1641 2355 1688; x_wconf 90' lang='lat' dir='ltr'><strong>tom.</strong></span> <span class='ocrx_word' id='word_1_214' title='bbox 2382 1628 2518 1697; x_wconf 89' lang='lat' dir='ltr'><strong>VIII,</strong></span> <span class='ocrx_word' id='word_1_215' title='bbox 2542 1628 2647 1718; x_wconf 89' lang='lat' dir='ltr'><strong>col.</strong></span> <span class='ocrx_word' id='word_1_216' title='bbox 2675 1627 2824 1718; x_wconf 79' lang='lat'><strong>937.)</strong></span> 
     </span>
    </p>
   </div>
   <div class='ocr_carea' id='block_1_20' title="bbox 603 1715 2171 1813">
    <p class='ocr_par' dir='ltr' id='par_1_20' title="bbox 603 1715 2125 1813">
     <span class='ocr_line' id='line_1_20' title="bbox 603 1715 2125 1813; baseline 0.002 -21"><span class='ocrx_word' id='word_1_217' title='bbox 603 1715 794 1793; x_wconf 71' lang='lat' dir='ltr'><strong>Nonne</strong></span> <span class='ocrx_word' id='word_1_218' title='bbox 818 1739 1036 1795; x_wconf 75' lang='lat' dir='ltr'><strong>stultam</strong></span> <span class='ocrx_word' id='word_1_219' title='bbox 1064 1741 1186 1812; x_wconf 78' lang='lat' dir='ltr'><strong>fecit</strong></span> <span class='ocrx_word' id='word_1_220' title='bbox 1210 1739 1352 1798; x_wconf 88' lang='lat' dir='ltr'><strong>Deus</strong></span> <span class='ocrx_word' id='word_1_221' title='bbox 1379 1741 1690 1813; x_wconf 80' lang='lat' dir='ltr'><strong>sapientiam</strong></span> <span class='ocrx_word' id='word_1_222' title='bbox 1719 1741 1878 1812; x_wconf 82' lang='lat' dir='ltr'><strong>hujus</strong></span> <span class='ocrx_word' id='word_1_223' title='bbox 1903 1741 2125 1796; x_wconf 84' lang='lat' dir='ltr'><strong>mundi?</strong></span> 
     </span>
    </p>
   </div>
   <div class='ocr_carea' id='block_1_21' title="bbox 2198 1715 3766 1813">
    <p class='ocr_par' dir='ltr' id='par_1_21' title="bbox 2293 1715 3766 1792">
     <span class='ocr_line' id='line_1_21' title="bbox 2293 1715 3766 1792; baseline -0.003 -16"><span class='ocrx_word' id='word_1_224' title='bbox 2293 1720 2371 1776; x_wconf 87' lang='lat' dir='ltr'><strong>Ea</strong></span> <span class='ocrx_word' id='word_1_225' title='bbox 2398 1733 2564 1792; x_wconf 90' lang='lat' dir='ltr'><strong>porro</strong></span> <span class='ocrx_word' id='word_1_226' title='bbox 2582 1717 2792 1789; x_wconf 80' lang='lat' dir='ltr'><strong>iustitia</strong></span> <span class='ocrx_word' id='word_1_227' title='bbox 2811 1757 2827 1785; x_wconf 91' lang='lat'><strong>,</strong></span> <span class='ocrx_word' id='word_1_228' title='bbox 2865 1733 2989 1789; x_wconf 69' lang='lat' dir='ltr'><strong>quae</strong></span> <span class='ocrx_word' id='word_1_229' title='bbox 3016 1716 3172 1785; x_wconf 82' lang='lat' dir='ltr'><strong>vivit,</strong></span> <span class='ocrx_word' id='word_1_230' title='bbox 3201 1725 3349 1785; x_wconf 88' lang='lat' dir='ltr'><strong>etc.,</strong></span> <span class='ocrx_word' id='word_1_231' title='bbox 3380 1732 3547 1789; x_wconf 81' lang='lat' dir='ltr'><strong>usque</strong></span> <span class='ocrx_word' id='word_1_232' title='bbox 3571 1715 3632 1770; x_wconf 84' lang='lat' dir='ltr'><strong>ad</strong></span> <span class='ocrx_word' id='word_1_233' title='bbox 3656 1715 3766 1786; x_wconf 79' lang='lat' dir='ltr'><strong>plena</strong></span> 
     </span>
    </p>
   </div>
   <div class='ocr_carea' id='block_1_22' title="bbox 531 1806 2099 1904">
    <p class='ocr_par' dir='ltr' id='par_1_22' title="bbox 531 1806 2099 1904">
     <span class='ocr_line' id='line_1_22' title="bbox 531 1806 2099 1904; baseline 0 -21"><span class='ocrx_word' id='word_1_234' title='bbox 531 1827 739 1884; x_wconf 88' lang='lat' dir='ltr'><strong>Dicitur</strong></span> <span class='ocrx_word' id='word_1_235' title='bbox 768 1806 1134 1900; x_wconf 35' lang='lat' dir='ltr'><strong>aliquando&#39;in</strong></span> <span class='ocrx_word' id='word_1_236' title='bbox 1161 1806 1460 1903; x_wconf 79' lang='lat' dir='ltr'><strong>Scripturis</strong></span> <span class='ocrx_word' id='word_1_237' title='bbox 1483 1806 1932 1901; x_wconf 43' lang='lat' dir='ltr'><strong>sapientia,&#39;etc.,</strong></span> <span class='ocrx_word' id='word_1_238' title='bbox 1962 1847 2099 1904; x_wconf 77' lang='lat' dir='ltr'><strong>usqu.</strong></span> 
     </span>
    </p>
   </div>
   <div class='ocr_carea' id='block_1_23' title="bbox 2197 1806 3765 1904">
    <p class='ocr_par' dir='ltr' id='par_1_23' title="bbox 2197 1806 3765 1885">
     <span class='ocr_line' id='line_1_23' title="bbox 2197 1806 3765 1885; baseline -0.003 -20"><span class='ocrx_word' id='word_1_239' title='bbox 2197 1856 2198 1865; x_wconf 32' lang='grc' dir='ltr'>χ</span> <span class='ocrx_word' id='word_1_240' title='bbox 2220 1813 2452 1885; x_wconf 85' lang='lat' dir='ltr'><strong>justitia.</strong></span> <span class='ocrx_word' id='word_1_241' title='bbox 2483 1811 2608 1883; x_wconf 93' lang='lat' dir='ltr'><strong>(Id.,</strong></span> <span class='ocrx_word' id='word_1_242' title='bbox 2649 1810 2800 1882; x_wconf 81' lang='lat' dir='ltr'><strong>epist.</strong></span> <span class='ocrx_word' id='word_1_243' title='bbox 2828 1809 2910 1882; x_wconf 50' lang='lat' dir='ltr'><strong>:ad</strong></span> <span class='ocrx_word' id='word_1_244' title='bbox 2939 1808 3189 1866; x_wconf 82' lang='lat' dir='ltr'><strong>Consent.</strong></span> <span class='ocrx_word' id='word_1_245' title='bbox 3232 1810 3305 1865; x_wconf 85' lang='lat' dir='ltr'><strong>de</strong></span> <span class='ocrx_word' id='word_1_246' title='bbox 3352 1808 3568 1874; x_wconf 76' lang='lat' dir='ltr'><strong>Trinit.,</strong></span> <span class='ocrx_word' id='word_1_247' title='bbox 3591 1817 3699 1863; x_wconf 89' lang='lat' dir='ltr'><strong>tom.</strong></span> <span class='ocrx_word' id='word_1_248' title='bbox 3721 1806 3765 1872; x_wconf 88' lang='lat' dir='ltr'><strong>II,</strong></span> 
     </span>
    </p>
   </div>
   <div class='ocr_carea' id='block_1_24' title="bbox 531 1906 2483 1996">
    <p class='ocr_par' dir='ltr' id='par_1_24' title="bbox 531 1906 2483 1996">
     <span class='ocr_line' id='line_1_24' title="bbox 531 1906 2483 1996; baseline -0.011 -4"><span class='ocrx_word' id='word_1_249' title='bbox 531 1919 601 1972; x_wconf 71' lang='lat' dir='ltr'><strong>ad</strong></span> <span class='ocrx_word' id='word_1_250' title='bbox 641 1919 899 1990; x_wconf 79' lang='lat' dir='ltr'><strong>‘Iuoniam</strong></span> <span class='ocrx_word' id='word_1_251' title='bbox 936 1935 1089 1978; x_wconf 73' lang='lat' dir='ltr'><strong>vana:</strong></span> <span class='ocrx_word' id='word_1_252' title='bbox 1127 1930 1272 1978; x_wconf 86' lang='lat' dir='ltr'><strong>sunt.</strong></span> <span class='ocrx_word' id='word_1_253' title='bbox 1325 1921 1512 1996; x_wconf 89' lang='lat' dir='ltr'><strong>(Idem,</strong></span> <span class='ocrx_word' id='word_1_254' title='bbox 1552 1921 1642 1976; x_wconf 89' lang='lat' dir='ltr'><strong>lib.</strong></span> <span class='ocrx_word' id='word_1_255' title='bbox 1679 1923 1745 1976; x_wconf 84' lang='lat' dir='ltr'><strong>de</strong></span> <span class='ocrx_word' id='word_1_256' title='bbox 1790 1919 2122 1989; x_wconf 85' lang='lat' dir='ltr'><strong>Pastoribus,</strong></span> <span class='ocrx_word' id='word_1_257' title='bbox 2228 1908 2330 1966; x_wconf 75' lang='lat' dir='ltr'><strong>00L</strong></span> <span class='ocrx_word' id='word_1_258' title='bbox 2357 1906 2483 1963; x_wconf 68' lang='grc'>461.</span> 
     </span>
    </p>
   </div>
   <div class='ocr_carea' id='block_1_25' title="bbox 533 1994 3764 2087">
    <p class='ocr_par' dir='ltr' id='par_1_25' title="bbox 533 1994 3764 2087">
     <span class='ocr_line' id='line_1_25' title="bbox 533 1994 3764 2087; baseline -0.006 -20"><span class='ocrx_word' id='word_1_259' title='bbox 533 2019 664 2067; x_wconf 89' lang='lat' dir='ltr'><strong>tom.</strong></span> <span class='ocrx_word' id='word_1_260' title='bbox 700 2013 762 2078; x_wconf 88' lang='lat' dir='ltr'><strong>V,</strong></span> <span class='ocrx_word' id='word_1_261' title='bbox 790 2021 930 2083; x_wconf 85' lang='lat' dir='ltr'><strong>part.</strong></span> <span class='ocrx_word' id='word_1_262' title='bbox 955 2029 1000 2080; x_wconf 73' lang='grc' dir='ltr'><strong>ιι,</strong></span> <span class='ocrx_word' id='word_1_263' title='bbox 1032 2015 1137 2072; x_wconf 85' lang='lat' dir='ltr'><strong>col.</strong></span> <span class='ocrx_word' id='word_1_264' title='bbox 1163 1994 1346 2087; x_wconf 83' lang='grc'>286.)</span> <span class='ocrx_word' id='word_1_265' title='bbox 2301 1997 2370 2054; x_wconf 87' lang='lat' dir='ltr'><strong>Ut</strong></span> <span class='ocrx_word' id='word_1_266' title='bbox 2415 1999 2856 2071; x_wconf 84' lang='lat' dir='ltr'><strong>quemadmodum</strong></span> <span class='ocrx_word' id='word_1_267' title='bbox 2899 1997 3156 2070; x_wconf 83' lang='lat' dir='ltr'><strong>scriptum</strong></span> <span class='ocrx_word' id='word_1_268' title='bbox 3203 2005 3312 2063; x_wconf 87' lang='lat' dir='ltr'><strong>est,</strong></span> <span class='ocrx_word' id='word_1_269' title='bbox 3362 1995 3457 2068; x_wconf 86' lang='lat' dir='ltr'><strong>qui</strong></span> <span class='ocrx_word' id='word_1_270' title='bbox 3491 1994 3764 2087; x_wconf 60' lang='lat' dir='ltr'><strong>gloriatura</strong></span> 
     </span>
    </p>
   </div>
   <div class='ocr_carea' id='block_1_26' title="bbox 606 2083 2174 2175">
    <p class='ocr_par' dir='ltr' id='par_1_26' title="bbox 606 2083 2122 2175">
     <span class='ocr_line' id='line_1_26' title="bbox 606 2083 2122 2175; baseline 0.003 -17"><span class='ocrx_word' id='word_1_271' title='bbox 606 2101 880 2159; x_wconf 88' lang='lat' dir='ltr'><strong>Turbetur</strong></span> <span class='ocrx_word' id='word_1_272' title='bbox 906 2103 1068 2175; x_wconf 88' lang='lat' dir='ltr'><strong>plane</strong></span> <span class='ocrx_word' id='word_1_273' title='bbox 1094 2083 1308 2160; x_wconf 84' lang='lat' dir='ltr'><strong>animus</strong></span> <span class='ocrx_word' id='word_1_274' title='bbox 1329 2104 1687 2170; x_wconf 88' lang='lat' dir='ltr'><strong>Christianus,</strong></span> <span class='ocrx_word' id='word_1_275' title='bbox 1738 2121 1846 2161; x_wconf 89' lang='lat' dir='ltr'><strong>non</strong></span> <span class='ocrx_word' id='word_1_276' title='bbox 1881 2105 2122 2173; x_wconf 85' lang='lat' dir='ltr'><strong>miseria,</strong></span> 
     </span>
    </p>
   </div>
   <div class='ocr_carea' id='block_1_27' title="bbox 2199 2083 3767 2175">
    <p class='ocr_par' dir='ltr' id='par_1_27' title="bbox 2229 2083 3767 2169">
     <span class='ocr_line' id='line_1_27' title="bbox 2229 2083 3767 2169; baseline -0.007 -20"><span class='ocrx_word' id='word_1_277' title='bbox 2229 2093 2456 2149; x_wconf 87' lang='lat' dir='ltr'><strong>Domino</strong></span> <span class='ocrx_word' id='word_1_278' title='bbox 2482 2091 2756 2169; x_wconf 72' lang='lat' dir='ltr'><strong>glorietur.</strong></span> <span class='ocrx_word' id='word_1_279' title='bbox 2787 2088 2880 2147; x_wconf 88' lang='lat' dir='ltr'><strong>Sic</strong></span> <span class='ocrx_word' id='word_1_280' title='bbox 2906 2090 3052 2147; x_wconf 92' lang='lat' dir='ltr'><strong>enim</strong></span> <span class='ocrx_word' id='word_1_281' title='bbox 3080 2089 3174 2162; x_wconf 88' lang='lat' dir='ltr'><strong>qui</strong></span> <span class='ocrx_word' id='word_1_282' title='bbox 3200 2089 3481 2162; x_wconf 72' lang='lat' dir='ltr'><strong>gloriatur</strong></span> <span class='ocrx_word' id='word_1_283' title='bbox 3507 2102 3609 2144; x_wconf 92' lang='lat' dir='ltr'><strong>non</strong></span> <span class='ocrx_word' id='word_1_284' title='bbox 3632 2083 3713 2141; x_wconf 89' lang='lat' dir='ltr'><strong>nisi</strong></span> <span class='ocrx_word' id='word_1_285' title='bbox 3731 2084 3767 2139; x_wconf 81' lang='lat' dir='ltr'><strong>in</strong></span> 
     </span>
    </p>
   </div>
   <div class='ocr_carea' id='block_1_28' title="bbox 538 2179 3764 2268">
    <p class='ocr_par' dir='ltr' id='par_1_28' title="bbox 538 2179 3764 2268">
     <span class='ocr_line' id='line_1_28' title="bbox 538 2179 3764 2268; baseline -0.004 -20"><span class='ocrx_word' id='word_1_286' title='bbox 538 2201 667 2259; x_wconf 88' lang='lat' dir='ltr'><strong>etc.,</strong></span> <span class='ocrx_word' id='word_1_287' title='bbox 699 2210 864 2265; x_wconf 86' lang='lat' dir='ltr'><strong>usque</strong></span> <span class='ocrx_word' id='word_1_288' title='bbox 882 2194 954 2249; x_wconf 88' lang='lat' dir='ltr'><strong>ad</strong></span> <span class='ocrx_word' id='word_1_289' title='bbox 982 2194 1186 2252; x_wconf 89' lang='lat' dir='ltr'><strong>doloris</strong></span> <span class='ocrx_word' id='word_1_290' title='bbox 1212 2195 1455 2252; x_wconf 87' lang='lat' dir='ltr'><strong>amiserit</strong></span> <span class='ocrx_word' id='word_1_291' title='bbox 1478 2210 1717 2252; x_wconf 89' lang='lat' dir='ltr'><strong>sensum.</strong></span> <span class='ocrx_word' id='word_1_292' title='bbox 1747 2195 1933 2268; x_wconf 88' lang='lat' dir='ltr'><strong>(Idem.</strong></span> <span class='ocrx_word' id='word_1_293' title='bbox 1964 2206 2123 2252; x_wconf 85' lang='lat' dir='ltr'><strong>tract.</strong></span> <span class='ocrx_word' id='word_1_294' title='bbox 2228 2186 2475 2249; x_wconf 77' lang='lat' dir='ltr'><strong>Domino,</strong></span> <span class='ocrx_word' id='word_1_295' title='bbox 2501 2192 2631 2250; x_wconf 83' lang='lat' dir='ltr'><strong>etc.,</strong></span> <span class='ocrx_word' id='word_1_296' title='bbox 2660 2201 2824 2256; x_wconf 78' lang='lat' dir='ltr'><strong>usque</strong></span> <span class='ocrx_word' id='word_1_297' title='bbox 2852 2184 2921 2240; x_wconf 88' lang='lat' dir='ltr'><strong>ad</strong></span> <span class='ocrx_word' id='word_1_298' title='bbox 2938 2190 3276 2257; x_wconf 81' lang='lat' dir='ltr'><strong>praeceptum</strong></span> <span class='ocrx_word' id='word_1_299' title='bbox 3291 2191 3399 2239; x_wconf 92' lang='lat' dir='ltr'><strong>est.</strong></span> <span class='ocrx_word' id='word_1_300' title='bbox 3429 2181 3552 2256; x_wconf 92' lang='lat' dir='ltr'><strong>(Id.,</strong></span> <span class='ocrx_word' id='word_1_301' title='bbox 3571 2179 3764 2236; x_wconf 69' lang='lat' dir='ltr'><strong>tilum</strong></span> 
     </span>
    </p>
   </div>
   <div class='ocr_carea' id='block_1_29' title="bbox 535 2275 2103 2357">
    <p class='ocr_par' dir='ltr' id='par_1_29' title="bbox 535 2281 2102 2357">
     <span class='ocr_line' id='line_1_29' title="bbox 535 2281 2102 2357; baseline 0.001 -17"><span class='ocrx_word' id='word_1_302' title='bbox 535 2282 605 2340; x_wconf 80' lang='lat'><strong>60</strong></span> <span class='ocrx_word' id='word_1_303' title='bbox 659 2284 714 2338; x_wconf 91' lang='lat' dir='ltr'><strong>in</strong></span> <span class='ocrx_word' id='word_1_304' title='bbox 758 2281 962 2356; x_wconf 83' lang='lat' dir='ltr'><strong>Evang.</strong></span> <span class='ocrx_word' id='word_1_305' title='bbox 1014 2301 1117 2341; x_wconf 85' lang='lat' dir='ltr'><strong>see.</strong></span> <span class='ocrx_word' id='word_1_306' title='bbox 1172 2283 1362 2354; x_wconf 80' lang='lat' dir='ltr'><strong>Joan.,</strong></span> <span class='ocrx_word' id='word_1_307' title='bbox 1410 2294 1542 2343; x_wconf 89' lang='lat' dir='ltr'><strong>tom.</strong></span> <span class='ocrx_word' id='word_1_308' title='bbox 1591 2284 1676 2352; x_wconf 91' lang='lat' dir='ltr'><strong>IlI,</strong></span> <span class='ocrx_word' id='word_1_309' title='bbox 1717 2295 1860 2357; x_wconf 86' lang='lat' dir='ltr'><strong>part.</strong></span> <span class='ocrx_word' id='word_1_310' title='bbox 1901 2303 1966 2354; x_wconf 88' lang='grc' dir='ltr'><strong>ιι,</strong></span> <span class='ocrx_word' id='word_1_311' title='bbox 2019 2287 2102 2345; x_wconf 93' lang='lat' dir='ltr'><strong>col</strong></span> 
     </span>
    </p>
   </div>
   <div class='ocr_carea' id='block_1_30' title="bbox 1885 2275 3453 2357">
    <p class='ocr_par' dir='ltr' id='par_1_30' title="bbox 1901 2275 3453 2354">
     <span class='ocr_line' id='line_1_30' title="bbox 1901 2275 3453 2354; baseline -0.005 -18"><span class='ocrx_word' id='word_1_312' title='bbox 1901 2303 1966 2354; x_wconf 80' lang='grc' dir='ltr'><strong>ιι,</strong></span> <span class='ocrx_word' id='word_1_313' title='bbox 2019 2287 2122 2345; x_wconf 84' lang='lat' dir='ltr'><strong>col.</strong></span> <span class='ocrx_word' id='word_1_314' title='bbox 2230 2275 2363 2333; x_wconf 86' lang='lat' dir='ltr'><strong>Gen.</strong></span> <span class='ocrx_word' id='word_1_315' title='bbox 2389 2277 2460 2332; x_wconf 90' lang='lat' dir='ltr'><strong>ad</strong></span> <span class='ocrx_word' id='word_1_316' title='bbox 2485 2275 2614 2344; x_wconf 90' lang='lat' dir='ltr'><strong>litt.,</strong></span> <span class='ocrx_word' id='word_1_317' title='bbox 2639 2284 2776 2333; x_wconf 90' lang='lat' dir='ltr'><strong>tom.</strong></span> <span class='ocrx_word' id='word_1_318' title='bbox 2801 2275 2887 2344; x_wconf 91' lang='lat' dir='ltr'><strong>III,</strong></span> <span class='ocrx_word' id='word_1_319' title='bbox 2915 2289 3058 2349; x_wconf 87' lang='lat' dir='ltr'><strong>part.</strong></span> <span class='ocrx_word' id='word_1_320' title='bbox 3085 2293 3127 2344; x_wconf 87' lang='lat' dir='ltr'><strong>I,</strong></span> <span class='ocrx_word' id='word_1_321' title='bbox 3154 2276 3262 2332; x_wconf 92' lang='lat' dir='ltr'><strong>col.</strong></span> <span class='ocrx_word' id='word_1_322' title='bbox 3294 2275 3453 2345; x_wconf 74' lang='lat' dir='ltr'><strong>Ml.)</strong></span> 
     </span>
    </p>
   </div>
   <div class='ocr_carea' id='block_1_31' title="bbox 536 2364 3762 2446">
    <p class='ocr_par' dir='ltr' id='par_1_31' title="bbox 536 2364 3762 2446">
     <span class='ocr_line' id='line_1_31' title="bbox 536 2364 3762 2446; baseline -0.003 -18"><span class='ocrx_word' id='word_1_323' title='bbox 536 2372 722 2446; x_wconf 89' lang='grc'>1798.)</span> <span class='ocrx_word' id='word_1_324' title='bbox 2300 2367 2370 2424; x_wconf 90' lang='lat' dir='ltr'><strong>Et</strong></span> <span class='ocrx_word' id='word_1_325' title='bbox 2396 2367 2501 2424; x_wconf 88' lang='lat' dir='ltr'><strong>hoc</strong></span> <span class='ocrx_word' id='word_1_326' title='bbox 2525 2374 2858 2439; x_wconf 79' lang='lat' dir='ltr'><strong>praeceptum</strong></span> <span class='ocrx_word' id='word_1_327' title='bbox 2885 2364 3204 2424; x_wconf 90' lang='lat' dir='ltr'><strong>obedienter</strong></span> <span class='ocrx_word' id='word_1_328' title='bbox 3233 2364 3456 2432; x_wconf 89' lang='lat' dir='ltr'><strong>audire,</strong></span> <span class='ocrx_word' id='word_1_329' title='bbox 3486 2372 3610 2429; x_wconf 89' lang='lat' dir='ltr'><strong>etc.,</strong></span> <span class='ocrx_word' id='word_1_330' title='bbox 3649 2377 3762 2432; x_wconf 74' lang='lat' dir='ltr'><strong>usque</strong></span> 
     </span>
    </p>
   </div>
   <div class='ocr_carea' id='block_1_32' title="bbox 611 2453 2179 2544">
    <p class='ocr_par' dir='ltr' id='par_1_32' title="bbox 611 2465 2130 2544">
     <span class='ocr_line' id='line_1_32' title="bbox 611 2465 2130 2544; baseline 0.005 -23"><span class='ocrx_word' id='word_1_331' title='bbox 611 2465 754 2522; x_wconf 89' lang='lat' dir='ltr'><strong>Nam</strong></span> <span class='ocrx_word' id='word_1_332' title='bbox 785 2469 912 2542; x_wconf 86' lang='lat' dir='ltr'><strong>quia</strong></span> <span class='ocrx_word' id='word_1_333' title='bbox 951 2470 1008 2525; x_wconf 86' lang='lat' dir='ltr'><strong>in</strong></span> <span class='ocrx_word' id='word_1_334' title='bbox 1051 2470 1152 2527; x_wconf 86' lang='lat' dir='ltr'><strong>Dei</strong></span> <span class='ocrx_word' id='word_1_335' title='bbox 1189 2471 1464 2544; x_wconf 81' lang='lat' dir='ltr'><strong>sapientia,</strong></span> <span class='ocrx_word' id='word_1_336' title='bbox 1509 2481 1634 2539; x_wconf 83' lang='lat' dir='ltr'><strong>etc.,</strong></span> <span class='ocrx_word' id='word_1_337' title='bbox 1657 2486 1828 2543; x_wconf 89' lang='lat' dir='ltr'><strong>usque</strong></span> <span class='ocrx_word' id='word_1_338' title='bbox 1864 2471 1932 2527; x_wconf 88' lang='lat' dir='ltr'><strong>ad</strong></span> <span class='ocrx_word' id='word_1_339' title='bbox 1960 2472 2130 2529; x_wconf 77' lang='lat' dir='ltr'><strong>salvos</strong></span> 
     </span>
    </p>
   </div>
   <div class='ocr_carea' id='block_1_33' title="bbox 2191 2453 3759 2544">
    <p class='ocr_par' dir='ltr' id='par_1_33' title="bbox 2231 2453 3759 2534">
     <span class='ocr_line' id='line_1_33' title="bbox 2231 2453 3759 2534; baseline -0.005 -16"><span class='ocrx_word' id='word_1_340' title='bbox 2231 2462 2300 2518; x_wconf 88' lang='lat' dir='ltr'><strong>ad</strong></span> <span class='ocrx_word' id='word_1_341' title='bbox 2331 2460 2566 2518; x_wconf 88' lang='lat' dir='ltr'><strong>inaniter</strong></span> <span class='ocrx_word' id='word_1_342' title='bbox 2589 2460 2776 2518; x_wconf 82' lang='lat' dir='ltr'><strong>habet.</strong></span> <span class='ocrx_word' id='word_1_343' title='bbox 2792 2459 2919 2534; x_wconf 92' lang='lat' dir='ltr'><strong>(Id.,</strong></span> <span class='ocrx_word' id='word_1_344' title='bbox 2939 2460 3031 2516; x_wconf 88' lang='lat' dir='ltr'><strong>lib.</strong></span> <span class='ocrx_word' id='word_1_345' title='bbox 3056 2460 3121 2516; x_wconf 85' lang='lat' dir='ltr'><strong>de</strong></span> <span class='ocrx_word' id='word_1_346' title='bbox 3145 2453 3301 2516; x_wconf 83' lang='lat' dir='ltr'><strong>Bono</strong></span> <span class='ocrx_word' id='word_1_347' title='bbox 3329 2455 3565 2524; x_wconf 65' lang='lat' dir='ltr'><strong>Persem,</strong></span> <span class='ocrx_word' id='word_1_348' title='bbox 3587 2464 3692 2512; x_wconf 87' lang='lat' dir='ltr'><strong>tom.</strong></span> <span class='ocrx_word' id='word_1_349' title='bbox 3715 2454 3759 2520; x_wconf 74' lang='grc' dir='ltr'><strong>Χ,</strong></span> 
     </span>
    </p>
   </div>
   <div class='ocr_carea' id='block_1_34' title="bbox 536 2551 2104 2632">
    <p class='ocr_par' dir='ltr' id='par_1_34' title="bbox 536 2561 2104 2632">
     <span class='ocr_line' id='line_1_34' title="bbox 536 2561 2104 2632; baseline 0.003 -16"><span class='ocrx_word' id='word_1_350' title='bbox 536 2561 710 2632; x_wconf 84' lang='lat' dir='ltr'><strong>facere</strong></span> <span class='ocrx_word' id='word_1_351' title='bbox 733 2563 1018 2621; x_wconf 83' lang='lat' dir='ltr'><strong>credentes.</strong></span> <span class='ocrx_word' id='word_1_352' title='bbox 1051 2563 1186 2621; x_wconf 91' lang='lat' dir='ltr'><strong>Cum</strong></span> <span class='ocrx_word' id='word_1_353' title='bbox 1214 2565 1270 2621; x_wconf 83' lang='lat' dir='ltr'><strong>in</strong></span> <span class='ocrx_word' id='word_1_354' title='bbox 1311 2579 1477 2622; x_wconf 88' lang='lat' dir='ltr'><strong>carne</strong></span> <span class='ocrx_word' id='word_1_355' title='bbox 1515 2565 1899 2623; x_wconf 79' lang='lat' dir='ltr'><strong>manifestatus</strong></span> <span class='ocrx_word' id='word_1_356' title='bbox 1933 2572 2019 2622; x_wconf 90' lang='lat' dir='ltr'><strong>est</strong></span> <span class='ocrx_word' id='word_1_357' title='bbox 2041 2563 2104 2620; x_wconf 86' lang='lat' dir='ltr'><strong>Fi</strong></span> 
     </span>
    </p>
   </div>
   <div class='ocr_carea' id='block_1_35' title="bbox 1243 2551 2811 2632">
    <p class='ocr_par' dir='ltr' id='par_1_35' title="bbox 1243 2551 2811 2625">
     <span class='ocr_line' id='line_1_35' title="bbox 1243 2551 2811 2625; baseline 0.003 -4"><span class='ocrx_word' id='word_1_358' title='bbox 1243 2581 1270 2621; x_wconf 73' lang='grc' dir='ltr'><strong>ιι</strong></span> <span class='ocrx_word' id='word_1_359' title='bbox 1311 2579 1477 2622; x_wconf 88' lang='lat' dir='ltr'><strong>carne</strong></span> <span class='ocrx_word' id='word_1_360' title='bbox 1515 2565 1899 2623; x_wconf 79' lang='lat' dir='ltr'><strong>manifestatus</strong></span> <span class='ocrx_word' id='word_1_361' title='bbox 1933 2572 2019 2622; x_wconf 90' lang='lat' dir='ltr'><strong>est</strong></span> <span class='ocrx_word' id='word_1_362' title='bbox 2041 2563 2128 2620; x_wconf 86' lang='lat' dir='ltr'><strong>Fi-</strong></span> <span class='ocrx_word' id='word_1_363' title='bbox 2232 2561 2375 2625; x_wconf 67' lang='grc' dir='ltr'><strong>Ρπι·</strong></span> <span class='ocrx_word' id='word_1_364' title='bbox 2405 2568 2467 2621; x_wconf 66' lang='grc' dir='ltr'><strong>ιι,</strong></span> <span class='ocrx_word' id='word_1_365' title='bbox 2494 2551 2598 2610; x_wconf 69' lang='grc' dir='ltr'><strong>σοι·</strong></span> <span class='ocrx_word' id='word_1_366' title='bbox 2629 2552 2811 2625; x_wconf 71' lang='grc' dir='ltr'><strong>1015ο)</strong></span> 
     </span>
    </p>
   </div>
   <div class='ocr_carea' id='block_1_36' title="bbox 537 2648 3760 2736">
    <p class='ocr_par' dir='ltr' id='par_1_36' title="bbox 537 2648 3760 2736">
     <span class='ocr_line' id='line_1_36' title="bbox 537 2648 3760 2736; baseline -0.002 -27"><span class='ocrx_word' id='word_1_367' title='bbox 537 2653 643 2710; x_wconf 91' lang='lat' dir='ltr'><strong>lius</strong></span> <span class='ocrx_word' id='word_1_368' title='bbox 689 2655 809 2722; x_wconf 90' lang='lat' dir='ltr'><strong>Dei,</strong></span> <span class='ocrx_word' id='word_1_369' title='bbox 861 2665 993 2724; x_wconf 92' lang='lat' dir='ltr'><strong>etc.,</strong></span> <span class='ocrx_word' id='word_1_370' title='bbox 1032 2674 1196 2731; x_wconf 87' lang='lat' dir='ltr'><strong>usque</strong></span> <span class='ocrx_word' id='word_1_371' title='bbox 1235 2659 1305 2713; x_wconf 90' lang='lat' dir='ltr'><strong>ad</strong></span> <span class='ocrx_word' id='word_1_372' title='bbox 1339 2657 1611 2736; x_wconf 80' lang='lat' dir='ltr'><strong>habitaret</strong></span> <span class='ocrx_word' id='word_1_373' title='bbox 1643 2657 1700 2713; x_wconf 93' lang='lat' dir='ltr'><strong>in</strong></span> <span class='ocrx_word' id='word_1_374' title='bbox 1740 2657 1915 2714; x_wconf 91' lang='lat' dir='ltr'><strong>nobis.</strong></span> <span class='ocrx_word' id='word_1_375' title='bbox 1941 2655 2130 2728; x_wconf 89' lang='lat' dir='ltr'><strong>(Idem,</strong></span> <span class='ocrx_word' id='word_1_376' title='bbox 2305 2651 2444 2710; x_wconf 89' lang='lat' dir='ltr'><strong>Cum</strong></span> <span class='ocrx_word' id='word_1_377' title='bbox 2473 2651 2732 2717; x_wconf 81' lang='lat' dir='ltr'><strong>dixisset,</strong></span> <span class='ocrx_word' id='word_1_378' title='bbox 2763 2651 3086 2709; x_wconf 91' lang='lat' dir='ltr'><strong>Laudamini</strong></span> <span class='ocrx_word' id='word_1_379' title='bbox 3115 2651 3290 2726; x_wconf 86' lang='lat' dir='ltr'><strong>(quod</strong></span> <span class='ocrx_word' id='word_1_380' title='bbox 3321 2652 3512 2722; x_wconf 88' lang='lat' dir='ltr'><strong>utique</strong></span> <span class='ocrx_word' id='word_1_381' title='bbox 3533 2648 3653 2704; x_wconf 88' lang='lat' dir='ltr'><strong>bene</strong></span> <span class='ocrx_word' id='word_1_382' title='bbox 3671 2658 3760 2716; x_wconf 76' lang='lat' dir='ltr'><strong>ope-</strong></span> 
     </span>
    </p>
   </div>
   <div class='ocr_carea' id='block_1_37' title="bbox 538 2734 3760 2822">
    <p class='ocr_par' dir='ltr' id='par_1_37' title="bbox 538 2734 3760 2822">
     <span class='ocr_line' id='line_1_37' title="bbox 538 2734 3760 2822; baseline -0.002 -25"><span class='ocrx_word' id='word_1_383' title='bbox 538 2741 628 2798; x_wconf 85' lang='lat' dir='ltr'><strong>lib.</strong></span> <span class='ocrx_word' id='word_1_384' title='bbox 660 2744 724 2800; x_wconf 90' lang='lat' dir='ltr'><strong>de</strong></span> <span class='ocrx_word' id='word_1_385' title='bbox 756 2743 972 2815; x_wconf 81' lang='lat' dir='ltr'><strong>Trinit.,</strong></span> <span class='ocrx_word' id='word_1_386' title='bbox 1000 2756 1134 2805; x_wconf 90' lang='lat' dir='ltr'><strong>tom.</strong></span> <span class='ocrx_word' id='word_1_387' title='bbox 1163 2747 1295 2816; x_wconf 87' lang='lat' dir='ltr'><strong>VIII,</strong></span> <span class='ocrx_word' id='word_1_388' title='bbox 1321 2734 1424 2807; x_wconf 84' lang='lat' dir='ltr'><strong>col.</strong></span> <span class='ocrx_word' id='word_1_389' title='bbox 1451 2748 1602 2822; x_wconf 87' lang='lat'><strong>997.)</strong></span> <span class='ocrx_word' id='word_1_390' title='bbox 2236 2752 2421 2802; x_wconf 88' lang='lat' dir='ltr'><strong>rantes</strong></span> <span class='ocrx_word' id='word_1_391' title='bbox 2457 2743 2654 2801; x_wconf 88' lang='lat' dir='ltr'><strong>merito</strong></span> <span class='ocrx_word' id='word_1_392' title='bbox 2691 2743 2939 2818; x_wconf 89' lang='lat' dir='ltr'><strong>possunt)</strong></span> <span class='ocrx_word' id='word_1_393' title='bbox 2984 2744 3229 2801; x_wconf 81' lang='lat' dir='ltr'><strong>addidit:</strong></span> <span class='ocrx_word' id='word_1_394' title='bbox 3286 2745 3348 2801; x_wconf 90' lang='lat' dir='ltr'><strong>In</strong></span> <span class='ocrx_word' id='word_1_395' title='bbox 3387 2741 3598 2800; x_wconf 87' lang='lat' dir='ltr'><strong>nomine</strong></span> <span class='ocrx_word' id='word_1_396' title='bbox 3625 2744 3760 2794; x_wconf 66' lang='lat' dir='ltr'><strong>uncto</strong></span> 
     </span>
    </p>
   </div>
   <div class='ocr_carea' id='block_1_38' title="bbox 611 2828 3756 2913">
    <p class='ocr_par' dir='ltr' id='par_1_38' title="bbox 611 2828 3756 2913">
     <span class='ocr_line' id='line_1_38' title="bbox 611 2828 3756 2913; baseline -0.001 -22"><span class='ocrx_word' id='word_1_397' title='bbox 611 2834 875 2902; x_wconf 84' lang='lat' dir='ltr'><strong>Quoniam</strong></span> <span class='ocrx_word' id='word_1_398' title='bbox 894 2839 1075 2896; x_wconf 75' lang='grc' dir='ltr'><strong>,ιιιάωὶ</strong></span> <span class='ocrx_word' id='word_1_399' title='bbox 1097 2842 1273 2913; x_wconf 83' lang='lat' dir='ltr'><strong>signa,</strong></span> <span class='ocrx_word' id='word_1_400' title='bbox 1302 2852 1422 2907; x_wconf 89' lang='lat' dir='ltr'><strong>etc.,</strong></span> <span class='ocrx_word' id='word_1_401' title='bbox 1449 2855 1624 2912; x_wconf 87' lang='lat' dir='ltr'><strong>usque</strong></span> <span class='ocrx_word' id='word_1_402' title='bbox 1652 2842 1721 2899; x_wconf 89' lang='lat' dir='ltr'><strong>ad</strong></span> <span class='ocrx_word' id='word_1_403' title='bbox 1738 2852 1785 2898; x_wconf 90' lang='lat' dir='ltr'><strong>et</strong></span> <span class='ocrx_word' id='word_1_404' title='bbox 1810 2841 1904 2898; x_wconf 87' lang='lat' dir='ltr'><strong>Dei</strong></span> <span class='ocrx_word' id='word_1_405' title='bbox 1923 2841 2136 2913; x_wconf 83' lang='lat' dir='ltr'><strong>sapien-</strong></span> <span class='ocrx_word' id='word_1_406' title='bbox 2235 2837 2374 2910; x_wconf 81' lang='lat' dir='ltr'><strong>ejus,</strong></span> <span class='ocrx_word' id='word_1_407' title='bbox 2397 2845 2528 2906; x_wconf 90' lang='lat' dir='ltr'><strong>etc.,</strong></span> <span class='ocrx_word' id='word_1_408' title='bbox 2555 2854 2720 2911; x_wconf 85' lang='lat' dir='ltr'><strong>usque</strong></span> <span class='ocrx_word' id='word_1_409' title='bbox 2761 2838 2830 2892; x_wconf 90' lang='lat' dir='ltr'><strong>ad</strong></span> <span class='ocrx_word' id='word_1_410' title='bbox 2855 2843 2911 2896; x_wconf 88' lang='lat' dir='ltr'><strong>et</strong></span> <span class='ocrx_word' id='word_1_411' title='bbox 2937 2838 3211 2896; x_wconf 68' lang='lat' dir='ltr'><strong>laetentur.</strong></span> <span class='ocrx_word' id='word_1_412' title='bbox 3240 2838 3373 2912; x_wconf 89' lang='lat' dir='ltr'><strong>(Id.,</strong></span> <span class='ocrx_word' id='word_1_413' title='bbox 3416 2844 3562 2892; x_wconf 85' lang='lat' dir='ltr'><strong>tract.</strong></span> <span class='ocrx_word' id='word_1_414' title='bbox 3601 2833 3650 2887; x_wconf 81' lang='lat' dir='ltr'><strong>in</strong></span> <span class='ocrx_word' id='word_1_415' title='bbox 3667 2828 3756 2901; x_wconf 72' lang='grc' dir='ltr'><strong>ραι.</strong></span> 
     </span>
    </p>
   </div>
   <div class='ocr_carea' id='block_1_39' title="bbox 540 2924 3227 3004">
    <p class='ocr_par' dir='ltr' id='par_1_39' title="bbox 540 2924 3227 3004">
     <span class='ocr_line' id='line_1_39' title="bbox 540 2924 3227 3004; baseline 0.003 -26"><span class='ocrx_word' id='word_1_416' title='bbox 540 2924 691 2980; x_wconf 86' lang='lat' dir='ltr'><strong>tiam.</strong></span> <span class='ocrx_word' id='word_1_417' title='bbox 721 2925 936 2996; x_wconf 87' lang='lat' dir='ltr'><strong>Omnia,</strong></span> <span class='ocrx_word' id='word_1_418' title='bbox 965 2930 1212 3000; x_wconf 79' lang='lat' dir='ltr'><strong>Domine,</strong></span> <span class='ocrx_word' id='word_1_419' title='bbox 1241 2931 1292 2987; x_wconf 89' lang='lat' dir='ltr'><strong>in</strong></span> <span class='ocrx_word' id='word_1_420' title='bbox 1315 2932 1580 3003; x_wconf 87' lang='lat' dir='ltr'><strong>sapientia</strong></span> <span class='ocrx_word' id='word_1_421' title='bbox 1602 2931 1800 2998; x_wconf 81' lang='lat' dir='ltr'><strong>fecisti,</strong></span> <span class='ocrx_word' id='word_1_422' title='bbox 1825 2941 1955 2998; x_wconf 90' lang='lat' dir='ltr'><strong>etc.,</strong></span> <span class='ocrx_word' id='word_1_423' title='bbox 1975 2948 2137 3003; x_wconf 86' lang='lat' dir='ltr'><strong>usque</strong></span> <span class='ocrx_word' id='word_1_424' title='bbox 2236 2947 2343 3000; x_wconf 83' lang='lat' dir='ltr'><strong>CIV,</strong></span> <span class='ocrx_word' id='word_1_425' title='bbox 2376 2940 2505 2989; x_wconf 89' lang='lat' dir='ltr'><strong>tom.</strong></span> <span class='ocrx_word' id='word_1_426' title='bbox 2533 2929 2624 3000; x_wconf 89' lang='lat' dir='ltr'><strong>IV,</strong></span> <span class='ocrx_word' id='word_1_427' title='bbox 2651 2938 2794 3004; x_wconf 90' lang='lat' dir='ltr'><strong>part.</strong></span> <span class='ocrx_word' id='word_1_428' title='bbox 2822 2947 2883 3000; x_wconf 88' lang='grc' dir='ltr'><strong>ιι,</strong></span> <span class='ocrx_word' id='word_1_429' title='bbox 2907 2930 3012 2989; x_wconf 89' lang='lat' dir='ltr'><strong>col.</strong></span> <span class='ocrx_word' id='word_1_430' title='bbox 3037 2931 3227 3003; x_wconf 82' lang='lat' dir='ltr'><strong>I59I.)</strong></span> 
     </span>
    </p>
   </div>
   <div class='ocr_carea' id='block_1_40' title="bbox 544 3015 2131 3094">
    <p class='ocr_par' dir='ltr' id='par_1_40' title="bbox 544 3015 2131 3094">
     <span class='ocr_line' id='line_1_40' title="bbox 544 3015 2131 3094; baseline 0.006 -25"><span class='ocrx_word' id='word_1_431' title='bbox 544 3015 614 3070; x_wconf 84' lang='lat' dir='ltr'><strong>ad</strong></span> <span class='ocrx_word' id='word_1_432' title='bbox 641 3023 697 3071; x_wconf 89' lang='lat' dir='ltr'><strong>et</strong></span> <span class='ocrx_word' id='word_1_433' title='bbox 719 3016 816 3074; x_wconf 89' lang='lat' dir='ltr'><strong>Dei</strong></span> <span class='ocrx_word' id='word_1_434' title='bbox 836 3019 1177 3090; x_wconf 87' lang='lat' dir='ltr'><strong>sapientiam.</strong></span> <span class='ocrx_word' id='word_1_435' title='bbox 1204 3019 1393 3094; x_wconf 91' lang='lat' dir='ltr'><strong>(Idem,</strong></span> <span class='ocrx_word' id='word_1_436' title='bbox 1421 3029 1574 3076; x_wconf 86' lang='lat' dir='ltr'><strong>tract.</strong></span> <span class='ocrx_word' id='word_1_437' title='bbox 1616 3022 1672 3077; x_wconf 85' lang='lat' dir='ltr'><strong>in</strong></span> <span class='ocrx_word' id='word_1_438' title='bbox 1697 3022 1831 3094; x_wconf 86' lang='lat' dir='ltr'><strong>psal.</strong></span> <span class='ocrx_word' id='word_1_439' title='bbox 1856 3037 1972 3088; x_wconf 84' lang='lat' dir='ltr'><strong>cm,</strong></span> <span class='ocrx_word' id='word_1_440' title='bbox 2002 3029 2131 3079; x_wconf 92' lang='lat' dir='ltr'><strong>tom.</strong></span> 
     </span>
    </p>
   </div>
   <div class='ocr_carea' id='block_1_41' title="bbox 544 3085 2112 3184">
    <p class='ocr_par' dir='ltr' id='par_1_41' title="bbox 544 3085 1966 3184">
     <span class='ocr_line' id='line_1_41' title="bbox 544 3085 1966 3184; baseline 0.004 -24"><span class='ocrx_word' id='word_1_441' title='bbox 544 3104 632 3169; x_wconf 90' lang='lat' dir='ltr'><strong>IV,</strong></span> <span class='ocrx_word' id='word_1_442' title='bbox 667 3116 807 3178; x_wconf 88' lang='lat' dir='ltr'><strong>part.</strong></span> <span class='ocrx_word' id='word_1_443' title='bbox 836 3085 1031 3176; x_wconf 36' lang='lat' dir='ltr'><strong>u,‘col.</strong></span> <span class='ocrx_word' id='word_1_444' title='bbox 1065 3085 1249 3184; x_wconf 59' lang='grc' dir='ltr'>1577ξ)</span> <span class='ocrx_word' id='word_1_445' title='bbox 1380 3085 1384 3086; x_wconf 12' lang='grc' dir='ltr'><em>ν</em></span> <span class='ocrx_word' id='word_1_446' title='bbox 1697 3085 1707 3094; x_wconf 58' lang='grc'><em>’</em></span> <span class='ocrx_word' id='word_1_447' title='bbox 1959 3085 1966 3088; x_wconf 17' lang='lat'><em>7</em></span> 
     </span>
    </p>
   </div>
   <div class='ocr_carea' id='block_1_42' title="bbox 1625 3085 3193 3184">
    <p class='ocr_par' dir='ltr' id='par_1_42' title="bbox 1697 3085 3193 3144">
     <span class='ocr_line' id='line_1_42' title="bbox 1697 3085 3193 3144; baseline -0.009 10"><span class='ocrx_word' id='word_1_448' title='bbox 1697 3085 1707 3094; x_wconf 92' lang='lat'>&#39;</span> <span class='ocrx_word' id='word_1_449' title='bbox 1959 3085 1966 3088; x_wconf 72' lang='lat'><strong><em>&#39;</em></strong></span> <span class='ocrx_word' id='word_1_450' title='bbox 2870 3085 3096 3144; x_wconf 80' lang='lat' dir='ltr'><strong>CAPUT</strong></span> <span class='ocrx_word' id='word_1_451' title='bbox 3131 3086 3193 3142; x_wconf 89' lang='grc' dir='ltr'><strong>ιι.</strong></span> 
     </span>
    </p>
   </div>
   <div class='ocr_carea' id='block_1_43' title="bbox 615 3190 3754 3278">
    <p class='ocr_par' dir='ltr' id='par_1_43' title="bbox 615 3190 3754 3278">
     <span class='ocr_line' id='line_1_43' title="bbox 615 3190 3754 3278; baseline 0.002 -25"><span class='ocrx_word' id='word_1_452' title='bbox 615 3196 760 3255; x_wconf 90' lang='lat' dir='ltr'><strong>Deus</strong></span> <span class='ocrx_word' id='word_1_453' title='bbox 803 3199 970 3257; x_wconf 87' lang='lat' dir='ltr'><strong>verbo</strong></span> <span class='ocrx_word' id='word_1_454' title='bbox 1010 3200 1140 3259; x_wconf 81' lang='lat' dir='ltr'><strong>fecit</strong></span> <span class='ocrx_word' id='word_1_455' title='bbox 1180 3205 1382 3260; x_wconf 89' lang='lat' dir='ltr'><strong>omnia.</strong></span> <span class='ocrx_word' id='word_1_456' title='bbox 1435 3203 1626 3262; x_wconf 79' lang='lat' dir='ltr'><strong>Omnia</strong></span> <span class='ocrx_word' id='word_1_457' title='bbox 1655 3220 1753 3277; x_wconf 89' lang='lat' dir='ltr'><strong>per</strong></span> <span class='ocrx_word' id='word_1_458' title='bbox 1776 3206 1951 3278; x_wconf 91' lang='lat' dir='ltr'><strong>ipsum</strong></span> <span class='ocrx_word' id='word_1_459' title='bbox 1994 3206 2136 3264; x_wconf 83' lang='lat' dir='ltr'><strong>facta</strong></span> <span class='ocrx_word' id='word_1_460' title='bbox 2163 3191 2209 3257; x_wconf 69' lang='grc' dir='ltr'><strong>(ἶ</strong></span> <span class='ocrx_word' id='word_1_461' title='bbox 2310 3201 2381 3258; x_wconf 59' lang='lat' dir='ltr'><strong>Et</strong></span> <span class='ocrx_word' id='word_1_462' title='bbox 2409 3217 2502 3274; x_wconf 74' lang='lat'><strong>€90</strong></span> <span class='ocrx_word' id='word_1_463' title='bbox 2530 3217 2650 3257; x_wconf 72' lang='lat' dir='ltr'><strong>cum</strong></span> <span class='ocrx_word' id='word_1_464' title='bbox 2679 3201 2932 3257; x_wconf 72' lang='grc' dir='ltr'><strong>υεηίεεεηι</strong></span> <span class='ocrx_word' id='word_1_465' title='bbox 2969 3201 3039 3256; x_wconf 73' lang='lat' dir='ltr'><strong>ad</strong></span> <span class='ocrx_word' id='word_1_466' title='bbox 3075 3216 3184 3268; x_wconf 70' lang='grc' dir='ltr'><strong>νοεν</strong></span> <span class='ocrx_word' id='word_1_467' title='bbox 3213 3207 3354 3265; x_wconf 59' lang='lat' dir='ltr'><strong>ﬁcu</strong></span> <span class='ocrx_word' id='word_1_468' title='bbox 3385 3209 3552 3267; x_wconf 80' lang='lat' dir='ltr'><strong>usque</strong></span> <span class='ocrx_word' id='word_1_469' title='bbox 3575 3198 3632 3247; x_wconf 68' lang='lat' dir='ltr'><strong>ad</strong></span> <span class='ocrx_word' id='word_1_470' title='bbox 3653 3190 3754 3256; x_wconf 60' lang='grc' dir='ltr'><strong>βάλ’</strong></span> 
     </span>
    </p>
   </div>
   <div class='ocr_carea' id='block_1_44' title="bbox 549 3286 3757 3371">
    <p class='ocr_par' dir='ltr' id='par_1_44' title="bbox 549 3286 3757 3371">
     <span class='ocr_line' id='line_1_44' title="bbox 549 3286 3757 3371; baseline -0.003 -28"><span class='ocrx_word' id='word_1_471' title='bbox 549 3298 697 3355; x_wconf 85' lang='lat' dir='ltr'><strong>sunt,</strong></span> <span class='ocrx_word' id='word_1_472' title='bbox 746 3297 879 3366; x_wconf 87' lang='lat' dir='ltr'><strong>etc.,</strong></span> <span class='ocrx_word' id='word_1_473' title='bbox 925 3307 1090 3365; x_wconf 85' lang='lat' dir='ltr'><strong>usque</strong></span> <span class='ocrx_word' id='word_1_474' title='bbox 1132 3295 1202 3350; x_wconf 88' lang='lat' dir='ltr'><strong>ad</strong></span> <span class='ocrx_word' id='word_1_475' title='bbox 1231 3294 1434 3352; x_wconf 82' lang='lat' dir='ltr'><strong>factum</strong></span> <span class='ocrx_word' id='word_1_476' title='bbox 1457 3305 1542 3353; x_wconf 92' lang='lat' dir='ltr'><strong>est</strong></span> <span class='ocrx_word' id='word_1_477' title='bbox 1583 3297 1735 3353; x_wconf 85' lang='lat' dir='ltr'><strong>nihil.</strong></span> <span class='ocrx_word' id='word_1_478' title='bbox 1759 3297 1946 3371; x_wconf 92' lang='lat' dir='ltr'><strong>(Idem,</strong></span> <span class='ocrx_word' id='word_1_479' title='bbox 1975 3308 2131 3355; x_wconf 88' lang='lat' dir='ltr'><strong>tract.</strong></span> <span class='ocrx_word' id='word_1_480' title='bbox 2237 3293 2412 3365; x_wconf 86' lang='lat' dir='ltr'><strong>cipum</strong></span> <span class='ocrx_word' id='word_1_481' title='bbox 2446 3291 2606 3363; x_wconf 76' lang='lat' dir='ltr'><strong>hujus</strong></span> <span class='ocrx_word' id='word_1_482' title='bbox 2635 3290 2817 3347; x_wconf 77' lang='lat' dir='ltr'><strong>steculi</strong></span> <span class='ocrx_word' id='word_1_483' title='bbox 2845 3291 2936 3364; x_wconf 88' lang='lat' dir='ltr'><strong>qui</strong></span> <span class='ocrx_word' id='word_1_484' title='bbox 2963 3291 3336 3347; x_wconf 77' lang='lat' dir='ltr'><strong>destruantur.</strong></span> <span class='ocrx_word' id='word_1_485' title='bbox 3385 3287 3519 3346; x_wconf 90' lang='lat' dir='ltr'><strong>Vide</strong></span> <span class='ocrx_word' id='word_1_486' title='bbox 3555 3286 3757 3371; x_wconf 71' lang='lat' dir='ltr'><strong>amatores</strong></span> 
     </span>
    </p>
   </div>
   <div class='ocr_carea' id='block_1_45' title="bbox 547 3369 3753 3464">
    <p class='ocr_par' dir='ltr' id='par_1_45' title="bbox 547 3369 3753 3464">
     <span class='ocr_line' id='line_1_45' title="bbox 547 3369 3753 3464; baseline 0.01 -32"><span class='ocrx_word' id='word_1_487' title='bbox 547 3379 602 3434; x_wconf 80' lang='lat' dir='ltr'><strong>in</strong></span> <span class='ocrx_word' id='word_1_488' title='bbox 631 3379 769 3450; x_wconf 84' lang='lat' dir='ltr'><strong>psal.</strong></span> <span class='ocrx_word' id='word_1_489' title='bbox 805 3398 958 3450; x_wconf 73' lang='lat' dir='ltr'><strong>xvm,</strong></span> <span class='ocrx_word' id='word_1_490' title='bbox 988 3393 1118 3442; x_wconf 92' lang='lat' dir='ltr'><strong>tom.</strong></span> <span class='ocrx_word' id='word_1_491' title='bbox 1146 3387 1233 3452; x_wconf 87' lang='lat' dir='ltr'><strong>IV,</strong></span> <span class='ocrx_word' id='word_1_492' title='bbox 1267 3394 1410 3460; x_wconf 88' lang='lat' dir='ltr'><strong>part.</strong></span> <span class='ocrx_word' id='word_1_493' title='bbox 1438 3405 1500 3456; x_wconf 89' lang='lat' dir='ltr'><strong>Il,</strong></span> <span class='ocrx_word' id='word_1_494' title='bbox 1529 3389 1634 3446; x_wconf 88' lang='lat' dir='ltr'><strong>col.</strong></span> <span class='ocrx_word' id='word_1_495' title='bbox 1664 3369 1777 3448; x_wconf 27' lang='grc'>158-</span> <span class='ocrx_word' id='word_1_496' title='bbox 1791 3398 1846 3448; x_wconf 90' lang='lat' dir='ltr'><strong>et</strong></span> <span class='ocrx_word' id='word_1_497' title='bbox 1871 3392 2013 3464; x_wconf 89' lang='lat' dir='ltr'><strong>seq.)</strong></span> <span class='ocrx_word' id='word_1_498' title='bbox 2237 3384 2483 3442; x_wconf 62' lang='lat' dir='ltr'><strong>veritatis</strong></span> <span class='ocrx_word' id='word_1_499' title='bbox 2507 3425 2524 3453; x_wconf 57' lang='lat'><strong>9</strong></span> <span class='ocrx_word' id='word_1_500' title='bbox 2570 3399 2681 3441; x_wconf 76' lang='lat' dir='ltr'><strong>non</strong></span> <span class='ocrx_word' id='word_1_501' title='bbox 2712 3382 3043 3454; x_wconf 55' lang='lat' dir='ltr'><strong>accipientes</strong></span> <span class='ocrx_word' id='word_1_502' title='bbox 3072 3383 3127 3439; x_wconf 70' lang='lat' dir='ltr'><strong>in</strong></span> <span class='ocrx_word' id='word_1_503' title='bbox 3157 3397 3365 3440; x_wconf 58' lang='lat' dir='ltr'><strong>vanum</strong></span> <span class='ocrx_word' id='word_1_504' title='bbox 3393 3393 3577 3438; x_wconf 70' lang='lat' dir='ltr'><strong>nomen</strong></span> <span class='ocrx_word' id='word_1_505' title='bbox 3603 3369 3753 3464; x_wconf 50' lang='lat' dir='ltr'><strong>W3“</strong></span> 
     </span>
    </p>
   </div>
   <div class='ocr_carea' id='block_1_46' title="bbox 589 3463 3750 3555">
    <p class='ocr_par' dir='ltr' id='par_1_46' title="bbox 589 3463 3750 3555">
     <span class='ocr_line' id='line_1_46' title="bbox 589 3463 3750 3555; baseline -0.002 -29"><span class='ocrx_word' id='word_1_506' title='bbox 589 3468 681 3526; x_wconf 78' lang='lat' dir='ltr'><strong>.Si</strong></span> <span class='ocrx_word' id='word_1_507' title='bbox 713 3472 857 3528; x_wconf 89' lang='lat' dir='ltr'><strong>enim</strong></span> <span class='ocrx_word' id='word_1_508' title='bbox 901 3473 1049 3532; x_wconf 91' lang='lat' dir='ltr'><strong>solus</strong></span> <span class='ocrx_word' id='word_1_509' title='bbox 1070 3476 1144 3533; x_wconf 91' lang='lat' dir='ltr'><strong>ibi</strong></span> <span class='ocrx_word' id='word_1_510' title='bbox 1185 3477 1354 3535; x_wconf 88' lang='lat' dir='ltr'><strong>Filius</strong></span> <span class='ocrx_word' id='word_1_511' title='bbox 1382 3479 1654 3552; x_wconf 80' lang='lat' dir='ltr'><strong>intelligit,</strong></span> <span class='ocrx_word' id='word_1_512' title='bbox 1686 3490 1815 3548; x_wconf 88' lang='lat' dir='ltr'><strong>etc.,</strong></span> <span class='ocrx_word' id='word_1_513' title='bbox 1869 3463 2031 3555; x_wconf 86' lang='lat' dir='ltr'><strong>usque</strong></span> <span class='ocrx_word' id='word_1_514' title='bbox 2067 3485 2136 3539; x_wconf 84' lang='lat' dir='ltr'><strong>ad</strong></span> <span class='ocrx_word' id='word_1_515' title='bbox 2240 3477 2336 3535; x_wconf 91' lang='lat' dir='ltr'><strong>Dei</strong></span> <span class='ocrx_word' id='word_1_516' title='bbox 2369 3477 2484 3543; x_wconf 90' lang='lat' dir='ltr'><strong>sui,</strong></span> <span class='ocrx_word' id='word_1_517' title='bbox 2515 3482 2650 3544; x_wconf 88' lang='lat' dir='ltr'><strong>etc.,</strong></span> <span class='ocrx_word' id='word_1_518' title='bbox 2699 3491 2860 3548; x_wconf 89' lang='lat' dir='ltr'><strong>usque</strong></span> <span class='ocrx_word' id='word_1_519' title='bbox 2905 3475 2978 3530; x_wconf 89' lang='lat' dir='ltr'><strong>ad</strong></span> <span class='ocrx_word' id='word_1_520' title='bbox 2999 3489 3110 3531; x_wconf 89' lang='lat' dir='ltr'><strong>non</strong></span> <span class='ocrx_word' id='word_1_521' title='bbox 3157 3474 3346 3532; x_wconf 87' lang='lat' dir='ltr'><strong>cibum</strong></span> <span class='ocrx_word' id='word_1_522' title='bbox 3373 3468 3645 3530; x_wconf 87' lang='lat' dir='ltr'><strong>mentibus.</strong></span> <span class='ocrx_word' id='word_1_523' title='bbox 3669 3463 3750 3534; x_wconf 75' lang='grc' dir='ltr'><strong>(Ιάιι</strong></span> 
     </span>
    </p>
   </div>
   <div class='ocr_carea' id='block_1_47' title="bbox 551 3560 3577 3641">
    <p class='ocr_par' dir='ltr' id='par_1_47' title="bbox 551 3560 3577 3641">
     <span class='ocr_line' id='line_1_47' title="bbox 551 3560 3577 3641; baseline 0 -24"><span class='ocrx_word' id='word_1_524' title='bbox 551 3561 696 3633; x_wconf 89' lang='lat' dir='ltr'><strong>quod</strong></span> <span class='ocrx_word' id='word_1_525' title='bbox 719 3571 804 3619; x_wconf 92' lang='lat' dir='ltr'><strong>est</strong></span> <span class='ocrx_word' id='word_1_526' title='bbox 827 3563 1008 3622; x_wconf 88' lang='lat' dir='ltr'><strong>Pater.</strong></span> <span class='ocrx_word' id='word_1_527' title='bbox 1037 3568 1226 3641; x_wconf 89' lang='lat' dir='ltr'><strong>(Idem,</strong></span> <span class='ocrx_word' id='word_1_528' title='bbox 1249 3567 1340 3625; x_wconf 89' lang='lat' dir='ltr'><strong>lib.</strong></span> <span class='ocrx_word' id='word_1_529' title='bbox 1382 3585 1452 3626; x_wconf 81' lang='lat' dir='ltr'><strong>xv</strong></span> <span class='ocrx_word' id='word_1_530' title='bbox 1479 3571 1544 3626; x_wconf 87' lang='lat' dir='ltr'><strong>de</strong></span> <span class='ocrx_word' id='word_1_531' title='bbox 1580 3570 1793 3638; x_wconf 86' lang='lat' dir='ltr'><strong>Trinit.,</strong></span> <span class='ocrx_word' id='word_1_532' title='bbox 1830 3580 1960 3629; x_wconf 86' lang='lat' dir='ltr'><strong>tom.</strong></span> <span class='ocrx_word' id='word_1_533' title='bbox 2001 3572 2134 3640; x_wconf 92' lang='lat' dir='ltr'><strong>VIII,</strong></span> <span class='ocrx_word' id='word_1_534' title='bbox 2239 3586 2396 3628; x_wconf 89' lang='lat' dir='ltr'><strong>serm.</strong></span> <span class='ocrx_word' id='word_1_535' title='bbox 2419 3566 2672 3640; x_wconf 85' lang='lat' dir='ltr'><strong>Decalogi</strong></span> <span class='ocrx_word' id='word_1_536' title='bbox 2694 3567 2766 3622; x_wconf 86' lang='lat' dir='ltr'><strong>ad</strong></span> <span class='ocrx_word' id='word_1_537' title='bbox 2790 3566 3064 3640; x_wconf 82' lang='lat' dir='ltr'><strong>papulum,</strong></span> <span class='ocrx_word' id='word_1_538' title='bbox 3090 3575 3225 3623; x_wconf 88' lang='lat' dir='ltr'><strong>tom.</strong></span> <span class='ocrx_word' id='word_1_539' title='bbox 3247 3567 3323 3636; x_wconf 84' lang='lat' dir='ltr'><strong>V,</strong></span> <span class='ocrx_word' id='word_1_540' title='bbox 3352 3573 3493 3639; x_wconf 85' lang='lat' dir='ltr'><strong>part.</strong></span> <span class='ocrx_word' id='word_1_541' title='bbox 3518 3560 3577 3632; x_wconf 89' lang='grc' dir='ltr'>ι.)</span> 
     </span>
    </p>
   </div>
   <div class='ocr_carea' id='block_1_48' title="bbox 553 3655 3754 3734">
    <p class='ocr_par' dir='ltr' id='par_1_48' title="bbox 553 3655 3754 3734">
     <span class='ocr_line' id='line_1_48' title="bbox 553 3655 3754 3734; baseline 0.002 -28"><span class='ocrx_word' id='word_1_542' title='bbox 553 3655 658 3712; x_wconf 86' lang='lat' dir='ltr'><strong>col.</strong></span> <span class='ocrx_word' id='word_1_543' title='bbox 682 3656 820 3715; x_wconf 69' lang='lat'><strong>1065</strong></span> <span class='ocrx_word' id='word_1_544' title='bbox 851 3669 905 3716; x_wconf 68' lang='lat' dir='ltr'><strong>et</strong></span> <span class='ocrx_word' id='word_1_545' title='bbox 929 3661 1072 3734; x_wconf 76' lang='lat' dir='ltr'><strong>seq.)</strong></span> <span class='ocrx_word' id='word_1_546' title='bbox 2311 3661 2632 3720; x_wconf 88' lang='lat' dir='ltr'><strong>Necessaria</strong></span> <span class='ocrx_word' id='word_1_547' title='bbox 2660 3666 2746 3717; x_wconf 86' lang='lat' dir='ltr'><strong>est</strong></span> <span class='ocrx_word' id='word_1_548' title='bbox 2768 3659 3021 3732; x_wconf 77' lang='lat' dir='ltr'><strong>purgatio</strong></span> <span class='ocrx_word' id='word_1_549' title='bbox 3047 3659 3248 3716; x_wconf 88' lang='lat' dir='ltr'><strong>mentis</strong></span> <span class='ocrx_word' id='word_1_550' title='bbox 3270 3665 3495 3723; x_wconf 62' lang='lat' dir='ltr'><strong>nostra,</strong></span> <span class='ocrx_word' id='word_1_551' title='bbox 3513 3659 3627 3714; x_wconf 77' lang='lat' dir='ltr'><strong>etc.,</strong></span> <span class='ocrx_word' id='word_1_552' title='bbox 3645 3658 3754 3734; x_wconf 55' lang='lat' dir='ltr'><strong>“tlte</strong></span> 
     </span>
    </p>
   </div>
   <div class='ocr_carea' id='block_1_49' title="bbox 623 3730 3751 3830">
    <p class='ocr_par' dir='ltr' id='par_1_49' title="bbox 623 3730 3751 3830">
     <span class='ocr_line' id='line_1_49' title="bbox 623 3730 3751 3830; baseline -0.003 -25"><span class='ocrx_word' id='word_1_553' title='bbox 623 3747 791 3807; x_wconf 89' lang='lat' dir='ltr'><strong>Vocat</strong></span> <span class='ocrx_word' id='word_1_554' title='bbox 815 3753 960 3810; x_wconf 90' lang='lat' dir='ltr'><strong>enim</strong></span> <span class='ocrx_word' id='word_1_555' title='bbox 989 3730 1136 3813; x_wconf 84' lang='lat' dir='ltr'><strong>Deus</strong></span> <span class='ocrx_word' id='word_1_556' title='bbox 1161 3758 1573 3826; x_wconf 65' lang='lat' dir='ltr'><strong>praedestinatos</strong></span> <span class='ocrx_word' id='word_1_557' title='bbox 1600 3760 1799 3817; x_wconf 87' lang='lat' dir='ltr'><strong>multos</strong></span> <span class='ocrx_word' id='word_1_558' title='bbox 1826 3759 1967 3818; x_wconf 80' lang='lat' dir='ltr'><strong>ﬁlios</strong></span> <span class='ocrx_word' id='word_1_559' title='bbox 1989 3776 2134 3830; x_wconf 79' lang='lat' dir='ltr'><strong>suos,</strong></span> <span class='ocrx_word' id='word_1_560' title='bbox 2239 3756 2309 3810; x_wconf 90' lang='lat' dir='ltr'><strong>ad</strong></span> <span class='ocrx_word' id='word_1_561' title='bbox 2339 3755 2554 3812; x_wconf 86' lang='lat' dir='ltr'><strong>ethunc</strong></span> <span class='ocrx_word' id='word_1_562' title='bbox 2577 3730 2920 3810; x_wconf 60' lang='lat' dir='ltr'><strong>eruciﬁiuni.</strong></span> <span class='ocrx_word' id='word_1_563' title='bbox 2949 3748 3072 3823; x_wconf 90' lang='lat' dir='ltr'><strong>(Id.,</strong></span> <span class='ocrx_word' id='word_1_564' title='bbox 3101 3749 3194 3806; x_wconf 89' lang='lat' dir='ltr'><strong>lib.</strong></span> <span class='ocrx_word' id='word_1_565' title='bbox 3220 3749 3288 3806; x_wconf 86' lang='lat' dir='ltr'><strong>de</strong></span> <span class='ocrx_word' id='word_1_566' title='bbox 3311 3730 3751 3810; x_wconf 69' lang='lat' dir='ltr'><strong>Trinit.,tom.VllI.</strong></span> 
     </span>
    </p>
   </div>
   <div class='ocr_carea' id='block_1_50' title="bbox 547 3847 2524 3925">
    <p class='ocr_par' dir='ltr' id='par_1_50' title="bbox 547 3847 2524 3925">
     <span class='ocr_line' id='line_1_50' title="bbox 547 3847 2524 3925; baseline 0.003 -28"><span class='ocrx_word' id='word_1_567' title='bbox 547 3849 679 3909; x_wconf 88' lang='lat' dir='ltr'><strong>etc.,</strong></span> <span class='ocrx_word' id='word_1_568' title='bbox 711 3859 874 3918; x_wconf 86' lang='lat' dir='ltr'><strong>usque</strong></span> <span class='ocrx_word' id='word_1_569' title='bbox 912 3847 984 3903; x_wconf 87' lang='lat' dir='ltr'><strong>ad</strong></span> <span class='ocrx_word' id='word_1_570' title='bbox 1021 3857 1079 3906; x_wconf 90' lang='lat' dir='ltr'><strong>et</strong></span> <span class='ocrx_word' id='word_1_571' title='bbox 1114 3852 1329 3909; x_wconf 85' lang='lat' dir='ltr'><strong>vocatio</strong></span> <span class='ocrx_word' id='word_1_572' title='bbox 1358 3852 1475 3910; x_wconf 90' lang='lat' dir='ltr'><strong>Dei.</strong></span> <span class='ocrx_word' id='word_1_573' title='bbox 1508 3852 1699 3925; x_wconf 91' lang='lat' dir='ltr'><strong>(Idem,</strong></span> <span class='ocrx_word' id='word_1_574' title='bbox 1728 3854 1820 3910; x_wconf 83' lang='lat' dir='ltr'><strong>tib.</strong></span> <span class='ocrx_word' id='word_1_575' title='bbox 1851 3855 1918 3911; x_wconf 88' lang='lat' dir='ltr'><strong>de</strong></span> <span class='ocrx_word' id='word_1_576' title='bbox 1953 3853 2134 3912; x_wconf 69' lang='lat' dir='ltr'><strong>Praed.</strong></span> <span class='ocrx_word' id='word_1_577' title='bbox 2241 3849 2344 3908; x_wconf 89' lang='lat' dir='ltr'><strong>col.</strong></span> <span class='ocrx_word' id='word_1_578' title='bbox 2370 3847 2524 3920; x_wconf 90' lang='grc'>821.)</span> 
     </span>
    </p>
   </div>
   <div class='ocr_carea' id='block_1_51' title="bbox 550 3924 3751 4017">
    <p class='ocr_par' dir='ltr' id='par_1_51' title="bbox 550 3924 3751 4017">
     <span class='ocr_line' id='line_1_51' title="bbox 550 3924 3751 4017; baseline 0.009 -30"><span class='ocrx_word' id='word_1_579' title='bbox 550 3945 748 4002; x_wconf 82' lang='lat' dir='ltr'><strong>sanct.,</strong></span> <span class='ocrx_word' id='word_1_580' title='bbox 775 3945 909 3994; x_wconf 90' lang='lat' dir='ltr'><strong>tom.</strong></span> <span class='ocrx_word' id='word_1_581' title='bbox 939 3937 1008 4008; x_wconf 83' lang='lat' dir='ltr'><strong>X,</strong></span> <span class='ocrx_word' id='word_1_582' title='bbox 1028 3950 1170 4012; x_wconf 87' lang='lat' dir='ltr'><strong>part.</strong></span> <span class='ocrx_word' id='word_1_583' title='bbox 1197 3960 1238 4011; x_wconf 91' lang='grc' dir='ltr'><strong>ι,</strong></span> <span class='ocrx_word' id='word_1_584' title='bbox 1269 3944 1376 4000; x_wconf 90' lang='lat' dir='ltr'><strong>col.</strong></span> <span class='ocrx_word' id='word_1_585' title='bbox 1402 3924 1551 4017; x_wconf 71' lang='lat'><strong>985.)</strong></span> <span class='ocrx_word' id='word_1_586' title='bbox 2311 3940 2406 3997; x_wconf 71' lang='grc' dir='ltr'><strong>ΕῘΒ</strong></span> <span class='ocrx_word' id='word_1_587' title='bbox 2449 3948 2631 3997; x_wconf 55' lang='lat' dir='ltr'><strong>autem</strong></span> <span class='ocrx_word' id='word_1_588' title='bbox 2672 3939 3018 4012; x_wconf 65' lang='lat' dir='ltr'><strong>loquebatur.</strong></span> <span class='ocrx_word' id='word_1_589' title='bbox 3047 3947 3177 4005; x_wconf 69' lang='grc' dir='ltr'><strong>θιοον</strong></span> <span class='ocrx_word' id='word_1_590' title='bbox 3225 3953 3393 4011; x_wconf 57' lang='lat' dir='ltr'><strong><em>“que</em></strong></span> <span class='ocrx_word' id='word_1_591' title='bbox 3420 3936 3487 3990; x_wconf 67' lang='lat' dir='ltr'><strong><em>ad</em></strong></span> <span class='ocrx_word' id='word_1_592' title='bbox 3513 3924 3751 4017; x_wconf 41' lang='lat' dir='ltr'><strong>hmini&quot;?</strong></span> 
     </span>
    </p>
   </div>
   <div class='ocr_carea' id='block_1_52' title="bbox 622 4012 3865 4109">
    <p class='ocr_par' dir='ltr' id='par_1_52' title="bbox 622 4012 3865 4109">
     <span class='ocr_line' id='line_1_52' title="bbox 622 4012 3865 4109; baseline 0 -29"><span class='ocrx_word' id='word_1_593' title='bbox 622 4025 760 4092; x_wconf 84' lang='lat' dir='ltr'><strong>Quia</strong></span> <span class='ocrx_word' id='word_1_594' title='bbox 806 4029 946 4098; x_wconf 88' lang='lat' dir='ltr'><strong>quod</strong></span> <span class='ocrx_word' id='word_1_595' title='bbox 989 4032 1207 4090; x_wconf 86' lang='lat' dir='ltr'><strong>stultum</strong></span> <span class='ocrx_word' id='word_1_596' title='bbox 1248 4046 1347 4102; x_wconf 81' lang='lat' dir='ltr'><strong>est,</strong></span> <span class='ocrx_word' id='word_1_597' title='bbox 1396 4012 1734 4108; x_wconf 39' lang='lat' dir='ltr'><strong>etc.,-usque</strong></span> <span class='ocrx_word' id='word_1_598' title='bbox 1760 4038 1828 4094; x_wconf 87' lang='lat' dir='ltr'><strong>ad</strong></span> <span class='ocrx_word' id='word_1_599' title='bbox 1855 4039 2043 4109; x_wconf 78' lang='lat' dir='ltr'><strong>fortius</strong></span> <span class='ocrx_word' id='word_1_600' title='bbox 2066 4049 2143 4094; x_wconf 87' lang='lat' dir='ltr'><strong>est</strong></span> <span class='ocrx_word' id='word_1_601' title='bbox 2241 4036 2555 4108; x_wconf 90' lang='lat' dir='ltr'><strong>loquuntur.</strong></span> <span class='ocrx_word' id='word_1_602' title='bbox 2578 4035 2703 4108; x_wconf 92' lang='lat' dir='ltr'><strong>(Id.,</strong></span> <span class='ocrx_word' id='word_1_603' title='bbox 2730 4035 2824 4090; x_wconf 89' lang='lat' dir='ltr'><strong>lib.</strong></span> <span class='ocrx_word' id='word_1_604' title='bbox 2852 4050 2892 4092; x_wconf 86' lang='grc' dir='ltr'><strong>ιι</strong></span> <span class='ocrx_word' id='word_1_605' title='bbox 2908 4035 2974 4090; x_wconf 89' lang='lat' dir='ltr'><strong>de</strong></span> <span class='ocrx_word' id='word_1_606' title='bbox 2996 4033 3214 4099; x_wconf 88' lang='lat' dir='ltr'><strong>Trinit.,</strong></span> <span class='ocrx_word' id='word_1_607' title='bbox 3243 4027 3522 4095; x_wconf 90' lang='lat' dir='ltr'><strong>tom.VIII,</strong></span> <span class='ocrx_word' id='word_1_608' title='bbox 3543 4020 3631 4080; x_wconf 88' lang='lat' dir='ltr'><strong>col.</strong></span> <span class='ocrx_word' id='word_1_609' title='bbox 3650 4012 3751 4080; x_wconf 76' lang='lat'><strong>857-)</strong></span> <span class='ocrx_word' id='word_1_610' title='bbox 3861 4038 3865 4109; x_wconf 51' lang='grc' dir='ltr'><strong><em>ί</em></strong></span> 
     </span>
    </p>
   </div>
   <div class='ocr_carea' id='block_1_53' title="bbox 549 4117 3750 4204">
    <p class='ocr_par' dir='ltr' id='par_1_53' title="bbox 549 4117 3750 4204">
     <span class='ocr_line' id='line_1_53' title="bbox 549 4117 3750 4204; baseline 0.003 -34"><span class='ocrx_word' id='word_1_611' title='bbox 549 4117 865 4176; x_wconf 83' lang='lat' dir='ltr'><strong>hominibus.</strong></span> <span class='ocrx_word' id='word_1_612' title='bbox 918 4121 1036 4179; x_wconf 84' lang='lat' dir='ltr'><strong>Non</strong></span> <span class='ocrx_word' id='word_1_613' title='bbox 1071 4127 1216 4182; x_wconf 91' lang='lat' dir='ltr'><strong>enim</strong></span> <span class='ocrx_word' id='word_1_614' title='bbox 1263 4128 1332 4184; x_wconf 86' lang='lat' dir='ltr'><strong>ad</strong></span> <span class='ocrx_word' id='word_1_615' title='bbox 1371 4142 1494 4186; x_wconf 93' lang='lat' dir='ltr'><strong>eum</strong></span> <span class='ocrx_word' id='word_1_616' title='bbox 1536 4131 1629 4203; x_wconf 92' lang='lat' dir='ltr'><strong>qui</strong></span> <span class='ocrx_word' id='word_1_617' title='bbox 1669 4131 1867 4204; x_wconf 90' lang='lat' dir='ltr'><strong>ubique</strong></span> <span class='ocrx_word' id='word_1_618' title='bbox 1903 4147 2143 4202; x_wconf 78' lang='lat' dir='ltr'><strong>praesens</strong></span> <span class='ocrx_word' id='word_1_619' title='bbox 2314 4130 2430 4187; x_wconf 79' lang='lat' dir='ltr'><strong>Hoc</strong></span> <span class='ocrx_word' id='word_1_620' title='bbox 2468 4139 2553 4187; x_wconf 90' lang='lat' dir='ltr'><strong>est</strong></span> <span class='ocrx_word' id='word_1_621' title='bbox 2596 4129 2742 4187; x_wconf 89' lang='lat' dir='ltr'><strong>enim</strong></span> <span class='ocrx_word' id='word_1_622' title='bbox 2780 4127 3155 4201; x_wconf 80' lang='lat' dir='ltr'><strong>evangelizare</strong></span> <span class='ocrx_word' id='word_1_623' title='bbox 3180 4126 3480 4204; x_wconf 79' lang='lat' dir='ltr'><strong>Christum,</strong></span> <span class='ocrx_word' id='word_1_624' title='bbox 3507 4127 3616 4181; x_wconf 72' lang='grc' dir='ltr'><strong>εισι,</strong></span> <span class='ocrx_word' id='word_1_625' title='bbox 3640 4122 3750 4180; x_wconf 73' lang='grc' dir='ltr'><strong>ιιεηιι</strong></span> 
     </span>
    </p>
   </div>
   <div class='ocr_carea' id='block_1_54' title="bbox 551 4198 3750 4297">
    <p class='ocr_par' dir='ltr' id='par_1_54' title="bbox 551 4198 3750 4297">
     <span class='ocr_line' id='line_1_54' title="bbox 551 4198 3750 4297; baseline 0.001 -32"><span class='ocrx_word' id='word_1_626' title='bbox 551 4217 656 4279; x_wconf 87' lang='lat' dir='ltr'><strong>est,</strong></span> <span class='ocrx_word' id='word_1_627' title='bbox 683 4220 815 4280; x_wconf 89' lang='lat' dir='ltr'><strong>etc.,</strong></span> <span class='ocrx_word' id='word_1_628' title='bbox 843 4231 1008 4288; x_wconf 85' lang='lat' dir='ltr'><strong>usque</strong></span> <span class='ocrx_word' id='word_1_629' title='bbox 1035 4219 1104 4273; x_wconf 90' lang='lat' dir='ltr'><strong>ad</strong></span> <span class='ocrx_word' id='word_1_630' title='bbox 1143 4198 1570 4293; x_wconf 32' lang='lat' dir='ltr'><strong>imprudentiam.</strong></span> <span class='ocrx_word' id='word_1_631' title='bbox 1595 4198 1798 4281; x_wconf 60' lang='lat' dir='ltr'><strong>meam:</strong></span> <span class='ocrx_word' id='word_1_632' title='bbox 1828 4198 2018 4296; x_wconf 82' lang='lat' dir='ltr'><strong>(Idem,</strong></span> <span class='ocrx_word' id='word_1_633' title='bbox 2049 4224 2140 4282; x_wconf 84' lang='lat' dir='ltr'><strong>lib.</strong></span> <span class='ocrx_word' id='word_1_634' title='bbox 2244 4226 2312 4281; x_wconf 90' lang='lat' dir='ltr'><strong>ad</strong></span> <span class='ocrx_word' id='word_1_635' title='bbox 2334 4225 2473 4282; x_wconf 89' lang='lat' dir='ltr'><strong>bene</strong></span> <span class='ocrx_word' id='word_1_636' title='bbox 2515 4223 2650 4280; x_wconf 80' lang='lat' dir='ltr'><strong>vivit</strong></span> <span class='ocrx_word' id='word_1_637' title='bbox 2691 4239 2788 4297; x_wconf 90' lang='lat' dir='ltr'><strong>per</strong></span> <span class='ocrx_word' id='word_1_638' title='bbox 2831 4198 3204 4296; x_wconf 76' lang='lat' dir='ltr'><strong>Evangelium.</strong></span> <span class='ocrx_word' id='word_1_639' title='bbox 3251 4221 3381 4295; x_wconf 92' lang='lat' dir='ltr'><strong>(Id.,</strong></span> <span class='ocrx_word' id='word_1_640' title='bbox 3413 4198 3500 4273; x_wconf 83' lang='lat' dir='ltr'><strong>lib.</strong></span> <span class='ocrx_word' id='word_1_641' title='bbox 3527 4215 3583 4269; x_wconf 86' lang='lat' dir='ltr'><strong>de</strong></span> <span class='ocrx_word' id='word_1_642' title='bbox 3605 4205 3750 4262; x_wconf 60' lang='lat' dir='ltr'><strong>Fide“</strong></span> 
     </span>
    </p>
   </div>
   <div class='ocr_carea' id='block_1_55' title="bbox 551 4303 3203 4394">
    <p class='ocr_par' dir='ltr' id='par_1_55' title="bbox 551 4303 3203 4394">
     <span class='ocr_line' id='line_1_55' title="bbox 551 4303 3203 4394; baseline 0.005 -37"><span class='ocrx_word' id='word_1_643' title='bbox 551 4303 617 4361; x_wconf 89' lang='lat' dir='ltr'><strong>de</strong></span> <span class='ocrx_word' id='word_1_644' title='bbox 652 4303 834 4362; x_wconf 85' lang='lat' dir='ltr'><strong>Doctr.</strong></span> <span class='ocrx_word' id='word_1_645' title='bbox 867 4305 1084 4382; x_wconf 83' lang='lat' dir='ltr'><strong>Cbrist.,</strong></span> <span class='ocrx_word' id='word_1_646' title='bbox 1130 4321 1262 4394; x_wconf 84' lang='lat' dir='ltr'><strong>tom.</strong></span> <span class='ocrx_word' id='word_1_647' title='bbox 1289 4315 1375 4384; x_wconf 89' lang='lat' dir='ltr'><strong>III,</strong></span> <span class='ocrx_word' id='word_1_648' title='bbox 1408 4325 1550 4389; x_wconf 90' lang='lat' dir='ltr'><strong>part.</strong></span> <span class='ocrx_word' id='word_1_649' title='bbox 1589 4334 1631 4386; x_wconf 89' lang='grc' dir='ltr'><strong>ι,</strong></span> <span class='ocrx_word' id='word_1_650' title='bbox 1662 4318 1766 4376; x_wconf 88' lang='lat' dir='ltr'><strong>col.</strong></span> <span class='ocrx_word' id='word_1_651' title='bbox 1796 4318 1889 4387; x_wconf 86' lang='grc'>25,</span> <span class='ocrx_word' id='word_1_652' title='bbox 1925 4327 1980 4376; x_wconf 91' lang='lat' dir='ltr'><strong>et</strong></span> <span class='ocrx_word' id='word_1_653' title='bbox 2000 4320 2144 4394; x_wconf 88' lang='lat' dir='ltr'><strong>seq.)</strong></span> <span class='ocrx_word' id='word_1_654' title='bbox 2245 4333 2413 4389; x_wconf 68' lang='lat' dir='ltr'><strong>open,</strong></span> <span class='ocrx_word' id='word_1_655' title='bbox 2443 4322 2576 4372; x_wconf 90' lang='lat' dir='ltr'><strong>tom.</strong></span> <span class='ocrx_word' id='word_1_656' title='bbox 2600 4313 2692 4382; x_wconf 87' lang='lat' dir='ltr'><strong>VI,</strong></span> <span class='ocrx_word' id='word_1_657' title='bbox 2719 4315 2824 4372; x_wconf 89' lang='lat' dir='ltr'><strong>col.</strong></span> <span class='ocrx_word' id='word_1_658' title='bbox 2847 4314 2956 4372; x_wconf 86' lang='grc'><strong>206</strong></span> <span class='ocrx_word' id='word_1_659' title='bbox 2979 4322 3037 4370; x_wconf 90' lang='lat' dir='ltr'><strong>et</strong></span> <span class='ocrx_word' id='word_1_660' title='bbox 3059 4315 3203 4387; x_wconf 88' lang='lat' dir='ltr'><strong>seq.)</strong></span> 
     </span>
    </p>
   </div>
   <div class='ocr_carea' id='block_1_56' title="bbox 624 4386 3748 4482">
    <p class='ocr_par' dir='ltr' id='par_1_56' title="bbox 624 4386 3748 4482">
     <span class='ocr_line' id='line_1_56' title="bbox 624 4386 3748 4482; baseline -0.001 -31"><span class='ocrx_word' id='word_1_661' title='bbox 624 4396 755 4466; x_wconf 75' lang='lat' dir='ltr'><strong>Qua:</strong></span> <span class='ocrx_word' id='word_1_662' title='bbox 786 4399 1145 4472; x_wconf 87' lang='lat' dir='ltr'><strong>imprudentia</strong></span> <span class='ocrx_word' id='word_1_663' title='bbox 1172 4391 1226 4463; x_wconf 91' lang='lat' dir='ltr'><strong>in</strong></span> <span class='ocrx_word' id='word_1_664' title='bbox 1249 4386 1491 4477; x_wconf 75' lang='lat' dir='ltr'><strong>Christo,</strong></span> <span class='ocrx_word' id='word_1_665' title='bbox 1514 4417 1650 4478; x_wconf 92' lang='lat' dir='ltr'><strong>etc.,</strong></span> <span class='ocrx_word' id='word_1_666' title='bbox 1679 4427 1843 4482; x_wconf 87' lang='lat' dir='ltr'><strong>usque</strong></span> <span class='ocrx_word' id='word_1_667' title='bbox 1871 4386 1941 4466; x_wconf 80' lang='lat' dir='ltr'><strong>ad</strong></span> <span class='ocrx_word' id='word_1_668' title='bbox 1969 4386 2146 4468; x_wconf 53' lang='lat' dir='ltr'><strong>cruci;</strong></span> <span class='ocrx_word' id='word_1_669' title='bbox 2278 4386 2285 4389; x_wconf 30' lang='grc'>⁷</span> <span class='ocrx_word' id='word_1_670' title='bbox 2315 4406 2422 4466; x_wconf 88' lang='lat' dir='ltr'><strong>Sed</strong></span> <span class='ocrx_word' id='word_1_671' title='bbox 2448 4408 2715 4482; x_wconf 88' lang='lat' dir='ltr'><strong>loquimur</strong></span> <span class='ocrx_word' id='word_1_672' title='bbox 2739 4407 2840 4464; x_wconf 91' lang='lat' dir='ltr'><strong>Dei</strong></span> <span class='ocrx_word' id='word_1_673' title='bbox 2868 4407 3204 4478; x_wconf 84' lang='lat' dir='ltr'><strong>sapientiam,</strong></span> <span class='ocrx_word' id='word_1_674' title='bbox 3236 4414 3368 4474; x_wconf 87' lang='lat' dir='ltr'><strong>etc.,</strong></span> <span class='ocrx_word' id='word_1_675' title='bbox 3415 4412 3572 4472; x_wconf 86' lang='lat' dir='ltr'><strong>usque</strong></span> <span class='ocrx_word' id='word_1_676' title='bbox 3597 4391 3652 4450; x_wconf 87' lang='lat' dir='ltr'><strong>ad</strong></span> <span class='ocrx_word' id='word_1_677' title='bbox 3669 4386 3748 4482; x_wconf 67' lang='lat' dir='ltr'><strong>Po-</strong></span> 
     </span>
    </p>
   </div>
   <div class='ocr_carea' id='block_1_57' title="bbox 552 4480 3745 4575">
    <p class='ocr_par' dir='ltr' id='par_1_57' title="bbox 552 4480 3745 4575">
     <span class='ocr_line' id='line_1_57' title="bbox 552 4480 3745 4575; baseline -0.002 -32"><span class='ocrx_word' id='word_1_678' title='bbox 552 4487 817 4547; x_wconf 80' lang='lat' dir='ltr'><strong>llxissent.</strong></span> <span class='ocrx_word' id='word_1_679' title='bbox 850 4495 931 4565; x_wconf 91' lang='lat' dir='ltr'><strong>(S.</strong></span> <span class='ocrx_word' id='word_1_680' title='bbox 966 4497 1133 4570; x_wconf 80' lang='lat' dir='ltr'><strong>Aug.,</strong></span> <span class='ocrx_word' id='word_1_681' title='bbox 1158 4508 1312 4556; x_wconf 84' lang='lat' dir='ltr'><strong>tract.</strong></span> <span class='ocrx_word' id='word_1_682' title='bbox 1360 4501 1414 4555; x_wconf 85' lang='lat' dir='ltr'><strong>in</strong></span> <span class='ocrx_word' id='word_1_683' title='bbox 1456 4501 1591 4572; x_wconf 85' lang='lat' dir='ltr'><strong>psal.</strong></span> <span class='ocrx_word' id='word_1_684' title='bbox 1637 4480 1840 4569; x_wconf 72' lang='lat' dir='ltr'><strong>varn,</strong></span> <span class='ocrx_word' id='word_1_685' title='bbox 1886 4511 2016 4560; x_wconf 88' lang='lat' dir='ltr'><strong>tom.</strong></span> <span class='ocrx_word' id='word_1_686' title='bbox 2047 4504 2140 4575; x_wconf 89' lang='lat' dir='ltr'><strong>IV,</strong></span> <span class='ocrx_word' id='word_1_687' title='bbox 2165 4567 2209 4575; x_wconf 87' lang='lat'><strong>__</strong></span> <span class='ocrx_word' id='word_1_688' title='bbox 2242 4501 2447 4558; x_wconf 86' lang='lat' dir='ltr'><strong>minum</strong></span> <span class='ocrx_word' id='word_1_689' title='bbox 2489 4480 2671 4572; x_wconf 71' lang='lat' dir='ltr'><strong>glorias</strong></span> <span class='ocrx_word' id='word_1_690' title='bbox 2709 4498 3110 4570; x_wconf 72' lang='lat' dir='ltr'><strong>cruciﬁxissent.</strong></span> <span class='ocrx_word' id='word_1_691' title='bbox 3161 4497 3349 4556; x_wconf 87' lang='lat' dir='ltr'><strong>Gratia</strong></span> <span class='ocrx_word' id='word_1_692' title='bbox 3393 4497 3490 4553; x_wconf 85' lang='lat' dir='ltr'><strong>ista</strong></span> <span class='ocrx_word' id='word_1_693' title='bbox 3513 4480 3745 4547; x_wconf 72' lang='lat' dir='ltr'><strong>Christiana</strong></span> 
     </span>
    </p>
   </div>
   <div class='ocr_carea' id='block_1_58' title="bbox 551 4567 3748 4668">
    <p class='ocr_par' dir='ltr' id='par_1_58' title="bbox 551 4567 3748 4668">
     <span class='ocr_line' id='line_1_58' title="bbox 551 4567 3748 4668; baseline 0.012 -51"><span class='ocrx_word' id='word_1_694' title='bbox 551 4589 694 4649; x_wconf 54' lang='lat' dir='ltr'><strong>pa&quot;.</strong></span> <span class='ocrx_word' id='word_1_695' title='bbox 726 4598 765 4651; x_wconf 61' lang='grc' dir='ltr'><strong>ι,</strong></span> <span class='ocrx_word' id='word_1_696' title='bbox 795 4585 897 4641; x_wconf 56' lang='grc' dir='ltr'><strong>θοι⁸</strong></span> <span class='ocrx_word' id='word_1_697' title='bbox 926 4567 1079 4660; x_wconf 49' lang='lat'><strong>349.)</strong></span> <span class='ocrx_word' id='word_1_698' title='bbox 1456 4567 1465 4572; x_wconf 59' lang='grc'>⁷</span> <span class='ocrx_word' id='word_1_699' title='bbox 1828 4567 1832 4569; x_wconf 9' lang='grc' dir='ltr'><strong><em>Ὗ</em></strong></span> <span class='ocrx_word' id='word_1_700' title='bbox 2123 4567 2135 4575; x_wconf 41' lang='grc'><strong>⁷</strong></span> <span class='ocrx_word' id='word_1_701' title='bbox 2163 4567 2220 4628; x_wconf 71' lang='grc' dir='ltr'><strong>υ</strong></span> <span class='ocrx_word' id='word_1_702' title='bbox 2244 4594 2392 4668; x_wconf 90' lang='lat' dir='ltr'><strong>(quia</strong></span> <span class='ocrx_word' id='word_1_703' title='bbox 2418 4567 2604 4651; x_wconf 77' lang='lat' dir='ltr'><strong>omnia</strong></span> <span class='ocrx_word' id='word_1_704' title='bbox 2628 4600 2755 4650; x_wconf 90' lang='lat' dir='ltr'><strong>sunt</strong></span> <span class='ocrx_word' id='word_1_705' title='bbox 2777 4567 2974 4649; x_wconf 85' lang='lat' dir='ltr'><strong>tradita</strong></span> <span class='ocrx_word' id='word_1_706' title='bbox 2995 4591 3213 4649; x_wconf 88' lang='lat' dir='ltr'><strong>Christo</strong></span> <span class='ocrx_word' id='word_1_707' title='bbox 3237 4608 3267 4648; x_wconf 89' lang='lat' dir='ltr'><strong>a</strong></span> <span class='ocrx_word' id='word_1_708' title='bbox 3291 4592 3451 4648; x_wconf 86' lang='lat' dir='ltr'><strong>Patre</strong></span> <span class='ocrx_word' id='word_1_709' title='bbox 3475 4580 3596 4656; x_wconf 76' lang='lat' dir='ltr'><strong>eius)</strong></span> <span class='ocrx_word' id='word_1_710' title='bbox 3616 4580 3748 4668; x_wconf 48' lang='grc' dir='ltr'><strong>οηξηῗδ</strong></span> 
     </span>
    </p>
   </div>
   <div class='ocr_carea' id='block_1_59' title="bbox 579 4664 3861 4773">
    <p class='ocr_par' dir='ltr' id='par_1_59' title="bbox 579 4664 3861 4773">
     <span class='ocr_line' id='line_1_59' title="bbox 579 4664 3861 4773; baseline 0.007 -43"><span class='ocrx_word' id='word_1_711' title='bbox 579 4762 590 4773; x_wconf 36' lang='grc'>⁸</span> <span class='ocrx_word' id='word_1_712' title='bbox 622 4671 874 4773; x_wconf 67' lang='lat' dir='ltr'><strong>Inﬁrmus</strong></span> <span class='ocrx_word' id='word_1_713' title='bbox 896 4693 1062 4736; x_wconf 88' lang='lat' dir='ltr'><strong>carne</strong></span> <span class='ocrx_word' id='word_1_714' title='bbox 1081 4679 1261 4750; x_wconf 86' lang='lat' dir='ltr'><strong>Jesus,</strong></span> <span class='ocrx_word' id='word_1_715' title='bbox 1282 4692 1412 4752; x_wconf 91' lang='lat' dir='ltr'><strong>etc.,</strong></span> <span class='ocrx_word' id='word_1_716' title='bbox 1437 4701 1600 4756; x_wconf 87' lang='lat' dir='ltr'><strong>usque</strong></span> <span class='ocrx_word' id='word_1_717' title='bbox 1625 4685 1695 4740; x_wconf 87' lang='lat' dir='ltr'><strong>ad</strong></span> <span class='ocrx_word' id='word_1_718' title='bbox 1721 4694 1906 4743; x_wconf 91' lang='lat' dir='ltr'><strong>nostra</strong></span> <span class='ocrx_word' id='word_1_719' title='bbox 1931 4696 2015 4744; x_wconf 89' lang='lat' dir='ltr'><strong>est</strong></span> <span class='ocrx_word' id='word_1_720' title='bbox 2035 4687 2139 4744; x_wconf 83' lang='lat' dir='ltr'><strong>for-</strong></span> <span class='ocrx_word' id='word_1_721' title='bbox 2239 4664 2420 4757; x_wconf 71' lang='lat' dir='ltr'><strong>latuit,</strong></span> <span class='ocrx_word' id='word_1_722' title='bbox 2450 4696 2582 4756; x_wconf 86' lang='lat' dir='ltr'><strong>etc.,</strong></span> <span class='ocrx_word' id='word_1_723' title='bbox 2603 4704 2768 4760; x_wconf 87' lang='lat' dir='ltr'><strong>usque</strong></span> <span class='ocrx_word' id='word_1_724' title='bbox 2815 4687 2885 4743; x_wconf 90' lang='lat' dir='ltr'><strong>ad</strong></span> <span class='ocrx_word' id='word_1_725' title='bbox 2931 4689 3292 4745; x_wconf 88' lang='lat' dir='ltr'><strong>trementibus</strong></span> <span class='ocrx_word' id='word_1_726' title='bbox 3321 4685 3481 4746; x_wconf 80' lang='lat' dir='ltr'><strong>verba</strong></span> <span class='ocrx_word' id='word_1_727' title='bbox 3513 4664 3743 4773; x_wconf 45' lang='lat' dir='ltr'><strong>eius;</strong></span> <span class='ocrx_word' id='word_1_728' title='bbox 3859 4691 3861 4760; x_wconf 75' lang='grc' dir='ltr'>ἓ</span> 
     </span>
    </p>
   </div>
   <div class='ocr_carea' id='block_1_60' title="bbox 555 4752 2123 4850">
    <p class='ocr_par' dir='ltr' id='par_1_60' title="bbox 555 4752 2123 4850">
     <span class='ocr_line' id='line_1_60' title="bbox 555 4752 2123 4850; baseline 0.012 -33"><span class='ocrx_word' id='word_1_729' title='bbox 555 4762 745 4820; x_wconf 83' lang='lat' dir='ltr'><strong>titudo.</strong></span> <span class='ocrx_word' id='word_1_730' title='bbox 785 4767 804 4839; x_wconf 97' lang='lat'><strong>(</strong></span> <span class='ocrx_word' id='word_1_731' title='bbox 828 4767 930 4838; x_wconf 91' lang='lat' dir='ltr'><strong>Id.,</strong></span> <span class='ocrx_word' id='word_1_732' title='bbox 957 4780 1113 4829; x_wconf 87' lang='lat' dir='ltr'><strong>tract.</strong></span> <span class='ocrx_word' id='word_1_733' title='bbox 1138 4774 1194 4830; x_wconf 93' lang='lat' dir='ltr'><strong>in</strong></span> <span class='ocrx_word' id='word_1_734' title='bbox 1219 4791 1426 4848; x_wconf 83' lang='lat' dir='ltr'><strong>evang.,</strong></span> <span class='ocrx_word' id='word_1_735' title='bbox 1450 4752 1552 4832; x_wconf 74' lang='lat' dir='ltr'><strong>see.</strong></span> <span class='ocrx_word' id='word_1_736' title='bbox 1581 4776 1743 4834; x_wconf 84' lang='lat' dir='ltr'><strong>Joan.</strong></span> <span class='ocrx_word' id='word_1_737' title='bbox 1771 4793 1828 4847; x_wconf 80' lang='grc' dir='ltr'><strong>ν,</strong></span> <span class='ocrx_word' id='word_1_738' title='bbox 1865 4787 1996 4836; x_wconf 89' lang='lat' dir='ltr'><strong>tom.</strong></span> <span class='ocrx_word' id='word_1_739' title='bbox 2022 4780 2123 4850; x_wconf 68' lang='lat' dir='ltr'><strong>VII,</strong></span> 
     </span>
    </p>
   </div>
   <div class='ocr_carea' id='block_1_61' title="bbox 2175 4752 3743 4850">
    <p class='ocr_par' dir='ltr' id='par_1_61' title="bbox 2239 4752 3743 4850">
     <span class='ocr_line' id='line_1_61' title="bbox 2239 4752 3743 4850; baseline -0.011 -14"><span class='ocrx_word' id='word_1_740' title='bbox 2239 4752 2493 4838; x_wconf 27' lang='lat' dir='ltr'><strong>serm.vde</strong></span> <span class='ocrx_word' id='word_1_741' title='bbox 2515 4752 2634 4836; x_wconf 75' lang='lat' dir='ltr'><strong>lect.</strong></span> <span class='ocrx_word' id='word_1_742' title='bbox 2659 4752 2847 4850; x_wconf 68' lang='lat' dir='ltr'><strong>euang.</strong></span> <span class='ocrx_word' id='word_1_743' title='bbox 2875 4775 3062 4847; x_wconf 84' lang='lat' dir='ltr'><strong>Joau.,</strong></span> <span class='ocrx_word' id='word_1_744' title='bbox 3091 4787 3224 4836; x_wconf 91' lang='lat' dir='ltr'><strong>tom.</strong></span> <span class='ocrx_word' id='word_1_745' title='bbox 3243 4780 3310 4847; x_wconf 87' lang='lat' dir='ltr'><strong>V,</strong></span> <span class='ocrx_word' id='word_1_746' title='bbox 3336 4783 3476 4850; x_wconf 88' lang='lat' dir='ltr'><strong>part.</strong></span> <span class='ocrx_word' id='word_1_747' title='bbox 3515 4787 3554 4836; x_wconf 92' lang='grc' dir='ltr'><strong>ι,</strong></span> <span class='ocrx_word' id='word_1_748' title='bbox 3577 4752 3743 4822; x_wconf 72' lang='lat'><strong>001.776</strong></span> 
     </span>
    </p>
   </div>
   <div class='ocr_carea' id='block_1_62' title="bbox 553 4861 2121 4944">
    <p class='ocr_par' dir='ltr' id='par_1_62' title="bbox 553 4861 1128 4936">
     <span class='ocr_line' id='line_1_62' title="bbox 553 4861 1128 4936; baseline 0.021 -27"><span class='ocrx_word' id='word_1_749' title='bbox 553 4863 697 4925; x_wconf 88' lang='lat' dir='ltr'><strong>part.</strong></span> <span class='ocrx_word' id='word_1_750' title='bbox 724 4873 786 4924; x_wconf 88' lang='grc' dir='ltr'><strong>ιι,</strong></span> <span class='ocrx_word' id='word_1_751' title='bbox 811 4861 916 4918; x_wconf 88' lang='lat' dir='ltr'><strong>col.</strong></span> <span class='ocrx_word' id='word_1_752' title='bbox 943 4864 1128 4936; x_wconf 85' lang='grc'>1515.)</span> 
     </span>
    </p>
   </div>
   <div class='ocr_carea' id='block_1_63' title="bbox 889 4861 2457 4944">
    <p class='ocr_par' dir='ltr' id='par_1_63' title="bbox 889 4861 2457 4944">
     <span class='ocr_line' id='line_1_63' title="bbox 889 4861 2457 4944; baseline 0.006 -27"><span class='ocrx_word' id='word_1_753' title='bbox 889 4861 916 4918; x_wconf 83' lang='grc' dir='ltr'><strong>ι.</strong></span> <span class='ocrx_word' id='word_1_754' title='bbox 943 4864 1128 4936; x_wconf 84' lang='grc'>1515.)</span> <span class='ocrx_word' id='word_1_755' title='bbox 2239 4881 2296 4928; x_wconf 90' lang='lat' dir='ltr'><strong>et</strong></span> <span class='ocrx_word' id='word_1_756' title='bbox 2317 4870 2457 4944; x_wconf 91' lang='lat' dir='ltr'><strong>seq.)</strong></span> 
     </span>
    </p>
   </div>
   <div class='ocr_carea' id='block_1_64' title="bbox 637 4944 3742 5055">
    <p class='ocr_par' dir='ltr' id='par_1_64' title="bbox 637 4944 3742 5055">
     <span class='ocr_line' id='line_1_64' title="bbox 637 4944 3742 5055; baseline 0.012 -54"><span class='ocrx_word' id='word_1_757' title='bbox 637 4944 817 5055; x_wconf 60' lang='lat' dir='ltr'><strong>Videte</strong></span> <span class='ocrx_word' id='word_1_758' title='bbox 863 4953 1003 5009; x_wconf 90' lang='lat' dir='ltr'><strong>enim</strong></span> <span class='ocrx_word' id='word_1_759' title='bbox 1050 4958 1441 5016; x_wconf 83' lang='lat' dir='ltr'><strong>vocationem...</strong></span> <span class='ocrx_word' id='word_1_760' title='bbox 1491 4979 1609 5034; x_wconf 75' lang='lat' dir='ltr'><strong>qua:</strong></span> <span class='ocrx_word' id='word_1_761' title='bbox 1659 4975 1779 5020; x_wconf 86' lang='lat' dir='ltr'><strong>sunt</strong></span> <span class='ocrx_word' id='word_1_762' title='bbox 1827 4965 2132 5024; x_wconf 84' lang='lat' dir='ltr'><strong>destrueret.</strong></span> <span class='ocrx_word' id='word_1_763' title='bbox 2311 4965 2425 5023; x_wconf 85' lang='lat' dir='ltr'><strong>Nisi</strong></span> <span class='ocrx_word' id='word_1_764' title='bbox 2451 4965 2566 5037; x_wconf 88' lang='lat' dir='ltr'><strong>ipse</strong></span> <span class='ocrx_word' id='word_1_765' title='bbox 2587 4974 2734 5024; x_wconf 88' lang='lat' dir='ltr'><strong>esset</strong></span> <span class='ocrx_word' id='word_1_766' title='bbox 2753 4972 2809 5020; x_wconf 89' lang='lat' dir='ltr'><strong>et</strong></span> <span class='ocrx_word' id='word_1_767' title='bbox 2831 4963 2974 5023; x_wconf 83' lang='lat' dir='ltr'><strong>ﬁlius</strong></span> <span class='ocrx_word' id='word_1_768' title='bbox 2991 4965 3565 5055; x_wconf 60' lang='lat' dir='ltr'><strong>hominis,etco§“‘_‘l&quot;_‘</strong></span> <span class='ocrx_word' id='word_1_769' title='bbox 3586 4945 3742 5055; x_wconf 43' lang='lat' dir='ltr'><strong>“Si”</strong></span> 
     </span>
    </p>
   </div>
   <div class='ocr_carea' id='block_1_65' title="bbox 555 5039 3736 5133">
    <p class='ocr_par' dir='ltr' id='par_1_65' title="bbox 555 5039 3736 5133">
     <span class='ocr_line' id='line_1_65' title="bbox 555 5039 3736 5133; baseline 0.005 -39"><span class='ocrx_word' id='word_1_770' title='bbox 555 5039 881 5101; x_wconf 83' lang='lat' dir='ltr'><strong>Humiliatus</strong></span> <span class='ocrx_word' id='word_1_771' title='bbox 909 5055 995 5104; x_wconf 88' lang='lat' dir='ltr'><strong>est</strong></span> <span class='ocrx_word' id='word_1_772' title='bbox 1021 5047 1283 5109; x_wconf 84' lang='lat' dir='ltr'><strong>Dominus</strong></span> <span class='ocrx_word' id='word_1_773' title='bbox 1310 5053 1578 5124; x_wconf 88' lang='lat' dir='ltr'><strong>Christus,</strong></span> <span class='ocrx_word' id='word_1_774' title='bbox 1605 5065 1738 5125; x_wconf 87' lang='lat' dir='ltr'><strong>etc.,</strong></span> <span class='ocrx_word' id='word_1_775' title='bbox 1775 5076 1939 5131; x_wconf 88' lang='lat' dir='ltr'><strong>usque</strong></span> <span class='ocrx_word' id='word_1_776' title='bbox 1976 5062 2044 5116; x_wconf 91' lang='lat' dir='ltr'><strong>ad</strong></span> <span class='ocrx_word' id='word_1_777' title='bbox 2081 5061 2137 5116; x_wconf 92' lang='lat' dir='ltr'><strong>in</strong></span> <span class='ocrx_word' id='word_1_778' title='bbox 2247 5058 2558 5131; x_wconf 90' lang='lat' dir='ltr'><strong>loqueretur</strong></span> <span class='ocrx_word' id='word_1_779' title='bbox 2607 5059 2663 5115; x_wconf 92' lang='lat' dir='ltr'><strong>in</strong></span> <span class='ocrx_word' id='word_1_780' title='bbox 2693 5067 2858 5115; x_wconf 89' lang='lat' dir='ltr'><strong>terra.</strong></span> <span class='ocrx_word' id='word_1_781' title='bbox 2907 5058 3032 5133; x_wconf 93' lang='lat' dir='ltr'><strong>(Id.,</strong></span> <span class='ocrx_word' id='word_1_782' title='bbox 3081 5058 3175 5115; x_wconf 88' lang='lat' dir='ltr'><strong>lib.</strong></span> <span class='ocrx_word' id='word_1_783' title='bbox 3217 5073 3313 5114; x_wconf 80' lang='lat' dir='ltr'><strong>xm</strong></span> <span class='ocrx_word' id='word_1_784' title='bbox 3358 5055 3421 5111; x_wconf 85' lang='lat' dir='ltr'><strong>de</strong></span> <span class='ocrx_word' id='word_1_785' title='bbox 3463 5046 3611 5106; x_wconf 65' lang='grc' dir='ltr'><strong>Τήνιοι</strong></span> <span class='ocrx_word' id='word_1_786' title='bbox 3649 5041 3736 5088; x_wconf 75' lang='grc' dir='ltr'><strong>ω¹¹¹”</strong></span> 
     </span>
    </p>
   </div>
   <div class='ocr_carea' id='block_1_66' title="bbox 554 5135 2934 5225">
    <p class='ocr_par' dir='ltr' id='par_1_66' title="bbox 554 5135 2934 5225">
     <span class='ocr_line' id='line_1_66' title="bbox 554 5135 2934 5225; baseline 0.008 -36"><span class='ocrx_word' id='word_1_787' title='bbox 554 5135 779 5206; x_wconf 88' lang='lat' dir='ltr'><strong>pudoris</strong></span> <span class='ocrx_word' id='word_1_788' title='bbox 804 5152 931 5196; x_wconf 89' lang='lat' dir='ltr'><strong>arce</strong></span> <span class='ocrx_word' id='word_1_789' title='bbox 945 5143 1303 5203; x_wconf 85' lang='lat' dir='ltr'><strong>constituunt.</strong></span> <span class='ocrx_word' id='word_1_790' title='bbox 1323 5148 1450 5220; x_wconf 90' lang='lat' dir='ltr'><strong>(Id.,</strong></span> <span class='ocrx_word' id='word_1_791' title='bbox 1469 5166 1624 5207; x_wconf 88' lang='lat' dir='ltr'><strong>serm.</strong></span> <span class='ocrx_word' id='word_1_792' title='bbox 1647 5151 1918 5224; x_wconf 64' lang='lat' dir='ltr'><strong>deﬂuinq.</strong></span> <span class='ocrx_word' id='word_1_793' title='bbox 1943 5170 2137 5221; x_wconf 86' lang='lat' dir='ltr'><strong>resur.,</strong></span> <span class='ocrx_word' id='word_1_794' title='bbox 2242 5153 2376 5220; x_wconf 92' lang='lat' dir='ltr'><strong>VIII,</strong></span> <span class='ocrx_word' id='word_1_795' title='bbox 2405 5152 2511 5210; x_wconf 91' lang='lat' dir='ltr'><strong>col.</strong></span> <span class='ocrx_word' id='word_1_796' title='bbox 2541 5153 2680 5209; x_wconf 88' lang='grc'>1028</span> <span class='ocrx_word' id='word_1_797' title='bbox 2705 5161 2762 5209; x_wconf 91' lang='lat' dir='ltr'><strong>et</strong></span> <span class='ocrx_word' id='word_1_798' title='bbox 2791 5152 2934 5225; x_wconf 92' lang='lat' dir='ltr'><strong>seq.)</strong></span> 
     </span>
    </p>
   </div>
   <div class='ocr_carea' id='block_1_67' title="bbox 554 5228 2122 5317">
    <p class='ocr_par' dir='ltr' id='par_1_67' title="bbox 554 5231 1372 5314">
     <span class='ocr_line' id='line_1_67' title="bbox 554 5231 1372 5314; baseline 0.021 -31"><span class='ocrx_word' id='word_1_799' title='bbox 554 5236 689 5286; x_wconf 85' lang='lat' dir='ltr'><strong>tom.</strong></span> <span class='ocrx_word' id='word_1_800' title='bbox 711 5231 774 5299; x_wconf 87' lang='lat' dir='ltr'><strong>V,</strong></span> <span class='ocrx_word' id='word_1_801' title='bbox 802 5242 944 5304; x_wconf 89' lang='lat' dir='ltr'><strong>part.</strong></span> <span class='ocrx_word' id='word_1_802' title='bbox 971 5253 1032 5305; x_wconf 89' lang='grc' dir='ltr'><strong>ιι,</strong></span> <span class='ocrx_word' id='word_1_803' title='bbox 1057 5238 1163 5296; x_wconf 88' lang='lat' dir='ltr'><strong>col.</strong></span> <span class='ocrx_word' id='word_1_804' title='bbox 1188 5241 1372 5314; x_wconf 88' lang='grc'>1729.)</span> 
     </span>
    </p>
   </div>
   <div class='ocr_carea' id='block_1_68' title="bbox 2165 5228 3733 5317">
    <p class='ocr_par' dir='ltr' id='par_1_68' title="bbox 2318 5228 3733 5317">
     <span class='ocr_line' id='line_1_68' title="bbox 2318 5228 3733 5317; baseline -0.017 -12"><span class='ocrx_word' id='word_1_805' title='bbox 2318 5246 2433 5304; x_wconf 91' lang='lat' dir='ltr'><strong>Una</strong></span> <span class='ocrx_word' id='word_1_806' title='bbox 2475 5261 2706 5317; x_wconf 88' lang='lat' dir='ltr'><strong>persona</strong></span> <span class='ocrx_word' id='word_1_807' title='bbox 2737 5255 2824 5302; x_wconf 87' lang='lat' dir='ltr'><strong>est</strong></span> <span class='ocrx_word' id='word_1_808' title='bbox 2872 5245 3122 5304; x_wconf 89' lang='lat' dir='ltr'><strong>Christus</strong></span> <span class='ocrx_word' id='word_1_809' title='bbox 3163 5247 3305 5304; x_wconf 91' lang='lat' dir='ltr'><strong>Deus</strong></span> <span class='ocrx_word' id='word_1_810' title='bbox 3350 5251 3404 5300; x_wconf 90' lang='lat' dir='ltr'><strong>et</strong></span> <span class='ocrx_word' id='word_1_811' title='bbox 3444 5239 3600 5294; x_wconf 87' lang='lat' dir='ltr'><strong>homo,</strong></span> <span class='ocrx_word' id='word_1_812' title='bbox 3634 5228 3733 5317; x_wconf 47' lang='lat' dir='ltr'><strong>sic»</strong></span> 
     </span>
    </p>
   </div>
   <div class='ocr_carea' id='block_1_69' title="bbox 627 5313 3734 5414">
    <p class='ocr_par' dir='ltr' id='par_1_69' title="bbox 627 5313 3734 5414">
     <span class='ocr_line' id='line_1_69' title="bbox 627 5313 3734 5414; baseline -0.008 -23"><span class='ocrx_word' id='word_1_813' title='bbox 627 5323 808 5392; x_wconf 79' lang='lat' dir='ltr'><strong>Quare</strong></span> <span class='ocrx_word' id='word_1_814' title='bbox 844 5337 1025 5388; x_wconf 70' lang='lat' dir='ltr'><strong>autem</strong></span> <span class='ocrx_word' id='word_1_815' title='bbox 1060 5335 1236 5405; x_wconf 88' lang='lat' dir='ltr'><strong>primo</strong></span> <span class='ocrx_word' id='word_1_816' title='bbox 1272 5337 1554 5410; x_wconf 80' lang='lat' dir='ltr'><strong>ignobiles,</strong></span> <span class='ocrx_word' id='word_1_817' title='bbox 1582 5348 1714 5409; x_wconf 91' lang='lat' dir='ltr'><strong>etc.,</strong></span> <span class='ocrx_word' id='word_1_818' title='bbox 1745 5357 1908 5413; x_wconf 87' lang='lat' dir='ltr'><strong>usque</strong></span> <span class='ocrx_word' id='word_1_819' title='bbox 1936 5341 2006 5397; x_wconf 88' lang='lat' dir='ltr'><strong>ad</strong></span> <span class='ocrx_word' id='word_1_820' title='bbox 2032 5342 2139 5398; x_wconf 88' lang='lat' dir='ltr'><strong>nisi</strong></span> <span class='ocrx_word' id='word_1_821' title='bbox 2244 5357 2407 5411; x_wconf 82' lang='lat' dir='ltr'><strong>usque</strong></span> <span class='ocrx_word' id='word_1_822' title='bbox 2459 5313 2529 5396; x_wconf 77' lang='lat' dir='ltr'><strong>ad</strong></span> <span class='ocrx_word' id='word_1_823' title='bbox 2577 5355 2699 5396; x_wconf 90' lang='lat' dir='ltr'><strong>cum</strong></span> <span class='ocrx_word' id='word_1_824' title='bbox 2767 5341 3083 5414; x_wconf 88' lang='lat' dir='ltr'><strong>loqueretur</strong></span> <span class='ocrx_word' id='word_1_825' title='bbox 3119 5340 3174 5396; x_wconf 93' lang='lat' dir='ltr'><strong>in</strong></span> <span class='ocrx_word' id='word_1_826' title='bbox 3223 5349 3384 5397; x_wconf 83' lang='lat' dir='ltr'><strong>terra.</strong></span> <span class='ocrx_word' id='word_1_827' title='bbox 3429 5327 3536 5404; x_wconf 88' lang='lat' dir='ltr'><strong>(Id.</strong></span> <span class='ocrx_word' id='word_1_828' title='bbox 3561 5363 3575 5390; x_wconf 93' lang='lat'><strong>,</strong></span> <span class='ocrx_word' id='word_1_829' title='bbox 3612 5313 3680 5370; x_wconf 84' lang='lat' dir='ltr'><strong>lib.</strong></span> <span class='ocrx_word' id='word_1_830' title='bbox 3711 5318 3734 5358; x_wconf 87' lang='lat' dir='ltr'><strong>II</strong></span> 
     </span>
    </p>
   </div>
   <div class='ocr_carea' id='block_1_70' title="bbox 554 5423 3330 5507">
    <p class='ocr_par' dir='ltr' id='par_1_70' title="bbox 554 5423 3330 5507">
     <span class='ocr_line' id='line_1_70' title="bbox 554 5423 3330 5507; baseline 0.006 -36"><span class='ocrx_word' id='word_1_831' title='bbox 554 5431 654 5487; x_wconf 89' lang='lat' dir='ltr'><strong>per</strong></span> <span class='ocrx_word' id='word_1_832' title='bbox 682 5423 1010 5491; x_wconf 89' lang='lat' dir='ltr'><strong>superbiam.</strong></span> <span class='ocrx_word' id='word_1_833' title='bbox 1041 5427 1167 5499; x_wconf 91' lang='lat' dir='ltr'><strong>(Id.,</strong></span> <span class='ocrx_word' id='word_1_834' title='bbox 1195 5447 1351 5486; x_wconf 87' lang='lat' dir='ltr'><strong>serm.</strong></span> <span class='ocrx_word' id='word_1_835' title='bbox 1394 5431 1459 5488; x_wconf 88' lang='lat' dir='ltr'><strong>de</strong></span> <span class='ocrx_word' id='word_1_836' title='bbox 1500 5433 1665 5490; x_wconf 87' lang='lat' dir='ltr'><strong>tribus</strong></span> <span class='ocrx_word' id='word_1_837' title='bbox 1700 5431 1890 5507; x_wconf 85' lang='lat' dir='ltr'><strong>Virgis,</strong></span> <span class='ocrx_word' id='word_1_838' title='bbox 1907 5441 2039 5490; x_wconf 91' lang='lat' dir='ltr'><strong>tom.</strong></span> <span class='ocrx_word' id='word_1_839' title='bbox 2067 5436 2134 5504; x_wconf 91' lang='lat' dir='ltr'><strong>V,</strong></span> <span class='ocrx_word' id='word_1_840' title='bbox 2245 5445 2411 5490; x_wconf 86' lang='lat' dir='ltr'><strong>contr.</strong></span> <span class='ocrx_word' id='word_1_841' title='bbox 2437 5431 2686 5501; x_wconf 58' lang='lat' dir='ltr'><strong>Maxinn,</strong></span> <span class='ocrx_word' id='word_1_842' title='bbox 2723 5442 2854 5491; x_wconf 93' lang='lat' dir='ltr'><strong>tom.</strong></span> <span class='ocrx_word' id='word_1_843' title='bbox 2883 5433 3019 5501; x_wconf 83' lang='lat' dir='ltr'><strong>VIII,</strong></span> <span class='ocrx_word' id='word_1_844' title='bbox 3049 5433 3154 5490; x_wconf 91' lang='lat' dir='ltr'><strong>col.</strong></span> <span class='ocrx_word' id='word_1_845' title='bbox 3181 5432 3330 5505; x_wconf 91' lang='grc'>781.)</span> 
     </span>
    </p>
   </div>
   <div class='ocr_carea' id='block_1_71' title="bbox 555 5493 2123 5598">
    <p class='ocr_par' dir='ltr' id='par_1_71' title="bbox 555 5493 2123 5596">
     <span class='ocr_line' id='line_1_71' title="bbox 555 5493 2123 5596; baseline 0.01 -34"><span class='ocrx_word' id='word_1_846' title='bbox 555 5517 696 5578; x_wconf 86' lang='lat' dir='ltr'><strong>part.</strong></span> <span class='ocrx_word' id='word_1_847' title='bbox 725 5527 788 5579; x_wconf 89' lang='grc' dir='ltr'><strong>ιι,</strong></span> <span class='ocrx_word' id='word_1_848' title='bbox 818 5514 924 5571; x_wconf 93' lang='lat' dir='ltr'><strong>col.</strong></span> <span class='ocrx_word' id='word_1_849' title='bbox 950 5493 1082 5574; x_wconf 79' lang='grc'>1751</span> <span class='ocrx_word' id='word_1_850' title='bbox 1112 5493 1168 5578; x_wconf 83' lang='lat' dir='ltr'><strong>et</strong></span> <span class='ocrx_word' id='word_1_851' title='bbox 1191 5525 1334 5596; x_wconf 85' lang='lat' dir='ltr'><strong>seq.)</strong></span> <span class='ocrx_word' id='word_1_852' title='bbox 1791 5493 1814 5507; x_wconf 44' lang='grc' dir='ltr'><strong><em>ν</em></strong></span> <span class='ocrx_word' id='word_1_853' title='bbox 1877 5493 1888 5502; x_wconf 55' lang='grc'><strong>’</strong></span> <span class='ocrx_word' id='word_1_854' title='bbox 2120 5493 2123 5504; x_wconf 25' lang='grc' dir='ltr'><strong><em>Δ</em></strong></span> 
     </span>
    </p>
   </div>
   <div class='ocr_carea' id='block_1_72' title="bbox 2163 5493 3731 5598">
    <p class='ocr_par' dir='ltr' id='par_1_72' title="bbox 2316 5493 3731 5598">
     <span class='ocr_line' id='line_1_72' title="bbox 2316 5493 3731 5598; baseline -0.001 -18"><span class='ocrx_word' id='word_1_855' title='bbox 2316 5525 2463 5581; x_wconf 86' lang='lat' dir='ltr'><strong>Sicut</strong></span> <span class='ocrx_word' id='word_1_856' title='bbox 2491 5493 2741 5598; x_wconf 72' lang='lat' dir='ltr'><strong>scriptum</strong></span> <span class='ocrx_word' id='word_1_857' title='bbox 2774 5535 2870 5594; x_wconf 86' lang='lat' dir='ltr'><strong>est,</strong></span> <span class='ocrx_word' id='word_1_858' title='bbox 2911 5493 3044 5592; x_wconf 67' lang='lat' dir='ltr'><strong>etc.,</strong></span> <span class='ocrx_word' id='word_1_859' title='bbox 3068 5539 3239 5596; x_wconf 91' lang='lat' dir='ltr'><strong>usque</strong></span> <span class='ocrx_word' id='word_1_860' title='bbox 3279 5493 3344 5578; x_wconf 79' lang='lat' dir='ltr'><strong>ad</strong></span> <span class='ocrx_word' id='word_1_861' title='bbox 3365 5519 3425 5576; x_wconf 88' lang='lat' dir='ltr'><strong>iis</strong></span> <span class='ocrx_word' id='word_1_862' title='bbox 3459 5510 3538 5586; x_wconf 66' lang='lat' dir='ltr'><strong>qui</strong></span> <span class='ocrx_word' id='word_1_863' title='bbox 3574 5493 3731 5598; x_wconf 48' lang='grc' dir='ltr'><strong>ί¹¹ί9¹ῗξ</strong></span> 
     </span>
    </p>
   </div>
   <div class='ocr_carea' id='block_1_73' title="bbox 629 5574 3733 5694">
    <p class='ocr_par' dir='ltr' id='par_1_73' title="bbox 629 5574 3733 5694">
     <span class='ocr_line' id='line_1_73' title="bbox 629 5574 3733 5694; baseline 0 -37"><span class='ocrx_word' id='word_1_864' title='bbox 629 5601 738 5660; x_wconf 89' lang='lat' dir='ltr'><strong>Sed</strong></span> <span class='ocrx_word' id='word_1_865' title='bbox 767 5605 948 5666; x_wconf 82' lang='lat' dir='ltr'><strong>forsan</strong></span> <span class='ocrx_word' id='word_1_866' title='bbox 975 5612 1178 5672; x_wconf 90' lang='lat' dir='ltr'><strong>diceret</strong></span> <span class='ocrx_word' id='word_1_867' title='bbox 1201 5574 1569 5689; x_wconf 65' lang='lat' dir='ltr'><strong>aliquis,etc.,</strong></span> <span class='ocrx_word' id='word_1_868' title='bbox 1591 5637 1752 5694; x_wconf 83' lang='lat' dir='ltr'><strong>usque</strong></span> <span class='ocrx_word' id='word_1_869' title='bbox 1775 5622 1844 5676; x_wconf 87' lang='lat' dir='ltr'><strong>ad</strong></span> <span class='ocrx_word' id='word_1_870' title='bbox 1871 5621 2006 5678; x_wconf 84' lang='lat' dir='ltr'><strong>falsa</strong></span> <span class='ocrx_word' id='word_1_871' title='bbox 2029 5636 2138 5678; x_wconf 91' lang='lat' dir='ltr'><strong>non</strong></span> <span class='ocrx_word' id='word_1_872' title='bbox 2243 5633 2380 5674; x_wconf 84' lang='lat' dir='ltr'><strong>eum.</strong></span> <span class='ocrx_word' id='word_1_873' title='bbox 2407 5617 2542 5688; x_wconf 89' lang='lat' dir='ltr'><strong>Spes</strong></span> <span class='ocrx_word' id='word_1_874' title='bbox 2573 5574 2755 5674; x_wconf 57' lang='lat' dir='ltr'><strong>nrostra</strong></span> <span class='ocrx_word' id='word_1_875' title='bbox 2782 5574 2890 5674; x_wconf 56' lang='lat' dir='ltr'><strong>noli</strong></span> <span class='ocrx_word' id='word_1_876' title='bbox 2921 5618 2987 5674; x_wconf 89' lang='lat' dir='ltr'><strong>de</strong></span> <span class='ocrx_word' id='word_1_877' title='bbox 3008 5617 3114 5673; x_wconf 89' lang='lat' dir='ltr'><strong>isto</strong></span> <span class='ocrx_word' id='word_1_878' title='bbox 3137 5574 3391 5687; x_wconf 48' lang='lat' dir='ltr'><strong>tempore,</strong></span> <span class='ocrx_word' id='word_1_879' title='bbox 3412 5615 3527 5694; x_wconf 86' lang='lat' dir='ltr'><strong>etc.,</strong></span> <span class='ocrx_word' id='word_1_880' title='bbox 3545 5574 3733 5694; x_wconf 33' lang='lat' dir='ltr'><strong>usque.“</strong></span> 
     </span>
    </p>
   </div>
   <div class='ocr_carea' id='block_1_74' title="bbox 554 5682 3728 5785">
    <p class='ocr_par' dir='ltr' id='par_1_74' title="bbox 554 5682 3728 5785">
     <span class='ocr_line' id='line_1_74' title="bbox 554 5682 3728 5785; baseline -0.002 -17"><span class='ocrx_word' id='word_1_881' title='bbox 554 5693 678 5750; x_wconf 68' lang='grc' dir='ltr'><strong>θτίῑ·</strong></span> <span class='ocrx_word' id='word_1_882' title='bbox 709 5696 830 5767; x_wconf 78' lang='grc' dir='ltr'><strong>(Ῑάοο</strong></span> <span class='ocrx_word' id='word_1_883' title='bbox 856 5703 991 5759; x_wconf 72' lang='grc' dir='ltr'><strong>υενὺι</strong></span> <span class='ocrx_word' id='word_1_884' title='bbox 1018 5702 1244 5780; x_wconf 81' lang='grc' dir='ltr'><strong>Ευαη9.,</strong></span> <span class='ocrx_word' id='word_1_885' title='bbox 1275 5682 1492 5776; x_wconf 47' lang='grc' dir='ltr'><strong>ιδιιιᾸἏ</strong></span> <span class='ocrx_word' id='word_1_886' title='bbox 1519 5682 1728 5781; x_wconf 52' lang='lat' dir='ltr'><strong>part.&#39;l,</strong></span> <span class='ocrx_word' id='word_1_887' title='bbox 1751 5711 1855 5768; x_wconf 90' lang='lat' dir='ltr'><strong>col.</strong></span> <span class='ocrx_word' id='word_1_888' title='bbox 1883 5711 2064 5782; x_wconf 83' lang='grc'>1025.)</span> <span class='ocrx_word' id='word_1_889' title='bbox 2265 5714 2314 5768; x_wconf 79' lang='lat' dir='ltr'><strong>Ib</strong></span> <span class='ocrx_word' id='word_1_890' title='bbox 2328 5682 2533 5782; x_wconf 79' lang='lat' dir='ltr'><strong>origine</strong></span> <span class='ocrx_word' id='word_1_891' title='bbox 2548 5713 2753 5769; x_wconf 91' lang='lat' dir='ltr'><strong>mundi.</strong></span> <span class='ocrx_word' id='word_1_892' title='bbox 2785 5713 2881 5785; x_wconf 90' lang='lat' dir='ltr'><strong>(Id.</strong></span> <span class='ocrx_word' id='word_1_893' title='bbox 2907 5753 2922 5780; x_wconf 91' lang='lat'><strong>,</strong></span> <span class='ocrx_word' id='word_1_894' title='bbox 2949 5729 3107 5768; x_wconf 87' lang='lat' dir='ltr'><strong>serm.</strong></span> <span class='ocrx_word' id='word_1_895' title='bbox 3135 5711 3199 5766; x_wconf 88' lang='lat' dir='ltr'><strong>de</strong></span> <span class='ocrx_word' id='word_1_896' title='bbox 3224 5682 3409 5766; x_wconf 79' lang='lat' dir='ltr'><strong>eisdem</strong></span> <span class='ocrx_word' id='word_1_897' title='bbox 3433 5693 3553 5767; x_wconf 67' lang='grc' dir='ltr'><strong>υετθ·</strong></span> <span class='ocrx_word' id='word_1_898' title='bbox 3579 5682 3728 5762; x_wconf 60' lang='grc' dir='ltr'><strong>ηροδτη</strong></span> 
     </span>
    </p>
   </div>
   <div class='ocr_carea' id='block_1_75' title="bbox 626 5791 3252 5874">
    <p class='ocr_par' dir='ltr' id='par_1_75' title="bbox 626 5791 3252 5874">
     <span class='ocr_line' id='line_1_75' title="bbox 626 5791 3252 5874; baseline 0.004 -28"><span class='ocrx_word' id='word_1_899' title='bbox 626 5791 1340 5860; x_wconf 83' lang='lat' dir='ltr'><strong>DescenditDominusDeus</strong></span> <span class='ocrx_word' id='word_1_900' title='bbox 1357 5802 2136 5874; x_wconf 82' lang='lat' dir='ltr'><strong>nosterJesusChristus,etc.,</strong></span> <span class='ocrx_word' id='word_1_901' title='bbox 2248 5813 2377 5859; x_wconf 89' lang='lat' dir='ltr'><strong>tom.</strong></span> <span class='ocrx_word' id='word_1_902' title='bbox 2412 5805 2475 5871; x_wconf 86' lang='lat' dir='ltr'><strong>V,</strong></span> <span class='ocrx_word' id='word_1_903' title='bbox 2518 5813 2654 5874; x_wconf 85' lang='lat' dir='ltr'><strong>part.</strong></span> <span class='ocrx_word' id='word_1_904' title='bbox 2690 5821 2727 5872; x_wconf 87' lang='grc' dir='ltr'><strong>ι,</strong></span> <span class='ocrx_word' id='word_1_905' title='bbox 2766 5805 2868 5862; x_wconf 89' lang='lat' dir='ltr'><strong>col.</strong></span> <span class='ocrx_word' id='word_1_906' title='bbox 2899 5805 3004 5860; x_wconf 83' lang='lat'><strong>705</strong></span> <span class='ocrx_word' id='word_1_907' title='bbox 3027 5814 3083 5860; x_wconf 89' lang='lat' dir='ltr'><strong>et</strong></span> <span class='ocrx_word' id='word_1_908' title='bbox 3101 5802 3252 5874; x_wconf 85' lang='lat' dir='ltr'><strong>seq.)</strong></span> 
     </span>
    </p>
   </div>
   <div class='ocr_carea' id='block_1_76' title="bbox 3860 3719 3868 4616">
    <p class='ocr_par' dir='ltr' id='par_1_76' title="bbox 3860 4176 3867 4616">
     <span class='ocr_line' id='line_1_76' title="bbox 3861 4176 3867 4447; baseline 0 -116"><span class='ocrx_word' id='word_1_909' title='bbox 3861 4176 3867 4331; x_wconf 76' lang='lat' dir='ltr'>J</span> 
     </span>
     <span class='ocr_line' id='line_1_77' title="bbox 3860 4457 3865 4616; baseline 0 0"><span class='ocrx_word' id='word_1_910' title='bbox 3860 4457 3865 4616; x_wconf 80' lang='lat' dir='ltr'><strong>l</strong></span> 
     </span>
    </p>
   </div>
  </div>
