  <div class='ocr_page' id='page_1' title='image "/cluster/home/n/w/nwhite01/storage/ocr_20150623/119/hvd.32044015466915/166.png"; bbox 0 0 3970 6306; ppageno 0'>
   <div class='ocr_carea' id='block_1_1' title="bbox 275 318 386 375">
    <p class='ocr_par' dir='ltr' id='par_1_1' title="bbox 275 318 386 375">
     <span class='ocr_line' id='line_1_1' title="bbox 275 318 386 375; baseline 0.009 -1"><span class='ocrx_word' id='word_1_1' title='bbox 275 318 386 375; x_wconf 80' lang='grc'><strong>521</strong></span> 
     </span>
    </p>
   </div>
   <div class='ocr_carea' id='block_1_2' title="bbox 1149 319 2707 390">
    <p class='ocr_par' dir='ltr' id='par_1_2' title="bbox 1149 319 2707 390">
     <span class='ocr_line' id='line_1_2' title="bbox 1149 319 2707 390; baseline 0.006 -12"><span class='ocrx_word' id='word_1_2' title='bbox 1149 319 1515 385; x_wconf 83' lang='lat' dir='ltr'><strong>EXPOSITIO</strong></span> <span class='ocrx_word' id='word_1_3' title='bbox 1549 325 1616 383; x_wconf 84' lang='lat' dir='ltr'><strong>IN</strong></span> <span class='ocrx_word' id='word_1_4' title='bbox 1652 327 1801 383; x_wconf 87' lang='lat' dir='ltr'><strong>EPP.</strong></span> <span class='ocrx_word' id='word_1_5' title='bbox 1842 327 2065 386; x_wconf 80' lang='lat' dir='ltr'><strong>PAULI.</strong></span> <span class='ocrx_word' id='word_1_6' title='bbox 2109 361 2177 372; x_wconf 90' lang='lat'>—</span> <span class='ocrx_word' id='word_1_7' title='bbox 2215 331 2326 390; x_wconf 84' lang='grc' dir='ltr'><strong>ΕΡ.</strong></span> <span class='ocrx_word' id='word_1_8' title='bbox 2359 332 2382 388; x_wconf 92' lang='lat' dir='ltr'><strong>I</strong></span> <span class='ocrx_word' id='word_1_9' title='bbox 2419 331 2512 388; x_wconf 86' lang='lat' dir='ltr'><strong>AD</strong></span> <span class='ocrx_word' id='word_1_10' title='bbox 2547 331 2707 390; x_wconf 83' lang='lat' dir='ltr'><strong>COR.</strong></span> 
     </span>
    </p>
   </div>
   <div class='ocr_carea' id='block_1_3' title="bbox 3453 336 3559 391">
    <p class='ocr_par' dir='ltr' id='par_1_3' title="bbox 3453 336 3559 391">
     <span class='ocr_line' id='line_1_3' title="bbox 3453 336 3559 391; baseline 0.019 -2"><span class='ocrx_word' id='word_1_11' title='bbox 3453 336 3559 391; x_wconf 79' lang='lat'><strong>522</strong></span> 
     </span>
    </p>
   </div>
   <div class='ocr_carea' id='block_1_4' title="bbox 351 433 3561 518">
    <p class='ocr_par' dir='ltr' id='par_1_4' title="bbox 351 433 3561 518">
     <span class='ocr_line' id='line_1_4' title="bbox 351 433 3561 518; baseline 0.004 -27"><span class='ocrx_word' id='word_1_12' title='bbox 351 433 515 491; x_wconf 89' lang='lat' dir='ltr'><strong>Dedit</strong></span> <span class='ocrx_word' id='word_1_13' title='bbox 544 433 700 490; x_wconf 90' lang='lat' dir='ltr'><strong>nobis</strong></span> <span class='ocrx_word' id='word_1_14' title='bbox 728 441 977 490; x_wconf 89' lang='lat' dir='ltr'><strong>naturam</strong></span> <span class='ocrx_word' id='word_1_15' title='bbox 1025 443 1087 491; x_wconf 92' lang='lat' dir='ltr'><strong>ut</strong></span> <span class='ocrx_word' id='word_1_16' title='bbox 1121 451 1385 507; x_wconf 87' lang='lat' dir='ltr'><strong>essemus,</strong></span> <span class='ocrx_word' id='word_1_17' title='bbox 1431 440 1582 498; x_wconf 91' lang='lat' dir='ltr'><strong>dedit</strong></span> <span class='ocrx_word' id='word_1_18' title='bbox 1611 441 1869 508; x_wconf 89' lang='lat' dir='ltr'><strong>animam,</strong></span> <span class='ocrx_word' id='word_1_19' title='bbox 1899 445 1952 506; x_wconf 82' lang='grc' dir='ltr'><strong>Α</strong></span> <span class='ocrx_word' id='word_1_20' title='bbox 2047 443 2204 501; x_wconf 82' lang='lat' dir='ltr'><strong>Hunc</strong></span> <span class='ocrx_word' id='word_1_21' title='bbox 2231 446 2482 516; x_wconf 76' lang='lat' dir='ltr'><strong>spiritum</strong></span> <span class='ocrx_word' id='word_1_22' title='bbox 2507 447 2652 518; x_wconf 91' lang='lat' dir='ltr'><strong>quod</strong></span> <span class='ocrx_word' id='word_1_23' title='bbox 2681 445 2758 502; x_wconf 90' lang='lat' dir='ltr'><strong>illi</strong></span> <span class='ocrx_word' id='word_1_24' title='bbox 2785 459 2893 502; x_wconf 90' lang='lat' dir='ltr'><strong>non</strong></span> <span class='ocrx_word' id='word_1_25' title='bbox 2939 443 3190 512; x_wconf 88' lang='lat' dir='ltr'><strong>habeant,</strong></span> <span class='ocrx_word' id='word_1_26' title='bbox 3241 454 3370 514; x_wconf 89' lang='lat' dir='ltr'><strong>etc.,</strong></span> <span class='ocrx_word' id='word_1_27' title='bbox 3399 464 3561 518; x_wconf 84' lang='lat' dir='ltr'><strong>usque</strong></span> 
     </span>
    </p>
   </div>
   <div class='ocr_carea' id='block_1_5' title="bbox 269 525 3557 610">
    <p class='ocr_par' dir='ltr' id='par_1_5' title="bbox 269 525 3557 610">
     <span class='ocr_line' id='line_1_5' title="bbox 269 525 3557 610; baseline 0.005 -30"><span class='ocrx_word' id='word_1_28' title='bbox 269 532 417 592; x_wconf 88' lang='lat' dir='ltr'><strong>etc.,</strong></span> <span class='ocrx_word' id='word_1_29' title='bbox 473 541 637 596; x_wconf 86' lang='lat' dir='ltr'><strong>usque</strong></span> <span class='ocrx_word' id='word_1_30' title='bbox 693 525 764 580; x_wconf 88' lang='lat' dir='ltr'><strong>ad</strong></span> <span class='ocrx_word' id='word_1_31' title='bbox 809 535 865 582; x_wconf 89' lang='lat' dir='ltr'><strong>et</strong></span> <span class='ocrx_word' id='word_1_32' title='bbox 901 525 1100 584; x_wconf 81' lang='lat' dir='ltr'><strong>sullicit</strong></span> <span class='ocrx_word' id='word_1_33' title='bbox 1141 530 1321 587; x_wconf 89' lang='lat' dir='ltr'><strong>nobis.</strong></span> <span class='ocrx_word' id='word_1_34' title='bbox 1373 531 1491 603; x_wconf 87' lang='lat' dir='ltr'><strong>(Id.</strong></span> <span class='ocrx_word' id='word_1_35' title='bbox 1519 573 1534 600; x_wconf 89' lang='lat'><strong>,</strong></span> <span class='ocrx_word' id='word_1_36' title='bbox 1594 549 1750 590; x_wconf 86' lang='lat' dir='ltr'><strong>serm.</strong></span> <span class='ocrx_word' id='word_1_37' title='bbox 1813 535 1872 590; x_wconf 91' lang='lat' dir='ltr'><strong>in</strong></span> <span class='ocrx_word' id='word_1_38' title='bbox 1973 535 2042 589; x_wconf 88' lang='lat' dir='ltr'><strong>ad</strong></span> <span class='ocrx_word' id='word_1_39' title='bbox 2065 534 2306 604; x_wconf 89' lang='lat' dir='ltr'><strong>alendos,</strong></span> <span class='ocrx_word' id='word_1_40' title='bbox 2337 552 2443 594; x_wconf 91' lang='lat' dir='ltr'><strong>non</strong></span> <span class='ocrx_word' id='word_1_41' title='bbox 2465 552 2611 598; x_wconf 91' lang='lat' dir='ltr'><strong>esea.</strong></span> <span class='ocrx_word' id='word_1_42' title='bbox 2635 537 2762 609; x_wconf 90' lang='lat' dir='ltr'><strong>(Id.,</strong></span> <span class='ocrx_word' id='word_1_43' title='bbox 2789 554 2856 593; x_wconf 78' lang='lat' dir='ltr'><strong>ea:</strong></span> <span class='ocrx_word' id='word_1_44' title='bbox 2891 554 3048 593; x_wconf 88' lang='lat' dir='ltr'><strong>serm.</strong></span> <span class='ocrx_word' id='word_1_45' title='bbox 3077 538 3142 593; x_wconf 90' lang='lat' dir='ltr'><strong>de</strong></span> <span class='ocrx_word' id='word_1_46' title='bbox 3183 537 3383 610; x_wconf 77' lang='lat' dir='ltr'><strong>blasplt.</strong></span> <span class='ocrx_word' id='word_1_47' title='bbox 3413 537 3557 610; x_wconf 90' lang='lat' dir='ltr'><strong>Spir.</strong></span> 
     </span>
    </p>
   </div>
   <div class='ocr_carea' id='block_1_6' title="bbox 268 617 1684 696">
    <p class='ocr_par' dir='ltr' id='par_1_6' title="bbox 268 617 1684 696">
     <span class='ocr_line' id='line_1_6' title="bbox 268 617 1684 696; baseline 0.005 -25"><span class='ocrx_word' id='word_1_48' title='bbox 268 617 448 672; x_wconf 79' lang='lat' dir='ltr'><strong>natali</strong></span> <span class='ocrx_word' id='word_1_49' title='bbox 475 633 631 683; x_wconf 89' lang='lat' dir='ltr'><strong>mar.,</strong></span> <span class='ocrx_word' id='word_1_50' title='bbox 662 625 792 675; x_wconf 89' lang='lat' dir='ltr'><strong>tom.</strong></span> <span class='ocrx_word' id='word_1_51' title='bbox 822 617 887 686; x_wconf 80' lang='grc' dir='ltr'>ν,</span> <span class='ocrx_word' id='word_1_52' title='bbox 918 628 1057 692; x_wconf 88' lang='lat' dir='ltr'><strong>part.</strong></span> <span class='ocrx_word' id='word_1_53' title='bbox 1090 636 1128 688; x_wconf 90' lang='lat'><strong>1,</strong></span> <span class='ocrx_word' id='word_1_54' title='bbox 1164 620 1268 677; x_wconf 91' lang='lat' dir='ltr'><strong>col.</strong></span> <span class='ocrx_word' id='word_1_55' title='bbox 1295 620 1436 679; x_wconf 89' lang='grc'><strong>1460</strong></span> <span class='ocrx_word' id='word_1_56' title='bbox 1460 631 1517 679; x_wconf 89' lang='lat' dir='ltr'><strong>et</strong></span> <span class='ocrx_word' id='word_1_57' title='bbox 1540 623 1684 696; x_wconf 86' lang='lat' dir='ltr'><strong>seq.)</strong></span> 
     </span>
    </p>
   </div>
   <div class='ocr_carea' id='block_1_7' title="bbox 349 708 1864 787">
    <p class='ocr_par' dir='ltr' id='par_1_7' title="bbox 349 708 1864 787">
     <span class='ocr_line' id='line_1_7' title="bbox 349 708 1864 787; baseline 0.007 -23"><span class='ocrx_word' id='word_1_58' title='bbox 349 708 458 776; x_wconf 85' lang='lat' dir='ltr'><strong>Qui</strong></span> <span class='ocrx_word' id='word_1_59' title='bbox 505 717 688 764; x_wconf 91' lang='lat' dir='ltr'><strong>autem</strong></span> <span class='ocrx_word' id='word_1_60' title='bbox 734 719 1087 781; x_wconf 89' lang='lat' dir='ltr'><strong>susceperunt</strong></span> <span class='ocrx_word' id='word_1_61' title='bbox 1124 726 1337 784; x_wconf 90' lang='lat' dir='ltr'><strong>pacem,</strong></span> <span class='ocrx_word' id='word_1_62' title='bbox 1387 721 1529 783; x_wconf 90' lang='lat' dir='ltr'><strong>etc.,</strong></span> <span class='ocrx_word' id='word_1_63' title='bbox 1580 732 1745 787; x_wconf 85' lang='lat' dir='ltr'><strong>usque</strong></span> <span class='ocrx_word' id='word_1_64' title='bbox 1798 713 1864 776; x_wconf 76' lang='grc' dir='ltr'><strong>αι’</strong></span> 
     </span>
    </p>
   </div>
   <div class='ocr_carea' id='block_1_8' title="bbox 264 799 1864 874">
    <p class='ocr_par' dir='ltr' id='par_1_8' title="bbox 264 799 1864 874">
     <span class='ocr_line' id='line_1_8' title="bbox 264 799 1864 874; baseline 0.006 -19"><span class='ocrx_word' id='word_1_65' title='bbox 264 799 595 856; x_wconf 89' lang='lat' dir='ltr'><strong>amittamus</strong></span> <span class='ocrx_word' id='word_1_66' title='bbox 645 801 790 872; x_wconf 90' lang='lat' dir='ltr'><strong>quod</strong></span> <span class='ocrx_word' id='word_1_67' title='bbox 833 817 1038 860; x_wconf 90' lang='lat' dir='ltr'><strong>sumus.</strong></span> <span class='ocrx_word' id='word_1_68' title='bbox 1082 803 1207 874; x_wconf 93' lang='lat' dir='ltr'><strong>(Id.,</strong></span> <span class='ocrx_word' id='word_1_69' title='bbox 1237 814 1412 862; x_wconf 71' lang='lat' dir='ltr'><strong>tract.</strong></span> <span class='ocrx_word' id='word_1_70' title='bbox 1457 808 1516 863; x_wconf 87' lang='lat' dir='ltr'><strong>in</strong></span> <span class='ocrx_word' id='word_1_71' title='bbox 1556 825 1710 864; x_wconf 84' lang='lat' dir='ltr'><strong><em>evan.</em></strong></span> <span class='ocrx_word' id='word_1_72' title='bbox 1758 825 1864 864; x_wconf 89' lang='lat' dir='ltr'><strong>sec.</strong></span> 
     </span>
    </p>
   </div>
   <div class='ocr_carea' id='block_1_9' title="bbox 259 887 1630 972">
    <p class='ocr_par' dir='ltr' id='par_1_9' title="bbox 259 887 1630 972">
     <span class='ocr_line' id='line_1_9' title="bbox 259 887 1630 972; baseline 0.009 -29"><span class='ocrx_word' id='word_1_73' title='bbox 259 887 440 947; x_wconf 83' lang='lat' dir='ltr'><strong>Jaan.</strong></span> <span class='ocrx_word' id='word_1_74' title='bbox 467 907 528 958; x_wconf 90' lang='lat'><strong>11,</strong></span> <span class='ocrx_word' id='word_1_75' title='bbox 553 899 686 948; x_wconf 90' lang='lat' dir='ltr'><strong>tom.</strong></span> <span class='ocrx_word' id='word_1_76' title='bbox 707 892 792 960; x_wconf 91' lang='lat' dir='ltr'><strong>III,</strong></span> <span class='ocrx_word' id='word_1_77' title='bbox 824 901 965 964; x_wconf 83' lang='lat' dir='ltr'><strong>part.</strong></span> <span class='ocrx_word' id='word_1_78' title='bbox 998 910 1060 962; x_wconf 90' lang='lat'><strong>11,</strong></span> <span class='ocrx_word' id='word_1_79' title='bbox 1091 895 1196 952; x_wconf 92' lang='lat' dir='ltr'><strong>col.</strong></span> <span class='ocrx_word' id='word_1_80' title='bbox 1231 896 1372 954; x_wconf 88' lang='grc'><strong>1595</strong></span> <span class='ocrx_word' id='word_1_81' title='bbox 1406 907 1464 954; x_wconf 88' lang='lat' dir='ltr'><strong>et</strong></span> <span class='ocrx_word' id='word_1_82' title='bbox 1487 899 1630 972; x_wconf 86' lang='lat' dir='ltr'><strong>seq.)</strong></span> 
     </span>
    </p>
   </div>
   <div class='ocr_carea' id='block_1_10' title="bbox 359 983 1870 1063">
    <p class='ocr_par' dir='ltr' id='par_1_10' title="bbox 359 983 1870 1063">
     <span class='ocr_line' id='line_1_10' title="bbox 359 983 1870 1063; baseline 0.006 -25"><span class='ocrx_word' id='word_1_83' title='bbox 359 983 520 1040; x_wconf 72' lang='lat' dir='ltr'><strong>Nobis</strong></span> <span class='ocrx_word' id='word_1_84' title='bbox 541 995 716 1040; x_wconf 83' lang='lat' dir='ltr'><strong>autem</strong></span> <span class='ocrx_word' id='word_1_85' title='bbox 744 987 1010 1053; x_wconf 76' lang='lat' dir='ltr'><strong>reuelauit,</strong></span> <span class='ocrx_word' id='word_1_86' title='bbox 1057 996 1190 1055; x_wconf 91' lang='lat' dir='ltr'><strong>etc.,</strong></span> <span class='ocrx_word' id='word_1_87' title='bbox 1221 1003 1394 1060; x_wconf 88' lang='lat' dir='ltr'><strong>usque</strong></span> <span class='ocrx_word' id='word_1_88' title='bbox 1442 991 1512 1047; x_wconf 91' lang='lat' dir='ltr'><strong>ad</strong></span> <span class='ocrx_word' id='word_1_89' title='bbox 1536 991 1696 1046; x_wconf 87' lang='lat' dir='ltr'><strong>etiam</strong></span> <span class='ocrx_word' id='word_1_90' title='bbox 1746 1008 1870 1063; x_wconf 78' lang='lat' dir='ltr'><strong>pro-</strong></span> 
     </span>
    </p>
   </div>
   <div class='ocr_carea' id='block_1_11' title="bbox 266 1072 1867 1155">
    <p class='ocr_par' dir='ltr' id='par_1_11' title="bbox 266 1072 1867 1155">
     <span class='ocr_line' id='line_1_11' title="bbox 266 1072 1867 1155; baseline 0.008 -28"><span class='ocrx_word' id='word_1_91' title='bbox 266 1072 455 1141; x_wconf 76' lang='lat' dir='ltr'><strong>funda“</strong></span> <span class='ocrx_word' id='word_1_92' title='bbox 470 1073 589 1130; x_wconf 88' lang='lat' dir='ltr'><strong>Dei.</strong></span> <span class='ocrx_word' id='word_1_93' title='bbox 614 1073 850 1146; x_wconf 73' lang='lat' dir='ltr'><strong>Spiritus</strong></span> <span class='ocrx_word' id='word_1_94' title='bbox 870 1077 1014 1134; x_wconf 91' lang='lat' dir='ltr'><strong>enim</strong></span> <span class='ocrx_word' id='word_1_95' title='bbox 1039 1079 1222 1135; x_wconf 88' lang='lat' dir='ltr'><strong>omnia</strong></span> <span class='ocrx_word' id='word_1_96' title='bbox 1244 1089 1538 1148; x_wconf 84' lang='lat' dir='ltr'><strong>scrutatur,</strong></span> <span class='ocrx_word' id='word_1_97' title='bbox 1558 1093 1690 1151; x_wconf 89' lang='lat' dir='ltr'><strong>etc.,</strong></span> <span class='ocrx_word' id='word_1_98' title='bbox 1705 1101 1867 1155; x_wconf 86' lang='lat' dir='ltr'><strong>usque</strong></span> 
     </span>
    </p>
   </div>
   <div class='ocr_carea' id='block_1_12' title="bbox 262 1166 1861 1245">
    <p class='ocr_par' dir='ltr' id='par_1_12' title="bbox 262 1166 1861 1245">
     <span class='ocr_line' id='line_1_12' title="bbox 262 1166 1861 1245; baseline 0.008 -27"><span class='ocrx_word' id='word_1_99' title='bbox 262 1166 344 1218; x_wconf 87' lang='lat' dir='ltr'><strong>ad</strong></span> <span class='ocrx_word' id='word_1_100' title='bbox 397 1175 452 1222; x_wconf 91' lang='lat' dir='ltr'><strong>tu</strong></span> <span class='ocrx_word' id='word_1_101' title='bbox 499 1182 608 1223; x_wconf 90' lang='lat' dir='ltr'><strong>non</strong></span> <span class='ocrx_word' id='word_1_102' title='bbox 646 1166 879 1224; x_wconf 82' lang='lat' dir='ltr'><strong>faceres.</strong></span> <span class='ocrx_word' id='word_1_103' title='bbox 917 1169 1042 1238; x_wconf 89' lang='lat' dir='ltr'><strong>(Id.,</strong></span> <span class='ocrx_word' id='word_1_104' title='bbox 1089 1180 1243 1226; x_wconf 87' lang='lat' dir='ltr'><strong>tract.</strong></span> <span class='ocrx_word' id='word_1_105' title='bbox 1284 1172 1339 1228; x_wconf 90' lang='lat' dir='ltr'><strong>in</strong></span> <span class='ocrx_word' id='word_1_106' title='bbox 1392 1175 1530 1245; x_wconf 86' lang='lat' dir='ltr'><strong>psal.</strong></span> <span class='ocrx_word' id='word_1_107' title='bbox 1574 1191 1667 1241; x_wconf 86' lang='lat'><strong>1.11,</strong></span> <span class='ocrx_word' id='word_1_108' title='bbox 1729 1185 1861 1232; x_wconf 88' lang='lat' dir='ltr'><strong>tom.</strong></span> 
     </span>
    </p>
   </div>
   <div class='ocr_carea' id='block_1_13' title="bbox 260 1255 1013 1333">
    <p class='ocr_par' dir='ltr' id='par_1_13' title="bbox 260 1255 1013 1333">
     <span class='ocr_line' id='line_1_13' title="bbox 260 1255 1013 1333; baseline 0.008 -22"><span class='ocrx_word' id='word_1_109' title='bbox 260 1255 367 1325; x_wconf 87' lang='lat' dir='ltr'><strong>IV,</strong></span> <span class='ocrx_word' id='word_1_110' title='bbox 408 1267 549 1330; x_wconf 84' lang='lat' dir='ltr'><strong>part.</strong></span> <span class='ocrx_word' id='word_1_111' title='bbox 606 1275 648 1327; x_wconf 92' lang='lat'><strong>1,</strong></span> <span class='ocrx_word' id='word_1_112' title='bbox 687 1260 793 1316; x_wconf 92' lang='lat' dir='ltr'><strong>col.</strong></span> <span class='ocrx_word' id='word_1_113' title='bbox 843 1261 1013 1333; x_wconf 87' lang='lat' dir='ltr'><strong>6l6.)</strong></span> 
     </span>
    </p>
   </div>
   <div class='ocr_carea' id='block_1_14' title="bbox 344 1350 1861 1432">
    <p class='ocr_par' dir='ltr' id='par_1_14' title="bbox 344 1350 1861 1432">
     <span class='ocr_line' id='line_1_14' title="bbox 344 1350 1861 1432; baseline 0.009 -27"><span class='ocrx_word' id='word_1_114' title='bbox 344 1350 478 1418; x_wconf 85' lang='lat' dir='ltr'><strong>Quis</strong></span> <span class='ocrx_word' id='word_1_115' title='bbox 518 1353 657 1408; x_wconf 88' lang='lat' dir='ltr'><strong>enim</strong></span> <span class='ocrx_word' id='word_1_116' title='bbox 689 1354 809 1420; x_wconf 87' lang='lat' dir='ltr'><strong>scit,</strong></span> <span class='ocrx_word' id='word_1_117' title='bbox 835 1362 966 1423; x_wconf 91' lang='lat' dir='ltr'><strong>etc.,</strong></span> <span class='ocrx_word' id='word_1_118' title='bbox 1000 1371 1171 1428; x_wconf 88' lang='lat' dir='ltr'><strong>usque</strong></span> <span class='ocrx_word' id='word_1_119' title='bbox 1225 1358 1294 1414; x_wconf 88' lang='lat' dir='ltr'><strong>ad</strong></span> <span class='ocrx_word' id='word_1_120' title='bbox 1339 1355 1442 1416; x_wconf 72' lang='lat' dir='ltr'><strong>nisi</strong></span> <span class='ocrx_word' id='word_1_121' title='bbox 1480 1361 1692 1432; x_wconf 74' lang='lat' dir='ltr'><strong>spiritus</strong></span> <span class='ocrx_word' id='word_1_122' title='bbox 1741 1362 1861 1418; x_wconf 87' lang='lat' dir='ltr'><strong>Dei.</strong></span> 
     </span>
    </p>
   </div>
   <div class='ocr_carea' id='block_1_15' title="bbox 261 1442 1862 1525">
    <p class='ocr_par' dir='ltr' id='par_1_15' title="bbox 261 1442 1862 1525">
     <span class='ocr_line' id='line_1_15' title="bbox 261 1442 1862 1525; baseline 0.006 -27"><span class='ocrx_word' id='word_1_123' title='bbox 261 1442 518 1500; x_wconf 84' lang='lat' dir='ltr'><strong>Humana</strong></span> <span class='ocrx_word' id='word_1_124' title='bbox 563 1455 758 1501; x_wconf 89' lang='lat' dir='ltr'><strong>natura</strong></span> <span class='ocrx_word' id='word_1_125' title='bbox 809 1455 1021 1504; x_wconf 80' lang='lat' dir='ltr'><strong>constat</strong></span> <span class='ocrx_word' id='word_1_126' title='bbox 1055 1463 1123 1505; x_wconf 87' lang='lat' dir='ltr'><strong>ex</strong></span> <span class='ocrx_word' id='word_1_127' title='bbox 1154 1464 1406 1522; x_wconf 89' lang='lat' dir='ltr'><strong>corpore,</strong></span> <span class='ocrx_word' id='word_1_128' title='bbox 1439 1461 1571 1519; x_wconf 89' lang='lat' dir='ltr'><strong>etc.,</strong></span> <span class='ocrx_word' id='word_1_129' title='bbox 1606 1469 1768 1525; x_wconf 86' lang='lat' dir='ltr'><strong>usque</strong></span> <span class='ocrx_word' id='word_1_130' title='bbox 1793 1454 1862 1509; x_wconf 87' lang='lat' dir='ltr'><strong>ad</strong></span> 
     </span>
    </p>
   </div>
   <div class='ocr_carea' id='block_1_16' title="bbox 255 1538 1858 1614">
    <p class='ocr_par' dir='ltr' id='par_1_16' title="bbox 255 1538 1858 1614">
     <span class='ocr_line' id='line_1_16' title="bbox 255 1538 1858 1614; baseline 0.007 -22"><span class='ocrx_word' id='word_1_131' title='bbox 255 1553 370 1608; x_wconf 84' lang='lat' dir='ltr'><strong>per</strong></span> <span class='ocrx_word' id='word_1_132' title='bbox 396 1538 625 1610; x_wconf 79' lang='lat' dir='ltr'><strong>gratiam</strong></span> <span class='ocrx_word' id='word_1_133' title='bbox 653 1538 770 1595; x_wconf 87' lang='lat' dir='ltr'><strong>Dei.</strong></span> <span class='ocrx_word' id='word_1_134' title='bbox 818 1539 944 1612; x_wconf 89' lang='lat' dir='ltr'><strong>(Id.,</strong></span> <span class='ocrx_word' id='word_1_135' title='bbox 975 1540 1066 1596; x_wconf 87' lang='lat' dir='ltr'><strong>lib.</strong></span> <span class='ocrx_word' id='word_1_136' title='bbox 1112 1542 1311 1610; x_wconf 80' lang='lat' dir='ltr'><strong>Qucest.</strong></span> <span class='ocrx_word' id='word_1_137' title='bbox 1361 1544 1416 1598; x_wconf 88' lang='lat' dir='ltr'><strong>in</strong></span> <span class='ocrx_word' id='word_1_138' title='bbox 1458 1543 1622 1600; x_wconf 89' lang='lat' dir='ltr'><strong>Num.</strong></span> <span class='ocrx_word' id='word_1_139' title='bbox 1660 1547 1741 1602; x_wconf 85' lang='lat' dir='ltr'><strong>tit.</strong></span> <span class='ocrx_word' id='word_1_140' title='bbox 1771 1547 1858 1614; x_wconf 82' lang='lat' dir='ltr'><strong>I8,</strong></span> 
     </span>
    </p>
   </div>
   <div class='ocr_carea' id='block_1_17' title="bbox 256 1628 1126 1704">
    <p class='ocr_par' dir='ltr' id='par_1_17' title="bbox 256 1628 1126 1704">
     <span class='ocr_line' id='line_1_17' title="bbox 256 1628 1126 1704; baseline 0.006 -21"><span class='ocrx_word' id='word_1_141' title='bbox 256 1635 404 1684; x_wconf 82' lang='lat' dir='ltr'><strong>tom.</strong></span> <span class='ocrx_word' id='word_1_142' title='bbox 434 1628 518 1696; x_wconf 88' lang='lat' dir='ltr'><strong>Ill,</strong></span> <span class='ocrx_word' id='word_1_143' title='bbox 563 1639 705 1702; x_wconf 82' lang='lat' dir='ltr'><strong>part.</strong></span> <span class='ocrx_word' id='word_1_144' title='bbox 750 1646 789 1697; x_wconf 94' lang='lat'><strong>1,</strong></span> <span class='ocrx_word' id='word_1_145' title='bbox 821 1630 924 1687; x_wconf 93' lang='lat' dir='ltr'><strong>col.</strong></span> <span class='ocrx_word' id='word_1_146' title='bbox 955 1631 1078 1688; x_wconf 85' lang='lat'><strong>725.</strong></span> <span class='ocrx_word' id='word_1_147' title='bbox 1107 1634 1126 1704; x_wconf 95' lang='lat'><strong>)</strong></span> 
     </span>
    </p>
   </div>
   <div class='ocr_carea' id='block_1_18' title="bbox 201 1721 1860 1803">
    <p class='ocr_par' dir='ltr' id='par_1_18' title="bbox 201 1721 1860 1803">
     <span class='ocr_line' id='line_1_18' title="bbox 201 1721 1860 1803; baseline 0.005 -25"><span class='ocrx_word' id='word_1_148' title='bbox 201 1743 218 1756; x_wconf 73' lang='grc' dir='ltr'><em>ο</em></span> <span class='ocrx_word' id='word_1_149' title='bbox 336 1721 474 1779; x_wconf 89' lang='lat' dir='ltr'><strong>Cum</strong></span> <span class='ocrx_word' id='word_1_150' title='bbox 503 1724 736 1797; x_wconf 89' lang='lat' dir='ltr'><strong>quisque</strong></span> <span class='ocrx_word' id='word_1_151' title='bbox 755 1727 970 1784; x_wconf 84' lang='lat' dir='ltr'><strong>venerit</strong></span> <span class='ocrx_word' id='word_1_152' title='bbox 999 1727 1069 1784; x_wconf 92' lang='lat' dir='ltr'><strong>ad</strong></span> <span class='ocrx_word' id='word_1_153' title='bbox 1089 1742 1212 1785; x_wconf 93' lang='lat' dir='ltr'><strong>eam</strong></span> <span class='ocrx_word' id='word_1_154' title='bbox 1238 1738 1454 1787; x_wconf 68' lang='lat' dir='ltr'><strong>aetatem</strong></span> <span class='ocrx_word' id='word_1_155' title='bbox 1476 1738 1536 1786; x_wconf 92' lang='lat' dir='ltr'><strong>ut</strong></span> <span class='ocrx_word' id='word_1_156' title='bbox 1552 1729 1664 1800; x_wconf 85' lang='lat' dir='ltr'><strong>jam</strong></span> <span class='ocrx_word' id='word_1_157' title='bbox 1687 1731 1860 1803; x_wconf 88' lang='lat' dir='ltr'><strong>possit</strong></span> 
     </span>
    </p>
   </div>
   <div class='ocr_carea' id='block_1_19' title="bbox 255 1819 1935 1895">
    <p class='ocr_par' dir='ltr' id='par_1_19' title="bbox 255 1819 1935 1895">
     <span class='ocr_line' id='line_1_19' title="bbox 255 1819 1935 1895; baseline 0.006 -23"><span class='ocrx_word' id='word_1_158' title='bbox 255 1827 434 1887; x_wconf 78' lang='lat' dir='ltr'><strong>capax</strong></span> <span class='ocrx_word' id='word_1_159' title='bbox 461 1819 827 1888; x_wconf 90' lang='lat' dir='ltr'><strong>esserationis,</strong></span> <span class='ocrx_word' id='word_1_160' title='bbox 841 1829 1154 1893; x_wconf 90' lang='lat' dir='ltr'><strong>etc.,usque</strong></span> <span class='ocrx_word' id='word_1_161' title='bbox 1165 1821 1235 1876; x_wconf 89' lang='lat' dir='ltr'><strong>ad</strong></span> <span class='ocrx_word' id='word_1_162' title='bbox 1248 1823 1425 1894; x_wconf 89' lang='lat' dir='ltr'><strong>possis</strong></span> <span class='ocrx_word' id='word_1_163' title='bbox 1441 1823 1708 1894; x_wconf 88' lang='lat' dir='ltr'><strong>accipere.</strong></span> <span class='ocrx_word' id='word_1_164' title='bbox 1727 1823 1825 1895; x_wconf 92' lang='lat' dir='ltr'><strong>(ld.</strong></span> <span class='ocrx_word' id='word_1_165' title='bbox 1839 1865 1854 1892; x_wconf 94' lang='lat'><strong>,</strong></span> <span class='ocrx_word' id='word_1_166' title='bbox 1885 1819 1935 1882; x_wconf 92' lang='lat' dir='ltr'><strong>B</strong></span> 
     </span>
    </p>
   </div>
   <div class='ocr_carea' id='block_1_20' title="bbox 256 1908 1850 1980">
    <p class='ocr_par' dir='ltr' id='par_1_20' title="bbox 256 1908 1850 1980">
     <span class='ocr_line' id='line_1_20' title="bbox 256 1908 1850 1980; baseline 0.006 -19"><span class='ocrx_word' id='word_1_167' title='bbox 256 1908 356 1963; x_wconf 87' lang='lat' dir='ltr'><strong>lib.</strong></span> <span class='ocrx_word' id='word_1_168' title='bbox 398 1909 596 1978; x_wconf 67' lang='lat' dir='ltr'><strong>Quaest.</strong></span> <span class='ocrx_word' id='word_1_169' title='bbox 641 1912 696 1966; x_wconf 90' lang='lat' dir='ltr'><strong>in</strong></span> <span class='ocrx_word' id='word_1_170' title='bbox 725 1910 892 1967; x_wconf 91' lang='lat' dir='ltr'><strong>Num.</strong></span> <span class='ocrx_word' id='word_1_171' title='bbox 942 1912 1022 1967; x_wconf 85' lang='lat' dir='ltr'><strong>tit.</strong></span> <span class='ocrx_word' id='word_1_172' title='bbox 1080 1911 1170 1980; x_wconf 86' lang='grc'><strong>85,</strong></span> <span class='ocrx_word' id='word_1_173' title='bbox 1203 1921 1335 1970; x_wconf 85' lang='grc' dir='ltr'>ιοιιι.</span> <span class='ocrx_word' id='word_1_174' title='bbox 1370 1913 1476 1980; x_wconf 88' lang='lat' dir='ltr'><strong>Vl,</strong></span> <span class='ocrx_word' id='word_1_175' title='bbox 1531 1914 1635 1970; x_wconf 92' lang='lat' dir='ltr'><strong>col.</strong></span> <span class='ocrx_word' id='word_1_176' title='bbox 1691 1913 1761 1970; x_wconf 89' lang='grc'><strong>52</strong></span> <span class='ocrx_word' id='word_1_177' title='bbox 1799 1921 1850 1971; x_wconf 88' lang='lat' dir='ltr'><strong>et</strong></span> 
     </span>
    </p>
   </div>
   <div class='ocr_carea' id='block_1_21' title="bbox 255 2005 409 2074">
    <p class='ocr_par' dir='ltr' id='par_1_21' title="bbox 255 2005 409 2074">
     <span class='ocr_line' id='line_1_21' title="bbox 255 2005 409 2074; baseline -0.006 -16"><span class='ocrx_word' id='word_1_178' title='bbox 255 2005 409 2074; x_wconf 85' lang='lat' dir='ltr'><strong>seq.)</strong></span> 
     </span>
    </p>
   </div>
   <div class='ocr_carea' id='block_1_22' title="bbox 330 2095 1851 2174">
    <p class='ocr_par' dir='ltr' id='par_1_22' title="bbox 330 2095 1851 2174">
     <span class='ocr_line' id='line_1_22' title="bbox 330 2095 1851 2174; baseline 0.003 -22"><span class='ocrx_word' id='word_1_179' title='bbox 330 2095 717 2171; x_wconf 86' lang='lat' dir='ltr'><strong>Unusquisque</strong></span> <span class='ocrx_word' id='word_1_180' title='bbox 738 2098 902 2156; x_wconf 91' lang='lat' dir='ltr'><strong>homo</strong></span> <span class='ocrx_word' id='word_1_181' title='bbox 925 2115 1032 2157; x_wconf 90' lang='lat' dir='ltr'><strong>non</strong></span> <span class='ocrx_word' id='word_1_182' title='bbox 1056 2099 1240 2166; x_wconf 87' lang='lat' dir='ltr'><strong>habet,</strong></span> <span class='ocrx_word' id='word_1_183' title='bbox 1266 2099 1320 2158; x_wconf 91' lang='lat' dir='ltr'><strong>in</strong></span> <span class='ocrx_word' id='word_1_184' title='bbox 1342 2115 1420 2169; x_wconf 91' lang='lat' dir='ltr'><strong>se,</strong></span> <span class='ocrx_word' id='word_1_185' title='bbox 1437 2109 1568 2168; x_wconf 89' lang='lat' dir='ltr'><strong>etc.,</strong></span> <span class='ocrx_word' id='word_1_186' title='bbox 1595 2118 1760 2174; x_wconf 87' lang='lat' dir='ltr'><strong>usque</strong></span> <span class='ocrx_word' id='word_1_187' title='bbox 1782 2103 1851 2157; x_wconf 87' lang='lat' dir='ltr'><strong>ad</strong></span> 
     </span>
    </p>
   </div>
   <div class='ocr_carea' id='block_1_23' title="bbox 246 2189 1847 2266">
    <p class='ocr_par' dir='ltr' id='par_1_23' title="bbox 246 2189 1847 2266">
     <span class='ocr_line' id='line_1_23' title="bbox 246 2189 1847 2266; baseline 0.002 -19"><span class='ocrx_word' id='word_1_188' title='bbox 246 2189 462 2248; x_wconf 80' lang='lat' dir='ltr'><strong>donata</strong></span> <span class='ocrx_word' id='word_1_189' title='bbox 485 2201 611 2248; x_wconf 90' lang='lat' dir='ltr'><strong>sunt</strong></span> <span class='ocrx_word' id='word_1_190' title='bbox 638 2192 814 2250; x_wconf 90' lang='lat' dir='ltr'><strong>nobis.</strong></span> <span class='ocrx_word' id='word_1_191' title='bbox 843 2193 970 2266; x_wconf 90' lang='lat' dir='ltr'><strong>(Id.,</strong></span> <span class='ocrx_word' id='word_1_192' title='bbox 992 2202 1148 2249; x_wconf 84' lang='lat' dir='ltr'><strong>tract.</strong></span> <span class='ocrx_word' id='word_1_193' title='bbox 1175 2193 1244 2248; x_wconf 92' lang='grc'><strong>52</strong></span> <span class='ocrx_word' id='word_1_194' title='bbox 1264 2193 1320 2248; x_wconf 87' lang='lat' dir='ltr'><strong>in</strong></span> <span class='ocrx_word' id='word_1_195' title='bbox 1339 2210 1520 2266; x_wconf 85' lang='lat' dir='ltr'><strong>evang.</strong></span> <span class='ocrx_word' id='word_1_196' title='bbox 1540 2211 1643 2251; x_wconf 91' lang='lat' dir='ltr'><strong>sec.</strong></span> <span class='ocrx_word' id='word_1_197' title='bbox 1661 2195 1847 2264; x_wconf 81' lang='lat' dir='ltr'><strong>Joan.,</strong></span> 
     </span>
    </p>
   </div>
   <div class='ocr_carea' id='block_1_24' title="bbox 248 2284 1132 2357">
    <p class='ocr_par' dir='ltr' id='par_1_24' title="bbox 248 2284 1132 2357">
     <span class='ocr_line' id='line_1_24' title="bbox 248 2284 1132 2357; baseline 0.002 -19"><span class='ocrx_word' id='word_1_198' title='bbox 248 2293 393 2340; x_wconf 88' lang='lat' dir='ltr'><strong>tom.</strong></span> <span class='ocrx_word' id='word_1_199' title='bbox 424 2284 509 2351; x_wconf 93' lang='lat' dir='ltr'><strong>IlI,</strong></span> <span class='ocrx_word' id='word_1_200' title='bbox 537 2293 684 2356; x_wconf 87' lang='lat' dir='ltr'><strong>part.</strong></span> <span class='ocrx_word' id='word_1_201' title='bbox 717 2301 778 2353; x_wconf 93' lang='lat'><strong>11,</strong></span> <span class='ocrx_word' id='word_1_202' title='bbox 811 2285 916 2342; x_wconf 89' lang='lat' dir='ltr'><strong>col.</strong></span> <span class='ocrx_word' id='word_1_203' title='bbox 945 2285 1132 2357; x_wconf 86' lang='grc'><strong>1644.)</strong></span> 
     </span>
    </p>
   </div>
   <div class='ocr_carea' id='block_1_25' title="bbox 326 2376 1845 2462">
    <p class='ocr_par' dir='ltr' id='par_1_25' title="bbox 326 2376 1845 2462">
     <span class='ocr_line' id='line_1_25' title="bbox 326 2376 1845 2462; baseline 0.002 -32"><span class='ocrx_word' id='word_1_204' title='bbox 326 2376 486 2444; x_wconf 86' lang='lat' dir='ltr'><strong>Quod</strong></span> <span class='ocrx_word' id='word_1_205' title='bbox 510 2377 656 2433; x_wconf 91' lang='lat' dir='ltr'><strong>enim</strong></span> <span class='ocrx_word' id='word_1_206' title='bbox 687 2377 754 2433; x_wconf 89' lang='lat' dir='ltr'><strong>de</strong></span> <span class='ocrx_word' id='word_1_207' title='bbox 781 2385 936 2449; x_wconf 88' lang='lat' dir='ltr'><strong>patre</strong></span> <span class='ocrx_word' id='word_1_208' title='bbox 962 2386 1150 2434; x_wconf 90' lang='lat' dir='ltr'><strong>natum</strong></span> <span class='ocrx_word' id='word_1_209' title='bbox 1177 2386 1283 2457; x_wconf 88' lang='lat' dir='ltr'><strong>est,</strong></span> <span class='ocrx_word' id='word_1_210' title='bbox 1331 2378 1399 2434; x_wconf 86' lang='lat' dir='ltr'><strong>ad</strong></span> <span class='ocrx_word' id='word_1_211' title='bbox 1446 2387 1680 2450; x_wconf 88' lang='lat' dir='ltr'><strong>patrem,</strong></span> <span class='ocrx_word' id='word_1_212' title='bbox 1717 2389 1845 2462; x_wconf 72' lang='lat' dir='ltr'><strong>etc.,</strong></span> 
     </span>
    </p>
   </div>
   <div class='ocr_carea' id='block_1_26' title="bbox 245 2467 1845 2541">
    <p class='ocr_par' dir='ltr' id='par_1_26' title="bbox 245 2467 1845 2541">
     <span class='ocr_line' id='line_1_26' title="bbox 245 2467 1845 2541; baseline 0.003 -19"><span class='ocrx_word' id='word_1_213' title='bbox 245 2486 420 2539; x_wconf 83' lang='lat' dir='ltr'><strong>usque</strong></span> <span class='ocrx_word' id='word_1_214' title='bbox 447 2469 514 2524; x_wconf 86' lang='lat' dir='ltr'><strong>ad</strong></span> <span class='ocrx_word' id='word_1_215' title='bbox 537 2467 653 2540; x_wconf 87' lang='lat' dir='ltr'><strong>jam</strong></span> <span class='ocrx_word' id='word_1_216' title='bbox 683 2469 782 2526; x_wconf 86' lang='lat' dir='ltr'><strong>tibi</strong></span> <span class='ocrx_word' id='word_1_217' title='bbox 812 2469 953 2526; x_wconf 89' lang='lat' dir='ltr'><strong>dedi.</strong></span> <span class='ocrx_word' id='word_1_218' title='bbox 984 2468 1084 2541; x_wconf 90' lang='lat' dir='ltr'><strong>(Id.</strong></span> <span class='ocrx_word' id='word_1_219' title='bbox 1135 2470 1206 2525; x_wconf 90' lang='lat' dir='ltr'><strong>lib</strong></span> <span class='ocrx_word' id='word_1_220' title='bbox 1264 2486 1321 2526; x_wconf 77' lang='grc' dir='ltr'><strong>ιιι</strong></span> <span class='ocrx_word' id='word_1_221' title='bbox 1372 2470 1436 2524; x_wconf 88' lang='lat' dir='ltr'><strong>de</strong></span> <span class='ocrx_word' id='word_1_222' title='bbox 1490 2469 1662 2538; x_wconf 89' lang='lat' dir='ltr'><strong>Trin.,</strong></span> <span class='ocrx_word' id='word_1_223' title='bbox 1714 2480 1845 2528; x_wconf 89' lang='lat' dir='ltr'><strong>tom.</strong></span> 
     </span>
    </p>
   </div>
   <div class='ocr_carea' id='block_1_27' title="bbox 243 2561 703 2634">
    <p class='ocr_par' dir='ltr' id='par_1_27' title="bbox 243 2561 703 2634">
     <span class='ocr_line' id='line_1_27' title="bbox 243 2561 703 2634; baseline -0.002 -18"><span class='ocrx_word' id='word_1_224' title='bbox 243 2561 392 2628; x_wconf 81' lang='lat' dir='ltr'><strong>vm,</strong></span> <span class='ocrx_word' id='word_1_225' title='bbox 417 2561 522 2618; x_wconf 93' lang='lat' dir='ltr'><strong>col.</strong></span> <span class='ocrx_word' id='word_1_226' title='bbox 553 2561 703 2634; x_wconf 77' lang='lat'><strong>921.)</strong></span> 
     </span>
    </p>
   </div>
   <div class='ocr_carea' id='block_1_28' title="bbox 321 2644 1848 2726">
    <p class='ocr_par' dir='ltr' id='par_1_28' title="bbox 321 2644 1848 2726">
     <span class='ocr_line' id='line_1_28' title="bbox 321 2644 1848 2726; baseline 0.001 -18"><span class='ocrx_word' id='word_1_227' title='bbox 321 2652 500 2710; x_wconf 84' lang='lat' dir='ltr'><strong>Nemo</strong></span> <span class='ocrx_word' id='word_1_228' title='bbox 519 2654 665 2710; x_wconf 90' lang='lat' dir='ltr'><strong>enim</strong></span> <span class='ocrx_word' id='word_1_229' title='bbox 687 2653 792 2710; x_wconf 89' lang='lat' dir='ltr'><strong>scit</strong></span> <span class='ocrx_word' id='word_1_230' title='bbox 819 2653 948 2724; x_wconf 91' lang='lat' dir='ltr'><strong>quid</strong></span> <span class='ocrx_word' id='word_1_231' title='bbox 970 2662 1164 2726; x_wconf 82' lang='lat' dir='ltr'><strong>agatur</strong></span> <span class='ocrx_word' id='word_1_232' title='bbox 1184 2653 1239 2708; x_wconf 92' lang='lat' dir='ltr'><strong>in</strong></span> <span class='ocrx_word' id='word_1_233' title='bbox 1264 2644 1507 2721; x_wconf 69' lang='lat' dir='ltr'><strong>homine,</strong></span> <span class='ocrx_word' id='word_1_234' title='bbox 1530 2661 1666 2721; x_wconf 90' lang='lat' dir='ltr'><strong>etc.,</strong></span> <span class='ocrx_word' id='word_1_235' title='bbox 1685 2670 1848 2725; x_wconf 85' lang='lat' dir='ltr'><strong>usque</strong></span> 
     </span>
    </p>
   </div>
   <div class='ocr_carea' id='block_1_29' title="bbox 238 2745 1924 2819">
    <p class='ocr_par' dir='ltr' id='par_1_29' title="bbox 238 2745 1924 2819">
     <span class='ocr_line' id='line_1_29' title="bbox 238 2745 1924 2819; baseline 0.004 -19"><span class='ocrx_word' id='word_1_236' title='bbox 238 2745 318 2800; x_wconf 88' lang='lat' dir='ltr'><strong>ad</strong></span> <span class='ocrx_word' id='word_1_237' title='bbox 352 2745 468 2802; x_wconf 91' lang='lat' dir='ltr'><strong>noti</strong></span> <span class='ocrx_word' id='word_1_238' title='bbox 497 2761 704 2803; x_wconf 88' lang='lat' dir='ltr'><strong>sumus.</strong></span> <span class='ocrx_word' id='word_1_239' title='bbox 730 2747 852 2819; x_wconf 84' lang='lat' dir='ltr'><strong>(Id.,</strong></span> <span class='ocrx_word' id='word_1_240' title='bbox 881 2747 973 2803; x_wconf 91' lang='lat' dir='ltr'><strong>lib.</strong></span> <span class='ocrx_word' id='word_1_241' title='bbox 1010 2748 1081 2802; x_wconf 89' lang='lat' dir='ltr'><strong>ad</strong></span> <span class='ocrx_word' id='word_1_242' title='bbox 1113 2746 1334 2805; x_wconf 88' lang='lat' dir='ltr'><strong>Paulin.</strong></span> <span class='ocrx_word' id='word_1_243' title='bbox 1366 2750 1432 2805; x_wconf 88' lang='lat' dir='ltr'><strong>de</strong></span> <span class='ocrx_word' id='word_1_244' title='bbox 1462 2751 1684 2806; x_wconf 87' lang='lat' dir='ltr'><strong>videndo</strong></span> <span class='ocrx_word' id='word_1_245' title='bbox 1709 2750 1844 2817; x_wconf 90' lang='lat' dir='ltr'><strong>Deo,</strong></span> <span class='ocrx_word' id='word_1_246' title='bbox 1921 2792 1924 2794; x_wconf 59' lang='grc' dir='ltr'><strong><em>η</em></strong></span> 
     </span>
    </p>
   </div>
   <div class='ocr_carea' id='block_1_30' title="bbox 240 2839 806 2913">
    <p class='ocr_par' dir='ltr' id='par_1_30' title="bbox 240 2839 806 2913">
     <span class='ocr_line' id='line_1_30' title="bbox 240 2839 806 2913; baseline 0 -15"><span class='ocrx_word' id='word_1_247' title='bbox 240 2851 386 2898; x_wconf 76' lang='lat' dir='ltr'><strong>tom.</strong></span> <span class='ocrx_word' id='word_1_248' title='bbox 427 2839 492 2909; x_wconf 89' lang='grc' dir='ltr'><strong>ιι,</strong></span> <span class='ocrx_word' id='word_1_249' title='bbox 519 2841 623 2899; x_wconf 91' lang='lat' dir='ltr'><strong>col.</strong></span> <span class='ocrx_word' id='word_1_250' title='bbox 653 2841 806 2913; x_wconf 89' lang='grc'><strong>602.)</strong></span> 
     </span>
    </p>
   </div>
   <div class='ocr_carea' id='block_1_31' title="bbox 320 2934 1842 3010">
    <p class='ocr_par' dir='ltr' id='par_1_31' title="bbox 320 2934 1842 3010">
     <span class='ocr_line' id='line_1_31' title="bbox 320 2934 1842 3010; baseline 0.002 -20"><span class='ocrx_word' id='word_1_251' title='bbox 320 2934 450 2992; x_wconf 76' lang='lat' dir='ltr'><strong>Ilzec</strong></span> <span class='ocrx_word' id='word_1_252' title='bbox 469 2943 553 2992; x_wconf 89' lang='lat' dir='ltr'><strong>est</strong></span> <span class='ocrx_word' id='word_1_253' title='bbox 573 2942 754 2993; x_wconf 92' lang='lat' dir='ltr'><strong>autem</strong></span> <span class='ocrx_word' id='word_1_254' title='bbox 775 2935 888 2992; x_wconf 88' lang='lat' dir='ltr'><strong>vita</strong></span> <span class='ocrx_word' id='word_1_255' title='bbox 915 2944 1142 3003; x_wconf 59' lang='lat' dir='ltr'><strong>aeterna,</strong></span> <span class='ocrx_word' id='word_1_256' title='bbox 1167 2945 1228 2992; x_wconf 91' lang='lat' dir='ltr'><strong>ut</strong></span> <span class='ocrx_word' id='word_1_257' title='bbox 1249 2945 1580 3010; x_wconf 83' lang='lat' dir='ltr'><strong>cognoscant</strong></span> <span class='ocrx_word' id='word_1_258' title='bbox 1603 2945 1676 3006; x_wconf 91' lang='lat' dir='ltr'><strong>te,</strong></span> <span class='ocrx_word' id='word_1_259' title='bbox 1710 2946 1842 3003; x_wconf 90' lang='lat' dir='ltr'><strong>etc.,</strong></span> 
     </span>
    </p>
   </div>
   <div class='ocr_carea' id='block_1_32' title="bbox 237 3027 1841 3101">
    <p class='ocr_par' dir='ltr' id='par_1_32' title="bbox 237 3027 1841 3101">
     <span class='ocr_line' id='line_1_32' title="bbox 237 3027 1841 3101; baseline 0.001 -18"><span class='ocrx_word' id='word_1_260' title='bbox 237 3045 413 3100; x_wconf 84' lang='lat' dir='ltr'><strong>usque</strong></span> <span class='ocrx_word' id='word_1_261' title='bbox 461 3045 529 3084; x_wconf 88' lang='lat' dir='ltr'><strong>aa</strong></span> <span class='ocrx_word' id='word_1_262' title='bbox 558 3036 613 3085; x_wconf 87' lang='lat' dir='ltr'><strong>et</strong></span> <span class='ocrx_word' id='word_1_263' title='bbox 663 3043 822 3086; x_wconf 88' lang='lat' dir='ltr'><strong>renes</strong></span> <span class='ocrx_word' id='word_1_264' title='bbox 865 3029 983 3086; x_wconf 89' lang='lat' dir='ltr'><strong>Dei.</strong></span> <span class='ocrx_word' id='word_1_265' title='bbox 1038 3028 1162 3101; x_wconf 90' lang='lat' dir='ltr'><strong>(Id.,</strong></span> <span class='ocrx_word' id='word_1_266' title='bbox 1199 3027 1292 3086; x_wconf 85' lang='lat' dir='ltr'><strong>lib.</strong></span> <span class='ocrx_word' id='word_1_267' title='bbox 1326 3045 1364 3084; x_wconf 93' lang='lat'><strong>11</strong></span> <span class='ocrx_word' id='word_1_268' title='bbox 1395 3040 1562 3086; x_wconf 86' lang='lat' dir='ltr'><strong>contr.</strong></span> <span class='ocrx_word' id='word_1_269' title='bbox 1601 3029 1841 3097; x_wconf 67' lang='lat' dir='ltr'><strong>Mamim.,</strong></span> 
     </span>
    </p>
   </div>
   <div class='ocr_carea' id='block_1_33' title="bbox 234 3121 853 3193">
    <p class='ocr_par' dir='ltr' id='par_1_33' title="bbox 234 3121 853 3193">
     <span class='ocr_line' id='line_1_33' title="bbox 234 3121 853 3193; baseline 0 -16"><span class='ocrx_word' id='word_1_270' title='bbox 234 3133 382 3178; x_wconf 84' lang='lat' dir='ltr'><strong>tom.</strong></span> <span class='ocrx_word' id='word_1_271' title='bbox 413 3121 550 3190; x_wconf 90' lang='lat' dir='ltr'><strong>VIII,</strong></span> <span class='ocrx_word' id='word_1_272' title='bbox 574 3121 676 3180; x_wconf 89' lang='lat' dir='ltr'><strong>col.</strong></span> <span class='ocrx_word' id='word_1_273' title='bbox 702 3121 853 3193; x_wconf 90' lang='grc'><strong>771.)</strong></span> 
     </span>
    </p>
   </div>
   <div class='ocr_carea' id='block_1_34' title="bbox 1971 630 2977 706">
    <p class='ocr_par' dir='ltr' id='par_1_34' title="bbox 1971 630 2977 706">
     <span class='ocr_line' id='line_1_34' title="bbox 1971 630 2977 706; baseline 0.004 -22"><span class='ocrx_word' id='word_1_274' title='bbox 1971 639 2164 698; x_wconf 87' lang='lat' dir='ltr'><strong>sanct.,</strong></span> <span class='ocrx_word' id='word_1_275' title='bbox 2192 638 2325 687; x_wconf 93' lang='lat' dir='ltr'><strong>tom.</strong></span> <span class='ocrx_word' id='word_1_276' title='bbox 2355 630 2418 698; x_wconf 88' lang='lat' dir='ltr'><strong>V,</strong></span> <span class='ocrx_word' id='word_1_277' title='bbox 2443 641 2586 703; x_wconf 90' lang='lat' dir='ltr'><strong>part.</strong></span> <span class='ocrx_word' id='word_1_278' title='bbox 2615 650 2656 701; x_wconf 97' lang='lat'><strong>1,</strong></span> <span class='ocrx_word' id='word_1_279' title='bbox 2687 633 2792 690; x_wconf 93' lang='lat' dir='ltr'><strong>col.</strong></span> <span class='ocrx_word' id='word_1_280' title='bbox 2825 631 2977 706; x_wconf 93' lang='grc'><strong>461.)</strong></span> 
     </span>
    </p>
   </div>
   <div class='ocr_carea' id='block_1_35' title="bbox 2040 722 3560 795">
    <p class='ocr_par' dir='ltr' id='par_1_35' title="bbox 2040 722 3560 795">
     <span class='ocr_line' id='line_1_35' title="bbox 2040 722 3560 795; baseline 0.005 -17"><span class='ocrx_word' id='word_1_281' title='bbox 2040 722 2099 778; x_wconf 91' lang='lat' dir='ltr'><strong>In</strong></span> <span class='ocrx_word' id='word_1_282' title='bbox 2120 722 2260 779; x_wconf 91' lang='lat' dir='ltr'><strong>libro</strong></span> <span class='ocrx_word' id='word_1_283' title='bbox 2298 723 2392 795; x_wconf 90' lang='lat' dir='ltr'><strong>qui</strong></span> <span class='ocrx_word' id='word_1_284' title='bbox 2413 724 2731 782; x_wconf 87' lang='lat' dir='ltr'><strong>inscribitur</strong></span> <span class='ocrx_word' id='word_1_285' title='bbox 2753 735 2940 782; x_wconf 88' lang='lat' dir='ltr'><strong>contra</strong></span> <span class='ocrx_word' id='word_1_286' title='bbox 2963 726 3292 795; x_wconf 89' lang='lat' dir='ltr'><strong>Donatistas,</strong></span> <span class='ocrx_word' id='word_1_287' title='bbox 3325 745 3560 786; x_wconf 87' lang='lat' dir='ltr'><strong>comme-</strong></span> 
     </span>
    </p>
   </div>
   <div class='ocr_carea' id='block_1_36' title="bbox 1969 813 3562 892">
    <p class='ocr_par' dir='ltr' id='par_1_36' title="bbox 1969 813 3562 892">
     <span class='ocr_line' id='line_1_36' title="bbox 1969 813 3562 892; baseline 0.005 -24"><span class='ocrx_word' id='word_1_288' title='bbox 1969 821 2181 870; x_wconf 91' lang='lat' dir='ltr'><strong>morato</strong></span> <span class='ocrx_word' id='word_1_289' title='bbox 2213 813 2367 872; x_wconf 71' lang='lat' dir='ltr'><strong>Judze</strong></span> <span class='ocrx_word' id='word_1_290' title='bbox 2391 817 2622 888; x_wconf 85' lang='lat' dir='ltr'><strong>apostoli</strong></span> <span class='ocrx_word' id='word_1_291' title='bbox 2650 817 2983 885; x_wconf 91' lang='lat' dir='ltr'><strong>testimonio,</strong></span> <span class='ocrx_word' id='word_1_292' title='bbox 3015 826 3148 885; x_wconf 83' lang='lat' dir='ltr'><strong>etc.,</strong></span> <span class='ocrx_word' id='word_1_293' title='bbox 3194 837 3358 892; x_wconf 87' lang='lat' dir='ltr'><strong>usque</strong></span> <span class='ocrx_word' id='word_1_294' title='bbox 3407 822 3477 875; x_wconf 87' lang='lat' dir='ltr'><strong>ad</strong></span> <span class='ocrx_word' id='word_1_295' title='bbox 3504 829 3562 878; x_wconf 91' lang='lat' dir='ltr'><strong>et</strong></span> 
     </span>
    </p>
   </div>
   <div class='ocr_carea' id='block_1_37' title="bbox 1969 903 3554 988">
    <p class='ocr_par' dir='ltr' id='par_1_37' title="bbox 1969 903 3554 988">
     <span class='ocr_line' id='line_1_37' title="bbox 1969 903 3554 988; baseline 0.004 -29"><span class='ocrx_word' id='word_1_296' title='bbox 1969 903 2221 963; x_wconf 90' lang='lat' dir='ltr'><strong>inventus</strong></span> <span class='ocrx_word' id='word_1_297' title='bbox 2257 915 2359 964; x_wconf 89' lang='lat' dir='ltr'><strong>est.</strong></span> <span class='ocrx_word' id='word_1_298' title='bbox 2425 907 2550 980; x_wconf 94' lang='lat' dir='ltr'><strong>(Id.</strong></span> <span class='ocrx_word' id='word_1_299' title='bbox 2578 949 2594 976; x_wconf 95' lang='lat'><strong>,</strong></span> <span class='ocrx_word' id='word_1_300' title='bbox 2647 907 2736 964; x_wconf 91' lang='lat' dir='ltr'><strong>lib.</strong></span> <span class='ocrx_word' id='word_1_301' title='bbox 2799 926 2839 966; x_wconf 94' lang='lat'><strong>11</strong></span> <span class='ocrx_word' id='word_1_302' title='bbox 2881 908 3138 988; x_wconf 84' lang='lat' dir='ltr'><strong>Retract.,</strong></span> <span class='ocrx_word' id='word_1_303' title='bbox 3187 919 3317 967; x_wconf 92' lang='lat' dir='ltr'><strong>tom.</strong></span> <span class='ocrx_word' id='word_1_304' title='bbox 3362 913 3404 979; x_wconf 92' lang='lat' dir='ltr'><strong>l,</strong></span> <span class='ocrx_word' id='word_1_305' title='bbox 3452 911 3554 968; x_wconf 90' lang='lat' dir='ltr'><strong>col.</strong></span> 
     </span>
    </p>
   </div>
   <div class='ocr_carea' id='block_1_38' title="bbox 1968 993 2119 1067">
    <p class='ocr_par' dir='ltr' id='par_1_38' title="bbox 1968 993 2119 1067">
     <span class='ocr_line' id='line_1_38' title="bbox 1968 993 2119 1067; baseline 0.013 -19"><span class='ocrx_word' id='word_1_306' title='bbox 1968 993 2119 1067; x_wconf 83' lang='lat'><strong>642.)</strong></span> 
     </span>
    </p>
   </div>
   <div class='ocr_carea' id='block_1_39' title="bbox 2038 1085 3555 1164">
    <p class='ocr_par' dir='ltr' id='par_1_39' title="bbox 2038 1085 3555 1164">
     <span class='ocr_line' id='line_1_39' title="bbox 2038 1085 3555 1164; baseline 0.005 -22"><span class='ocrx_word' id='word_1_307' title='bbox 2038 1085 2309 1158; x_wconf 87' lang='lat' dir='ltr'><strong>Spiritalis</strong></span> <span class='ocrx_word' id='word_1_308' title='bbox 2353 1098 2530 1145; x_wconf 88' lang='lat' dir='ltr'><strong>autem</strong></span> <span class='ocrx_word' id='word_1_309' title='bbox 2561 1089 2794 1161; x_wconf 84' lang='lat' dir='ltr'><strong>judicat,</strong></span> <span class='ocrx_word' id='word_1_310' title='bbox 2843 1099 2976 1160; x_wconf 72' lang='lat' dir='ltr'><strong>etc.,</strong></span> <span class='ocrx_word' id='word_1_311' title='bbox 3024 1106 3196 1164; x_wconf 91' lang='lat' dir='ltr'><strong>usque</strong></span> <span class='ocrx_word' id='word_1_312' title='bbox 3250 1094 3316 1148; x_wconf 83' lang='lat' dir='ltr'><strong>ad</strong></span> <span class='ocrx_word' id='word_1_313' title='bbox 3347 1111 3555 1150; x_wconf 84' lang='lat' dir='ltr'><strong>sensum</strong></span> 
     </span>
    </p>
   </div>
   <div class='ocr_carea' id='block_1_40' title="bbox 1967 1177 3552 1252">
    <p class='ocr_par' dir='ltr' id='par_1_40' title="bbox 1967 1177 3552 1252">
     <span class='ocr_line' id='line_1_40' title="bbox 1967 1177 3552 1252; baseline 0.004 -18"><span class='ocrx_word' id='word_1_314' title='bbox 1967 1177 2163 1234; x_wconf 77' lang='lat' dir='ltr'><strong>Christi</strong></span> <span class='ocrx_word' id='word_1_315' title='bbox 2175 1177 2445 1236; x_wconf 77' lang='lat' dir='ltr'><strong>habemus.</strong></span> <span class='ocrx_word' id='word_1_316' title='bbox 2466 1180 2534 1238; x_wconf 87' lang='lat' dir='ltr'><strong>Ut</strong></span> <span class='ocrx_word' id='word_1_317' title='bbox 2546 1181 2691 1237; x_wconf 91' lang='lat' dir='ltr'><strong>enim</strong></span> <span class='ocrx_word' id='word_1_318' title='bbox 2704 1197 2804 1240; x_wconf 93' lang='lat' dir='ltr'><strong>nos</strong></span> <span class='ocrx_word' id='word_1_319' title='bbox 2819 1197 3010 1240; x_wconf 91' lang='lat' dir='ltr'><strong>omnes</strong></span> <span class='ocrx_word' id='word_1_320' title='bbox 3025 1186 3220 1241; x_wconf 65' lang='lat' dir='ltr'><strong>animae</strong></span> <span class='ocrx_word' id='word_1_321' title='bbox 3238 1187 3552 1252; x_wconf 86' lang='lat' dir='ltr'><strong>rationales,</strong></span> 
     </span>
    </p>
   </div>
   <div class='ocr_carea' id='block_1_41' title="bbox 1964 1273 3552 1352">
    <p class='ocr_par' dir='ltr' id='par_1_41' title="bbox 1964 1273 3552 1352">
     <span class='ocr_line' id='line_1_41' title="bbox 1964 1273 3552 1352; baseline 0.004 -26"><span class='ocrx_word' id='word_1_322' title='bbox 1964 1277 2097 1338; x_wconf 90' lang='lat' dir='ltr'><strong>etc.,</strong></span> <span class='ocrx_word' id='word_1_323' title='bbox 2120 1287 2284 1344; x_wconf 86' lang='lat' dir='ltr'><strong>usque</strong></span> <span class='ocrx_word' id='word_1_324' title='bbox 2303 1273 2374 1328; x_wconf 88' lang='lat' dir='ltr'><strong>ad</strong></span> <span class='ocrx_word' id='word_1_325' title='bbox 2401 1289 2509 1331; x_wconf 89' lang='lat' dir='ltr'><strong>non</strong></span> <span class='ocrx_word' id='word_1_326' title='bbox 2537 1274 2625 1332; x_wconf 86' lang='lat' dir='ltr'><strong>fas</strong></span> <span class='ocrx_word' id='word_1_327' title='bbox 2661 1283 2764 1332; x_wconf 90' lang='lat' dir='ltr'><strong>est.</strong></span> <span class='ocrx_word' id='word_1_328' title='bbox 2792 1275 2920 1349; x_wconf 88' lang='lat' dir='ltr'><strong>(Id.,</strong></span> <span class='ocrx_word' id='word_1_329' title='bbox 2969 1277 3060 1332; x_wconf 89' lang='lat' dir='ltr'><strong>lib.</strong></span> <span class='ocrx_word' id='word_1_330' title='bbox 3094 1278 3158 1334; x_wconf 91' lang='lat' dir='ltr'><strong>de</strong></span> <span class='ocrx_word' id='word_1_331' title='bbox 3199 1295 3319 1335; x_wconf 83' lang='lat' dir='ltr'><strong>vera</strong></span> <span class='ocrx_word' id='word_1_332' title='bbox 3357 1279 3552 1352; x_wconf 81' lang='lat' dir='ltr'><strong>Relig.,</strong></span> 
     </span>
    </p>
   </div>
   <div class='ocr_carea' id='block_1_42' title="bbox 1965 1362 2981 1441">
    <p class='ocr_par' dir='ltr' id='par_1_42' title="bbox 1965 1362 2981 1441">
     <span class='ocr_line' id='line_1_42' title="bbox 1965 1362 2981 1441; baseline 0.006 -25"><span class='ocrx_word' id='word_1_333' title='bbox 1965 1367 2100 1418; x_wconf 91' lang='lat' dir='ltr'><strong>tom.</strong></span> <span class='ocrx_word' id='word_1_334' title='bbox 2128 1362 2220 1432; x_wconf 91' lang='lat' dir='ltr'><strong>Ill,</strong></span> <span class='ocrx_word' id='word_1_335' title='bbox 2250 1373 2395 1435; x_wconf 89' lang='lat' dir='ltr'><strong>part.</strong></span> <span class='ocrx_word' id='word_1_336' title='bbox 2427 1381 2468 1434; x_wconf 89' lang='lat'><strong>1,</strong></span> <span class='ocrx_word' id='word_1_337' title='bbox 2501 1366 2606 1424; x_wconf 91' lang='lat' dir='ltr'><strong>col.</strong></span> <span class='ocrx_word' id='word_1_338' title='bbox 2634 1367 2740 1423; x_wconf 83' lang='lat' dir='ltr'><strong>I47</strong></span> <span class='ocrx_word' id='word_1_339' title='bbox 2763 1380 2819 1425; x_wconf 89' lang='lat' dir='ltr'><strong>et</strong></span> <span class='ocrx_word' id='word_1_340' title='bbox 2839 1368 2981 1441; x_wconf 87' lang='lat' dir='ltr'><strong>seq.)</strong></span> 
     </span>
    </p>
   </div>
   <div class='ocr_carea' id='block_1_43' title="bbox 2036 1452 3556 1534">
    <p class='ocr_par' dir='ltr' id='par_1_43' title="bbox 2036 1452 3556 1534">
     <span class='ocr_line' id='line_1_43' title="bbox 2036 1452 3556 1534; baseline 0.007 -25"><span class='ocrx_word' id='word_1_341' title='bbox 2036 1452 2322 1526; x_wconf 85' lang='lat' dir='ltr'><strong>Spiritales</strong></span> <span class='ocrx_word' id='word_1_342' title='bbox 2353 1473 2486 1530; x_wconf 90' lang='lat' dir='ltr'><strong>ergo</strong></span> <span class='ocrx_word' id='word_1_343' title='bbox 2512 1459 2628 1517; x_wconf 85' lang='lat' dir='ltr'><strong>sive</strong></span> <span class='ocrx_word' id='word_1_344' title='bbox 2649 1461 2742 1532; x_wconf 86' lang='lat' dir='ltr'><strong>qui</strong></span> <span class='ocrx_word' id='word_1_345' title='bbox 2768 1469 3031 1532; x_wconf 64' lang='lat' dir='ltr'><strong>praesunt,</strong></span> <span class='ocrx_word' id='word_1_346' title='bbox 3064 1461 3180 1520; x_wconf 85' lang='lat' dir='ltr'><strong>sive</strong></span> <span class='ocrx_word' id='word_1_347' title='bbox 3209 1464 3299 1534; x_wconf 92' lang='lat' dir='ltr'><strong>qui</strong></span> <span class='ocrx_word' id='word_1_348' title='bbox 3347 1465 3556 1520; x_wconf 85' lang='lat' dir='ltr'><strong>obtem-</strong></span> 
     </span>
    </p>
   </div>
   <div class='ocr_carea' id='block_1_44' title="bbox 1963 1552 3550 1628">
    <p class='ocr_par' dir='ltr' id='par_1_44' title="bbox 1963 1552 3550 1628">
     <span class='ocr_line' id='line_1_44' title="bbox 1963 1552 3550 1628; baseline 0.007 -27"><span class='ocrx_word' id='word_1_349' title='bbox 1963 1555 2176 1617; x_wconf 90' lang='lat' dir='ltr'><strong>perant,</strong></span> <span class='ocrx_word' id='word_1_350' title='bbox 2203 1557 2332 1616; x_wconf 90' lang='lat' dir='ltr'><strong>ctc.,</strong></span> <span class='ocrx_word' id='word_1_351' title='bbox 2373 1567 2535 1623; x_wconf 87' lang='lat' dir='ltr'><strong>usque</strong></span> <span class='ocrx_word' id='word_1_352' title='bbox 2580 1552 2651 1606; x_wconf 86' lang='lat' dir='ltr'><strong>ad</strong></span> <span class='ocrx_word' id='word_1_353' title='bbox 2677 1560 3000 1624; x_wconf 89' lang='lat' dir='ltr'><strong>potestatem</strong></span> <span class='ocrx_word' id='word_1_354' title='bbox 3028 1555 3338 1628; x_wconf 89' lang='lat' dir='ltr'><strong>corrigandi</strong></span> <span class='ocrx_word' id='word_1_355' title='bbox 3370 1559 3550 1614; x_wconf 83' lang='lat' dir='ltr'><strong>habet.</strong></span> 
     </span>
    </p>
   </div>
   <div class='ocr_carea' id='block_1_45' title="bbox 1965 1637 3376 1722">
    <p class='ocr_par' dir='ltr' id='par_1_45' title="bbox 1965 1637 3376 1722">
     <span class='ocr_line' id='line_1_45' title="bbox 1965 1637 3376 1722; baseline 0.013 -31"><span class='ocrx_word' id='word_1_356' title='bbox 1965 1637 2086 1710; x_wconf 93' lang='lat' dir='ltr'><strong>(Id.,</strong></span> <span class='ocrx_word' id='word_1_357' title='bbox 2111 1638 2204 1696; x_wconf 91' lang='lat' dir='ltr'><strong>lib.</strong></span> <span class='ocrx_word' id='word_1_358' title='bbox 2245 1641 2609 1714; x_wconf 75' lang='lat' dir='ltr'><strong>x11160nfess.</strong></span> <span class='ocrx_word' id='word_1_359' title='bbox 2641 1655 2778 1702; x_wconf 90' lang='lat' dir='ltr'><strong>tom.</strong></span> <span class='ocrx_word' id='word_1_360' title='bbox 2805 1646 2852 1714; x_wconf 94' lang='lat' dir='ltr'><strong>I,</strong></span> <span class='ocrx_word' id='word_1_361' title='bbox 2886 1647 2991 1704; x_wconf 92' lang='lat' dir='ltr'><strong>col.</strong></span> <span class='ocrx_word' id='word_1_362' title='bbox 3021 1647 3126 1706; x_wconf 81' lang='lat'><strong>859</strong></span> <span class='ocrx_word' id='word_1_363' title='bbox 3153 1657 3207 1706; x_wconf 93' lang='lat' dir='ltr'><strong>et</strong></span> <span class='ocrx_word' id='word_1_364' title='bbox 3235 1650 3376 1722; x_wconf 80' lang='lat' dir='ltr'><strong>seq.)</strong></span> 
     </span>
    </p>
   </div>
   <div class='ocr_carea' id='block_1_46' title="bbox 2579 1800 2924 1860">
    <p class='ocr_par' dir='ltr' id='par_1_46' title="bbox 2579 1800 2924 1860">
     <span class='ocr_line' id='line_1_46' title="bbox 2579 1800 2924 1860; baseline 0.006 -2"><span class='ocrx_word' id='word_1_365' title='bbox 2579 1800 2809 1859; x_wconf 80' lang='lat' dir='ltr'><strong>CAPUT</strong></span> <span class='ocrx_word' id='word_1_366' title='bbox 2834 1801 2924 1860; x_wconf 85' lang='lat' dir='ltr'><strong>Ill.</strong></span> 
     </span>
    </p>
   </div>
   <div class='ocr_carea' id='block_1_47' title="bbox 2027 1905 3551 1992">
    <p class='ocr_par' dir='ltr' id='par_1_47' title="bbox 2027 1905 3551 1992">
     <span class='ocr_line' id='line_1_47' title="bbox 2027 1905 3551 1992; baseline 0.009 -29"><span class='ocrx_word' id='word_1_367' title='bbox 2027 1905 2098 1963; x_wconf 86' lang='lat' dir='ltr'><strong>Et</strong></span> <span class='ocrx_word' id='word_1_368' title='bbox 2120 1910 2476 1982; x_wconf 73' lang='lat' dir='ltr'><strong>ego,[fratres,</strong></span> <span class='ocrx_word' id='word_1_369' title='bbox 2502 1931 2607 1970; x_wconf 89' lang='lat' dir='ltr'><strong>non</strong></span> <span class='ocrx_word' id='word_1_370' title='bbox 2631 1917 2782 1986; x_wconf 84' lang='lat' dir='ltr'><strong>potui</strong></span> <span class='ocrx_word' id='word_1_371' title='bbox 2791 1916 2935 1989; x_wconf 88' lang='lat' dir='ltr'><strong>loqui</strong></span> <span class='ocrx_word' id='word_1_372' title='bbox 2960 1919 3102 1975; x_wconf 82' lang='lat' dir='ltr'><strong>vobis</strong></span> <span class='ocrx_word' id='word_1_373' title='bbox 3123 1921 3276 1990; x_wconf 81' lang='lat' dir='ltr'><strong>quasi</strong></span> <span class='ocrx_word' id='word_1_374' title='bbox 3295 1920 3551 1992; x_wconf 84' lang='lat' dir='ltr'><strong>spiritali-</strong></span> 
     </span>
    </p>
   </div>
   <div class='ocr_carea' id='block_1_48' title="bbox 1955 2002 3549 2082">
    <p class='ocr_par' dir='ltr' id='par_1_48' title="bbox 1955 2002 3549 2082">
     <span class='ocr_line' id='line_1_48' title="bbox 1955 2002 3549 2082; baseline 0.008 -27"><span class='ocrx_word' id='word_1_375' title='bbox 1955 2002 2074 2070; x_wconf 91' lang='lat' dir='ltr'><strong>bus,</strong></span> <span class='ocrx_word' id='word_1_376' title='bbox 2096 2004 2187 2059; x_wconf 88' lang='lat' dir='ltr'><strong>sed</strong></span> <span class='ocrx_word' id='word_1_377' title='bbox 2210 2007 2365 2076; x_wconf 87' lang='lat' dir='ltr'><strong>quasi</strong></span> <span class='ocrx_word' id='word_1_378' title='bbox 2385 2007 2711 2064; x_wconf 85' lang='lat' dir='ltr'><strong>carnalibus.</strong></span> <span class='ocrx_word' id='word_1_379' title='bbox 2745 2009 2844 2066; x_wconf 88' lang='lat' dir='ltr'><strong>Est</strong></span> <span class='ocrx_word' id='word_1_380' title='bbox 2865 2018 3047 2067; x_wconf 88' lang='lat' dir='ltr'><strong>autem</strong></span> <span class='ocrx_word' id='word_1_381' title='bbox 3070 2012 3320 2082; x_wconf 68' lang='lat' dir='ltr'><strong>quaestio,</strong></span> <span class='ocrx_word' id='word_1_382' title='bbox 3363 2019 3549 2068; x_wconf 90' lang='lat' dir='ltr'><strong>utrum</strong></span> 
     </span>
    </p>
   </div>
   <div class='ocr_carea' id='block_1_49' title="bbox 1955 2093 3544 2172">
    <p class='ocr_par' dir='ltr' id='par_1_49' title="bbox 1955 2093 3544 2172">
     <span class='ocr_line' id='line_1_49' title="bbox 1955 2093 3544 2172; baseline 0.006 -23"><span class='ocrx_word' id='word_1_383' title='bbox 1955 2093 2230 2164; x_wconf 88' lang='lat' dir='ltr'><strong>spiritales</strong></span> <span class='ocrx_word' id='word_1_384' title='bbox 2255 2096 2503 2155; x_wconf 84' lang='lat' dir='ltr'><strong>homines</strong></span> <span class='ocrx_word' id='word_1_385' title='bbox 2525 2099 2764 2157; x_wconf 89' lang='lat' dir='ltr'><strong>habeant</strong></span> <span class='ocrx_word' id='word_1_386' title='bbox 2793 2095 2998 2172; x_wconf 74' lang='lat' dir='ltr'><strong>aliquid</strong></span> <span class='ocrx_word' id='word_1_387' title='bbox 3029 2102 3084 2158; x_wconf 92' lang='lat' dir='ltr'><strong>in</strong></span> <span class='ocrx_word' id='word_1_388' title='bbox 3110 2102 3380 2170; x_wconf 90' lang='lat' dir='ltr'><strong>doctrina,</strong></span> <span class='ocrx_word' id='word_1_389' title='bbox 3413 2112 3544 2170; x_wconf 89' lang='lat' dir='ltr'><strong>etc.,</strong></span> 
     </span>
    </p>
   </div>
   <div class='ocr_carea' id='block_1_50' title="bbox 1953 2186 3544 2264">
    <p class='ocr_par' dir='ltr' id='par_1_50' title="bbox 1953 2186 3544 2264">
     <span class='ocr_line' id='line_1_50' title="bbox 1953 2186 3544 2264; baseline 0.006 -26"><span class='ocrx_word' id='word_1_390' title='bbox 1953 2199 2118 2256; x_wconf 86' lang='lat' dir='ltr'><strong>usque</strong></span> <span class='ocrx_word' id='word_1_391' title='bbox 2147 2186 2217 2241; x_wconf 87' lang='lat' dir='ltr'><strong>ad</strong></span> <span class='ocrx_word' id='word_1_392' title='bbox 2245 2201 2344 2260; x_wconf 89' lang='lat' dir='ltr'><strong>ego</strong></span> <span class='ocrx_word' id='word_1_393' title='bbox 2369 2203 2491 2245; x_wconf 90' lang='lat' dir='ltr'><strong>sum</strong></span> <span class='ocrx_word' id='word_1_394' title='bbox 2543 2189 2768 2247; x_wconf 87' lang='lat' dir='ltr'><strong>Christi.</strong></span> <span class='ocrx_word' id='word_1_395' title='bbox 2813 2191 2936 2262; x_wconf 91' lang='lat' dir='ltr'><strong>(Id.,</strong></span> <span class='ocrx_word' id='word_1_396' title='bbox 2983 2201 3138 2247; x_wconf 90' lang='lat' dir='ltr'><strong>tract.</strong></span> <span class='ocrx_word' id='word_1_397' title='bbox 3166 2192 3234 2249; x_wconf 91' lang='lat'><strong>98</strong></span> <span class='ocrx_word' id='word_1_398' title='bbox 3263 2193 3320 2248; x_wconf 86' lang='lat' dir='ltr'><strong>in</strong></span> <span class='ocrx_word' id='word_1_399' title='bbox 3343 2192 3544 2264; x_wconf 82' lang='lat' dir='ltr'><strong>Evang.</strong></span> 
     </span>
    </p>
   </div>
   <div class='ocr_carea' id='block_1_51' title="bbox 1953 2279 3365 2361">
    <p class='ocr_par' dir='ltr' id='par_1_51' title="bbox 1953 2279 3365 2361">
     <span class='ocr_line' id='line_1_51' title="bbox 1953 2279 3365 2361; baseline 0.006 -28"><span class='ocrx_word' id='word_1_400' title='bbox 1953 2295 2057 2334; x_wconf 91' lang='lat' dir='ltr'><strong>sec.</strong></span> <span class='ocrx_word' id='word_1_401' title='bbox 2085 2279 2271 2349; x_wconf 87' lang='lat' dir='ltr'><strong>Joan.,</strong></span> <span class='ocrx_word' id='word_1_402' title='bbox 2300 2290 2430 2338; x_wconf 90' lang='lat' dir='ltr'><strong>tom.</strong></span> <span class='ocrx_word' id='word_1_403' title='bbox 2453 2283 2539 2352; x_wconf 93' lang='lat' dir='ltr'><strong>llI,</strong></span> <span class='ocrx_word' id='word_1_404' title='bbox 2568 2294 2712 2356; x_wconf 89' lang='lat' dir='ltr'><strong>part.</strong></span> <span class='ocrx_word' id='word_1_405' title='bbox 2739 2301 2804 2354; x_wconf 90' lang='lat'><strong>11,</strong></span> <span class='ocrx_word' id='word_1_406' title='bbox 2835 2285 2939 2343; x_wconf 94' lang='lat' dir='ltr'><strong>col.</strong></span> <span class='ocrx_word' id='word_1_407' title='bbox 2973 2287 3111 2344; x_wconf 85' lang='grc'><strong>1880</strong></span> <span class='ocrx_word' id='word_1_408' title='bbox 3141 2296 3198 2344; x_wconf 87' lang='lat' dir='ltr'><strong>et</strong></span> <span class='ocrx_word' id='word_1_409' title='bbox 3221 2288 3365 2361; x_wconf 86' lang='lat' dir='ltr'><strong>seq.)</strong></span> 
     </span>
    </p>
   </div>
   <div class='ocr_carea' id='block_1_52' title="bbox 2024 2369 3546 2450">
    <p class='ocr_par' dir='ltr' id='par_1_52' title="bbox 2024 2369 3546 2450">
     <span class='ocr_line' id='line_1_52' title="bbox 2024 2369 3546 2450; baseline 0.007 -25"><span class='ocrx_word' id='word_1_410' title='bbox 2024 2369 2217 2427; x_wconf 86' lang='lat' dir='ltr'><strong>Filium</strong></span> <span class='ocrx_word' id='word_1_411' title='bbox 2266 2370 2524 2443; x_wconf 89' lang='lat' dir='ltr'><strong>hominis,</strong></span> <span class='ocrx_word' id='word_1_412' title='bbox 2553 2375 2610 2433; x_wconf 93' lang='lat' dir='ltr'><strong>id</strong></span> <span class='ocrx_word' id='word_1_413' title='bbox 2655 2385 2742 2433; x_wconf 91' lang='lat' dir='ltr'><strong>est</strong></span> <span class='ocrx_word' id='word_1_414' title='bbox 2773 2377 3052 2434; x_wconf 88' lang='lat' dir='ltr'><strong>hominem</strong></span> <span class='ocrx_word' id='word_1_415' title='bbox 3105 2393 3328 2447; x_wconf 91' lang='lat' dir='ltr'><strong>novum,</strong></span> <span class='ocrx_word' id='word_1_416' title='bbox 3371 2381 3546 2450; x_wconf 70' lang='lat' dir='ltr'><strong>poeni-</strong></span> 
     </span>
    </p>
   </div>
   <div class='ocr_carea' id='block_1_53' title="bbox 1952 2463 3543 2542">
    <p class='ocr_par' dir='ltr' id='par_1_53' title="bbox 1952 2463 3543 2542">
     <span class='ocr_line' id='line_1_53' title="bbox 1952 2463 3543 2542; baseline 0.007 -25"><span class='ocrx_word' id='word_1_417' title='bbox 1952 2463 2123 2521; x_wconf 90' lang='lat' dir='ltr'><strong>tentia</strong></span> <span class='ocrx_word' id='word_1_418' title='bbox 2150 2466 2352 2524; x_wconf 85' lang='lat' dir='ltr'><strong>veteris</strong></span> <span class='ocrx_word' id='word_1_419' title='bbox 2375 2468 2631 2538; x_wconf 89' lang='lat' dir='ltr'><strong>parturit,</strong></span> <span class='ocrx_word' id='word_1_420' title='bbox 2659 2477 2793 2538; x_wconf 90' lang='lat' dir='ltr'><strong>etc.,</strong></span> <span class='ocrx_word' id='word_1_421' title='bbox 2822 2487 2986 2542; x_wconf 85' lang='lat' dir='ltr'><strong>usque</strong></span> <span class='ocrx_word' id='word_1_422' title='bbox 3011 2471 3081 2526; x_wconf 91' lang='lat' dir='ltr'><strong>ad</strong></span> <span class='ocrx_word' id='word_1_423' title='bbox 3118 2472 3414 2528; x_wconf 86' lang='lat' dir='ltr'><strong>secundum</strong></span> <span class='ocrx_word' id='word_1_424' title='bbox 3448 2473 3543 2528; x_wconf 90' lang='lat' dir='ltr'><strong>ho-</strong></span> 
     </span>
    </p>
   </div>
   <div class='ocr_carea' id='block_1_54' title="bbox 1951 2557 3543 2635">
    <p class='ocr_par' dir='ltr' id='par_1_54' title="bbox 1951 2557 3543 2635">
     <span class='ocr_line' id='line_1_54' title="bbox 1951 2557 3543 2635; baseline 0.003 -23"><span class='ocrx_word' id='word_1_425' title='bbox 1951 2557 2154 2615; x_wconf 91' lang='lat' dir='ltr'><strong>minem</strong></span> <span class='ocrx_word' id='word_1_426' title='bbox 2177 2559 2488 2617; x_wconf 88' lang='lat' dir='ltr'><strong>ambulatis.</strong></span> <span class='ocrx_word' id='word_1_427' title='bbox 2521 2560 2646 2633; x_wconf 91' lang='lat' dir='ltr'><strong>(Id.,</strong></span> <span class='ocrx_word' id='word_1_428' title='bbox 2673 2571 2826 2618; x_wconf 87' lang='lat' dir='ltr'><strong>tract.</strong></span> <span class='ocrx_word' id='word_1_429' title='bbox 2867 2564 2923 2619; x_wconf 89' lang='lat' dir='ltr'><strong>in</strong></span> <span class='ocrx_word' id='word_1_430' title='bbox 2957 2563 3095 2634; x_wconf 85' lang='lat' dir='ltr'><strong>psal.</strong></span> <span class='ocrx_word' id='word_1_431' title='bbox 3137 2579 3258 2631; x_wconf 76' lang='lat' dir='ltr'><strong>Vlll,</strong></span> <span class='ocrx_word' id='word_1_432' title='bbox 3293 2573 3424 2620; x_wconf 91' lang='lat' dir='ltr'><strong>tom.</strong></span> <span class='ocrx_word' id='word_1_433' title='bbox 3451 2564 3543 2635; x_wconf 85' lang='lat' dir='ltr'><strong>IV,</strong></span> 
     </span>
    </p>
   </div>
   <div class='ocr_carea' id='block_1_55' title="bbox 1947 2653 2670 2728">
    <p class='ocr_par' dir='ltr' id='par_1_55' title="bbox 1947 2653 2670 2728">
     <span class='ocr_line' id='line_1_55' title="bbox 1947 2653 2670 2728; baseline 0.003 -20"><span class='ocrx_word' id='word_1_434' title='bbox 1947 2661 2091 2724; x_wconf 90' lang='lat' dir='ltr'><strong>part.</strong></span> <span class='ocrx_word' id='word_1_435' title='bbox 2119 2669 2160 2721; x_wconf 93' lang='lat'><strong>1,</strong></span> <span class='ocrx_word' id='word_1_436' title='bbox 2184 2653 2291 2711; x_wconf 90' lang='lat' dir='ltr'><strong>col.</strong></span> <span class='ocrx_word' id='word_1_437' title='bbox 2321 2654 2426 2710; x_wconf 87' lang='grc'><strong>115</strong></span> <span class='ocrx_word' id='word_1_438' title='bbox 2447 2663 2505 2711; x_wconf 89' lang='lat' dir='ltr'><strong>et</strong></span> <span class='ocrx_word' id='word_1_439' title='bbox 2526 2656 2670 2728; x_wconf 90' lang='lat' dir='ltr'><strong>seq.)</strong></span> 
     </span>
    </p>
   </div>
   <div class='ocr_carea' id='block_1_56' title="bbox 2019 2743 3540 2820">
    <p class='ocr_par' dir='ltr' id='par_1_56' title="bbox 2019 2743 3540 2820">
     <span class='ocr_line' id='line_1_56' title="bbox 2019 2743 3540 2820; baseline 0.003 -22"><span class='ocrx_word' id='word_1_440' title='bbox 2019 2743 2155 2814; x_wconf 90' lang='lat' dir='ltr'><strong>Ipsis</strong></span> <span class='ocrx_word' id='word_1_441' title='bbox 2176 2744 2411 2803; x_wconf 89' lang='lat' dir='ltr'><strong>libenter</strong></span> <span class='ocrx_word' id='word_1_442' title='bbox 2437 2746 2800 2813; x_wconf 89' lang='lat' dir='ltr'><strong>audientibus,</strong></span> <span class='ocrx_word' id='word_1_443' title='bbox 2831 2756 2963 2810; x_wconf 87' lang='lat' dir='ltr'><strong>etc.,</strong></span> <span class='ocrx_word' id='word_1_444' title='bbox 2991 2764 3154 2820; x_wconf 88' lang='lat' dir='ltr'><strong>usque</strong></span> <span class='ocrx_word' id='word_1_445' title='bbox 3178 2749 3248 2804; x_wconf 87' lang='lat' dir='ltr'><strong>ad</strong></span> <span class='ocrx_word' id='word_1_446' title='bbox 3272 2765 3456 2806; x_wconf 89' lang='lat' dir='ltr'><strong>cresce</strong></span> <span class='ocrx_word' id='word_1_447' title='bbox 3481 2759 3540 2804; x_wconf 85' lang='lat' dir='ltr'><strong>ut</strong></span> 
     </span>
    </p>
   </div>
   <div class='ocr_carea' id='block_1_57' title="bbox 1948 2837 3537 2912">
    <p class='ocr_par' dir='ltr' id='par_1_57' title="bbox 1948 2837 3537 2912">
     <span class='ocr_line' id='line_1_57' title="bbox 1948 2837 3537 2912; baseline 0.003 -20"><span class='ocrx_word' id='word_1_448' title='bbox 1948 2837 2149 2910; x_wconf 89' lang='lat' dir='ltr'><strong>capias.</strong></span> <span class='ocrx_word' id='word_1_449' title='bbox 2179 2837 2305 2911; x_wconf 91' lang='lat' dir='ltr'><strong>(Id.,</strong></span> <span class='ocrx_word' id='word_1_450' title='bbox 2337 2847 2490 2894; x_wconf 88' lang='lat' dir='ltr'><strong>tract.</strong></span> <span class='ocrx_word' id='word_1_451' title='bbox 2520 2841 2578 2896; x_wconf 87' lang='lat' dir='ltr'><strong>in</strong></span> <span class='ocrx_word' id='word_1_452' title='bbox 2602 2839 2737 2911; x_wconf 85' lang='lat' dir='ltr'><strong>psal.</strong></span> <span class='ocrx_word' id='word_1_453' title='bbox 2784 2857 3017 2910; x_wconf 77' lang='lat' dir='ltr'><strong>xxxvm,</strong></span> <span class='ocrx_word' id='word_1_454' title='bbox 3046 2849 3176 2897; x_wconf 89' lang='lat' dir='ltr'><strong>tom.</strong></span> <span class='ocrx_word' id='word_1_455' title='bbox 3201 2841 3295 2910; x_wconf 91' lang='lat' dir='ltr'><strong>IV,</strong></span> <span class='ocrx_word' id='word_1_456' title='bbox 3317 2852 3460 2912; x_wconf 86' lang='lat' dir='ltr'><strong>part.</strong></span> <span class='ocrx_word' id='word_1_457' title='bbox 3497 2858 3537 2907; x_wconf 92' lang='lat'><strong>1,</strong></span> 
     </span>
    </p>
   </div>
   <div class='ocr_carea' id='block_1_58' title="bbox 1945 2927 2228 3002">
    <p class='ocr_par' dir='ltr' id='par_1_58' title="bbox 1945 2927 2228 3002">
     <span class='ocr_line' id='line_1_58' title="bbox 1945 2927 2228 3002; baseline -0.004 -18"><span class='ocrx_word' id='word_1_458' title='bbox 1945 2927 2050 2985; x_wconf 91' lang='lat' dir='ltr'><strong>col.</strong></span> <span class='ocrx_word' id='word_1_459' title='bbox 2074 2929 2228 3002; x_wconf 88' lang='grc'><strong>415.)</strong></span> 
     </span>
    </p>
   </div>
   <div class='ocr_carea' id='block_1_59' title="bbox 2015 3020 3536 3101">
    <p class='ocr_par' dir='ltr' id='par_1_59' title="bbox 2015 3020 3536 3101">
     <span class='ocr_line' id='line_1_59' title="bbox 2015 3020 3536 3101; baseline 0.008 -27"><span class='ocrx_word' id='word_1_460' title='bbox 2015 3020 2258 3079; x_wconf 85' lang='lat' dir='ltr'><strong>Audistis</strong></span> <span class='ocrx_word' id='word_1_461' title='bbox 2282 3038 2407 3080; x_wconf 91' lang='lat' dir='ltr'><strong>cum</strong></span> <span class='ocrx_word' id='word_1_462' title='bbox 2426 3021 2716 3096; x_wconf 89' lang='lat' dir='ltr'><strong>Apostolus</strong></span> <span class='ocrx_word' id='word_1_463' title='bbox 2731 3025 3047 3098; x_wconf 56' lang='lat' dir='ltr'><strong>legeretur»:</strong></span> <span class='ocrx_word' id='word_1_464' title='bbox 3071 3027 3186 3084; x_wconf 84' lang='lat' dir='ltr'><strong>Non</strong></span> <span class='ocrx_word' id='word_1_465' title='bbox 3211 3029 3362 3101; x_wconf 88' lang='lat' dir='ltr'><strong>potui</strong></span> <span class='ocrx_word' id='word_1_466' title='bbox 3385 3030 3536 3086; x_wconf 85' lang='lat' dir='ltr'><strong>vobis</strong></span> 
     </span>
    </p>
   </div>
   <div class='ocr_carea' id='block_1_60' title="bbox 1945 3113 3534 3193">
    <p class='ocr_par' dir='ltr' id='par_1_60' title="bbox 1945 3113 3534 3193">
     <span class='ocr_line' id='line_1_60' title="bbox 1945 3113 3534 3193; baseline 0.006 -24"><span class='ocrx_word' id='word_1_467' title='bbox 1945 3113 2093 3186; x_wconf 91' lang='lat' dir='ltr'><strong>loqui</strong></span> <span class='ocrx_word' id='word_1_468' title='bbox 2113 3117 2269 3186; x_wconf 90' lang='lat' dir='ltr'><strong>quasi</strong></span> <span class='ocrx_word' id='word_1_469' title='bbox 2296 3118 2651 3188; x_wconf 86' lang='lat' dir='ltr'><strong>spiritalibus,</strong></span> <span class='ocrx_word' id='word_1_470' title='bbox 2683 3129 2812 3187; x_wconf 90' lang='lat' dir='ltr'><strong>etc.,</strong></span> <span class='ocrx_word' id='word_1_471' title='bbox 2845 3137 3008 3193; x_wconf 88' lang='lat' dir='ltr'><strong>usque</strong></span> <span class='ocrx_word' id='word_1_472' title='bbox 3038 3123 3107 3177; x_wconf 91' lang='lat' dir='ltr'><strong>ad</strong></span> <span class='ocrx_word' id='word_1_473' title='bbox 3135 3130 3191 3178; x_wconf 91' lang='lat' dir='ltr'><strong>et</strong></span> <span class='ocrx_word' id='word_1_474' title='bbox 3218 3137 3435 3179; x_wconf 86' lang='lat' dir='ltr'><strong>cresces</strong></span> <span class='ocrx_word' id='word_1_475' title='bbox 3467 3124 3534 3178; x_wconf 84' lang='lat' dir='ltr'><strong>ad</strong></span> 
     </span>
    </p>
   </div>
   <div class='ocr_carea' id='block_1_61' title="bbox 318 3195 3536 3288">
    <p class='ocr_par' dir='ltr' id='par_1_61' title="bbox 318 3195 3536 3288">
     <span class='ocr_line' id='line_1_61' title="bbox 318 3195 3536 3288; baseline 0.003 -28"><span class='ocrx_word' id='word_1_476' title='bbox 318 3213 438 3270; x_wconf 73' lang='grc' dir='ltr'><strong>Νοε</strong></span> <span class='ocrx_word' id='word_1_477' title='bbox 463 3223 637 3270; x_wconf 61' lang='lat' dir='ltr'><strong>autem</strong></span> <span class='ocrx_word' id='word_1_478' title='bbox 669 3214 932 3286; x_wconf 60' lang='lat' dir='ltr'><strong>spiritum,</strong></span> <span class='ocrx_word' id='word_1_479' title='bbox 954 3222 1085 3282; x_wconf 65' lang='lat' dir='ltr'><strong>etc.,</strong></span> <span class='ocrx_word' id='word_1_480' title='bbox 1109 3229 1282 3286; x_wconf 74' lang='lat' dir='ltr'><strong>usque</strong></span> <span class='ocrx_word' id='word_1_481' title='bbox 1305 3215 1373 3272; x_wconf 75' lang='lat' dir='ltr'><strong>ad</strong></span> <span class='ocrx_word' id='word_1_482' title='bbox 1401 3233 1517 3288; x_wconf 59' lang='lat' dir='ltr'><strong>qua;</strong></span> <span class='ocrx_word' id='word_1_483' title='bbox 1537 3233 1571 3272; x_wconf 83' lang='grc' dir='ltr'><em>α</em></span> <span class='ocrx_word' id='word_1_484' title='bbox 1605 3215 1715 3272; x_wconf 71' lang='lat' dir='ltr'><strong>Deo</strong></span> <span class='ocrx_word' id='word_1_485' title='bbox 1744 3217 1841 3271; x_wconf 75' lang='lat' dir='ltr'><strong>do-</strong></span> <span class='ocrx_word' id='word_1_486' title='bbox 1867 3195 1916 3261; x_wconf 88' lang='lat' dir='ltr'><strong><em>C</em></strong></span> <span class='ocrx_word' id='word_1_487' title='bbox 1948 3205 2002 3262; x_wconf 92' lang='lat' dir='ltr'><strong>id</strong></span> <span class='ocrx_word' id='word_1_488' title='bbox 2033 3208 2176 3279; x_wconf 91' lang='lat' dir='ltr'><strong>quod</strong></span> <span class='ocrx_word' id='word_1_489' title='bbox 2214 3217 2318 3266; x_wconf 88' lang='lat' dir='ltr'><strong>est.</strong></span> <span class='ocrx_word' id='word_1_490' title='bbox 2351 3210 2475 3283; x_wconf 92' lang='lat' dir='ltr'><strong>(Id.,</strong></span> <span class='ocrx_word' id='word_1_491' title='bbox 2521 3221 2675 3268; x_wconf 83' lang='lat' dir='ltr'><strong>tract.</strong></span> <span class='ocrx_word' id='word_1_492' title='bbox 2733 3214 2789 3269; x_wconf 89' lang='lat' dir='ltr'><strong>in</strong></span> <span class='ocrx_word' id='word_1_493' title='bbox 2835 3215 2970 3284; x_wconf 89' lang='lat' dir='ltr'><strong>psal.</strong></span> <span class='ocrx_word' id='word_1_494' title='bbox 3018 3231 3206 3286; x_wconf 75' lang='lat' dir='ltr'><strong>cxv111,</strong></span> <span class='ocrx_word' id='word_1_495' title='bbox 3267 3226 3395 3274; x_wconf 90' lang='lat' dir='ltr'><strong>tom.</strong></span> <span class='ocrx_word' id='word_1_496' title='bbox 3443 3216 3536 3284; x_wconf 90' lang='lat' dir='ltr'><strong>IV,</strong></span> 
     </span>
    </p>
   </div>
   <div class='ocr_carea' id='block_1_62' title="bbox 235 3307 1841 3382">
    <p class='ocr_par' dir='ltr' id='par_1_62' title="bbox 235 3307 1841 3382">
     <span class='ocr_line' id='line_1_62' title="bbox 235 3307 1841 3382; baseline 0.004 -20"><span class='ocrx_word' id='word_1_497' title='bbox 235 3317 378 3362; x_wconf 83' lang='lat' dir='ltr'><strong>nata</strong></span> <span class='ocrx_word' id='word_1_498' title='bbox 413 3316 536 3362; x_wconf 89' lang='lat' dir='ltr'><strong>sunt</strong></span> <span class='ocrx_word' id='word_1_499' title='bbox 573 3308 743 3364; x_wconf 89' lang='lat' dir='ltr'><strong>nobis.</strong></span> <span class='ocrx_word' id='word_1_500' title='bbox 801 3307 890 3365; x_wconf 89' lang='lat' dir='ltr'><strong>Ait</strong></span> <span class='ocrx_word' id='word_1_501' title='bbox 941 3308 1226 3378; x_wconf 91' lang='lat' dir='ltr'><strong>Dominus,</strong></span> <span class='ocrx_word' id='word_1_502' title='bbox 1287 3311 1415 3382; x_wconf 89' lang='lat' dir='ltr'><strong>quia</strong></span> <span class='ocrx_word' id='word_1_503' title='bbox 1445 3327 1636 3369; x_wconf 86' lang='lat' dir='ltr'><strong>servus</strong></span> <span class='ocrx_word' id='word_1_504' title='bbox 1667 3313 1841 3369; x_wconf 88' lang='lat' dir='ltr'><strong>nescit</strong></span> 
     </span>
    </p>
   </div>
   <div class='ocr_carea' id='block_1_63' title="bbox 235 3398 1835 3477">
    <p class='ocr_par' dir='ltr' id='par_1_63' title="bbox 235 3398 1835 3477">
     <span class='ocr_line' id='line_1_63' title="bbox 235 3398 1835 3477; baseline 0.003 -22"><span class='ocrx_word' id='word_1_505' title='bbox 235 3401 378 3471; x_wconf 88' lang='lat' dir='ltr'><strong>quid</strong></span> <span class='ocrx_word' id='word_1_506' title='bbox 419 3398 608 3468; x_wconf 81' lang='lat' dir='ltr'><strong>faciat,</strong></span> <span class='ocrx_word' id='word_1_507' title='bbox 643 3409 791 3468; x_wconf 89' lang='lat' dir='ltr'><strong>etc.,</strong></span> <span class='ocrx_word' id='word_1_508' title='bbox 843 3418 1008 3473; x_wconf 88' lang='lat' dir='ltr'><strong>usque</strong></span> <span class='ocrx_word' id='word_1_509' title='bbox 1054 3403 1124 3458; x_wconf 87' lang='lat' dir='ltr'><strong>ad</strong></span> <span class='ocrx_word' id='word_1_510' title='bbox 1177 3403 1234 3458; x_wconf 90' lang='lat' dir='ltr'><strong>in</strong></span> <span class='ocrx_word' id='word_1_511' title='bbox 1279 3403 1510 3460; x_wconf 90' lang='lat' dir='ltr'><strong>Domino</strong></span> <span class='ocrx_word' id='word_1_512' title='bbox 1551 3403 1835 3477; x_wconf 77' lang='lat' dir='ltr'><strong>glorietur.</strong></span> 
     </span>
    </p>
   </div>
   <div class='ocr_carea' id='block_1_64' title="bbox 235 3491 1835 3568">
    <p class='ocr_par' dir='ltr' id='par_1_64' title="bbox 235 3491 1835 3568">
     <span class='ocr_line' id='line_1_64' title="bbox 235 3491 1835 3568; baseline 0.004 -22"><span class='ocrx_word' id='word_1_513' title='bbox 235 3491 376 3563; x_wconf 87' lang='lat' dir='ltr'><strong>(Id.,</strong></span> <span class='ocrx_word' id='word_1_514' title='bbox 405 3501 564 3548; x_wconf 84' lang='lat' dir='ltr'><strong>tract.</strong></span> <span class='ocrx_word' id='word_1_515' title='bbox 585 3492 656 3550; x_wconf 87' lang='grc'><strong>85</strong></span> <span class='ocrx_word' id='word_1_516' title='bbox 679 3494 736 3550; x_wconf 91' lang='lat' dir='ltr'><strong>in</strong></span> <span class='ocrx_word' id='word_1_517' title='bbox 757 3493 962 3566; x_wconf 84' lang='lat' dir='ltr'><strong>Evang.</strong></span> <span class='ocrx_word' id='word_1_518' title='bbox 986 3511 1089 3550; x_wconf 88' lang='lat' dir='ltr'><strong>sec.</strong></span> <span class='ocrx_word' id='word_1_519' title='bbox 1110 3495 1297 3563; x_wconf 81' lang='lat' dir='ltr'><strong>Joan.,</strong></span> <span class='ocrx_word' id='word_1_520' title='bbox 1328 3504 1461 3553; x_wconf 90' lang='lat' dir='ltr'><strong>tom.</strong></span> <span class='ocrx_word' id='word_1_521' title='bbox 1483 3495 1572 3564; x_wconf 87' lang='lat' dir='ltr'><strong>III,</strong></span> <span class='ocrx_word' id='word_1_522' title='bbox 1599 3504 1741 3568; x_wconf 91' lang='lat' dir='ltr'><strong>part.</strong></span> <span class='ocrx_word' id='word_1_523' title='bbox 1773 3513 1835 3565; x_wconf 88' lang='grc' dir='ltr'>ιι,</span> 
     </span>
    </p>
   </div>
   <div class='ocr_carea' id='block_1_65' title="bbox 237 3585 836 3660">
    <p class='ocr_par' dir='ltr' id='par_1_65' title="bbox 237 3585 836 3660">
     <span class='ocr_line' id='line_1_65' title="bbox 237 3585 836 3660; baseline 0.003 -19"><span class='ocrx_word' id='word_1_524' title='bbox 237 3585 356 3642; x_wconf 90' lang='lat' dir='ltr'><strong>col.</strong></span> <span class='ocrx_word' id='word_1_525' title='bbox 414 3586 553 3644; x_wconf 84' lang='grc'><strong>1849</strong></span> <span class='ocrx_word' id='word_1_526' title='bbox 582 3595 639 3645; x_wconf 90' lang='lat' dir='ltr'><strong>et</strong></span> <span class='ocrx_word' id='word_1_527' title='bbox 678 3588 836 3660; x_wconf 89' lang='lat' dir='ltr'><strong>seq.)</strong></span> 
     </span>
    </p>
   </div>
   <div class='ocr_carea' id='block_1_66' title="bbox 313 3678 1837 3760">
    <p class='ocr_par' dir='ltr' id='par_1_66' title="bbox 313 3678 1837 3760">
     <span class='ocr_line' id='line_1_66' title="bbox 313 3678 1837 3760; baseline 0.005 -26"><span class='ocrx_word' id='word_1_528' title='bbox 313 3678 444 3736; x_wconf 65' lang='lat' dir='ltr'><strong>Haec</strong></span> <span class='ocrx_word' id='word_1_529' title='bbox 462 3680 602 3738; x_wconf 88' lang='lat' dir='ltr'><strong>dona</strong></span> <span class='ocrx_word' id='word_1_530' title='bbox 631 3681 727 3738; x_wconf 89' lang='lat' dir='ltr'><strong>Dei</strong></span> <span class='ocrx_word' id='word_1_531' title='bbox 753 3697 874 3740; x_wconf 88' lang='lat' dir='ltr'><strong>esse</strong></span> <span class='ocrx_word' id='word_1_532' title='bbox 895 3693 1097 3755; x_wconf 91' lang='lat' dir='ltr'><strong>quanto</strong></span> <span class='ocrx_word' id='word_1_533' title='bbox 1125 3685 1299 3757; x_wconf 90' lang='lat' dir='ltr'><strong>magis</strong></span> <span class='ocrx_word' id='word_1_534' title='bbox 1319 3696 1486 3754; x_wconf 78' lang='lat' dir='ltr'><strong>nosti,</strong></span> <span class='ocrx_word' id='word_1_535' title='bbox 1513 3695 1649 3754; x_wconf 89' lang='lat' dir='ltr'><strong>etc.,</strong></span> <span class='ocrx_word' id='word_1_536' title='bbox 1675 3704 1837 3760; x_wconf 85' lang='lat' dir='ltr'><strong>usque</strong></span> 
     </span>
    </p>
   </div>
   <div class='ocr_carea' id='block_1_67' title="bbox 230 3771 1836 3848">
    <p class='ocr_par' dir='ltr' id='par_1_67' title="bbox 230 3771 1836 3848">
     <span class='ocr_line' id='line_1_67' title="bbox 230 3771 1836 3848; baseline 0.006 -23"><span class='ocrx_word' id='word_1_537' title='bbox 230 3771 309 3825; x_wconf 91' lang='lat' dir='ltr'><strong>ad</strong></span> <span class='ocrx_word' id='word_1_538' title='bbox 345 3772 791 3830; x_wconf 87' lang='lat' dir='ltr'><strong>commendentur</strong></span> <span class='ocrx_word' id='word_1_539' title='bbox 811 3775 1080 3848; x_wconf 88' lang='lat' dir='ltr'><strong>agnoscis.</strong></span> <span class='ocrx_word' id='word_1_540' title='bbox 1101 3776 1198 3848; x_wconf 91' lang='lat' dir='ltr'><strong>(Id.</strong></span> <span class='ocrx_word' id='word_1_541' title='bbox 1227 3775 1312 3832; x_wconf 82' lang='lat' dir='ltr'><strong>Ea:</strong></span> <span class='ocrx_word' id='word_1_542' title='bbox 1333 3777 1424 3832; x_wconf 91' lang='lat' dir='ltr'><strong>lib.</strong></span> <span class='ocrx_word' id='word_1_543' title='bbox 1449 3779 1513 3832; x_wconf 88' lang='lat' dir='ltr'><strong>de</strong></span> <span class='ocrx_word' id='word_1_544' title='bbox 1528 3777 1680 3833; x_wconf 90' lang='lat' dir='ltr'><strong>Dono</strong></span> <span class='ocrx_word' id='word_1_545' title='bbox 1703 3779 1836 3846; x_wconf 86' lang='lat' dir='ltr'><strong>vid.,</strong></span> 
     </span>
    </p>
   </div>
   <div class='ocr_carea' id='block_1_68' title="bbox 231 3862 1027 3939">
    <p class='ocr_par' dir='ltr' id='par_1_68' title="bbox 231 3862 1027 3939">
     <span class='ocr_line' id='line_1_68' title="bbox 231 3862 1027 3939; baseline 0.009 -22"><span class='ocrx_word' id='word_1_546' title='bbox 231 3871 376 3919; x_wconf 85' lang='lat' dir='ltr'><strong>tom.</strong></span> <span class='ocrx_word' id='word_1_547' title='bbox 400 3862 488 3931; x_wconf 91' lang='lat' dir='ltr'><strong>VI,</strong></span> <span class='ocrx_word' id='word_1_548' title='bbox 520 3864 626 3921; x_wconf 91' lang='lat' dir='ltr'><strong>col.</strong></span> <span class='ocrx_word' id='word_1_549' title='bbox 659 3864 769 3920; x_wconf 86' lang='lat'><strong>442</strong></span> <span class='ocrx_word' id='word_1_550' title='bbox 794 3874 851 3923; x_wconf 92' lang='lat' dir='ltr'><strong>et</strong></span> <span class='ocrx_word' id='word_1_551' title='bbox 881 3867 1027 3939; x_wconf 89' lang='lat' dir='ltr'><strong>seq.)</strong></span> 
     </span>
    </p>
   </div>
   <div class='ocr_carea' id='block_1_69' title="bbox 311 3953 1836 4032">
    <p class='ocr_par' dir='ltr' id='par_1_69' title="bbox 311 3953 1836 4032">
     <span class='ocr_line' id='line_1_69' title="bbox 311 3953 1836 4032; baseline 0.007 -24"><span class='ocrx_word' id='word_1_552' title='bbox 311 3953 418 4022; x_wconf 89' lang='lat' dir='ltr'><strong>Qui</strong></span> <span class='ocrx_word' id='word_1_553' title='bbox 443 3955 590 4011; x_wconf 91' lang='lat' dir='ltr'><strong>enim</strong></span> <span class='ocrx_word' id='word_1_554' title='bbox 612 3957 775 4013; x_wconf 83' lang='lat' dir='ltr'><strong>habet</strong></span> <span class='ocrx_word' id='word_1_555' title='bbox 801 3957 1020 4014; x_wconf 88' lang='lat' dir='ltr'><strong>dabitur</strong></span> <span class='ocrx_word' id='word_1_556' title='bbox 1044 3959 1120 4027; x_wconf 88' lang='lat' dir='ltr'><strong>ei,</strong></span> <span class='ocrx_word' id='word_1_557' title='bbox 1150 3969 1284 4028; x_wconf 91' lang='lat' dir='ltr'><strong>etc.,</strong></span> <span class='ocrx_word' id='word_1_558' title='bbox 1317 3977 1478 4032; x_wconf 88' lang='lat' dir='ltr'><strong>usque</strong></span> <span class='ocrx_word' id='word_1_559' title='bbox 1498 3962 1568 4017; x_wconf 92' lang='lat' dir='ltr'><strong>ad</strong></span> <span class='ocrx_word' id='word_1_560' title='bbox 1598 3973 1726 4018; x_wconf 91' lang='lat' dir='ltr'><strong>sunt</strong></span> <span class='ocrx_word' id='word_1_561' title='bbox 1754 3962 1836 4018; x_wconf 85' lang='lat' dir='ltr'><strong>in-</strong></span> 
     </span>
    </p>
   </div>
   <div class='ocr_carea' id='block_1_70' title="bbox 227 4047 1832 4125">
    <p class='ocr_par' dir='ltr' id='par_1_70' title="bbox 227 4047 1832 4125">
     <span class='ocr_line' id='line_1_70' title="bbox 227 4047 1832 4125; baseline 0.006 -23"><span class='ocrx_word' id='word_1_562' title='bbox 227 4047 450 4106; x_wconf 76' lang='lat' dir='ltr'><strong>felices.</strong></span> <span class='ocrx_word' id='word_1_563' title='bbox 479 4047 606 4121; x_wconf 87' lang='lat' dir='ltr'><strong>(Id.,</strong></span> <span class='ocrx_word' id='word_1_564' title='bbox 634 4059 792 4106; x_wconf 83' lang='lat' dir='ltr'><strong>tract.</strong></span> <span class='ocrx_word' id='word_1_565' title='bbox 815 4051 880 4106; x_wconf 87' lang='lat' dir='ltr'><strong>de</strong></span> <span class='ocrx_word' id='word_1_566' title='bbox 901 4051 1069 4108; x_wconf 86' lang='lat' dir='ltr'><strong>natali</strong></span> <span class='ocrx_word' id='word_1_567' title='bbox 1097 4062 1258 4107; x_wconf 89' lang='lat' dir='ltr'><strong>mart.</strong></span> <span class='ocrx_word' id='word_1_568' title='bbox 1299 4051 1552 4125; x_wconf 78' lang='lat' dir='ltr'><strong>Massyl.,</strong></span> <span class='ocrx_word' id='word_1_569' title='bbox 1577 4062 1711 4111; x_wconf 91' lang='lat' dir='ltr'><strong>tom.</strong></span> <span class='ocrx_word' id='word_1_570' title='bbox 1743 4055 1832 4122; x_wconf 89' lang='lat' dir='ltr'><strong>V.,</strong></span> 
     </span>
    </p>
   </div>
   <div class='ocr_carea' id='block_1_71' title="bbox 227 4142 799 4217">
    <p class='ocr_par' dir='ltr' id='par_1_71' title="bbox 227 4142 799 4217">
     <span class='ocr_line' id='line_1_71' title="bbox 227 4142 799 4217; baseline 0.002 -19"><span class='ocrx_word' id='word_1_571' title='bbox 227 4150 384 4214; x_wconf 86' lang='lat' dir='ltr'><strong>part.</strong></span> <span class='ocrx_word' id='word_1_572' title='bbox 412 4159 455 4210; x_wconf 92' lang='lat'><strong>1,</strong></span> <span class='ocrx_word' id='word_1_573' title='bbox 482 4142 586 4200; x_wconf 92' lang='lat' dir='ltr'><strong>col.</strong></span> <span class='ocrx_word' id='word_1_574' title='bbox 613 4143 799 4217; x_wconf 84' lang='lat' dir='ltr'><strong>I287.)</strong></span> 
     </span>
    </p>
   </div>
   <div class='ocr_carea' id='block_1_72' title="bbox 310 4235 1834 4312">
    <p class='ocr_par' dir='ltr' id='par_1_72' title="bbox 310 4235 1834 4312">
     <span class='ocr_line' id='line_1_72' title="bbox 310 4235 1834 4312; baseline 0.004 -22"><span class='ocrx_word' id='word_1_575' title='bbox 310 4235 448 4302; x_wconf 70' lang='lat' dir='ltr'><strong>Quae</strong></span> <span class='ocrx_word' id='word_1_576' title='bbox 469 4245 519 4290; x_wconf 89' lang='lat' dir='ltr'><strong>et</strong></span> <span class='ocrx_word' id='word_1_577' title='bbox 542 4235 823 4308; x_wconf 84' lang='lat' dir='ltr'><strong>loquimur,</strong></span> <span class='ocrx_word' id='word_1_578' title='bbox 852 4245 986 4306; x_wconf 89' lang='lat' dir='ltr'><strong>etc.,</strong></span> <span class='ocrx_word' id='word_1_579' title='bbox 1015 4253 1188 4310; x_wconf 87' lang='lat' dir='ltr'><strong>usque</strong></span> <span class='ocrx_word' id='word_1_580' title='bbox 1216 4239 1286 4295; x_wconf 91' lang='lat' dir='ltr'><strong>ad</strong></span> <span class='ocrx_word' id='word_1_581' title='bbox 1332 4239 1597 4311; x_wconf 83' lang='lat' dir='ltr'><strong>spiritalia</strong></span> <span class='ocrx_word' id='word_1_582' title='bbox 1624 4256 1834 4312; x_wconf 87' lang='lat' dir='ltr'><strong>compa-</strong></span> 
     </span>
    </p>
   </div>
   <div class='ocr_carea' id='block_1_73' title="bbox 232 4326 1833 4402">
    <p class='ocr_par' dir='ltr' id='par_1_73' title="bbox 232 4326 1833 4402">
     <span class='ocr_line' id='line_1_73' title="bbox 232 4326 1833 4402; baseline 0.003 -19"><span class='ocrx_word' id='word_1_583' title='bbox 232 4335 439 4384; x_wconf 86' lang='lat' dir='ltr'><strong>rantes.</strong></span> <span class='ocrx_word' id='word_1_584' title='bbox 489 4327 808 4400; x_wconf 87' lang='lat' dir='ltr'><strong>lntelligitur</strong></span> <span class='ocrx_word' id='word_1_585' title='bbox 828 4326 987 4386; x_wconf 71' lang='lat' dir='ltr'><strong>Iesus</strong></span> <span class='ocrx_word' id='word_1_586' title='bbox 1013 4329 1307 4402; x_wconf 85' lang='lat' dir='ltr'><strong>discipulos</strong></span> <span class='ocrx_word' id='word_1_587' title='bbox 1335 4346 1464 4388; x_wconf 90' lang='lat' dir='ltr'><strong>suos</strong></span> <span class='ocrx_word' id='word_1_588' title='bbox 1498 4332 1565 4388; x_wconf 91' lang='lat' dir='ltr'><strong>de</strong></span> <span class='ocrx_word' id='word_1_589' title='bbox 1593 4332 1833 4389; x_wconf 89' lang='lat' dir='ltr'><strong>carnali-</strong></span> 
     </span>
    </p>
   </div>
   <div class='ocr_carea' id='block_1_74' title="bbox 228 4425 1830 4500">
    <p class='ocr_par' dir='ltr' id='par_1_74' title="bbox 228 4425 1830 4500">
     <span class='ocr_line' id='line_1_74' title="bbox 228 4425 1830 4500; baseline 0.001 -20"><span class='ocrx_word' id='word_1_590' title='bbox 228 4425 365 4492; x_wconf 88' lang='lat' dir='ltr'><strong>bus,</strong></span> <span class='ocrx_word' id='word_1_591' title='bbox 394 4432 528 4491; x_wconf 92' lang='lat' dir='ltr'><strong>etc.,</strong></span> <span class='ocrx_word' id='word_1_592' title='bbox 556 4441 719 4498; x_wconf 83' lang='lat' dir='ltr'><strong>usque</strong></span> <span class='ocrx_word' id='word_1_593' title='bbox 744 4425 814 4480; x_wconf 88' lang='lat' dir='ltr'><strong>ad</strong></span> <span class='ocrx_word' id='word_1_594' title='bbox 840 4425 1064 4483; x_wconf 88' lang='lat' dir='ltr'><strong>omnino</strong></span> <span class='ocrx_word' id='word_1_595' title='bbox 1093 4441 1218 4484; x_wconf 91' lang='lat' dir='ltr'><strong>esse</strong></span> <span class='ocrx_word' id='word_1_596' title='bbox 1280 4427 1634 4484; x_wconf 82' lang='lat' dir='ltr'><strong>convincunt.</strong></span> <span class='ocrx_word' id='word_1_597' title='bbox 1683 4427 1783 4500; x_wconf 93' lang='lat' dir='ltr'><strong>(ld.</strong></span> <span class='ocrx_word' id='word_1_598' title='bbox 1815 4470 1830 4495; x_wconf 90' lang='lat'><strong>,</strong></span> 
     </span>
    </p>
   </div>
   <div class='ocr_carea' id='block_1_75' title="bbox 229 4515 1825 4591">
    <p class='ocr_par' dir='ltr' id='par_1_75' title="bbox 229 4515 1825 4591">
     <span class='ocr_line' id='line_1_75' title="bbox 229 4515 1825 4591; baseline 0.003 -21"><span class='ocrx_word' id='word_1_599' title='bbox 229 4525 393 4571; x_wconf 78' lang='lat' dir='ltr'><strong>tract.</strong></span> <span class='ocrx_word' id='word_1_600' title='bbox 443 4515 548 4571; x_wconf 87' lang='grc'><strong>102</strong></span> <span class='ocrx_word' id='word_1_601' title='bbox 576 4517 633 4572; x_wconf 90' lang='lat' dir='ltr'><strong>in</strong></span> <span class='ocrx_word' id='word_1_602' title='bbox 662 4516 865 4588; x_wconf 83' lang='lat' dir='ltr'><strong>Evang.</strong></span> <span class='ocrx_word' id='word_1_603' title='bbox 893 4533 998 4572; x_wconf 88' lang='lat' dir='ltr'><strong>sec.</strong></span> <span class='ocrx_word' id='word_1_604' title='bbox 1041 4516 1226 4586; x_wconf 81' lang='lat' dir='ltr'><strong>Joan.,</strong></span> <span class='ocrx_word' id='word_1_605' title='bbox 1277 4529 1410 4576; x_wconf 90' lang='lat' dir='ltr'><strong>tom.</strong></span> <span class='ocrx_word' id='word_1_606' title='bbox 1442 4518 1531 4587; x_wconf 90' lang='lat' dir='ltr'><strong>III,</strong></span> <span class='ocrx_word' id='word_1_607' title='bbox 1586 4527 1729 4591; x_wconf 86' lang='lat' dir='ltr'><strong>part.</strong></span> <span class='ocrx_word' id='word_1_608' title='bbox 1763 4537 1825 4589; x_wconf 88' lang='grc' dir='ltr'>ιι,</span> 
     </span>
    </p>
   </div>
   <div class='ocr_carea' id='block_1_76' title="bbox 229 4606 782 4681">
    <p class='ocr_par' dir='ltr' id='par_1_76' title="bbox 229 4606 782 4681">
     <span class='ocr_line' id='line_1_76' title="bbox 229 4606 782 4681; baseline 0.002 -18"><span class='ocrx_word' id='word_1_609' title='bbox 229 4606 342 4664; x_wconf 87' lang='lat' dir='ltr'><strong>col.</strong></span> <span class='ocrx_word' id='word_1_610' title='bbox 377 4606 513 4664; x_wconf 91' lang='grc'><strong>1897</strong></span> <span class='ocrx_word' id='word_1_611' title='bbox 555 4616 611 4664; x_wconf 90' lang='lat' dir='ltr'><strong>et</strong></span> <span class='ocrx_word' id='word_1_612' title='bbox 637 4611 782 4681; x_wconf 87' lang='lat' dir='ltr'><strong>seq.)</strong></span> 
     </span>
    </p>
   </div>
   <div class='ocr_carea' id='block_1_77' title="bbox 189 4699 1827 4780">
    <p class='ocr_par' dir='ltr' id='par_1_77' title="bbox 189 4699 1827 4780">
     <span class='ocr_line' id='line_1_77' title="bbox 189 4699 1827 4780; baseline 0.007 -27"><span class='ocrx_word' id='word_1_613' title='bbox 189 4721 196 4728; x_wconf 62' lang='grc' dir='ltr'>ν</span> <span class='ocrx_word' id='word_1_614' title='bbox 304 4699 457 4756; x_wconf 91' lang='lat' dir='ltr'><strong>Tuus</strong></span> <span class='ocrx_word' id='word_1_615' title='bbox 479 4700 724 4758; x_wconf 89' lang='lat' dir='ltr'><strong>estdies.</strong></span> <span class='ocrx_word' id='word_1_616' title='bbox 752 4701 855 4771; x_wconf 87' lang='lat' dir='ltr'><strong>Qui</strong></span> <span class='ocrx_word' id='word_1_617' title='bbox 902 4711 1032 4760; x_wconf 92' lang='lat' dir='ltr'><strong>sunt</strong></span> <span class='ocrx_word' id='word_1_618' title='bbox 1073 4703 1185 4772; x_wconf 86' lang='lat' dir='ltr'><strong>isti,</strong></span> <span class='ocrx_word' id='word_1_619' title='bbox 1227 4714 1362 4774; x_wconf 90' lang='lat' dir='ltr'><strong>etc.,</strong></span> <span class='ocrx_word' id='word_1_620' title='bbox 1411 4725 1574 4780; x_wconf 86' lang='lat' dir='ltr'><strong>usque</strong></span> <span class='ocrx_word' id='word_1_621' title='bbox 1602 4709 1672 4763; x_wconf 89' lang='lat' dir='ltr'><strong>ad</strong></span> <span class='ocrx_word' id='word_1_622' title='bbox 1700 4708 1827 4764; x_wconf 88' lang='lat' dir='ltr'><strong>luna</strong></span> 
     </span>
    </p>
   </div>
   <div class='ocr_carea' id='block_1_78' title="bbox 230 4791 1825 4868">
    <p class='ocr_par' dir='ltr' id='par_1_78' title="bbox 230 4791 1825 4868">
     <span class='ocr_line' id='line_1_78' title="bbox 230 4791 1825 4868; baseline 0.005 -20"><span class='ocrx_word' id='word_1_623' title='bbox 230 4791 526 4848; x_wconf 88' lang='lat' dir='ltr'><strong>consolans</strong></span> <span class='ocrx_word' id='word_1_624' title='bbox 545 4800 782 4849; x_wconf 89' lang='lat' dir='ltr'><strong>noctem.</strong></span> <span class='ocrx_word' id='word_1_625' title='bbox 802 4792 1098 4867; x_wconf 87' lang='lat' dir='ltr'><strong>(Id.,tract.</strong></span> <span class='ocrx_word' id='word_1_626' title='bbox 1122 4798 1177 4852; x_wconf 90' lang='lat' dir='ltr'><strong>in</strong></span> <span class='ocrx_word' id='word_1_627' title='bbox 1206 4799 1340 4868; x_wconf 87' lang='lat' dir='ltr'><strong>psal.</strong></span> <span class='ocrx_word' id='word_1_628' title='bbox 1369 4816 1563 4867; x_wconf 72' lang='lat'><strong>1.1111111,</strong></span> <span class='ocrx_word' id='word_1_629' title='bbox 1583 4800 1825 4868; x_wconf 86' lang='lat' dir='ltr'><strong>tom.lV,</strong></span> 
     </span>
    </p>
   </div>
   <div class='ocr_carea' id='block_1_79' title="bbox 227 4883 761 4961">
    <p class='ocr_par' dir='ltr' id='par_1_79' title="bbox 227 4883 761 4961">
     <span class='ocr_line' id='line_1_79' title="bbox 227 4883 761 4961; baseline 0.006 -23"><span class='ocrx_word' id='word_1_630' title='bbox 227 4891 378 4954; x_wconf 87' lang='lat' dir='ltr'><strong>part.</strong></span> <span class='ocrx_word' id='word_1_631' title='bbox 411 4899 448 4952; x_wconf 95' lang='lat'><strong>1,</strong></span> <span class='ocrx_word' id='word_1_632' title='bbox 480 4883 584 4942; x_wconf 91' lang='lat' dir='ltr'><strong>col.</strong></span> <span class='ocrx_word' id='word_1_633' title='bbox 610 4884 761 4961; x_wconf 90' lang='grc'><strong>940.)</strong></span> 
     </span>
    </p>
   </div>
   <div class='ocr_carea' id='block_1_80' title="bbox 304 4976 1830 5056">
    <p class='ocr_par' dir='ltr' id='par_1_80' title="bbox 304 4976 1830 5056">
     <span class='ocr_line' id='line_1_80' title="bbox 304 4976 1830 5056; baseline 0.009 -25"><span class='ocrx_word' id='word_1_634' title='bbox 304 4976 566 5035; x_wconf 86' lang='lat' dir='ltr'><strong>Animalis</strong></span> <span class='ocrx_word' id='word_1_635' title='bbox 593 4987 788 5048; x_wconf 86' lang='lat' dir='ltr'><strong>autem,</strong></span> <span class='ocrx_word' id='word_1_636' title='bbox 820 4989 951 5049; x_wconf 92' lang='lat' dir='ltr'><strong>etc.,</strong></span> <span class='ocrx_word' id='word_1_637' title='bbox 984 4996 1154 5052; x_wconf 88' lang='lat' dir='ltr'><strong>usque</strong></span> <span class='ocrx_word' id='word_1_638' title='bbox 1182 4984 1249 5044; x_wconf 85' lang='lat' dir='ltr'><strong>ad</strong></span> <span class='ocrx_word' id='word_1_639' title='bbox 1277 4985 1587 5056; x_wconf 81' lang='lat' dir='ltr'><strong>spiritaliter</strong></span> <span class='ocrx_word' id='word_1_640' title='bbox 1636 4990 1830 5044; x_wconf 75' lang='lat' dir='ltr'><strong>exami-</strong></span> 
     </span>
    </p>
   </div>
   <div class='ocr_carea' id='block_1_81' title="bbox 235 5070 1828 5150">
    <p class='ocr_par' dir='ltr' id='par_1_81' title="bbox 235 5070 1828 5150">
     <span class='ocr_line' id='line_1_81' title="bbox 235 5070 1828 5150; baseline 0.008 -25"><span class='ocrx_word' id='word_1_641' title='bbox 235 5079 418 5126; x_wconf 86' lang='lat' dir='ltr'><strong>natur.</strong></span> <span class='ocrx_word' id='word_1_642' title='bbox 459 5070 520 5127; x_wconf 92' lang='lat' dir='ltr'><strong>In</strong></span> <span class='ocrx_word' id='word_1_643' title='bbox 557 5071 675 5142; x_wconf 89' lang='lat' dir='ltr'><strong>ipsa</strong></span> <span class='ocrx_word' id='word_1_644' title='bbox 723 5081 873 5130; x_wconf 80' lang='lat' dir='ltr'><strong>sorte</strong></span> <span class='ocrx_word' id='word_1_645' title='bbox 918 5075 1262 5133; x_wconf 87' lang='lat' dir='ltr'><strong>mortalitatis</strong></span> <span class='ocrx_word' id='word_1_646' title='bbox 1305 5085 1504 5134; x_wconf 62' lang='lat' dir='ltr'><strong>nostrae</strong></span> <span class='ocrx_word' id='word_1_647' title='bbox 1530 5093 1599 5135; x_wconf 83' lang='lat' dir='ltr'><strong>ex</strong></span> <span class='ocrx_word' id='word_1_648' title='bbox 1625 5095 1732 5150; x_wconf 93' lang='lat' dir='ltr'><strong>qua</strong></span> <span class='ocrx_word' id='word_1_649' title='bbox 1760 5079 1828 5138; x_wconf 89' lang='lat' dir='ltr'><strong>de</strong></span> 
     </span>
    </p>
   </div>
   <div class='ocr_carea' id='block_1_82' title="bbox 232 5161 1822 5238">
    <p class='ocr_par' dir='ltr' id='par_1_82' title="bbox 232 5161 1822 5238">
     <span class='ocr_line' id='line_1_82' title="bbox 232 5161 1822 5238; baseline 0.007 -22"><span class='ocrx_word' id='word_1_650' title='bbox 232 5161 412 5218; x_wconf 88' lang='lat' dir='ltr'><strong>Adam</strong></span> <span class='ocrx_word' id='word_1_651' title='bbox 452 5163 752 5230; x_wconf 89' lang='lat' dir='ltr'><strong>nascimur,</strong></span> <span class='ocrx_word' id='word_1_652' title='bbox 782 5171 916 5234; x_wconf 91' lang='lat' dir='ltr'><strong>etc.,</strong></span> <span class='ocrx_word' id='word_1_653' title='bbox 941 5181 1103 5238; x_wconf 84' lang='lat' dir='ltr'><strong>usque</strong></span> <span class='ocrx_word' id='word_1_654' title='bbox 1150 5168 1220 5223; x_wconf 87' lang='lat' dir='ltr'><strong>ad</strong></span> <span class='ocrx_word' id='word_1_655' title='bbox 1266 5183 1455 5224; x_wconf 91' lang='lat' dir='ltr'><strong>omnes</strong></span> <span class='ocrx_word' id='word_1_656' title='bbox 1495 5169 1822 5227; x_wconf 87' lang='lat' dir='ltr'><strong>scribentur.</strong></span> 
     </span>
    </p>
   </div>
   <div class='ocr_carea' id='block_1_83' title="bbox 232 5254 1824 5336">
    <p class='ocr_par' dir='ltr' id='par_1_83' title="bbox 232 5254 1824 5336">
     <span class='ocr_line' id='line_1_83' title="bbox 232 5254 1824 5336; baseline 0.006 -28"><span class='ocrx_word' id='word_1_657' title='bbox 232 5254 362 5325; x_wconf 93' lang='lat' dir='ltr'><strong>(Id.,</strong></span> <span class='ocrx_word' id='word_1_658' title='bbox 391 5255 483 5310; x_wconf 92' lang='lat' dir='ltr'><strong>lib.</strong></span> <span class='ocrx_word' id='word_1_659' title='bbox 516 5271 534 5310; x_wconf 93' lang='lat'><strong>1</strong></span> <span class='ocrx_word' id='word_1_660' title='bbox 566 5255 632 5311; x_wconf 89' lang='lat' dir='ltr'><strong>de</strong></span> <span class='ocrx_word' id='word_1_661' title='bbox 654 5255 949 5329; x_wconf 87' lang='lat' dir='ltr'><strong>Baptismo,</strong></span> <span class='ocrx_word' id='word_1_662' title='bbox 979 5267 1112 5316; x_wconf 88' lang='lat' dir='ltr'><strong>tom.</strong></span> <span class='ocrx_word' id='word_1_663' title='bbox 1166 5259 1262 5327; x_wconf 85' lang='lat' dir='ltr'><strong>IX,</strong></span> <span class='ocrx_word' id='word_1_664' title='bbox 1289 5260 1399 5317; x_wconf 93' lang='lat' dir='ltr'><strong>col.</strong></span> <span class='ocrx_word' id='word_1_665' title='bbox 1443 5261 1544 5317; x_wconf 90' lang='grc'><strong>122</strong></span> <span class='ocrx_word' id='word_1_666' title='bbox 1581 5270 1638 5318; x_wconf 88' lang='lat' dir='ltr'><strong>et</strong></span> <span class='ocrx_word' id='word_1_667' title='bbox 1683 5266 1824 5336; x_wconf 88' lang='lat' dir='ltr'><strong>seq.)</strong></span> 
     </span>
    </p>
   </div>
   <div class='ocr_carea' id='block_1_84' title="bbox 305 5348 1826 5428">
    <p class='ocr_par' dir='ltr' id='par_1_84' title="bbox 305 5348 1826 5428">
     <span class='ocr_line' id='line_1_84' title="bbox 305 5348 1826 5428; baseline 0.006 -25"><span class='ocrx_word' id='word_1_668' title='bbox 305 5348 442 5415; x_wconf 87' lang='lat' dir='ltr'><strong>Quis</strong></span> <span class='ocrx_word' id='word_1_669' title='bbox 464 5357 646 5406; x_wconf 90' lang='lat' dir='ltr'><strong>autem</strong></span> <span class='ocrx_word' id='word_1_670' title='bbox 671 5349 907 5408; x_wconf 88' lang='lat' dir='ltr'><strong>carnalis</strong></span> <span class='ocrx_word' id='word_1_671' title='bbox 931 5359 987 5408; x_wconf 89' lang='lat' dir='ltr'><strong>et</strong></span> <span class='ocrx_word' id='word_1_672' title='bbox 1012 5352 1261 5410; x_wconf 91' lang='lat' dir='ltr'><strong>animalis</strong></span> <span class='ocrx_word' id='word_1_673' title='bbox 1274 5351 1467 5422; x_wconf 52' lang='lat' dir='ltr'><strong>,homo,</strong></span> <span class='ocrx_word' id='word_1_674' title='bbox 1502 5363 1631 5422; x_wconf 90' lang='lat' dir='ltr'><strong>etc.,</strong></span> <span class='ocrx_word' id='word_1_675' title='bbox 1666 5373 1826 5428; x_wconf 87' lang='lat' dir='ltr'><strong>usque</strong></span> 
     </span>
    </p>
   </div>
   <div class='ocr_carea' id='block_1_85' title="bbox 232 5439 1822 5517">
    <p class='ocr_par' dir='ltr' id='par_1_85' title="bbox 232 5439 1822 5517">
     <span class='ocr_line' id='line_1_85' title="bbox 232 5439 1822 5517; baseline 0.006 -25"><span class='ocrx_word' id='word_1_676' title='bbox 232 5439 306 5492; x_wconf 84' lang='lat' dir='ltr'><strong>ad</strong></span> <span class='ocrx_word' id='word_1_677' title='bbox 334 5441 483 5496; x_wconf 92' lang='lat' dir='ltr'><strong>omni</strong></span> <span class='ocrx_word' id='word_1_678' title='bbox 507 5449 670 5498; x_wconf 85' lang='lat' dir='ltr'><strong>vento</strong></span> <span class='ocrx_word' id='word_1_679' title='bbox 714 5442 991 5500; x_wconf 70' lang='lat' dir='ltr'><strong>doctrinm.</strong></span> <span class='ocrx_word' id='word_1_680' title='bbox 1029 5443 1154 5517; x_wconf 87' lang='lat' dir='ltr'><strong>(Id.,</strong></span> <span class='ocrx_word' id='word_1_681' title='bbox 1185 5444 1277 5499; x_wconf 89' lang='lat' dir='ltr'><strong>lib.</strong></span> <span class='ocrx_word' id='word_1_682' title='bbox 1329 5462 1387 5500; x_wconf 88' lang='grc' dir='ltr'><strong>ιιι</strong></span> <span class='ocrx_word' id='word_1_683' title='bbox 1437 5446 1500 5500; x_wconf 84' lang='lat' dir='ltr'><strong>de</strong></span> <span class='ocrx_word' id='word_1_684' title='bbox 1531 5444 1822 5515; x_wconf 88' lang='lat' dir='ltr'><strong>Baptismo,</strong></span> 
     </span>
    </p>
   </div>
   <div class='ocr_carea' id='block_1_86' title="bbox 233 5533 1002 5610">
    <p class='ocr_par' dir='ltr' id='par_1_86' title="bbox 233 5533 1002 5610">
     <span class='ocr_line' id='line_1_86' title="bbox 233 5533 1002 5610; baseline 0.005 -22"><span class='ocrx_word' id='word_1_685' title='bbox 233 5543 370 5590; x_wconf 76' lang='lat' dir='ltr'><strong>tom.</strong></span> <span class='ocrx_word' id='word_1_686' title='bbox 397 5533 490 5602; x_wconf 81' lang='lat' dir='ltr'><strong>IX,</strong></span> <span class='ocrx_word' id='word_1_687' title='bbox 522 5535 624 5593; x_wconf 92' lang='lat' dir='ltr'><strong>col.</strong></span> <span class='ocrx_word' id='word_1_688' title='bbox 651 5535 756 5594; x_wconf 89' lang='grc'><strong>146</strong></span> <span class='ocrx_word' id='word_1_689' title='bbox 787 5546 842 5594; x_wconf 90' lang='lat' dir='ltr'><strong>ct</strong></span> <span class='ocrx_word' id='word_1_690' title='bbox 862 5537 1002 5610; x_wconf 88' lang='lat' dir='ltr'><strong>seq.)</strong></span> 
     </span>
    </p>
   </div>
   <div class='ocr_carea' id='block_1_87' title="bbox 225 5624 1822 5701">
    <p class='ocr_par' dir='ltr' id='par_1_87' title="bbox 225 5624 1822 5701">
     <span class='ocr_line' id='line_1_87' title="bbox 225 5624 1822 5701; baseline 0.008 -22"><span class='ocrx_word' id='word_1_691' title='bbox 225 5646 236 5656; x_wconf 72' lang='grc' dir='ltr'><strong><em>ο</em></strong></span> <span class='ocrx_word' id='word_1_692' title='bbox 307 5624 410 5693; x_wconf 89' lang='lat' dir='ltr'><strong>Qui</strong></span> <span class='ocrx_word' id='word_1_693' title='bbox 441 5641 570 5699; x_wconf 84' lang='lat' dir='ltr'><strong>ergo</strong></span> <span class='ocrx_word' id='word_1_694' title='bbox 598 5628 730 5684; x_wconf 88' lang='lat' dir='ltr'><strong>vivit</strong></span> <span class='ocrx_word' id='word_1_695' title='bbox 766 5645 834 5685; x_wconf 73' lang='lat' dir='ltr'><strong>ex</strong></span> <span class='ocrx_word' id='word_1_696' title='bbox 876 5645 1124 5701; x_wconf 89' lang='lat' dir='ltr'><strong>corpore,</strong></span> <span class='ocrx_word' id='word_1_697' title='bbox 1180 5633 1413 5688; x_wconf 88' lang='lat' dir='ltr'><strong>carnalis</strong></span> <span class='ocrx_word' id='word_1_698' title='bbox 1459 5634 1641 5700; x_wconf 90' lang='lat' dir='ltr'><strong>homo,</strong></span> <span class='ocrx_word' id='word_1_699' title='bbox 1692 5643 1822 5700; x_wconf 91' lang='lat' dir='ltr'><strong>etc.,</strong></span> 
     </span>
    </p>
   </div>
   <div class='ocr_carea' id='block_1_88' title="bbox 239 5721 1820 5799">
    <p class='ocr_par' dir='ltr' id='par_1_88' title="bbox 239 5721 1820 5799">
     <span class='ocr_line' id='line_1_88' title="bbox 239 5721 1820 5799; baseline 0.006 -25"><span class='ocrx_word' id='word_1_700' title='bbox 239 5737 400 5791; x_wconf 82' lang='lat' dir='ltr'><strong>usque</strong></span> <span class='ocrx_word' id='word_1_701' title='bbox 423 5721 492 5776; x_wconf 83' lang='lat' dir='ltr'><strong>ad</strong></span> <span class='ocrx_word' id='word_1_702' title='bbox 509 5723 707 5779; x_wconf 81' lang='lat' dir='ltr'><strong>nullam</strong></span> <span class='ocrx_word' id='word_1_703' title='bbox 730 5726 980 5795; x_wconf 85' lang='lat' dir='ltr'><strong>patietur.</strong></span> <span class='ocrx_word' id='word_1_704' title='bbox 1006 5726 1130 5799; x_wconf 87' lang='lat' dir='ltr'><strong>(Id.,</strong></span> <span class='ocrx_word' id='word_1_705' title='bbox 1151 5727 1236 5782; x_wconf 87' lang='lat' dir='ltr'><strong>lib.</strong></span> <span class='ocrx_word' id='word_1_706' title='bbox 1259 5728 1454 5795; x_wconf 68' lang='lat' dir='ltr'><strong>Qua&#39;sl.</strong></span> <span class='ocrx_word' id='word_1_707' title='bbox 1476 5729 1712 5798; x_wconf 35' lang='lat'><strong>88,1.0111.</strong></span> <span class='ocrx_word' id='word_1_708' title='bbox 1736 5731 1820 5798; x_wconf 94' lang='lat' dir='ltr'><strong>Ill,</strong></span> 
     </span>
    </p>
   </div>
   <div class='ocr_carea' id='block_1_89' title="bbox 239 5819 1022 5890">
    <p class='ocr_par' dir='ltr' id='par_1_89' title="bbox 239 5819 1022 5890">
     <span class='ocr_line' id='line_1_89' title="bbox 239 5819 1022 5890; baseline -0.009 -12"><span class='ocrx_word' id='word_1_709' title='bbox 239 5823 378 5878; x_wconf 69' lang='lat' dir='ltr'><strong>Dilrt.</strong></span> <span class='ocrx_word' id='word_1_710' title='bbox 406 5829 468 5878; x_wconf 89' lang='grc' dir='ltr'><strong>ιι,</strong></span> <span class='ocrx_word' id='word_1_711' title='bbox 494 5831 596 5871; x_wconf 79' lang='lat' dir='ltr'><strong>r01.</strong></span> <span class='ocrx_word' id='word_1_712' title='bbox 631 5826 757 5874; x_wconf 77' lang='grc'><strong>1881</strong></span> <span class='ocrx_word' id='word_1_713' title='bbox 791 5827 845 5874; x_wconf 91' lang='lat' dir='ltr'><strong>et</strong></span> <span class='ocrx_word' id='word_1_714' title='bbox 883 5819 1022 5890; x_wconf 87' lang='lat' dir='ltr'><strong>seq.)</strong></span> 
     </span>
    </p>
   </div>
   <div class='ocr_carea' id='block_1_90' title="bbox 1943 3301 2744 3379">
    <p class='ocr_par' dir='ltr' id='par_1_90' title="bbox 1943 3301 2744 3379">
     <span class='ocr_line' id='line_1_90' title="bbox 1943 3301 2744 3379; baseline 0.009 -26"><span class='ocrx_word' id='word_1_715' title='bbox 1943 3305 2083 3370; x_wconf 90' lang='lat' dir='ltr'><strong>part.</strong></span> <span class='ocrx_word' id='word_1_716' title='bbox 2113 3316 2175 3367; x_wconf 89' lang='grc' dir='ltr'>ιι,</span> <span class='ocrx_word' id='word_1_717' title='bbox 2204 3301 2310 3358; x_wconf 92' lang='lat' dir='ltr'><strong>col.</strong></span> <span class='ocrx_word' id='word_1_718' title='bbox 2345 3302 2480 3359; x_wconf 88' lang='grc'><strong>1551</strong></span> <span class='ocrx_word' id='word_1_719' title='bbox 2513 3313 2569 3361; x_wconf 91' lang='lat' dir='ltr'><strong>et</strong></span> <span class='ocrx_word' id='word_1_720' title='bbox 2603 3306 2744 3379; x_wconf 91' lang='lat' dir='ltr'><strong>seq.)</strong></span> 
     </span>
    </p>
   </div>
   <div class='ocr_carea' id='block_1_91' title="bbox 2017 3394 3533 3473">
    <p class='ocr_par' dir='ltr' id='par_1_91' title="bbox 2017 3394 3533 3473">
     <span class='ocr_line' id='line_1_91' title="bbox 2017 3394 3533 3473; baseline 0.006 -23"><span class='ocrx_word' id='word_1_721' title='bbox 2017 3394 2289 3468; x_wconf 85' lang='lat' dir='ltr'><strong>Tanquam</strong></span> <span class='ocrx_word' id='word_1_722' title='bbox 2317 3399 2574 3469; x_wconf 81' lang='lat' dir='ltr'><strong>parvulis,</strong></span> <span class='ocrx_word' id='word_1_723' title='bbox 2603 3409 2737 3470; x_wconf 87' lang='lat' dir='ltr'><strong>etc.,</strong></span> <span class='ocrx_word' id='word_1_724' title='bbox 2765 3417 2936 3473; x_wconf 89' lang='lat' dir='ltr'><strong>usque</strong></span> <span class='ocrx_word' id='word_1_725' title='bbox 2957 3403 3025 3460; x_wconf 87' lang='lat' dir='ltr'><strong>ad</strong></span> <span class='ocrx_word' id='word_1_726' title='bbox 3053 3404 3227 3459; x_wconf 85' lang='lat' dir='ltr'><strong>adhuc</strong></span> <span class='ocrx_word' id='word_1_727' title='bbox 3252 3405 3388 3459; x_wconf 87' lang='lat' dir='ltr'><strong>enim</strong></span> <span class='ocrx_word' id='word_1_728' title='bbox 3412 3405 3533 3460; x_wconf 82' lang='lat' dir='ltr'><strong>estis</strong></span> 
     </span>
    </p>
   </div>
   <div class='ocr_carea' id='block_1_92' title="bbox 1941 3487 3531 3568">
    <p class='ocr_par' dir='ltr' id='par_1_92' title="bbox 1941 3487 3531 3568">
     <span class='ocr_line' id='line_1_92' title="bbox 1941 3487 3531 3568; baseline 0.007 -26"><span class='ocrx_word' id='word_1_729' title='bbox 1941 3487 2199 3545; x_wconf 87' lang='lat' dir='ltr'><strong>carnales.</strong></span> <span class='ocrx_word' id='word_1_730' title='bbox 2231 3487 2335 3547; x_wconf 88' lang='lat' dir='ltr'><strong>Ubi</strong></span> <span class='ocrx_word' id='word_1_731' title='bbox 2379 3490 2596 3560; x_wconf 89' lang='lat' dir='ltr'><strong>dicitur,</strong></span> <span class='ocrx_word' id='word_1_732' title='bbox 2627 3495 2867 3550; x_wconf 87' lang='lat' dir='ltr'><strong>nondum</strong></span> <span class='ocrx_word' id='word_1_733' title='bbox 2883 3495 2966 3552; x_wconf 90' lang='lat' dir='ltr'><strong>vel</strong></span> <span class='ocrx_word' id='word_1_734' title='bbox 2989 3512 3096 3552; x_wconf 88' lang='lat' dir='ltr'><strong>non</strong></span> <span class='ocrx_word' id='word_1_735' title='bbox 3124 3497 3328 3566; x_wconf 88' lang='lat' dir='ltr'><strong>adhuc,</strong></span> <span class='ocrx_word' id='word_1_736' title='bbox 3354 3497 3531 3568; x_wconf 80' lang='lat' dir='ltr'><strong>profe-</strong></span> 
     </span>
    </p>
   </div>
   <div class='ocr_carea' id='block_1_93' title="bbox 1941 3582 3523 3661">
    <p class='ocr_par' dir='ltr' id='par_1_93' title="bbox 1941 3582 3523 3661">
     <span class='ocr_line' id='line_1_93' title="bbox 1941 3582 3523 3661; baseline 0.006 -28"><span class='ocrx_word' id='word_1_737' title='bbox 1941 3586 2029 3636; x_wconf 91' lang='lat' dir='ltr'><strong>cto</strong></span> <span class='ocrx_word' id='word_1_738' title='bbox 2058 3595 2168 3637; x_wconf 91' lang='lat' dir='ltr'><strong>non</strong></span> <span class='ocrx_word' id='word_1_739' title='bbox 2212 3582 2548 3655; x_wconf 88' lang='lat' dir='ltr'><strong>desperatur,</strong></span> <span class='ocrx_word' id='word_1_740' title='bbox 2597 3595 2729 3654; x_wconf 92' lang='lat' dir='ltr'><strong>etc.,</strong></span> <span class='ocrx_word' id='word_1_741' title='bbox 2779 3603 2943 3658; x_wconf 87' lang='lat' dir='ltr'><strong>usque</strong></span> <span class='ocrx_word' id='word_1_742' title='bbox 2976 3589 3046 3642; x_wconf 91' lang='lat' dir='ltr'><strong>ad</strong></span> <span class='ocrx_word' id='word_1_743' title='bbox 3093 3589 3264 3661; x_wconf 82' lang='lat' dir='ltr'><strong>fugiet</strong></span> <span class='ocrx_word' id='word_1_744' title='bbox 3317 3589 3523 3645; x_wconf 85' lang='lat' dir='ltr'><strong>ﬁctum.</strong></span> 
     </span>
    </p>
   </div>
   <div class='ocr_carea' id='block_1_94' title="bbox 1941 3669 3523 3752">
    <p class='ocr_par' dir='ltr' id='par_1_94' title="bbox 1941 3669 3523 3752">
     <span class='ocr_line' id='line_1_94' title="bbox 1941 3669 3523 3752; baseline 0.006 -25"><span class='ocrx_word' id='word_1_745' title='bbox 1941 3669 2089 3742; x_wconf 88' lang='lat' dir='ltr'><strong>(Id.,</strong></span> <span class='ocrx_word' id='word_1_746' title='bbox 2155 3691 2312 3730; x_wconf 88' lang='lat' dir='ltr'><strong>serm.</strong></span> <span class='ocrx_word' id='word_1_747' title='bbox 2361 3678 2426 3733; x_wconf 87' lang='lat' dir='ltr'><strong>de</strong></span> <span class='ocrx_word' id='word_1_748' title='bbox 2475 3679 2678 3750; x_wconf 83' lang='lat' dir='ltr'><strong>blasph.</strong></span> <span class='ocrx_word' id='word_1_749' title='bbox 2729 3679 2874 3750; x_wconf 87' lang='lat' dir='ltr'><strong>Spir.</strong></span> <span class='ocrx_word' id='word_1_750' title='bbox 2935 3690 3105 3737; x_wconf 87' lang='lat' dir='ltr'><strong>sanct.</strong></span> <span class='ocrx_word' id='word_1_751' title='bbox 3141 3722 3158 3750; x_wconf 94' lang='lat'><strong>,</strong></span> <span class='ocrx_word' id='word_1_752' title='bbox 3235 3691 3370 3738; x_wconf 89' lang='lat' dir='ltr'><strong>tom.</strong></span> <span class='ocrx_word' id='word_1_753' title='bbox 3440 3683 3523 3752; x_wconf 84' lang='lat' dir='ltr'><strong>V,</strong></span> 
     </span>
    </p>
   </div>
   <div class='ocr_carea' id='block_1_95' title="bbox 1939 3759 3606 3842">
    <p class='ocr_par' dir='ltr' id='par_1_95' title="bbox 1939 3759 3606 3842">
     <span class='ocr_line' id='line_1_95' title="bbox 1939 3759 3606 3842; baseline 0.01 -24"><span class='ocrx_word' id='word_1_754' title='bbox 1939 3771 2082 3833; x_wconf 87' lang='lat' dir='ltr'><strong>part.</strong></span> <span class='ocrx_word' id='word_1_755' title='bbox 2114 3781 2156 3832; x_wconf 91' lang='lat'><strong>1,</strong></span> <span class='ocrx_word' id='word_1_756' title='bbox 2207 3767 2312 3823; x_wconf 91' lang='lat' dir='ltr'><strong>col.</strong></span> <span class='ocrx_word' id='word_1_757' title='bbox 2345 3768 2453 3824; x_wconf 86' lang='lat'><strong>462</strong></span> <span class='ocrx_word' id='word_1_758' title='bbox 2488 3779 2544 3827; x_wconf 92' lang='lat' dir='ltr'><strong>et</strong></span> <span class='ocrx_word' id='word_1_759' title='bbox 2571 3771 2714 3842; x_wconf 90' lang='lat' dir='ltr'><strong>seq.)</strong></span> <span class='ocrx_word' id='word_1_760' title='bbox 3601 3759 3606 3764; x_wconf 49' lang='grc'><em>’</em></span> 
     </span>
    </p>
   </div>
   <div class='ocr_carea' id='block_1_96' title="bbox 2017 3851 3523 3938">
    <p class='ocr_par' dir='ltr' id='par_1_96' title="bbox 2017 3851 3523 3938">
     <span class='ocr_line' id='line_1_96' title="bbox 2017 3851 3523 3938; baseline 0.004 -23"><span class='ocrx_word' id='word_1_761' title='bbox 2017 3851 2135 3916; x_wconf 84' lang='lat' dir='ltr'><strong>Non</strong></span> <span class='ocrx_word' id='word_1_762' title='bbox 2161 3873 2352 3916; x_wconf 90' lang='lat' dir='ltr'><strong>omnes</strong></span> <span class='ocrx_word' id='word_1_763' title='bbox 2396 3875 2534 3933; x_wconf 91' lang='lat' dir='ltr'><strong>quos</strong></span> <span class='ocrx_word' id='word_1_764' title='bbox 2568 3861 2802 3918; x_wconf 87' lang='lat' dir='ltr'><strong>ecclesia</strong></span> <span class='ocrx_word' id='word_1_765' title='bbox 2838 3873 3083 3935; x_wconf 88' lang='lat' dir='ltr'><strong>generat,</strong></span> <span class='ocrx_word' id='word_1_766' title='bbox 3116 3865 3184 3920; x_wconf 91' lang='lat' dir='ltr'><strong>ad</strong></span> <span class='ocrx_word' id='word_1_767' title='bbox 3212 3863 3330 3934; x_wconf 88' lang='lat' dir='ltr'><strong>ejus</strong></span> <span class='ocrx_word' id='word_1_768' title='bbox 3356 3866 3523 3938; x_wconf 88' lang='lat' dir='ltr'><strong>perti-</strong></span> 
     </span>
    </p>
   </div>
   <div class='ocr_carea' id='block_1_97' title="bbox 1939 3952 3522 4026">
    <p class='ocr_par' dir='ltr' id='par_1_97' title="bbox 1939 3952 3522 4026">
     <span class='ocr_line' id='line_1_97' title="bbox 1939 3952 3522 4026; baseline -0.001 -14"><span class='ocrx_word' id='word_1_769' title='bbox 1939 3962 2068 4012; x_wconf 88' lang='lat' dir='ltr'><strong>nent</strong></span> <span class='ocrx_word' id='word_1_770' title='bbox 2097 3952 2383 4020; x_wconf 89' lang='lat' dir='ltr'><strong>unitatem,</strong></span> <span class='ocrx_word' id='word_1_771' title='bbox 2417 3962 2545 4022; x_wconf 91' lang='lat' dir='ltr'><strong>etc.,</strong></span> <span class='ocrx_word' id='word_1_772' title='bbox 2575 3970 2739 4025; x_wconf 84' lang='lat' dir='ltr'><strong>usque</strong></span> <span class='ocrx_word' id='word_1_773' title='bbox 2766 3957 2834 4010; x_wconf 87' lang='lat' dir='ltr'><strong>ad</strong></span> <span class='ocrx_word' id='word_1_774' title='bbox 2859 3954 3134 4010; x_wconf 85' lang='lat' dir='ltr'><strong>vinculum</strong></span> <span class='ocrx_word' id='word_1_775' title='bbox 3168 3956 3522 4026; x_wconf 89' lang='lat' dir='ltr'><strong>pertinerent.</strong></span> 
     </span>
    </p>
   </div>
   <div class='ocr_carea' id='block_1_98' title="bbox 1937 4047 3295 4123">
    <p class='ocr_par' dir='ltr' id='par_1_98' title="bbox 1937 4047 3295 4123">
     <span class='ocr_line' id='line_1_98' title="bbox 1937 4047 3295 4123; baseline 0.001 -19"><span class='ocrx_word' id='word_1_776' title='bbox 1937 4048 2062 4122; x_wconf 89' lang='lat' dir='ltr'><strong>(Id.,</strong></span> <span class='ocrx_word' id='word_1_777' title='bbox 2095 4049 2186 4104; x_wconf 88' lang='lat' dir='ltr'><strong>lib.</strong></span> <span class='ocrx_word' id='word_1_778' title='bbox 2220 4063 2239 4103; x_wconf 86' lang='lat'><strong>1</strong></span> <span class='ocrx_word' id='word_1_779' title='bbox 2264 4047 2329 4104; x_wconf 85' lang='lat' dir='ltr'><strong>de</strong></span> <span class='ocrx_word' id='word_1_780' title='bbox 2357 4047 2493 4118; x_wconf 88' lang='lat' dir='ltr'><strong>Bap.</strong></span> <span class='ocrx_word' id='word_1_781' title='bbox 2518 4063 2690 4118; x_wconf 63' lang='lat' dir='ltr'><strong>parin,</strong></span> <span class='ocrx_word' id='word_1_782' title='bbox 2720 4056 2854 4106; x_wconf 90' lang='lat' dir='ltr'><strong>tom.</strong></span> <span class='ocrx_word' id='word_1_783' title='bbox 2881 4047 2976 4116; x_wconf 88' lang='lat' dir='ltr'><strong>IX,</strong></span> <span class='ocrx_word' id='word_1_784' title='bbox 3003 4049 3108 4106; x_wconf 92' lang='lat' dir='ltr'><strong>col.</strong></span> <span class='ocrx_word' id='word_1_785' title='bbox 3143 4048 3295 4123; x_wconf 87' lang='grc'><strong>117.)</strong></span> 
     </span>
    </p>
   </div>
   <div class='ocr_carea' id='block_1_99' title="bbox 2007 4139 3526 4213">
    <p class='ocr_par' dir='ltr' id='par_1_99' title="bbox 2007 4139 3526 4213">
     <span class='ocr_line' id='line_1_99' title="bbox 2007 4139 3526 4213; baseline -0.001 -15"><span class='ocrx_word' id='word_1_786' title='bbox 2007 4141 2122 4198; x_wconf 86' lang='lat' dir='ltr'><strong>Hoc</strong></span> <span class='ocrx_word' id='word_1_787' title='bbox 2150 4156 2181 4196; x_wconf 91' lang='lat' dir='ltr'><strong>a</strong></span> <span class='ocrx_word' id='word_1_788' title='bbox 2203 4141 2414 4213; x_wconf 90' lang='lat' dir='ltr'><strong>magnis</strong></span> <span class='ocrx_word' id='word_1_789' title='bbox 2438 4148 2494 4196; x_wconf 91' lang='lat' dir='ltr'><strong>et</strong></span> <span class='ocrx_word' id='word_1_790' title='bbox 2535 4139 2872 4211; x_wconf 87' lang='lat' dir='ltr'><strong>spiritalibus</strong></span> <span class='ocrx_word' id='word_1_791' title='bbox 2896 4140 3031 4198; x_wconf 89' lang='lat' dir='ltr'><strong>viris</strong></span> <span class='ocrx_word' id='word_1_792' title='bbox 3056 4140 3316 4198; x_wconf 70' lang='lat' dir='ltr'><strong>Ecclesiae</strong></span> <span class='ocrx_word' id='word_1_793' title='bbox 3341 4142 3526 4198; x_wconf 85' lang='lat' dir='ltr'><strong>catho-</strong></span> 
     </span>
    </p>
   </div>
   <div class='ocr_carea' id='block_1_100' title="bbox 1934 4234 3522 4307">
    <p class='ocr_par' dir='ltr' id='par_1_100' title="bbox 1934 4234 3522 4307">
     <span class='ocr_line' id='line_1_100' title="bbox 1934 4234 3522 4307; baseline -0.002 -14"><span class='ocrx_word' id='word_1_794' title='bbox 1934 4238 2054 4295; x_wconf 74' lang='lat' dir='ltr'><strong>licze</strong></span> <span class='ocrx_word' id='word_1_795' title='bbox 2084 4236 2358 4300; x_wconf 91' lang='lat' dir='ltr'><strong>aluminis,</strong></span> <span class='ocrx_word' id='word_1_796' title='bbox 2405 4243 2535 4302; x_wconf 87' lang='lat' dir='ltr'><strong>etc.,</strong></span> <span class='ocrx_word' id='word_1_797' title='bbox 2588 4250 2751 4306; x_wconf 86' lang='lat' dir='ltr'><strong>usque</strong></span> <span class='ocrx_word' id='word_1_798' title='bbox 2797 4235 2866 4289; x_wconf 89' lang='lat' dir='ltr'><strong>ad</strong></span> <span class='ocrx_word' id='word_1_799' title='bbox 2903 4234 3190 4292; x_wconf 87' lang='lat' dir='ltr'><strong>inferiores</strong></span> <span class='ocrx_word' id='word_1_800' title='bbox 3235 4235 3522 4307; x_wconf 72' lang='lat' dir='ltr'><strong>adiuverit.</strong></span> 
     </span>
    </p>
   </div>
   <div class='ocr_carea' id='block_1_101' title="bbox 1937 4325 3468 4401">
    <p class='ocr_par' dir='ltr' id='par_1_101' title="bbox 1937 4325 3468 4401">
     <span class='ocr_line' id='line_1_101' title="bbox 1937 4325 3468 4401; baseline -0.005 -15"><span class='ocrx_word' id='word_1_801' title='bbox 1937 4329 2058 4401; x_wconf 91' lang='lat' dir='ltr'><strong>(Id.,</strong></span> <span class='ocrx_word' id='word_1_802' title='bbox 2087 4329 2178 4384; x_wconf 91' lang='lat' dir='ltr'><strong>lib.</strong></span> <span class='ocrx_word' id='word_1_803' title='bbox 2203 4328 2267 4383; x_wconf 87' lang='lat' dir='ltr'><strong>de</strong></span> <span class='ocrx_word' id='word_1_804' title='bbox 2287 4345 2410 4383; x_wconf 87' lang='lat' dir='ltr'><strong>vera</strong></span> <span class='ocrx_word' id='word_1_805' title='bbox 2446 4325 2637 4398; x_wconf 85' lang='lat' dir='ltr'><strong>Relig.,</strong></span> <span class='ocrx_word' id='word_1_806' title='bbox 2678 4335 2807 4384; x_wconf 94' lang='lat' dir='ltr'><strong>tom.</strong></span> <span class='ocrx_word' id='word_1_807' title='bbox 2837 4325 2925 4392; x_wconf 89' lang='lat' dir='ltr'><strong>Ill,</strong></span> <span class='ocrx_word' id='word_1_808' title='bbox 2952 4335 3095 4398; x_wconf 84' lang='lat' dir='ltr'><strong>part.</strong></span> <span class='ocrx_word' id='word_1_809' title='bbox 3122 4343 3163 4391; x_wconf 91' lang='lat'><strong>1,</strong></span> <span class='ocrx_word' id='word_1_810' title='bbox 3188 4326 3292 4385; x_wconf 92' lang='lat' dir='ltr'><strong>col.</strong></span> <span class='ocrx_word' id='word_1_811' title='bbox 3319 4327 3468 4397; x_wconf 86' lang='grc'><strong>145.)</strong></span> 
     </span>
    </p>
   </div>
   <div class='ocr_carea' id='block_1_102' title="bbox 2006 4415 3521 4491">
    <p class='ocr_par' dir='ltr' id='par_1_102' title="bbox 2006 4415 3521 4491">
     <span class='ocr_line' id='line_1_102' title="bbox 2006 4415 3521 4491; baseline -0.003 -15"><span class='ocrx_word' id='word_1_812' title='bbox 2006 4420 2162 4476; x_wconf 63' lang='lat' dir='ltr'><strong>lEtas</strong></span> <span class='ocrx_word' id='word_1_813' title='bbox 2189 4419 2431 4491; x_wconf 89' lang='lat' dir='ltr'><strong>corporis</strong></span> <span class='ocrx_word' id='word_1_814' title='bbox 2461 4434 2570 4474; x_wconf 88' lang='lat' dir='ltr'><strong>non</strong></span> <span class='ocrx_word' id='word_1_815' title='bbox 2609 4426 2695 4474; x_wconf 89' lang='lat' dir='ltr'><strong>est</strong></span> <span class='ocrx_word' id='word_1_816' title='bbox 2743 4418 2796 4473; x_wconf 88' lang='lat' dir='ltr'><strong>in</strong></span> <span class='ocrx_word' id='word_1_817' title='bbox 2846 4415 3145 4484; x_wconf 82' lang='lat' dir='ltr'><strong>voluntate,</strong></span> <span class='ocrx_word' id='word_1_818' title='bbox 3186 4425 3320 4483; x_wconf 89' lang='lat' dir='ltr'><strong>etc.,</strong></span> <span class='ocrx_word' id='word_1_819' title='bbox 3359 4433 3521 4488; x_wconf 86' lang='lat' dir='ltr'><strong>usque</strong></span> 
     </span>
    </p>
   </div>
   <div class='ocr_carea' id='block_1_103' title="bbox 1934 4507 3520 4583">
    <p class='ocr_par' dir='ltr' id='par_1_103' title="bbox 1934 4507 3520 4583">
     <span class='ocr_line' id='line_1_103' title="bbox 1934 4507 3520 4583; baseline -0.003 -15"><span class='ocrx_word' id='word_1_820' title='bbox 1934 4514 2004 4568; x_wconf 90' lang='lat' dir='ltr'><strong>ad</strong></span> <span class='ocrx_word' id='word_1_821' title='bbox 2029 4521 2088 4568; x_wconf 90' lang='lat' dir='ltr'><strong>ut</strong></span> <span class='ocrx_word' id='word_1_822' title='bbox 2120 4526 2259 4582; x_wconf 87' lang='lat' dir='ltr'><strong>pane</strong></span> <span class='ocrx_word' id='word_1_823' title='bbox 2278 4519 2484 4583; x_wconf 85' lang='lat' dir='ltr'><strong>pascat.</strong></span> <span class='ocrx_word' id='word_1_824' title='bbox 2513 4509 2636 4582; x_wconf 84' lang='lat' dir='ltr'><strong>(Id.,</strong></span> <span class='ocrx_word' id='word_1_825' title='bbox 2678 4518 2832 4564; x_wconf 82' lang='lat' dir='ltr'><strong>tract.</strong></span> <span class='ocrx_word' id='word_1_826' title='bbox 2873 4510 3020 4580; x_wconf 85' lang='lat' dir='ltr'><strong>epist.</strong></span> <span class='ocrx_word' id='word_1_827' title='bbox 3069 4507 3232 4563; x_wconf 86' lang='lat' dir='ltr'><strong>Joan.</strong></span> <span class='ocrx_word' id='word_1_828' title='bbox 3266 4516 3396 4564; x_wconf 90' lang='lat' dir='ltr'><strong>tom.</strong></span> <span class='ocrx_word' id='word_1_829' title='bbox 3432 4507 3520 4574; x_wconf 92' lang='lat' dir='ltr'><strong>Ill,</strong></span> 
     </span>
    </p>
   </div>
   <div class='ocr_carea' id='block_1_104' title="bbox 1932 4602 2738 4680">
    <p class='ocr_par' dir='ltr' id='par_1_104' title="bbox 1932 4602 2738 4680">
     <span class='ocr_line' id='line_1_104' title="bbox 1932 4602 2738 4680; baseline -0.004 -18"><span class='ocrx_word' id='word_1_830' title='bbox 1932 4616 2076 4680; x_wconf 91' lang='lat' dir='ltr'><strong>part.</strong></span> <span class='ocrx_word' id='word_1_831' title='bbox 2109 4622 2172 4673; x_wconf 88' lang='grc' dir='ltr'>ιι,</span> <span class='ocrx_word' id='word_1_832' title='bbox 2205 4605 2310 4662; x_wconf 92' lang='lat' dir='ltr'><strong>col.</strong></span> <span class='ocrx_word' id='word_1_833' title='bbox 2345 4604 2483 4662; x_wconf 87' lang='grc'><strong>1997</strong></span> <span class='ocrx_word' id='word_1_834' title='bbox 2515 4612 2570 4660; x_wconf 91' lang='lat' dir='ltr'><strong>et</strong></span> <span class='ocrx_word' id='word_1_835' title='bbox 2596 4602 2738 4673; x_wconf 89' lang='lat' dir='ltr'><strong>seq.)</strong></span> 
     </span>
    </p>
   </div>
   <div class='ocr_carea' id='block_1_105' title="bbox 2005 4692 3518 4768">
    <p class='ocr_par' dir='ltr' id='par_1_105' title="bbox 2005 4692 3518 4768">
     <span class='ocr_line' id='line_1_105' title="bbox 2005 4692 3518 4768; baseline -0.002 -14"><span class='ocrx_word' id='word_1_836' title='bbox 2005 4699 2339 4768; x_wconf 89' lang='lat' dir='ltr'><strong>Quibusdam</strong></span> <span class='ocrx_word' id='word_1_837' title='bbox 2390 4696 2624 4753; x_wconf 77' lang='lat' dir='ltr'><strong>infirmis</strong></span> <span class='ocrx_word' id='word_1_838' title='bbox 2671 4695 2802 4752; x_wconf 92' lang='lat' dir='ltr'><strong>dicit</strong></span> <span class='ocrx_word' id='word_1_839' title='bbox 2851 4692 3165 4766; x_wconf 89' lang='lat' dir='ltr'><strong>Apostolus.</strong></span> <span class='ocrx_word' id='word_1_840' title='bbox 3216 4692 3323 4750; x_wconf 74' lang='lat' dir='ltr'><strong>L‘ac</strong></span> <span class='ocrx_word' id='word_1_841' title='bbox 3368 4695 3518 4751; x_wconf 90' lang='lat' dir='ltr'><strong>vobis</strong></span> 
     </span>
    </p>
   </div>
   <div class='ocr_carea' id='block_1_106' title="bbox 1932 4787 3520 4864">
    <p class='ocr_par' dir='ltr' id='par_1_106' title="bbox 1932 4787 3520 4864">
     <span class='ocr_line' id='line_1_106' title="bbox 1932 4787 3520 4864; baseline -0.004 -16"><span class='ocrx_word' id='word_1_842' title='bbox 1932 4800 2120 4864; x_wconf 90' lang='lat' dir='ltr'><strong>potum</strong></span> <span class='ocrx_word' id='word_1_843' title='bbox 2149 4790 2295 4857; x_wconf 90' lang='lat' dir='ltr'><strong>dedi,</strong></span> <span class='ocrx_word' id='word_1_844' title='bbox 2347 4798 2477 4857; x_wconf 88' lang='lat' dir='ltr'><strong>etc.,</strong></span> <span class='ocrx_word' id='word_1_845' title='bbox 2533 4804 2697 4860; x_wconf 88' lang='lat' dir='ltr'><strong>usque</strong></span> <span class='ocrx_word' id='word_1_846' title='bbox 2749 4787 2817 4842; x_wconf 86' lang='lat' dir='ltr'><strong>ad</strong></span> <span class='ocrx_word' id='word_1_847' title='bbox 2868 4801 2973 4842; x_wconf 88' lang='lat' dir='ltr'><strong>non</strong></span> <span class='ocrx_word' id='word_1_848' title='bbox 3008 4787 3324 4843; x_wconf 91' lang='lat' dir='ltr'><strong>recedamus</strong></span> <span class='ocrx_word' id='word_1_849' title='bbox 3357 4803 3387 4842; x_wconf 90' lang='lat' dir='ltr'><strong>a</strong></span> <span class='ocrx_word' id='word_1_850' title='bbox 3415 4787 3520 4844; x_wconf 81' lang='lat' dir='ltr'><strong>(ide</strong></span> 
     </span>
    </p>
   </div>
   <div class='ocr_carea' id='block_1_107' title="bbox 1932 4877 3518 4954">
    <p class='ocr_par' dir='ltr' id='par_1_107' title="bbox 1932 4877 3518 4954">
     <span class='ocr_line' id='line_1_107' title="bbox 1932 4877 3518 4954; baseline -0.003 -16"><span class='ocrx_word' id='word_1_851' title='bbox 1932 4884 2090 4941; x_wconf 89' lang='lat' dir='ltr'><strong>lactis</strong></span> <span class='ocrx_word' id='word_1_852' title='bbox 2113 4882 2307 4939; x_wconf 86' lang='lat' dir='ltr'><strong>nostri.</strong></span> <span class='ocrx_word' id='word_1_853' title='bbox 2339 4881 2461 4954; x_wconf 93' lang='lat' dir='ltr'><strong>(Id.,</strong></span> <span class='ocrx_word' id='word_1_854' title='bbox 2491 4890 2644 4936; x_wconf 84' lang='lat' dir='ltr'><strong>tract.</strong></span> <span class='ocrx_word' id='word_1_855' title='bbox 2674 4877 2809 4952; x_wconf 86' lang='lat' dir='ltr'><strong>psal.</strong></span> <span class='ocrx_word' id='word_1_856' title='bbox 2840 4894 3002 4946; x_wconf 80' lang='lat' dir='ltr'><strong>cxxx,</strong></span> <span class='ocrx_word' id='word_1_857' title='bbox 3029 4879 3259 4949; x_wconf 90' lang='lat' dir='ltr'><strong>tom.lV,</strong></span> <span class='ocrx_word' id='word_1_858' title='bbox 3279 4888 3421 4951; x_wconf 87' lang='lat' dir='ltr'><strong>part.</strong></span> <span class='ocrx_word' id='word_1_859' title='bbox 3456 4895 3518 4948; x_wconf 90' lang='lat'><strong>11,</strong></span> 
     </span>
    </p>
   </div>
   <div class='ocr_carea' id='block_1_108' title="bbox 1931 4973 2465 5046">
    <p class='ocr_par' dir='ltr' id='par_1_108' title="bbox 1931 4973 2465 5046">
     <span class='ocr_line' id='line_1_108' title="bbox 1931 4973 2465 5046; baseline -0.007 -13"><span class='ocrx_word' id='word_1_860' title='bbox 1931 4977 2036 5034; x_wconf 91' lang='lat' dir='ltr'><strong>col.</strong></span> <span class='ocrx_word' id='word_1_861' title='bbox 2074 4975 2212 5031; x_wconf 90' lang='grc'><strong>1710</strong></span> <span class='ocrx_word' id='word_1_862' title='bbox 2242 4982 2296 5031; x_wconf 90' lang='lat' dir='ltr'><strong>et</strong></span> <span class='ocrx_word' id='word_1_863' title='bbox 2325 4973 2465 5046; x_wconf 91' lang='lat' dir='ltr'><strong>seq.)</strong></span> 
     </span>
    </p>
   </div>
   <div class='ocr_carea' id='block_1_109' title="bbox 2006 5065 3523 5124">
    <p class='ocr_par' dir='ltr' id='par_1_109' title="bbox 2006 5065 3523 5124">
     <span class='ocr_line' id='line_1_109' title="bbox 2006 5065 3523 5124; baseline -0.001 0"><span class='ocrx_word' id='word_1_864' title='bbox 2006 5067 2139 5124; x_wconf 85' lang='lat' dir='ltr'><strong>Cum</strong></span> <span class='ocrx_word' id='word_1_865' title='bbox 2165 5068 2300 5123; x_wconf 85' lang='lat' dir='ltr'><strong>enim</strong></span> <span class='ocrx_word' id='word_1_866' title='bbox 2315 5067 2382 5122; x_wconf 89' lang='lat' dir='ltr'><strong>sit</strong></span> <span class='ocrx_word' id='word_1_867' title='bbox 2399 5067 2534 5122; x_wconf 86' lang='lat' dir='ltr'><strong>inter</strong></span> <span class='ocrx_word' id='word_1_868' title='bbox 2559 5083 2646 5122; x_wconf 84' lang='lat' dir='ltr'><strong>vos</strong></span> <span class='ocrx_word' id='word_1_869' title='bbox 2664 5065 2874 5122; x_wconf 77' lang='lat' dir='ltr'><strong>zelus...</strong></span> <span class='ocrx_word' id='word_1_870' title='bbox 2906 5082 3074 5121; x_wconf 87' lang='lat' dir='ltr'><strong>nonne</strong></span> <span class='ocrx_word' id='word_1_871' title='bbox 3101 5067 3334 5122; x_wconf 66' lang='lat' dir='ltr'><strong>[contines</strong></span> <span class='ocrx_word' id='word_1_872' title='bbox 3359 5067 3523 5122; x_wconf 76' lang='lat' dir='ltr'><strong>estis?</strong></span> 
     </span>
    </p>
   </div>
   <div class='ocr_carea' id='block_1_110' title="bbox 1935 5157 3519 5233">
    <p class='ocr_par' dir='ltr' id='par_1_110' title="bbox 1935 5157 3519 5233">
     <span class='ocr_line' id='line_1_110' title="bbox 1935 5157 3519 5233; baseline -0.002 -16"><span class='ocrx_word' id='word_1_873' title='bbox 1935 5161 2090 5230; x_wconf 89' lang='lat' dir='ltr'><strong>Quod</strong></span> <span class='ocrx_word' id='word_1_874' title='bbox 2135 5175 2265 5233; x_wconf 85' lang='lat' dir='ltr'><strong>ergo</strong></span> <span class='ocrx_word' id='word_1_875' title='bbox 2309 5167 2393 5216; x_wconf 92' lang='lat' dir='ltr'><strong>est</strong></span> <span class='ocrx_word' id='word_1_876' title='bbox 2423 5157 2704 5214; x_wconf 90' lang='lat' dir='ltr'><strong>ambulare</strong></span> <span class='ocrx_word' id='word_1_877' title='bbox 2753 5157 3051 5214; x_wconf 89' lang='lat' dir='ltr'><strong>secundum</strong></span> <span class='ocrx_word' id='word_1_878' title='bbox 3087 5158 3382 5223; x_wconf 90' lang='lat' dir='ltr'><strong>hominem,</strong></span> <span class='ocrx_word' id='word_1_879' title='bbox 3417 5160 3519 5215; x_wconf 92' lang='lat' dir='ltr'><strong>hoc</strong></span> 
     </span>
    </p>
   </div>
   <div class='ocr_carea' id='block_1_111' title="bbox 1934 5249 3519 5324">
    <p class='ocr_par' dir='ltr' id='par_1_111' title="bbox 1934 5249 3519 5324">
     <span class='ocr_line' id='line_1_111' title="bbox 1934 5249 3519 5324; baseline -0.003 -14"><span class='ocrx_word' id='word_1_880' title='bbox 1934 5263 2019 5310; x_wconf 90' lang='lat' dir='ltr'><strong>est</strong></span> <span class='ocrx_word' id='word_1_881' title='bbox 2051 5267 2174 5310; x_wconf 90' lang='lat' dir='ltr'><strong>esse</strong></span> <span class='ocrx_word' id='word_1_882' title='bbox 2211 5249 2513 5317; x_wconf 87' lang='lat' dir='ltr'><strong>carnalem,</strong></span> <span class='ocrx_word' id='word_1_883' title='bbox 2562 5258 2694 5318; x_wconf 90' lang='lat' dir='ltr'><strong>etc.,</strong></span> <span class='ocrx_word' id='word_1_884' title='bbox 2749 5267 2912 5324; x_wconf 86' lang='lat' dir='ltr'><strong>usque</strong></span> <span class='ocrx_word' id='word_1_885' title='bbox 2939 5249 3011 5306; x_wconf 89' lang='lat' dir='ltr'><strong>ad</strong></span> <span class='ocrx_word' id='word_1_886' title='bbox 3051 5251 3096 5306; x_wconf 91' lang='lat' dir='ltr'><strong>si</strong></span> <span class='ocrx_word' id='word_1_887' title='bbox 3140 5251 3411 5318; x_wconf 80' lang='lat' dir='ltr'><strong>vixeritis,</strong></span> <span class='ocrx_word' id='word_1_888' title='bbox 3442 5251 3519 5306; x_wconf 91' lang='lat' dir='ltr'><strong>dii</strong></span> 
     </span>
    </p>
   </div>
   <div class='ocr_carea' id='block_1_112' title="bbox 1936 5343 3517 5419">
    <p class='ocr_par' dir='ltr' id='par_1_112' title="bbox 1936 5343 3517 5419">
     <span class='ocr_line' id='line_1_112' title="bbox 1936 5343 3517 5419; baseline -0.001 -14"><span class='ocrx_word' id='word_1_889' title='bbox 1936 5347 2088 5405; x_wconf 89' lang='lat' dir='ltr'><strong>estis.</strong></span> <span class='ocrx_word' id='word_1_890' title='bbox 2121 5346 2246 5419; x_wconf 92' lang='lat' dir='ltr'><strong>(Id.,</strong></span> <span class='ocrx_word' id='word_1_891' title='bbox 2277 5343 2369 5400; x_wconf 89' lang='lat' dir='ltr'><strong>lib.</strong></span> <span class='ocrx_word' id='word_1_892' title='bbox 2404 5361 2494 5401; x_wconf 85' lang='lat' dir='ltr'><strong>x1v</strong></span> <span class='ocrx_word' id='word_1_893' title='bbox 2533 5345 2596 5400; x_wconf 87' lang='lat' dir='ltr'><strong>de</strong></span> <span class='ocrx_word' id='word_1_894' title='bbox 2624 5343 2758 5402; x_wconf 81' lang='lat' dir='ltr'><strong>Civil</strong></span> <span class='ocrx_word' id='word_1_895' title='bbox 2822 5345 2938 5414; x_wconf 88' lang='lat' dir='ltr'><strong>Dei,</strong></span> <span class='ocrx_word' id='word_1_896' title='bbox 2971 5356 3102 5404; x_wconf 89' lang='lat' dir='ltr'><strong>tom.</strong></span> <span class='ocrx_word' id='word_1_897' title='bbox 3143 5346 3250 5414; x_wconf 86' lang='lat' dir='ltr'><strong>VII,</strong></span> <span class='ocrx_word' id='word_1_898' title='bbox 3280 5346 3386 5405; x_wconf 86' lang='lat' dir='ltr'><strong>col.</strong></span> <span class='ocrx_word' id='word_1_899' title='bbox 3409 5346 3517 5403; x_wconf 84' lang='grc'><strong>407</strong></span> 
     </span>
    </p>
   </div>
   <div class='ocr_carea' id='block_1_113' title="bbox 1931 5442 2434 5515">
    <p class='ocr_par' dir='ltr' id='par_1_113' title="bbox 1931 5442 2434 5515">
     <span class='ocr_line' id='line_1_113' title="bbox 1931 5442 2434 5515; baseline -0.002 -15"><span class='ocrx_word' id='word_1_900' title='bbox 1931 5453 1989 5500; x_wconf 91' lang='lat' dir='ltr'><strong>ct</strong></span> <span class='ocrx_word' id='word_1_901' title='bbox 2015 5442 2155 5515; x_wconf 86' lang='lat' dir='ltr'><strong>seq.)</strong></span> <span class='ocrx_word' id='word_1_902' title='bbox 2429 5450 2434 5455; x_wconf 82' lang='lat'>&#39;</span> 
     </span>
    </p>
   </div>
   <div class='ocr_carea' id='block_1_114' title="bbox 2004 5536 3513 5612">
    <p class='ocr_par' dir='ltr' id='par_1_114' title="bbox 2004 5536 3513 5612">
     <span class='ocr_line' id='line_1_114' title="bbox 2004 5536 3513 5612; baseline -0.004 -17"><span class='ocrx_word' id='word_1_903' title='bbox 2004 5539 2146 5608; x_wconf 83' lang='lat' dir='ltr'><strong>Quid</strong></span> <span class='ocrx_word' id='word_1_904' title='bbox 2193 5538 2352 5612; x_wconf 84' lang='lat' dir='ltr'><strong>igitur</strong></span> <span class='ocrx_word' id='word_1_905' title='bbox 2377 5549 2452 5597; x_wconf 87' lang='lat' dir='ltr'><strong>est</strong></span> <span class='ocrx_word' id='word_1_906' title='bbox 2483 5538 2735 5601; x_wconf 71' lang='lat' dir='ltr'><strong>Apollo...</strong></span> <span class='ocrx_word' id='word_1_907' title='bbox 2767 5539 2910 5596; x_wconf 85' lang='lat' dir='ltr'><strong>Deus</strong></span> <span class='ocrx_word' id='word_1_908' title='bbox 2936 5538 3311 5596; x_wconf 85' lang='lat' dir='ltr'><strong>incrementum</strong></span> <span class='ocrx_word' id='word_1_909' title='bbox 3349 5536 3513 5593; x_wconf 83' lang='lat' dir='ltr'><strong>dedit.</strong></span> 
     </span>
    </p>
   </div>
   <div class='ocr_carea' id='block_1_115' title="bbox 1930 5628 3512 5706">
    <p class='ocr_par' dir='ltr' id='par_1_115' title="bbox 1930 5628 3512 5706">
     <span class='ocr_line' id='line_1_115' title="bbox 1930 5628 3512 5706; baseline -0.005 -17"><span class='ocrx_word' id='word_1_910' title='bbox 1930 5635 2042 5702; x_wconf 78' lang='lat' dir='ltr'><strong>Ego</strong></span> <span class='ocrx_word' id='word_1_911' title='bbox 2070 5649 2212 5702; x_wconf 91' lang='lat' dir='ltr'><strong>sum,</strong></span> <span class='ocrx_word' id='word_1_912' title='bbox 2246 5634 2421 5706; x_wconf 89' lang='lat' dir='ltr'><strong>inquit</strong></span> <span class='ocrx_word' id='word_1_913' title='bbox 2449 5633 2733 5700; x_wconf 90' lang='lat' dir='ltr'><strong>Dominus,</strong></span> <span class='ocrx_word' id='word_1_914' title='bbox 2764 5633 2890 5690; x_wconf 87' lang='lat' dir='ltr'><strong>vitis</strong></span> <span class='ocrx_word' id='word_1_915' title='bbox 2918 5647 3068 5700; x_wconf 89' lang='lat' dir='ltr'><strong>vera,</strong></span> <span class='ocrx_word' id='word_1_916' title='bbox 3099 5640 3229 5695; x_wconf 91' lang='lat' dir='ltr'><strong>etc.,</strong></span> <span class='ocrx_word' id='word_1_917' title='bbox 3253 5645 3415 5702; x_wconf 86' lang='lat' dir='ltr'><strong>usque</strong></span> <span class='ocrx_word' id='word_1_918' title='bbox 3443 5628 3512 5682; x_wconf 82' lang='lat' dir='ltr'><strong>ad</strong></span> 
     </span>
    </p>
   </div>
   <div class='ocr_carea' id='block_1_116' title="bbox 1932 5723 3509 5803">
    <p class='ocr_par' dir='ltr' id='par_1_116' title="bbox 1932 5723 3509 5803">
     <span class='ocr_line' id='line_1_116' title="bbox 1932 5723 3509 5803; baseline -0.006 -19"><span class='ocrx_word' id='word_1_919' title='bbox 1932 5731 1999 5784; x_wconf 85' lang='lat' dir='ltr'><strong>ad</strong></span> <span class='ocrx_word' id='word_1_920' title='bbox 2039 5731 2330 5803; x_wconf 79' lang='lat' dir='ltr'><strong>agricolam</strong></span> <span class='ocrx_word' id='word_1_921' title='bbox 2369 5730 2712 5787; x_wconf 86' lang='lat' dir='ltr'><strong>Trinitatem.</strong></span> <span class='ocrx_word' id='word_1_922' title='bbox 2745 5727 2869 5800; x_wconf 92' lang='lat' dir='ltr'><strong>(Id.,</strong></span> <span class='ocrx_word' id='word_1_923' title='bbox 2902 5738 3056 5784; x_wconf 89' lang='lat' dir='ltr'><strong>tract.</strong></span> <span class='ocrx_word' id='word_1_924' title='bbox 3108 5726 3177 5781; x_wconf 91' lang='lat'><strong>80</strong></span> <span class='ocrx_word' id='word_1_925' title='bbox 3225 5727 3278 5779; x_wconf 87' lang='lat' dir='ltr'><strong>in</strong></span> <span class='ocrx_word' id='word_1_926' title='bbox 3306 5723 3509 5793; x_wconf 75' lang='lat' dir='ltr'><strong>Erang.</strong></span> 
     </span>
    </p>
   </div>
   <div class='ocr_carea' id='block_1_117' title="bbox 1931 5814 3481 5893">
    <p class='ocr_par' dir='ltr' id='par_1_117' title="bbox 1931 5814 3481 5893">
     <span class='ocr_line' id='line_1_117' title="bbox 1931 5814 3481 5893; baseline 0.001 -15"><span class='ocrx_word' id='word_1_927' title='bbox 1931 5839 2030 5878; x_wconf 75' lang='lat' dir='ltr'><strong>sec.</strong></span> <span class='ocrx_word' id='word_1_928' title='bbox 2074 5821 2257 5891; x_wconf 82' lang='lat' dir='ltr'><strong>Joan.,</strong></span> <span class='ocrx_word' id='word_1_929' title='bbox 2289 5834 2418 5879; x_wconf 87' lang='lat' dir='ltr'><strong>tom.</strong></span> <span class='ocrx_word' id='word_1_930' title='bbox 2446 5824 2530 5889; x_wconf 92' lang='grc' dir='ltr'><strong>ΙΙΙ,</strong></span> <span class='ocrx_word' id='word_1_931' title='bbox 2563 5831 2706 5893; x_wconf 83' lang='lat' dir='ltr'><strong>part.</strong></span> <span class='ocrx_word' id='word_1_932' title='bbox 2741 5836 2800 5887; x_wconf 87' lang='grc' dir='ltr'><strong>ιι,</strong></span> <span class='ocrx_word' id='word_1_933' title='bbox 2837 5820 2941 5877; x_wconf 89' lang='lat' dir='ltr'><strong>col.</strong></span> <span class='ocrx_word' id='word_1_934' title='bbox 2979 5818 3115 5875; x_wconf 84' lang='grc'><strong>1859</strong></span> <span class='ocrx_word' id='word_1_935' title='bbox 3144 5824 3198 5874; x_wconf 88' lang='lat' dir='ltr'><strong>et</strong></span> <span class='ocrx_word' id='word_1_936' title='bbox 3228 5814 3367 5886; x_wconf 60' lang='lat' dir='ltr'><strong>seq.)</strong></span> <span class='ocrx_word' id='word_1_937' title='bbox 3475 5876 3481 5882; x_wconf 84' lang='lat'><strong>.</strong></span> 
     </span>
    </p>
   </div>
  </div>
