3970 6306
604 360 711 420 525

1802 366 2011 428 FLOR!
2046 367 2318 427 DIACONI
2358 364 2670 443 MONACHI
3718 386 3783 445 εει

670 484 902 541 Interior
944 497 1075 557 ergo
1119 483 1383 557 magister
1424 492 1511 541 est
1567 486 1663 557 qui
1707 486 1885 544 docet.
1935 488 2185 545 Christus
2210 492 2262 553 Α
2287 495 2430 545 stum
2489 504 2653 560 usque
2674 488 2745 545 ad
2771 486 3002 546 forsitan
3040 500 3228 546 verum
3276 498 3382 548 est.
3428 490 3604 564 (Idem,
3643 496 3714 556 lib.
3745 505 3783 559 de

582 582 783 647 ’docet,
799 590 1002 648 etc.,...
1031 579 1124 651 qui
1149 579 1361 636 diabolo
1386 595 1493 637 non
1520 580 1783 651 praebent.
1803 582 1927 652 (ld.,
1953 591 2110 638 tract.
2139 583 2197 639 in

602 678 755 750 epist.
789 675 978 743 Joan.,
1016 681 1149 731 tom.
1174 673 1263 741 111,
1290 683 1433 746 part.
1462 690 1526 742 It,
1552 675 1658 732 col.
1692 674 1883 748 2004.)

670 790 960 862 Apostolus
990 789 1308 847 discernens
1331 788 1562 846 interius
1607 789 1780 847 Deum
1805 798 2084 847 creantem
2114 799 2194 847 at-

600 899 709 957 que
738 885 1086 951 formantem,
1114 891 1242 953 etc.,
1271 900 1435 957 usque
1462 884 1532 938 ad
1583 891 1743 939 terrae
1784 883 2192 956 agriculturam.

601 977 728 1049 (ld.,
760 977 851 1032 lib.
900 992 963 1033 III
1013 975 1078 1030 de
1126 974 1298 1043 Trin.,
1348 984 1482 1032 tom.
1529 974 1661 1042 VIII,
1694 975 1801 1033 col.
1841 976 1946 1032 876
1977 984 2030 1031 et
2053 976 2193 1049 seq.)

670 1068 729 1126 Si
746 1068 909 1126 fuerit
922 1069 1103 1141 justus
1117 1069 1389 1136 minister,
1411 1076 1664 1139 computo
1687 1068 1836 1123 illum
1863 1067 2191 1137 cumPaulo,

595 1168 728 1227 etc.,
755 1176 917 1232 usque
943 1160 1026 1223 ad,
1041 1174 1150 1216 non
1176 1168 1359 1217 tamen
1385 1158 1658 1230 inquinat,
1694 1158 1777 1233 (S.
1806 1158 1944 1232 Aug,
1980 1169 2132 1215 tract.
2158 1159 2193 1216 5

593 1252 649 1307 in
679 1250 883 1324 Ecang.
913 1268 1016 1306 sec.
1046 1249 1233 1320 10am,
1273 1258 1383 1308 tom
1410 1249 1501 1317 111,
1530 1257 1674 1322 part.
1720 1265 1784 1318 ll,
1814 1249 1920 1306 col.
1955 1248 2093 1307 1418
2138 1256 2195 1305 et
2266 1266 2274 1273 ο

592 1343 800 1502 semis
832 1434 1048 1491 volebat
1096 1432 1307 1504 Simon,
1362 1433 1471 1491 nisi
1517 1435 1727 1492 laudari
1780 1434 1839 1491 in
1890 1432 2187 1500 miraculis,

588 1537 723 1596 etc.,
748 1529 924 1599 usque
975 1528 1045 1583 ad
1102 1527 1372 1585 aediﬁcare
1416 1529 1691 1601 cupiebat.
1744 1527 1870 1600 (Id.
1921 1541 2078 1582 senu.
2126 1526 2192 1581 de

589 1621 715 1678 Kal.
745 1622 897 1691 1am,
929 1632 1058 1678 tum.
1095 1621 1155 1691 V,
1186 1631 1331 1694 part.
1361 1633 1404 1693 I‘,
1432 1621 1536 1680 col.
1564 1621 1751 1694 l024.)

656 1739 847 1809 Itaque
868 1752 1031 1808 neque
1056 1735 1147 1807 qui
1174 1738 1397 1807 plantat,
1428 1744 1564 1803 etc.,
1591 1750 1765 1808 usque
1802 1736 1871 1793 ad
1898 1736 2188 1791 incremen-

2269 577 2452 637 -Civit.
2476 580 2596 646 Dei,
2635 588 2768 639 tom.
2802 579 2910 648 VII,
2944 580 3053 638 col.
3086 580 3191 637 715
3214 589 3274 638 et
3300 582 3443 656 seq.)
3795 650 3804 664 ⁸

2367 673 2610 739 Domina,
2641 688 2712 729 ne
2737 672 2795 731 in
2821 672 3196 744 indignatione
3224 689 3423 746 arguas
3448 690 3550 745 me,
3588 695 3713 751 usque
3743 687 3782 739 ad
3854 682 3855 751 ξ

2290 779 2366 820 ne
2410 763 2501 823 illa
2549 763 2800 835 graviora
2845 764 3144 834 patiantur.
3184 764 3380 836 (Idem,
3424 767 3480 824 ia
3517 769 3635 840 psal.
3660 789 3782 841 mu,
3854 763 3855 839 ξ

2294 864 2428 913 tom.
2456 854 2549 924 IV,
2572 863 2716 928 part.
2746 872 2789 925 ι.
2816 856 2927 915 col.
2958 857 3064 915 389
3090 865 3148 914 ει
3168 856 3316 929 seq-l
3854 854 3855 937 Ῐ

2366 951 2511 1008 Aves
2552 959 2740 1008 autem
2784 965 2897 1009 non
2945 950 3147 1009 divisit.
3193 949 3481 1022 Spiritales
3519 968 3612 1009 non
3648 955 3782 1013 habent

2294 1041 2620 1099 divisionem
2663 1058 2827 1114 usque
2852 1043 2924 1098 ad
2953 1042 3355 1112 quodammodo
3380 1043 3636 1114 eliquabit.
3659 1046 3781 1117 (Mem,
3854 1104 3855 1111 η

2292 1136 2349 1193 iu
2374 1134 2511 1207 psal.
2542 1150 2661 1200 cur,
2693 1143 2827 1191 tom.
2854 1133 2945 1201 IV,
2975 1144 3119 1205 part.
3148 1151 3211 1203 ιι,
3241 1136 3349 1193 col.
3380 1135 3514 1205 1562
3533 1144 3583 1192 et
3604 1138 3713 1209 seq.)

2365 1228 2595 1285 Nescitis
2640 1230 2765 1301 quia
2807 1227 3055 1300 templum
3098 1228 3201 1286 Dei
3246 1231 3396 1297 estis,
3434 1240 3482 1287 et
3519 1232 3697 1302 spiritu
3725 1232 3782 1288 Μ
3854 1256 3855 1311 ξ

2292 1322 2493 1377 habitat
2522 1323 2579 1377 in
2607 1322 2771 1378 vobis.
2796 1321 3001 1379 Omnes
3029 1320 3211 1379 adhuc
3238 1323 3462 1391 inﬁniti,
3489 1331 3540 1380 et
3572 1326 3779 1381 secundum

2290 1412 2454 1470 ﬁdem
2508 1413 2888 1480 ambulantes,
2937 1413 3231 1477 secundum
3274 1412 3437 1472 ﬁdem
3476 1414 3692 1485 templum
3725 1415 3779 1470 Dei
3854 1412 3855 1485 ξ

2290 1514 2418 1563 sunt
2465 1522 2631 1578 usque
2664 1506 2735 1561 ad
2780 1506 2901 1577 ipse
2937 1504 3062 1565 illos
3106 1506 3375 1565 continet.
3408 1506 3666 1581 (Idem,ia
3690 1506 3777 1577 paul.

2289 1613 2460 1666 cxxn,
2494 1608 2630 1655 tom.
2654 1598 2749 1665 IV,
2775 1606 2920 1670 part.
2948 1613 3012 1667 ιι,
3042 1597 3148 1657 col.
3179 1598 3368 1671 1652.)
3854 1600 3855 1605 “

2362 1691 2655 1764 Suscipere
2674 1700 2726 1749 te
2755 1692 2891 1748 dicis
2919 1692 3061 1762 quod
3090 1692 3313 1762 protuli.
3356 1692 3573 1761 Nescitis
3600 1691 3778 1763 usqum

2288 1785 2418 1842 sede
2441 1784 2609 1842 eﬁcit
2637 1784 2849 1856 dignos.
2882 1782 3090 1856 (Idem,
3128 1784 3222 1845 lib.
3269 1795 3453 1849 contra
3496 1784 3777 1847 ﬂammicam,
3854 1788 3855 1839 ἶ

585 1843 697 1948 2⁸2⁸
713 1831 1010 1948 ῩῘΫῘὟΪᾏ
1049 1829 1270 1948 ΟἮΪἚῩ-
1288 1828 2185 1948 ὟΞὛἯΞῘῖῗῖὛθῖἓθθᾲὛῖῗδ
2209 1867 2261 1929 Β
2287 1887 2423 1937 tom.
2450 1876 2585 1945 VIII.
2619 1828 2726 1935 οοῖῗ
2758 1875 2863 1934 790
2882 1828 2939 1933 ἒι
2964 1828 3109 1948 seq.)

583 1925 682 1982 Dei
707 1934 892 1989 erunt,
924 1933 1060 1991 etc.,
1108 1939 1272 1994 usque
1306 1923 1380 1989 ad
1427 1922 1825 1983 incrementum
1875 1922 1967 1978 dat
2016 1921 2181 1980 Deus.

580 2017 708 2089 (ld.,
740 2027 896 2074 tract.
917 2015 989 2077 20
1014 2017 1070 2072 in
1100 2014 1305 2090 anug.
1331 2033 1436 2081 sec.
1465 2016 1629 2075 Joau.
1671 2026 1801 2081 tom.
1827 2014 1916 2083 111,
1940 2025 2085 2095 part.
2117 2032 2181 2084 ιι,

583 2109 690 2167 col.
721 2109 858 2167 1609
888 2120 942 2166 ct
964 2111 1114 2181 seq.)

651 2223 882 2294 Quidam
924 2231 1136 2295 putant,
1186 2238 1310 2280 cum
1334 2223 1549 2294 aliquos
1578 2223 1647 2279 ad
1690 2219 1959 2290 iustitiam
1999 2220 2179 2291 pieta-

580 2331 799 2391 temque
849 2321 1228 2386 exhortantur,
1283 2326 1417 2385 etc.,
1476 2332 1639 2388 usque
1664 2316 1734 2370 ad
1784 2314 2019 2390 latenter
2051 2326 2182 2384 epe~

580 2418 817 2467 raretur.
841 2408 970 2484 (ld.,
1001 2409 1093 2465 lib.
1121 2410 1189 2465 de
1216 2409 1366 2465 Bono
1395 2408 1605 2475 uiduit.,
1630 2415 1765 2464 tom.
1808 2404 1900 2473 Vl,
1934 2404 2040 2463 cui.
2069 2402 2178 2459 444

579 2512 636 2560 et
666 2489 812 2576 seq.)

649 2615 754 2684 Qui
773 2615 1072 2688 plantat....
1118 2613 1406 2671 secundum
1460 2628 1616 2668 suum
1678 2609 1932 2665 laborem.
1982 2606 2178 2665 Nescio

574 2717 758 2766 utrum
802 2708 1113 2765 inveniatur
1172 2706 1227 2763 in
1286 2703 1585 2779 Scripturis
1627 2702 1855 2768 dictum,
1915 2708 1976 2757 ut
2002 2714 2173 2755 unstm

573 2802 703 2869 sint,
740 2808 872 2868 etc.,
908 2815 1075 2872 usque
1100 2798 1171 2854 ad
1218 2805 1274 2855 ct
1313 2812 1414 2854 nos
1446 2811 1609 2852 unum
1664 2809 1874 2852 smnus.
1922 2792 2050 2867 (ld.,
2080 2792 2172 2848 lib.

570 2892 718 2955 vade
739 2891 912 2958 Trim,
938 2899 1074 2948 tom.
1102 2888 1239 2956 VIII,
1277 2889 1381 2947 col.
1413 2887 1567 2959 926.)

639 3006 741 3063 Dei
811 3007 950 3063 enim
1006 3045 1022 3062 .
1055 3046 1069 3061 .
1105 3045 1120 3060 .
1155 3046 1169 3061 .
1241 3006 1524 3075 aediﬁcatio
1597 3005 1740 3060 estis.
1817 3002 2174 3076 Apertissime

568 3101 712 3158 Deus
735 3099 898 3157 Pater
933 3098 1112 3156 dictus
1133 3108 1218 3155 est
1254 3097 1534 3172 agricola.,
1560 3108 1693 3168 etc.,
1725 3114 1885 3170 usque
1923 3096 1993 3153 ad
2031 3096 2174 3167 agri-

566 3208 687 3252 cona
714 3200 900 3251 noster
932 3200 1036 3249 est.
1087 3190 1211 3264 (ld.,
1242 3200 1397 3248 tract.
1445 3192 1501 3247 in
1547 3190 1683 3264 psal.
1709 3206 1856 3260 um,
1897 3198 2029 3248 tom.
2077 3188 2171 3258 IV,

566 3294 711 3358 part.
741 3304 786 3354 ι,
817 3286 923 3343 col.
951 3283 1106 3357 802.)

635 3399 938 3459 Secundum
970 3398 1289 3474 gratiam...
1309 3398 1451 3468 quod
1479 3407 1552 3456 est
1571 3396 1813 3455 Christus
1836 3396 2013 3454 Iesus.
2043 3396 2175 3454 Cer-

564 3500 679 3548 tum
704 3491 1093 3565 propriumque
1112 3490 1395 3550 catholica:
1418 3490 1545 3548 ﬁdei
1573 3489 1985 3549 fundamentum
2012 3487 2174 3546 Chri-

561 3593 680 3642 stus
707 3590 812 3652 est,
836 3591 946 3641 etc.
964 3622 984 3650 ,
1031 3598 1195 3653 usque
1225 3581 1295 3661 ad
1334 3582 1748 3641 monstrandum
1770 3589 1873 3638 est.
1921 3579 2047 3653 (ld.,
2075 3579 2166 3636 lib.

558 3675 779 3737 Euchir.
806 3685 936 3733 tom.
974 3674 1065 3746 Vl,
1091 3675 1195 3732 col.
1220 3672 1374 3748 255.)

629 3768 1065 3827 Fundamentum
1104 3768 1321 3839 quando
1363 3766 1586 3840 ponitur
1630 3767 1685 3823 in
1718 3775 1885 3834 terra,
1913 3776 2044 3836 etc.,
2077 3784 2167 3824 us-

551 3878 653 3934 que
679 3862 751 3919 ad
778 3862 871 3919 ubi
896 3860 1252 3931 aadiﬁcemur.
1283 3860 1406 3934 (ld.,
1430 3870 1587 3919 tract.
1616 3861 1671 3916 in
1685 3861 1821 3933 psal.
1845 3878 1995 3931 cxxr,
2022 3854 2160 3918 toni.

549 3952 642 4021 IV,
674 3962 815 4023 part.
845 3968 909 4019 ιι,
948 3952 1052 4009 col.
1083 3951 1266 4026 1621.)

625 4062 782 4120 Sicut
808 4063 1219 4121 fundamenan
1261 4080 1540 4137 corporea:
1564 4066 1807 4135 fabricae,
1857 4076 1965 4127 etc.
1996 4084 2160 4142 usque

549 4154 620 4210 ad
648 4153 849 4210 crescit
898 4154 1142 4229 exordio.
1173 4153 1314 4225 (ld.,
1346 4154 1494 4217 Sent.
1521 4154 1716 4230 Prosp.
1744 4169 1877 4215 tom.
1910 4157 1958 4213 Χ
1983 4199 1999 4227 ,
2048 4159 2156 4215 col.

549 4244 736 4317 1868.)

618 4337 682 4395 Si
713 4338 833 4410 quis
852 4345 1030 4394 autem
1054 4339 1535 4411 superwdt/icat....
1578 4341 1869 4397 mercedem
1907 4342 2148 4415 accipiet.

546 4431 743 4489 Beatus
795 4431 992 4489 Petrus
1045 4433 1354 4504 apostolus,
1415 4435 1596 4494 sciens
1665 4446 1798 4504 etc.,
1864 4454 2028 4511 usque
2078 4437 2150 4493 ad

543 4531 746 4581 aeterno
776 4524 899 4595 igne
922 4525 1286 4597 torquebitur.
1327 4525 1453 4599 (ld.,
1488 4527 1580 4583 lib.
1622 4530 1687 4586 de
1711 4527 1839 4584 Fid.
1872 4538 1922 4585 et
1960 4529 2143 4603 Oper.,

543 4622 674 4671 tom.
705 4614 795 4683 Vl,
821 4615 926 4673 col.
960 4615 1068 4671 212
1085 4625 1140 4673 et
1164 4620 1308 4690 seq.)

611 4728 916 4800 Antequam
946 4722 1133 4787 veniat
1159 4731 1276 4787 dies
1311 4731 1670 4791 dedicationis
1694 4733 1921 4804 domus,
1948 4737 2133 4794 videa-

540 4835 663 4876 mus
702 4821 828 4892 quia
865 4820 982 4893 jam
1016 4825 1324 4881 dedicatum
1369 4835 1455 4884 est
1493 4840 1657 4901 caput
1692 4842 1958 4898 nostrum,
1996 4841 2125 4900 etc.,

540 4927 705 4984 usque
731 4914 801 4969 ad
836 4915 905 4970 ad
934 4916 1182 4973 dextram
1201 4917 1399 4976 Patris.
1436 4919 1518 4992 (S.
1551 4921 1690 4995 Aug.
1721 4924 1777 4980 in
1808 4923 2126 4996 psal.'xxvt,

542 5013 674 5060 tom.
702 5004 794 5074 IV,
827 5005 929 5061 col.
959 5004 1113 5081 201.)

607 5093 777 5168 Ligna
807 5095 1024 5167 quippe,
1055 5105 1113 5153 et
1136 5096 1341 5169 fenum,
1385 5108 1444 5159 et
1488 5103 1686 5176 stipula
1734 5121 1844 5162 non
1890 5108 2127 5165 absurde

537 5188 708 5258 accipi
733 5197 965 5260 possunt
1002 5205 1186 5247 rerum
1214 5195 1555 5253 saecularium
1578 5214 1744 5271 usque
1767 5200 1837 5255 ad
1863 5201 1918 5256 in
1942 5202 2125 5275 ignem

534 5287 818 5336 eternium.
850 5280 1039 5354 (Idem,
1067 5282 1371 5355 Enchirid.,
1399 5296 1534 5346 tom.
1566 5290 1658 5359 VI,
1686 5292 1794 5347 264
1826 5301 1881 5350 et
1903 5295 2050 5367 seq.)

600 5370 721 5427 Non
774 5371 877 5430 sibi
929 5373 1249 5445 polliceatur
1299 5384 1673 5454 unusquisque
1720 5386 1927 5442 habens
1974 5384 2122 5444 facta

528 5463 740 5520 nefaria
783 5481 947 5537 usque
963 5474 1035 5525 ad
1051 5484 1150 5541 per
1179 5471 1432 5529 idoneum
1458 5476 1892 5534 fundamentum.
1920 5478 2117 5551 (Idem,

508 5557 584 5612 in
611 5556 748 5628 psal.
778 5573 945 5628 nan,
975 5570 1107 5619 tom.
1128 5562 1224 5633 PV,
1252 5575 1392 5638 part.
1428 5584 1493 5636 ιι,
1521 5570 1627 5627 col.
1662 5570 1801 5628 1045
1826 5575 2045 5648 etseq.)

598 5649 659 5708 Si
677 5652 831 5724 cujus
863 5671 993 5729 opus
1035 5660 1258 5728 arserit,
1288 5662 1663 5719 detrimentum
1688 5666 1922 5737 patietur
1958 5683 1976 5721 :
2006 5670 2119 5742 ipse

525 5753 702 5803 autem
719 5747 896 5807 salvus
922 5753 1043 5820 erit,
1073 5755 1150 5808 sic
1175 5763 1352 5809 tamen
1373 5756 1527 5826 quasi
1547 5773 1639 5827 per
1660 5758 1849 5829 ignem.
1880 5758 2113 5827 Habent,

525 5837 772 5908 inquiunt
821 5842 1143 5910 Christiani,
1200 5846 1452 5904 catholici
1486 5848 1539 5904 in
1574 5849 1926 5909 fundamento
1954 5854 2113 5912 Chri-

2359 1970 2532 2026 Deum
2577 1983 2698 2026 esse
2729 1967 2994 2040 Spiritum
3028 1974 3301 2037 sanctum,
3350 1967 3615 2039 Scriptura
3647 1965 3778 2022 clamat

2283 2076 2448 2132 usque
2472 2061 2542 2115 ad
2572 2059 2628 2115 in
2669 2073 2899 2131 corpore
2940 2067 3146 2116 vestro.
3187 2058 3382 2132 (Idem,
3409 2059 3471 2114 de
3498 2057 3774 2125 Trinit.,tom.

2294 2146 2423 2221 VIII,
2450 2152 2559 2209 col.
2589 2151 2696 2210 938
2718 2160 2776 2208 et
2794 2152 2937 2224 seq.)

2354 2245 2460 2313 Qui
2510 2244 2912 2319 supplicaturus
2955 2244 3069 2304 Deo
3115 2244 3298 2313 locum
3332 2252 3571 2301 sanctum
3598 2243 3774 2313 usquead

2282 2338 2357 2394 ibi
2385 2338 2618 2394 habitat.
2654 2337 2846 2410 (Idem,
2868 2336 2964 2394 lib.
2993 2335 3141 2395 Sent.
3168 2334 3444 2409 Prosperi,
3469 2345 3587 2399 tom.
3613 2333 3665 2399 Χ,
3683 2340 3772 2404 part.

2280 2424 2344 2495 ἡ,
2372 2427 2480 2485 col.
2506 2427 2695 2498 1889.)

2350 2520 2410 2577 Si
2438 2520 2620 2577 anima
2653 2520 2710 2577 in
2734 2534 2964 2591 corpore
2998 2521 3298 2580 constituta
3338 2535 3447 2581 non
3482 2517 3634 2577 solum
3659 2514 3773 2571 nullas

2280 2612 2561 2685 angustias
2589 2628 2762 2684 usque
2790 2612 2860 2667 ad
2888 2627 2987 2685 per
3013 2613 3141 2670 fidei
3185 2614 3464 2684 pietatem.
3494 2611 3654 2677 (Idem,
3673 2608 3769 2679 epist.

2276 2706 2349 2761 ad
2389 2705 2702 2762 Dardanum
2723 2745 2742 2773 ,
2776 2712 2911 2764 tom.
2939 2704 3005 2774 II,
3034 2706 3146 2765 col.
3175 2705 3282 2765 857
3314 2716 3371 2766 et
3398 2720 3509 2778 seq.
3548 2712 3598 2761 et
3634 2701 3707 2759 811
3738 2706 3770 2753 α

2245 2846 2249 2853 .
2276 2799 2420 2874 seq.)

2349 2889 2409 2947 Si
2439 2908 2556 2964 quis
2596 2901 2772 2947 autem
2815 2896 3067 2963 templum
3114 2891 3209 2948 Dei
3261 2893 3547 2959 uiolauerit,
3587 2885 3767 2959 dispertit!

2244 3028 2252 3034 .
2274 2981 2427 3039 illum
2450 2983 2728 3041 Dentiuus.
2758 2983 3030 3057 Templum
3048 2985 3187 3043 enim
3213 2985 3316 3043 Dei
3341 2994 3564 3043 sanctum
3584 2990 3663 3047 est,
3679 2976 3766 3049 quod

2274 3076 2399 3131 estis
2425 3090 2538 3133 res.
2572 3074 2893 3147 Apostolum
2920 3076 3102 3135 audite
3142 3094 3312 3151 usque
3346 3078 3417 3134 ad
3458 3071 3617 3135 domui
3639 3069 3764 3145 ipsius.

2277 3168 2466 3240 (Idem,
2496 3186 2600 3225 ser.
2644 3170 2709 3226 de
2752 3167 2930 3228 decem
2961 3172 3197 3241 chordis,
3238 3182 3377 3235 tom.
3414 3162 3763 3243 Ῡ,ι)απ1.1,οο¹ι

2198 3244 2246 3309 C
2275 3256 2347 3314 86
2373 3267 2430 3315 et
2452 3258 2597 3332 seq.)

2347 3351 2467 3409 Jam
2510 3352 2656 3411 nosti
2700 3353 2939 3426 pretium
2966 3362 3152 3425 tuum,
3185 3356 3305 3428 jam
3343 3356 3483 3421 nosti
3508 3368 3601 3428 quo
3623 3345 3764 3406 accedis

2274 3460 2438 3516 usque
2458 3445 2531 3501 ad
2557 3446 2878 3517 quod'estis
2904 3462 3022 3509 vos.
3054 3448 3221 3522 (Idem
3238 3491 3254 3517 ,
3285 3467 3441 3507 sem.
3472 3448 3531 3503 de
3552 3443 3680 3502 verbis
3695 3437 3762 3495 llo-

2271 3540 2404 3595 mini
2428 3540 2486 3596 in
2512 3551 2712 3609 statue,
2743 3550 2876 3601 tom.
2898 3543 2990 3613 III,
3018 3554 3159 3616 part,
3198 3563 3239 3615 ι,
3273 3547 3381 3605 col.
3413 3543 3577 3618 1276.)

2341 3632 2636 3705 Apostolus
2665 3635 2838 3691 dicit:
2869 3634 3154 3709 Templum
3185 3639 3335 3696 enim
3357 3639 3450 3695 Dei
3469 3642 3674 3695 sanctum
3694 3632 3758 3686 ὥίν

2267 3726 2412 3797 quod
2439 3727 2573 3785 estis
2598 3743 2696 3786 vos
2715 3745 2879 3800 usque
2902 3731 2974 3786 ad
3003 3731 3265 3789 societate
3294 3730 3611 3805 disjungitur,
3632 3720 3757 3795 (Idem.

2264 3820 2322 3876 in
2347 3819 2487 3892 psal.
2521 3837 2581 3889 χ,
2616 3831 2749 3879 tom.
2782 3822 2875 3889 IV,
2904 3832 3049 3895 part.
3078 3840 3118 3892 ι,
3150 3824 3257 3882 col.
3290 3825 3395 3883 155
3420 3833 3472 3881 et
3495 3816 3617 3893 seq.)

2334 3914 2453 3969 Duo
2497 3923 2626 3970 sunt
2675 3924 2948 3989 praecepta
2999 3925 3055 3973 et
3103 3917 3212 3975 duo
3256 3933 3454 3991 genera
3499 3916 3756 3986 peccatorum

2259 4024 2426 4079 ⁸³4³1⁸
2472 4008 2542 4063 ad
2582 4024 2683 4080 Per
2726 4010 3204 4080 intemperantiam
3260 4004 3590 4069 vulneratur?
3626 3997 3753 4072 (Idem.

2259 4115 2417 4155 serm.
2459 4100 2525 4155 de
2572 4098 2923 4158 Conuersione
2964 4113 3160 4174 apost.,
3210 4111 3346 4161 tom.
3381 4102 3444 4172 γ,
3472 4106 3594 4174 paﬂ-
3628 4109 3663 4160 ³»
3686 4082 3752 4142 (δί’

2259 4196 2392 4251 1271
2420 4204 2475 4253 et
2502 4196 2646 4270 seq.)

2327 4288 2530 4345 Verum
2555 4289 2812 4361 templum
2832 4289 2929 4349 Dei
2944 4292 3301 4364 agnoscimus
3321 4308 3475 4366 usque
3498 4289 3560 4344 ad
3578 4288 3751 4343 mortuus

2250 4387 2338 4435 est
2381 4394 2482 4450 pro
2526 4387 2603 4437 te.
2650 4379 2843 4451 (Idem,
2868 4383 2929 4441 in
2954 4381 3095 4455 psal.
3130 4400 3275 4454 δαν,
3300 4395 3430 4451 mm.
3459 4379 3541 4451 ιγ,
3570 4380 3678 4448 part.
3709 4382 3747 4429 ιιι

2251 4470 2357 4526 col.
2393 4469 2534 4526 1220
2563 4482 2620 4528 et
2650 4474 2798 4545 seq.)

2322 4562 2495 4619 Nemo
2516 4579 2574 4619 se
2602 4565 2817 4629 seducet
2848 4582 3024 4639 usque
3050 4568 3119 4635 ad
3143 4570 3396 4641 quoniam
3414 4580 3549 4635 parte
3564 4566 3676 4617 sunt.
3697 4549 3747 4605 Tu

2167 4628 2225 4690 D
2250 4654 2432 4711 nescis
2480 4628 2971 4727 cogitationesDei
3015 4628 3272 4730 quoniam
3305 4628 3461 4733 justas
3490 4630 3598 4717 sum

2240 4745 2313 4800 ad
2341 4760 2465 4817 quae
2485 4745 2761 4818 sapientes
2784 4759 2929 4804 sunt.
2956 4728 3147 4821 (Idem,
3173 4752 3230 4809 in
3246 4728 3382 4817 psal.
3405 4762 3544 4815 1cm,
3566 4753 3666 4801 ιοω·
3686 4728 3742 4791 Ιῗι

2240 4847 2383 4909 part.
2410 4854 2452 4907 ι,
2482 4838 2590 4899 col.
2619 4838 2804 4913 1202.)

2311 4929 2415 4999 QUI
2453 4931 2541 4987 hic
2584 4933 2731 4988 beati
2779 4947 2924 5000 esse,
2956 4942 3011 4990 et
3050 4950 3081 4991 a
3122 4937 3317 5006 seipsis
3346 4932 3484 4999 beali
3516 4923 3615 4983 ﬁeri
3647 4914 3740 4973 mira

2239 5022 2479 5081 vanitate
2508 5023 2817 5093 voluerunt,
2849 5024 3021 5082 irrisit
3062 5027 3162 5086 hos
3199 5029 3399 5085 veritas
3424 5034 3571 5095 usque
3598 5013 3653 5071 ad
3683 5017 3739 5059 ⁵³·

2234 5115 2499 5185 pientiam
2525 5116 2685 5188 huius
2705 5118 2912 5187 mundi.
2946 5119 3138 5191 (Idem,
3162 5120 3258 5191 tit).
3280 5121 3346 5189 de
3362 5116 3509 5183 sua.
3531 5107 3629 5181 Dei,
3648 5110 3735 5156 ιοιιι.

2232 5206 2347 5277 vn.
2378 5209 2483 5267 col.
2515 5208 2667 5282 618.)

2179 5362 2183 5367 _
2301 5272 2481 5357 Nolite
2524 5272 2769 5373 gloriari,
2804 5311 2866 5363 et
2911 5303 3081 5363 nolite
3124 5304 3277 5381 loqui
3310 5300 3511 5371 etc-ds?
3539 5272 3734 5381 αηυξξβ

2226 5401 2284 5452 et
2312 5394 2383 5451 ab
2410 5394 2504 5452 illo
2528 5366 2640 5452 non
2669 5366 2815 5457 sunt.
2846 5396 3027 5471 (Idem
3046 5440 3068 5473 ρ
3522 5394 3632 5443 tom.
3656 5366 3729 5431 γυ,

2227 5486 2335 5544 col.
2365 5486 2471 5559 528
2501 5495 2557 5544 et
2584 5490 2729 5562 seq.)

2299 5553 2472 5635 Nemo
2510 5553 2688 5654 itaque
2711 5553 2971 5655 glorietur
3004 5586 3061 5642 in
3087 5586 3412 5655 hominibus,
3447 5570 3597 5634 omni“
3631 5553 3728 5655 “f3.

2223 5680 2393 5727 vestra
2409 5682 2552 5749 sunt,
2573 5645 2681 5730 sive
2707 5645 2939 5743 Paulus,
2960 5679 3065 5735 sive
3090 5677 3298 5749 Apollo,
3448 5662 3635 5737 δερηδο
3654 5645 3728 5749 ⁶ί⁶θ

2221 5746 2476 5833 mundus,
2505 5768 2612 5823 sive
2636 5769 2766 5837 vita,
2800 5770 2906 5826 sive
2937 5786 3100 5840 mors,
3132 5771 3237 5827 sive
3261 5761 3546 5843 puemitia,

2220 5865 2364 5913 tura.
2414 5857 2607 5917 Omnia
2662 5864 2802 5919 enim
2853 5873 3027 5920 vestra
3076 5838 3230 5933 sunt,
3261 5838 3350 5920 eos
3382 5865 3534 5913 autem
3564 5838 3719 5896 CW“
