3970 6306
166 347 285 405 325

1031 341 1391 401 EXPOSITIO
1429 342 1496 399 IN
1535 343 1683 401 EPP.
1723 343 1949 404 PAULI.
1989 374 2058 387 —
2095 347 2200 404 ΕΡ.
2255 348 2275 402 I
2315 345 2406 404 AD
2442 346 2599 406 COlI.

3346 353 3454 412 526

168 461 421 518 Christus
463 468 638 515 autent
676 458 794 515 Dei.
842 458 900 516 Si
927 475 957 515 a
984 460 1160 531 capite
1198 467 1576 526 numerentur,
1612 461 1761 518 invc-
1789 470 1839 526 Α
1939 459 2078 542 Quia
2129 463 2482 534 spectaculum
2533 463 2660 534 facti
2700 478 2882 519 sumus
2939 465 3136 520 mundo
3179 479 3352 536 usque
3383 468 3453 522 ad
3525 432 3538 477 ἓ

167 555 405 610 ninntur
432 568 598 607 unum
630 551 758 619 duo,
796 560 905 610 tres
935 561 1166 623 quatuor
1209 568 1371 611 usque
1401 551 1469 612 ad
1495 550 1765 620 mercedis

165 645 416 700 nomine.
454 643 642 716 (Idem,
670 653 801 700 tom.
827 643 919 710 Vl,
955 644 1059 700 col.
1093 644 1210 718 59.)

246 735 385 792 Cum
413 736 618 791 dictum
647 745 752 803 est,
775 736 1042 804 Quoniam
1070 737 1213 794 Deus
1240 735 1462 808 spiritus
1490 743 1575 793 est
1606 751 1766 808 usque

166 828 246 882 ad
277 829 392 899 ipsa
437 829 722 884 connexio.
757 829 947 902 (Idem,
975 846 1133 888 sena.
1173 830 1239 887 de
1267 815 1326 898 Γ
1330 831 1414 888 ide
1443 841 1490 886 et
1518 829 1764 904 symbol.,

167 930 312 977 tom.
345 919 437 989 VI,
467 921 572 978 col.
610 921 757 995 192.)

798 1014 1026 1073 CAPUT
1065 1014 1156 1070 IV.

245 1105 338 1161 Sic
363 1122 458 1161 nos
485 1106 741 1162 existimet
781 1107 936 1162 homo
965 1121 1138 1178 usque
1183 1107 1252 1164 ad
1287 1106 1408 1180 quis
1445 1105 1760 1161 inveniatur.

164 1198 527 1270 Dispensator
545 1198 704 1270 plane
729 1199 918 1256 salutis
939 1207 1154 1255 aeternae
1179 1183 1340 1269 usque
1359 1197 1430 1252 ad
1455 1211 1762 1264 mensuram

165 1290 321 1346 ﬁdei.
371 1290 565 1364 (Idem,
608 1292 759 1363 epist.
805 1290 874 1345 ad
909 1290 1198 1356 Audacem,
1226 1297 1358 1348 tom.
1395 1287 1459 1355 II,
1491 1287 1594 1344 col.
1626 1285 1764 1342 1076

161 1392 226 1439 et
249 1383 396 1454 seq.)

242 1474 381 1530 Mitti
422 1483 598 1542 autem
634 1493 729 1550 pro
768 1475 982 1532 minimo
1027 1485 1102 1531 est
1145 1489 1316 1548 usque
1345 1473 1412 1529 ad
1451 1471 1561 1539 Qui
1589 1482 1765 1527 autem

155 1564 375 1635 iudicat
425 1582 507 1622 me
550 1565 808 1632 Dominus
847 1577 946 1622 est.
987 1565 1370 1638 Unusquisque
1412 1564 1554 1621 enim
1577 1578 1677 1638 pro
1708 1579 1765 1620 se

161 1656 440 1712 rationem
455 1655 644 1713 reddet
658 1657 909 1730 usquead
932 1657 1035 1714 nisi
1057 1657 1282 1730 spiritus
1299 1653 1760 1725 hominis.‘(ldem,

162 1756 304 1804 tom.
332 1747 424 1817 VI,
458 1749 563 1814 col.
597 1749 712 1823 46.)

1867 556 2098 610 omnium
2126 556 2417 626 peripsema
2439 573 2600 628 usque
2621 557 2814 612 adhuc.
2845 556 3228 630 Opprobrium,
3250 558 3450 631 inquit,

1867 646 2138 717 insipienti
2165 648 2356 704 dedisti
2375 663 2461 703 me
2487 665 2648 719 usque
2671 649 2739 703 ad
2765 649 2809 705 si
2840 665 2948 704 non
2973 649 3212 722 frangor.
3246 651 3453 724 (Idem,

1866 738 1920 792 in
1943 738 2079 808 psal.
2109 755 2337 806 xxxvm,
2369 750 2498 796 tom.
2532 739 2624 806 IV,
2647 750 2789 811 part.
2821 756 2859 807 I,
2891 742 2995 797 col.
3027 741 3180 814 426.)

1939 830 2063 887 Νοη
2105 842 2161 886 ut
2202 833 2522 902 confundam
2561 850 2648 889 vos
2681 836 2792 890 hwc
2833 836 3024 902 scribo,
3060 850 3233 907 usque
3264 836 3333 893 ad
3363 837 3455 892 sed

1865 924 1920 979 in
1943 925 2174 980 veritate.
2207 923 2361 992 Quod
2385 924 2669 982 Psalmista
2703 926 2833 983 dicit
2857 942 3023 994 usque
3061 928 3130 984 ad
3169 942 3290 986 esse
3309 928 3456 1000 quod

1865 1015 1960 1071 Dei
1993 1025 2095 1071 est.
2127 1015 2332 1088 (Idem,
2363 1017 2419 1072 in
2451 1017 2586 1089 psal.
2634 1033 2849 1085 Lxxvu,
2899 1028 3031 1077 tom.
3082 1019 3172 1089 IV,
3216 1029 3364 1094 part.
3413 1038 3454 1090 ι,

1866 1108 1972 1163 col.
2003 1107 2156 1179 992.)

1939 1199 2079 1266 Quid
2099 1199 2252 1255 vultis
2274 1200 2300 1254 .’
2323 1200 2390 1255 In
2412 1203 2557 1273 uirga
2584 1203 2785 1258 veniam
2814 1205 2883 1258 ad
2906 1223 3015 1272 vos,
3037 1223 3106 1261 an
3125 1206 3180 1261 in
3203 1206 3458 1262 charitate

1865 1302 1913 1346 et
1936 1293 2126 1363 spiritu
2149 1294 2567 1350 mansuetudinis
2581 1295 2608 1350 .’
2624 1293 2872 1353 Visitabo
2889 1297 2948 1353 in
2968 1297 3120 1370 virga
3144 1298 3459 1370 iniquitates

1865 1401 2055 1442 eorum
2101 1403 2263 1458 usque
2304 1388 2372 1442 ad
2416 1388 2598 1459 perire
2628 1390 2917 1461 praedonis.
2973 1390 3172 1464 (Idem,
3221 1393 3277 1448 in
3321 1389 3456 1463 psal.

1865 1495 2127 1544 Lxxxvtu,
2154 1488 2285 1537 tom.
2313 1479 2405 1549 IV,
2431 1490 2574 1552 part.
2603 1497 2681 1548 tv,
2712 1484 2818 1539 col.
2853 1483 2986 1540 1551
3019 1492 3073 1541 et
3098 1484 3242 1557 seq.)

2499 1633 2726 1694 CAPUT
2763 1635 2829 1695 V.

1941 1747 2165 1804 Omnino
2191 1747 2409 1802 auditur
2437 1764 2608 1820 usque
2641 1751 2709 1806 ad
2739 1750 2950 1807 Domini
2971 1751 3138 1806 nostri
3158 1749 3291 1808 Iesu
3312 1750 3463 1808 Chri-

243 1838 375 1896 Mihi
422 1847 602 1896 autem
647 1840 933 1912 minimum
979 1849 1063 1898 est
1104 1856 1268 1912 usque
1306 1842 1374 1894 ad
1422 1841 1566 1898 Deus
1597 1855 1759 1912 quam
1788 1834 1836 1895 B
1864 1840 1951 1896 sti.
1985 1838 2125 1907 Quid
2172 1838 2394 1896 crudele
2441 1839 2653 1912 Moyses
2701 1850 2794 1897 aut
2844 1842 3155 1909 mandavit,
3193 1851 3287 1899 aut
3332 1843 3463 1900 fecit

159 1946 288 2003 ego.
321 1929 511 2003 (Idem,
544 1931 600 1985 in
629 1932 766 2003 psal.
797 1948 986 1999 χχχιιι,
1013 1941 1154 2004 part.
1189 1948 1230 2000 ι,
1259 1931 1362 1988 col.
1397 1930 1549 2012 594.)

243 2023 430 2082 Sancti
456 2022 842 2094 praedicatores
865 2023 1016 2080 verbi
1037 2024 1132 2079 Dei
1156 2032 1210 2079 et
1232 2022 1336 2096 ipsi
1357 2023 1584 2097 abyssus
1604 2041 1766 2096 usque

160 2119 240 2173 ad
284 2119 401 2189 ipse
451 2117 757 2198 ignorabat.
813 2117 1028 2190 (Idem,
1083 2135 1146 2174 ea:
1203 2128 1436 2184 tractatu
1475 2120 1613 2191 psat.
1653 2135 1762 2186 xu,

161 2220 304 2267 tom.
336 2208 427 2280 IV,
459 2219 604 2281 part.
633 2227 675 2280 ι,
702 2211 786 2268 col
817 2210 971 2284 475.)

242 2299 371 2356 Mihi
403 2302 687 2358 minimum
718 2319 879 2375 usque
919 2303 990 2357 ad
1020 2301 1250 2361 salutem
1281 2311 1542 2360 vestram.
1575 2302 1763 2374 (Idem,

159 2395 223 2448 in
253 2394 389 2464 psal.
418 2409 588 2462 cxut,
618 2406 749 2452 tom.
779 2395 873 2463 IV,
901 2407 1042 2468 part.
1074 2413 1135 2466 ιι,
1162 2397 1266 2453 col.
1301 2396 1472 2464 I851;
1515 2405 1571 2454 et
1604 2413 1761 2452 serm.

161 2484 260 2554 50,
284 2487 349 2541 de
383 2485 533 2542 Verb.
575 2487 806 2562 Evang.,
839 2497 970 2545 tom.
1003 2488 1096 2562 V.)

242 2579 432 2653 Itaque
459 2580 618 2637 nolite
645 2593 766 2638 ante
791 2592 990 2654 tempus
1024 2583 1275 2656 judicare
1319 2599 1488 2656 usque
1523 2586 1593 2641 ad
1628 2599 1764 2640 unus

159 2682 422 2731 adversus
446 2673 671 2729 alterum
699 2675 914 2746 inﬂetur
942 2692 1036 2746 pro
1063 2675 1190 2730 alio.
1223 2674 1552 2746 Plerumque
1587 2676 1642 2731 in
1677 2676 1766 2732 his

159 2779 357 2827 nostra
399 2769 694 2826 credulitas
744 2769 950 2826 fallitur
975 2786 1138 2842 usque
1163 2774 1232 2823 ad
1261 2769 1489 2825 venialis
1535 2777 1621 2825 est
1661 2768 1765 2838 hu-

159 2878 332 2919 mana
365 2861 611 2919 tcntatio.
647 2861 840 2934 (Idem,
884 2863 941 2917 in
975 2860 1166 2932 Joan.,
1201 2870 1332 2917 tom.
1387 2859 1476 2928 111,
1527 2852 1670 2931 part.
1699 2874 1762 2922 ιι,

159 2953 272 3010 col.
310 2952 498 3026 1859.)

247 3043 492 3102 Nondum
522 3044 819 3100 revelatum
844 3052 929 3100 est
950 3043 1236 3115 judicium.
1261 3041 1376 3098 Nox
1399 3051 1482 3098 est
1505 3056 1667 3113 usque
1692 3040 1762 3094 ad

159 3154 264 3194 cor
293 3148 442 3193 tuum
465 3153 574 3194 nox
593 3146 694 3193 cst.
721 3137 913 3209 (Idem,
933 3137 990 3192 in
1011 3136 1146 3208 psai.
1173 3153 1225 3203 c,
1251 3144 1383 3192 tom.
1407 3133 1496 3201 Ν,
1525 3143 1669 3206 part.
1696 3149 1758 3201 ιι,

160 3229 275 3286 col.
308 3228 495 3303 1291.)

241 3322 358 3379 Νοιι
379 3322 526 3380 enim
549 3322 753 3379 scimus
777 3323 1034 3380 mortales
1061 3325 1226 3379 corda
1260 3322 1570 3380 mortalium
1595 3339 1762 3395 usque

161 3416 240 3470 ad
280 3416 348 3471 ab
381 3416 497 3487 ipso
546 3416 940 3472 illuminabitur
967 3416 1099 3473 Deo.
1129 3415 1320 3488 (Idem,
1352 3416 1598 3483 Enr/lin,
1626 3424 1760 3473 tom.

163 3506 265 3574 v1,
292 3508 394 3564 col.
429 3506 582 3580 εδδ.)

246 3599 446 3655 Notitia
478 3598 650 3655 nostri
671 3599 872 3656 certior
893 3599 1040 3660 intus
1061 3607 1166 3666 est,
1193 3599 1282 3654 ubi
1306 3616 1466 3670 usque
1489 3599 1558 3654 ad
1587 3613 1765 3670 neque

163 3702 302 3748 tunc
334 3690 556 3762 poterit.
587 3690 791 3763 (Idem,
821 3690 890 3746 ad
931 3690 1202 3758 Italicam,
1237 3700 1369 3746 tom.
1413 3689 1488 3755 Il,
1521 3690 1625 3746 col.
1658 3691 1762 3747 518

163 3790 225 3839 et
255 3781 394 3852 seq.)

242 3875 320 3930 Ita
353 3875 495 3930 Deus
530 3874 686 3930 nobis
722 3874 828 3928 erit
863 3882 1023 3930 notus
1049 3882 1218 3946 atque
1243 3874 1573 3944 conspicuus
1604 3890 1764 3945 usque

163 3967 240 4023 ad
261 3966 582 4023 saeculorum
605 3965 902 4022 laudabunt
931 3975 1003 4023 te.
1029 3967 1220 4040 (Idem,
1240 3966 1340 4024 lib.
1371 3967 1436 4022 de
1464 3968 1617 4023 (linit.
1643 3968 1761 4035 Dei,

164 4070 306 4117 tom.
342 4058 453 4126 VII,
486 4059 588 4114 col.
615 4058 766 4130 801.)

242 4149 377 4217 Quis
415 4151 553 4204 enim
596 4159 646 4203 te
684 4149 974 4205 discernit?
1001 4165 1175 4221 usque
1207 4150 1279 4206 ad
1315 4159 1568 4222 tauquam
1608 4153 1766 4206 morti

165 4243 482 4298 destinatos.
525 4241 784 4298 Prohibet
833 4242 1110 4312 apostolus
1157 4243 1390 4300 dicens:
1429 4243 1598 4300 Nemo
1641 4245 1761 4318 glo-

167 4335 347 4391 rietur
374 4335 432 4389 in
460 4335 679 4390 homine
723 4351 888 4406 usque
929 4336 1000 4390 ad
1031 4351 1136 4392 non
1165 4337 1220 4392 in
1245 4337 1479 4394 Domino
1521 4338 1765 4410 glorian-

168 4436 288 4482 tur.
337 4425 523 4496 (Idem,
555 4427 704 4497 epist.
737 4428 806 4481 ad
844 4424 1215 4494 Valentinum,
1263 4437 1394 4484 tom.
1425 4428 1492 4496 II,
1515 4429 1627 4484 col.
1659 4428 1766 4485 969

166 4528 229 4574 et
261 4516 409 4588 seq.)

1865 1948 2030 2004 usque
2076 1931 2148 1986 ad
2205 1941 2266 1988 ut
2321 1931 2591 1990 discerent
2647 1948 2752 1989 non
2805 1933 3203 2005 blasphemare.
3245 1934 3428 2006 (Idem

1864 2025 1959 2083 lib.
2005 2034 2188 2080 contra
2217 2023 2502 2092 Faustum,
2531 2034 2662 2082 tom.
2697 2025 2828 2095 VIII,
2858 2027 2962 2083 col.
2986 2027 3140 2099 452.)

1935 2115 2112 2190 Magni
2139 2125 2198 2173 et
2225 2118 2401 2173 sancti
2442 2117 2550 2173 viri
2584 2118 2678 2189 qui
2701 2116 2815 2188 jam
2841 2119 3047 2191 optime
3074 2121 3277 2176 scirent
3300 2135 3463 2191 usque

1777 2225 1782 2258 :
1866 2210 1935 2264 ad
1983 2217 2044 2265 ut
2087 2209 2266 2265 anima
2311 2208 2459 2265 salva
2502 2209 2591 2266 sit.
2649 2209 2854 2281 (Idem,
2885 2211 2949 2265 de
2978 2227 3134 2266 serm.
3163 2209 3375 2266 Domini
3405 2211 3463 2266 in

1865 2312 2058 2369 monte,
2089 2310 2221 2358 tom.
2247 2301 2337 2371 III,
2364 2312 2509 2374 part.
2535 2320 2576 2370 ι,
2605 2303 2710 2360 col.
2739 2303 2881 2360 1262
2903 2312 2960 2362 et
2985 2303 3126 2378 seq.)

1940 2395 2068 2452 Non
2095 2405 2170 2453 est
2201 2395 2338 2452 bona
2363 2396 2607 2468 gloriatio
2635 2406 2826 2452 uestra.
2861 2396 3092 2453 Nescitis
3111 2397 3241 2468 quia
3283 2396 3458 2453 modi-

1859 2504 1985 2546 cum
2013 2488 2326 2558 fermentum
2356 2498 2522 2544 totam
2551 2505 2783 2545 massam
2813 2490 3141 2560 corrumpit?
3168 2489 3310 2557 Quid
3351 2488 3460 2548 sibi

1864 2580 1979 2635 vult
2006 2588 2188 2637 tantus
2231 2580 2384 2636 furor
2423 2581 2782 2652 separationis
2809 2598 2972 2650 usque
2997 2581 3067 2636 ad
3096 2581 3166 2637 ab
3205 2581 3462 2638 Ecclesia

1865 2673 2076 2732 unitate
2127 2671 2432 2730 discedunt.
2479 2671 2690 2744 (Idem,
2738 2673 2834 2729 lib.
2872 2673 2939 2730 de
2978 2674 3136 2730 unica
3160 2672 3458 2744 Baptismo,

1866 2773 1997 2821 tom.
2029 2764 2122 2830 IX,
2149 2764 2255 2822 col.
2281 2763 2388 2822 608
2410 2773 2467 2822 et
2491 2766 2637 2837 seq.)

1935 2855 2242 2928 Expurgate
2291 2866 2434 2913 vetus
2475 2856 2791 2928 fermentum
2841 2870 3013 2928 usque
3051 2857 3123 2913 ad
3157 2855 3460 2914 immolatus

1863 2961 1937 3007 est
1985 2947 2246 3009 Christus.
2296 2949 2508 3008 Pascha
2533 2991 2550 3016 ,
2593 2949 2796 3020 fratres
2821 2989 2838 3016 ,
2892 2965 3000 3007 non
3047 2949 3188 3006 sicin
3241 2947 3463 3019 quidam

1865 3044 2179 3112 existimant
2225 3041 2475 3102 Graecum
2517 3058 2715 3101 nomen
2765 3051 2852 3106 est
2892 3059 3052 3116 usque
3089 3043 3160 3108 ad
3202 3042 3463 3098 transitus

1866 3146 2074 3194 noster.
2100 3135 2303 3208 (Idem,
2334 3137 2390 3200 in
2413 3134 2602 3199 Joan.,
2636 3144 2772 3194 tom.
2799 3134 2890 3203 III,
2928 3143 3070 3202 part.
3099 3151 3161 3204 ιι,
3187 3134 3290 3194 col.
3321 3133 3464 3192 1784

1790 3204 1836 3268 C
1869 3238 1924 3285 et
1957 3228 2100 3300 seq.)

1936 3319 2220 3376 lnnovatio
2240 3327 2324 3376 est
2345 3318 2471 3382 vitae
2500 3326 2720 3376 nostrae.
2751 3319 2821 3376 Et
2846 3327 2930 3376 est
2955 3318 3176 3389 quidam
3201 3317 3462 3374 transitus

1867 3427 2030 3483 usque
2057 3412 2127 3464 ad
2165 3411 2226 3482 in
2273 3411 2587 3472 vicesimam
2614 3411 2869 3484 primam.
2899 3409 3079 3483 (Idem
3143 3409 3216 3466 ad
3253 3408 3463 3468 Janua-

1867 3505 2025 3569 rium,
2052 3513 2184 3560 tom.
2211 3502 2272 3569 11,
2304 3503 2409 3559 col.
2441 3502 2548 3558 206
2573 3512 2627 3559 et
2657 3503 2798 3574 seq.)

1938 3599 2125 3673 Itaque
2164 3597 2434 3672 epulamur
2461 3611 2632 3667 usque
2661 3597 2730 3653 ad
2757 3605 2804 3652 et
2842 3596 3098 3652 ueritatis.
3129 3593 3293 3664 Quid,
3318 3594 3462 3664 quod

1867 3704 1923 3752 et
1952 3693 2154 3766 pascha
2183 3708 2215 3748 a
2248 3691 2412 3762 nobis
2438 3690 2624 3760 objicit
2653 3689 2915 3746 celebrari
2957 3705 3120 3760 usque
3152 3689 3222 3742 ad
3251 3687 3465 3743 venturi

1865 3789 1978 3843 veri
2009 3785 2397 3858 prmliguratio.
2441 3783 2647 3856 (Idem,
2692 3782 2784 3838 lib.
2836 3790 3019 3836 contra
3063 3777 3259 3840 Faust.
3326 3786 3461 3834 tom.

1869 3877 2001 3943 VIII,
2033 3875 2137 3933 col.
2168 3873 2320 3946 505.)

1941 3968 2145 4038 Scripsi
2185 3968 2329 4030 vobis
2368 3968 2424 4028 in
2462 3965 2682 4038 epistola
2709 3979 2880 4037 usque
2906 3964 2974 4020 ad
3012 3980 3129 4019 cum
3159 3961 3467 4033 hujusmodi

1869 4080 1962 4118 nec
1999 4063 2170 4117 cibum
2216 4078 2438 4117 sumere.
2472 4059 2708 4116 Joannes
2755 4059 2918 4126 dicit,
2971 4057 3160 4114 alienae
3208 4056 3466 4114 doctrinae

1865 4155 2178 4216 hominibus
2226 4169 2387 4226 usque
2409 4153 2480 4208 ad
2507 4152 2640 4220 satis
2665 4152 2869 4232 dictum
2900 4159 3006 4208 est.
3039 4148 3228 4215 (Idem,
3255 4148 3349 4204 lib.
3387 4163 3464 4202 vu

1870 4249 1932 4303 de
1956 4247 2237 4315 Baptism,
2268 4255 2394 4302 tom.
2431 4244 2522 4312 IX,
2554 4244 2657 4300 col.
2688 4244 2793 4300 258
2815 4252 2867 4299 ct
2897 4243 3038 4316 seq.)

1942 4338 2094 4395 Multi
2124 4339 2419 4396 Christiani
2449 4338 2704 4394 catholici
2733 4347 3020 4404 vocantur,
3052 4344 3109 4392 et
3153 4343 3281 4392 sunt
3312 4332 3466 4388 adul-

1872 4433 1973 4488 teri
2003 4449 2165 4503 usque
2189 4432 2256 4486 ad
2288 4446 2521 4486 massam
2552 4431 2806 4486 frumenti
2833 4429 2986 4486 facit.
3034 4427 3234 4499 (Idem,
3281 4431 3463 4480 contra

1873 4521 2087 4590 Faust.,
2117 4533 2246 4578 tom.
2279 4521 2413 4588 VIII,
2440 4522 2544 4577 col.
2572 4521 2675 4578 587
2704 4533 2759 4578 et
2788 4521 2930 4596 seq.)

117 4673 128 4678 ε,
243 4610 514 4666 Euntibus
555 4611 811 4666 omnibus
856 4625 925 4666 ex
970 4626 1078 4668 uno
1121 4612 1180 4668 in
1233 4611 1762 4679 condemnationem,
1789 4601 1848 4666 Β
1941 4614 2194 4686 Plerique
2222 4623 2402 4674 autem
2435 4613 2563 4670 boni
2603 4613 2897 4670 Christiani
2948 4618 3237 4684 propterea
3283 4615 3464 4664 tacent

119 4687 122 4692 I
169 4705 558 4760 discernuntur
608 4720 717 4759 non
767 4704 978 4760 meritis
1022 4705 1136 4760 suis
1186 4721 1350 4776 usque
1397 4705 1468 4759 ad
1519 4715 1764 4760 nostrum

167 4796 314 4852 nihil
361 4796 450 4850 sit.
499 4796 688 4868 (Idem,
735 4796 834 4852 Iib.
863 4797 927 4853 de
961 4796 1200 4869 Corrept.
1235 4807 1284 4853 et
1327 4810 1501 4868 grat.,
1534 4807 1663 4854 tom.
1695 4797 1762 4866 Χ,

169 4888 280 4944 col.
309 4888 420 4944 925
449 4898 504 4944 et
528 4888 671 4962 seq.)

247 4981 546 5051 Propterea
595 4982 710 5036 dixi
758 4982 942 5049 vobis,
975 4981 1334 5052 inquit,quia
1381 4997 1542 5037 nemo
1587 4991 1767 5053 potest

172 5076 368 5130 venire
395 5073 465 5130 ad
513 5089 601 5129 me
655 5092 815 5146 usque
850 5075 920 5128 ad
951 5074 1094 5144 quod
1120 5089 1230 5132 non
1261 5074 1537 5144 accepisti.
1565 5075 1764 5146 (Idem,

173 5171 233 5223 in
257 5167 446 5234 Joan.,
481 5177 611 5226 tom.
646 5168 732 5236 III,
765 5179 906 5240 part.
935 5185 994 5234 ιι,
1025 5167 1128 5224 col.
1171 5167 1304 5223 l6-l8
1331 5175 1387 5222 et
1414 5167 1559 5239 seq.)

253 5261 625 5326 Misericordia
669 5259 789 5331 eius
836 5262 1130 5332 praveniet
1179 5277 1284 5316 me.
1330 5260 1578 5332 Cogitate
1621 5261 1770 5331 quod

177 5354 385 5408 dictum
421 5363 523 5420 est,
557 5354 851 5426 praesepia
899 5370 985 5412 me
1012 5370 1174 5425 usque
1210 5353 1278 5407 ad
1319 5353 1460 5409 Deus
1485 5368 1640 5418 meus
1665 5354 1770 5410 mi-

177 5445 478 5500 sericordia
497 5462 641 5502 mea.
671 5445 870 5518 (Idem,
892 5446 945 5499 in
963 5445 1103 5516 psal.
1133 5461 1284 5512 LVIII,
1307 5456 1433 5500 tom.
1453 5445 1539 5514 IV,
1564 5455 1707 5518 part.
1730 5465 1769 5514 ι,

180 5538 286 5594 col.
319 5539 425 5594 712
448 5548 499 5593 et
539 5539 682 5614 seq.)

257 5633 505 5702 Arguens
536 5632 679 5688 enim
718 5633 1025 5706 superbiam
1065 5633 1375 5703 Apostolus,
1411 5649 1516 5689 non
1544 5635 1639 5702 ait,
1664 5650 1773 5690 non

186 5726 393 5791 habes,
445 5727 538 5782 sed
587 5727 663 5783 ait
712 5725 870 5802 usque
913 5731 981 5784 ad
1033 5744 1133 5788 nec
1171 5730 1432 5802 ingratus.
1475 5730 1689 5798 (Idem,
1718 5730 1773 5784 in

185 5818 320 5887 psal.
355 5836 554 5886 Lxxxv,
585 5829 712 5875 tom.
745 5819 832 5886 IV,
864 5833 1003 5892 part.
1041 5838 1108 5889 ιι,
1140 5820 1240 5877 col.
1281 5820 1461 5889 1084.)

1874 4724 2036 4779 usque
2067 4707 2135 4760 ad
2165 4706 2394 4761 crimine
2420 4706 2787 4760 nominantur.
2815 4705 3012 4772 (Idem,
3048 4704 3141 4758 lib.
3175 4703 3240 4756 de
3280 4699 3461 4758 Paeni-
3517 4711 3520 4714 ’

1873 4802 2057 4867 tentia,
2090 4808 2217 4854 tom.
2254 4799 2318 4864 V,
2353 4806 2496 4870 part.
2529 4814 2590 4866 ιι,
2622 4798 2725 4856 col.
2761 4796 2896 4851 1546
2922 4805 2979 4851 ct
3006 4794 3147 4868 seq.)

1947 4894 2086 4962 Quid
2135 4895 2274 4949 enim
2322 4892 2448 4946 mihi
2495 4892 2559 4946 de
2605 4892 2670 4946 iis
2709 4890 2798 4963 qui
2841 4889 2973 4960 foris
3020 4896 3141 4942 sunt
3178 4887 3466 4959 judicare?

1874 5002 2046 5052 usque
2077 4987 2143 5042 ad
2172 4984 2314 5040 Deus
2352 4983 2636 5055 judicabit.
2687 4980 2910 5037 Fratres
2929 5020 2944 5047 ,
2976 4980 3044 5035 ad
3075 4994 3173 5035 nos
3201 4979 3462 5050 pertinet,

1874 5078 2028 5136 vobis
2075 5077 2255 5134 dicere
2293 5093 2305 5130 :
2344 5076 2412 5131 ad
2468 5090 2567 5146 nos
2615 5073 2868 5146 pertinet,
2920 5071 3243 5130 Christianis
3291 5070 3461 5142 loqui.

1877 5172 2016 5238 Quid
2047 5172 2184 5226 enim
2214 5170 2341 5224 mihi
2370 5170 2434 5223 de
2464 5170 2538 5223 eis
2575 5170 2664 5232 qui
2708 5165 2838 5237 foris
2879 5176 3000 5224 sunt
3032 5164 3311 5235 judicare,
3350 5163 3466 5234 ipse

1874 5263 2166 5334 Apostolus
2197 5261 2290 5316 ait.
2326 5259 2448 5315 Illos
2476 5259 2632 5314 aliter
2657 5257 2980 5331 alloquimur
3017 5266 3272 5328 tanquam
3318 5255 3468 5310 inlir—

1878 5371 2016 5412 mos.
2068 5355 2455 5410 Blandiendum
2503 5362 2588 5409 est
2633 5353 2740 5410 illis
2787 5361 2847 5408 ut
2891 5351 3114 5408 audiant
3156 5350 3464 5406 veritatem.

1876 5447 1935 5504 In
1979 5448 2132 5506 vobis
2171 5446 2403 5503 secanda
2433 5445 2661 5519 putredo
2689 5454 2792 5503 est.

1951 5541 2167 5612 Auferte
2192 5538 2390 5593 malum
2413 5555 2476 5593 ea
2497 5537 2789 5610 vobisipsis.
2813 5535 2995 5609 Aliqui
3019 5535 3069 5592 id
3094 5534 3236 5606 quod
3261 5534 3470 5597 dictum

1880 5643 1984 5700 est,
2032 5649 2098 5689 ex
2127 5632 2436 5704 vobisipsis,
2473 5633 2548 5688 ita
2572 5631 2898 5704 intelligtutt,
2921 5640 2977 5686 ut
3009 5646 3075 5688 ex
3100 5630 3285 5699 seipse
3307 5648 3471 5689 unus-

1881 5726 2107 5796 quisque
2137 5741 2298 5795 usque
2329 5724 2398 5778 ad
2425 5723 2681 5794 corripite
2706 5731 2766 5777 ut
2797 5721 3040 5776 fratrem.
3067 5719 3263 5793 (Idem,
3291 5723 3383 5779 lib.
3407 5723 3470 5778 de

1883 5814 2018 5871 Fide
2042 5828 2087 5872 et
2114 5815 2390 5888 Operibus,
2418 5825 2549 5872 tom.
2581 5813 2669 5883 Vl,
2703 5815 2804 5873 col.
2839 5814 2994 5884 199.)
