3970 6306
101 315 225 375 529
938 326 1332 389 ,⁷811³05ιίιο
1366 330 1433 385 ιδ
1473 331 1622 386 LPI’.
1663 334 1669 385 J

1820 336 1886 390 .I.
1923 366 1992 377 -—
2034 338 2137 394 EP.
2176 340 2197 395 I
2230 340 2323 395 AD
2360 340 2517 398 (ΞΟΠ.
3049 396 3066 410 .
3284 351 3388 410 330

97 447 281 502 usque
306 430 379 485 ad
405 438 495 487 est
530 429 729 487 donum
756 431 1077 493 obedientis.
1111 438 1192 510 (S.
1223 438 1475 511 August.,
1511 440 1603 495 lib.
1635 441 1699 496 de
1727 457 1772 508 Α
1804 460 1921 499 rum
1945 444 2059 502 Dei.
2092 448 2172 519 (S.
2200 450 2549 523 Angust.),in
2566 455 2786 525 exposit.
2812 456 2960 526 epist.
2990 459 3059 513 ad
3082 455 3226 527 Gal.,
3256 472 3387 520 tom.

99 525 272 581 Dono
300 542 522 596 peram,
557 535 689 583 tom.
723 525 794 594 X,
823 537 967 600 part.
1000 547 1060 596 11,
1091 532 1198 588 col.
1224 534 1363 591 1015
1388 545 1443 592 et
1470 538 1611 609 seq.)

915 537 967 583 -t.
1000 547 1060 596 11,
1091 532 1198 588 col.
1224 534 1363 591 1015
1388 545 1443 592 et
1470 538 1611 609 seq.)
1803 533 1887 597 III,
1913 545 2053 606 part.
2081 555 2144 607 ιι,
2168 539 2271 595 col.
2299 541 2483 615 2115.)

184 618 356 691 Virgo
377 618 605 687 Christi,
634 636 752 692 qua
782 623 871 694 pie
894 623 1147 698 intelligit,
1175 629 1446 701 propriam
1472 648 1704 705 pauper.
1876 624 1953 681 De
1993 628 2276 701 virginibus
2316 642 2494 688 autem
2533 648 2849 709 pra'ceptum
2891 638 3105 697 Domini
3153 658 3256 699 non
3292 646 3389 700 Ita-

96 716 284 766 utem
325 710 509 766 cordis
528 711 771 780 humani,
800 723 931 783 etc.,
956 732 1118 788 usque
1151 719 1220 772 ad
1250 735 1319 775 ne
1345 730 1564 792 ρυιειυι-
1583 740 1704 782 esse
1804 714 2063 784 beo,e1c.,
2078 735 2249 791 usque
2270 721 2336 777 ad
2355 733 2408 777 ut
2422 724 2522 778 sim
2533 725 2729 795 ﬁdelis.
2749 726 2865 784 Non
2885 738 2942 785 ut
2961 731 3244 789 consilium
3259 734 3389 791 alie-

94 814 178 857 ει
210 801 393 857 nobis.
422 802 633 873 (Id.,ad
651 801 951 872 lulianum,
977 815 1107 861 tom.
1133 806 1195 869 II.
1221 809 1324 865 col.
1355 811 1460 867 850
1483 823 1538 868 et
1559 817 1700 888 seq.)
1804 820 1933 863 num
1952 809 2323 868 existimemus
2340 830 2371 869 a
2386 814 2634 884 Domino,
2649 827 2779 885 etc.,
2805 838 2965 893 usque
2988 822 3057 877 ad
3079 823 3388 882 diﬁicillime

176 893 317 950 Dico
346 906 523 950 autem
553 912 659 952 non
694 900 868 968 nuptis
897 907 946 953 et
970 900 1162 967 viduis,
1194 901 1384 959 bonum
1415 917 1488 962 est
1520 908 1627 965 illis
1656 911 1704 965 si

1816 897 2166 989 resolvuntur.
2191 903 2315 974 (Id.,
2339 904 2429 961 lib.
2454 908 2544 962 ad.
2566 907 2814 978 Pollent.,
2840 920 2971 968 tom.
2998 913 3084 981 VI,
3108 914 3210 971 col.
3232 914 3384 989 463.)

93 985 186 1037 sic
210 987 623 1055 permanserint,
655 987 789 1041 sicut
811 998 861 1043 et
889 1006 1005 1060 ego.
1036 989 1237 1049 Sancta
1280 993 1562 1068 Scriptura
1607 1015 1661 1056 nt

1875 988 2049 1063 Major
2078 1008 2233 1050 amor
2252 996 2507 1067 imposuit
2527 1001 2702 1073 majus
2732 1018 2869 1059 onus
2892 1004 3213 1076 virginibus,
3249 985 3382 1074 etc.,

93 1085 238 1133 stne
251 1078 518 1134 doctrinm
531 1080 775 1152 regulam
798 1081 933 1153 ﬁgit,
950 1098 1019 1138 ne
1031 1085 1327 1143 audeamus
1342 1104 1553 1160 sapere,
1568 1100 1661 1148 etc

1812 1095 1965 1150 usque
1991 1083 2061 1136 ad
2088 1085 2229 1154 quod
2260 1102 2367 1143 non
2396 1089 2542 1145 licet.
2570 1090 2660 1162 (S.
2689 1093 2940 1167 August.,
2969 1113 3126 1152 serm.
3156 1098 3220 1153 de
3242 1099 3380 1155 verb.

94 1184 274 1240 usque
303 1172 375 1223 ad
404 1185 512 1227 non
554 1173 848 1228 secundum
892 1174 1197 1245 imperium.
1228 1177 1353 1247 (Id.,
1382 1180 1477 1237 lib.
1509 1183 1574 1237 de
1611 1181 1662 1237 γι

1237 1177 1353 1247 qd”
1382 1180 1477 1237 ιίθ,
1509 1183 1574 1237 αθ
1611 1181 1703 1238 γέ..
1802 1169 2005 1243 Apost.,
2041 1183 2170 1231 tom.
2204 1176 2266 1245 V,
2299 1189 2437 1251 part.
2469 1198 2509 1249 1,
2526 1183 2628 1240 col.
2655 1185 2805 1258 884.)

93 1260 242 1316 duit.
273 1261 431 1328 bona,
466 1272 598 1318 (om,
629 1262 719 1329 Vl,
749 1264 855 1321 col,
878 1264 979 1322 451
1008 1275 1064 1322 ει
1091 1270 1233 1340 seq.)
1841 1261 2119 1352 Quatuor
2154 1268 2298 1324 enim
2338 1272 2724 1331 retributiones
2760 1286 2906 1343 sunt,
2954 1287 3082 1343 etc.,
3114 1297 3275 1352 usque
3313 1282 3384 1336 ad

174 1350 338 1418 Quod
361 1354 408 1407 si
432 1369 490 1407 se
516 1370 623 1409 non
658 1357 924 1411 continent
942 1397 958 1422 ,
988 1358 1208 1413 nubant.
1239 1359 1432 1419 Melius
1460 1376 1535 1420 est
1560 1368 1697 1422 enim

1815 1351 1967 1408 vitam
2001 1369 2100 1425 pro
2148 1369 2342 1414 morte.
2395 1362 2518 1434 (Id.,
2555 1364 2610 1420 in
2651 1366 2841 1437 psalm.
2890 1383 3079 1437 cxvm,
3124 1350 3257 1427 tom.
3290 1371 3383 1441 IV,

96 1440 305 1496 nubere
348 1458 510 1514 quam
552 1444 659 1498 uri.
713 1444 1002 1518 Utriusque
1033 1463 1196 1506 sexus
1240 1451 1527 1509 inﬁrmitas
1575 1471 1698 1527 pro-
1801 1449 2333 1528 innantem-1516
2359 1462 2413 1509 ει
2439 1456 2582 1529 εει)

93 1534 351 1623 pendens
372 1535 426 1591 in
448 1535 663 1592 ruinam
684 1538 1054 1610 turpitudinis,
1071 1550 1203 1610 etc.,
1219 1560 1383 1616 usque
1403 1547 1473 1600 ad
1497 1548 1661 1620 regitu

1870 1534 2132 1593 Existimo
2164 1556 2285 1613 ergo
2323 1544 2420 1599 hoc
2467 1545 2658 1603 bonum
2703 1567 2815 1607 esse
2849 1561 3062 1623 propter
3107 1554 3385 1610 instantem

92 1611 365 1694 pravitas.
413 1627 539 1698 (Id.,
571 1626 661 1683 lib.
702 1629 768 1684 de
812 1625 999 1686 Genesi
1039 1631 1109 1687 ad
1133 1611 1395 1703 litteram,
1436 1611 1588 1693 ιοωῖ
1607 1637 1660 1695 111

1816 1629 2173 1699 secessitatem,
2203 1637 2449 1703 quoniam
2472 1638 2663 1694 bonum
2683 1653 2757 1697 est
2776 1643 2976 1701 homini
3001 1646 3079 1701 sic
3125 1663 3254 1705 esse.
3294 1647 3384 1704 Di-

94 1729 252 1791 ραι-ι,
287 1738 328 1786 ι,
359 1721 463 1778 co],
493 1721 646 1795 397,)
1800 1716 1877 1772 cit
1904 1719 2060 1776 nobis
2088 1722 2437 1795 Evangelium
2468 1746 2482 1783 :
2511 1729 2807 1790 Observato
2854 1735 3204 1792 novissimum
3240 1738 3385 1793 diem

170 1810 280 1879 Qui
311 1821 488 1883 ροιεει
532 1828 727 1885 capere
773 1816 972 1887 capiat.
1012 1815 1119 1873 sed
1147 1834 1253 1875 ηοη
1290 1836 1530 1891 possum,
1560 1832 1692 1892 ac"
1727 1841 1773 1902 Β
1799 1816 2121 1902 venturum,
2166 1823 2271 1870 etc.
2296 1857 2313 1883 ,
2362 1833 2526 1889 usque
2571 1821 2641 1876 ad
2686 1823 2740 1878 in
2788 1823 2873 1881 his
2914 1826 3113 1883 verbis.
3165 1826 3291 1899 (Id.,
3329 1828 3386 1884 in

92 1923 266 1977 usque
311 1907 381 1961 ad
422 1909 757 1968 debitoribus
811 1912 1032 1969 nostris.
1069 1913 1205 1985 (Id.,
1251 1933 1406 1974 serm.
1451 1920 1518 1976 de
1548 1918 1660 1977 Bon

1548 1918 1697 1978 Βοηο
1730 1900 1757 1902 ί
1799 1900 1989 1969 psalm.
2015 1920 2215 1974 chvn,
2245 1916 2377 1965 tom.
2408 1910 2499 1979 IV,
2526 1922 2669 1984 part.
2694 1932 2755 1982 ιι,
2784 1917 2888 1972 col.
2922 1919 3102 1992 I9I3.)

90 2008 277 2067 nupt.,
310 2007 440 2055 tom.
478 2000 567 2066 VI,
595 2001 701 2059 col.
734 2002 885 2076 390.)

1869 1993 2022 2052 Unde
2047 1998 2193 2053 enim
2224 2017 2500 2074 magnum,
2525 2008 2815 2078 magnique
2839 2011 3085 2087 honoris,
3138 2022 3267 2082 etc.,
3299 2033 3387 2071 us-

169 2090 277 2145 ιιε,
309 2101 482 2147 autem
509 2094 600 2164 qui
628 2095 962 2151 ηιαινίηιοηίο
995 2097 1171 2167 juncu-
1193 2110 1334 2167 ,ωιτν
1364 2111 1500 2170 etc.,
1526 2119 1697 2176 usque
1796 2104 1896 2160 que
1948 2089 2019 2144 ad
2048 2105 2154 2146 non
2191 2094 2447 2162 postulat.
2483 2097 2605 2168 (Id.,
2654 2098 2744 2154 lib.
2768 2100 2837 2157 de
2866 2098 2996 2157 Gen.
3026 2104 3097 2159 ad
3135 2105 3384 2173 litteram,

88 2183 160 2237 ad
180 2193 237 2236 et
259 2184 336 2237 vir
357 2198 574 2240 uxorem
603 2202 667 2240 ne
688 2185 941 2243 dimittat.
976 2187 1072 2244 llis
1098 2189 1190 2260 qui
1213 2200 1339 2246 sunt
1365 2193 1419 2248 in
1444 2196 1656 2267 conjugi

1098 2189 1190 2260 qui
1213 2200 1339 2246 ευηι
1365 2193 1419 2248 in
1444 2196 1696 2267 coniugio
1798 2187 1929 2235 tom.
1980 2180 2068 2250 III,
2097 2192 2238 2254 part.
2287 2201 2328 2253 1,
2365 2187 2467 2244 col.
2503 2188 2651 2263 597.)

88 2274 348 2345 praecipit
367 2290 465 2346 per
484 2276 799 2347 Apostolum
835 2278 1110 2345 Dominus,
1135 2289 1266 2347 etc.,
1292 2299 1454 2353 usque
1483 2285 1553 2339 ad
1587 2295 1656 2342 Sll

1863 2273 2125 2346 Alligatus
2149 2294 2204 2333 es
2228 2281 2406 2348 uxori,
2427 2290 2562 2349 etc.,
2604 2299 2777 2356 usque
2796 2286 2867 2341 ad
2900 2287 3013 2360 Ego
3039 2299 3210 2345 autem
3243 2291 3385 2348 vobis

89 2381 191 2433 pra
229 2366 587 2420 οοωωῑιιει-ε,
619 2366 743 2438 (1d,,
772 2367 837 2422 άε
865 2385 1026 2441 sum,
1073 2368 1224 2424 nam,
1253 2373 1309 2427 in
1335 2385 1526 2440 ηιοηιε,
1559 2385 1691 2432 tom,
1792 2378 1974 2433 parco.
1992 2364 2138 2422 Nihil
2173 2382 2304 2438 ergo
2332 2372 2551 2442 expedit
2583 2375 2728 2443 quod
2749 2374 2997 2431 illicitum
3037 2386 3139 2445 est,
3163 2387 3223 2435 et
3251 2380 3387 2436 nihil

88 2457 178 2522 III,
218 2465 363 2527 part.
394 2473 435 2524 1,
466 2458 570 2514 col.
601 2459 735 2515 1251
769 2468 825 2516 et
851 2460 992 2533 seq.)
1794 2454 1939 2524 quod
1987 2456 2240 2527 prohibet
2283 2459 2542 2519 Dominus
2573 2461 2780 2519 licitum
2809 2473 2915 2533 est,
2947 2475 3076 2534 etc.,
3107 2485 3269 2540 mue
3312 2471 3384 2526 ad

162 2550 230 2605 Si
282 2550 548 2607 Dominus
593 2552 925 2609 dimittendae
969 2555 1218 2627 conjugis
1250 2556 1422 2613 solam
1469 2572 1695 2614 causam

1813 2544 1999 2602 tubere
2024 2547 2079 2602 in
2109 2547 2356 2607 Domino.
2389 2550 2515 2625 (Id.,
2538 2551 2629 2607 lib.
2653 2554 2724 2608 ad
2752 2552 3095 2625 Pallantium,
3131 2570 3263 2615 tom.
3288 2558 3381 2626 VI,

86 2641 471 2697 fornicationis
492 2642 745 2706 admittit,
776 2654 909 2710 etc.,
932 2661 1094 2717 usque
1135 2646 1205 2701 ad
1233 2648 1280 2703 si
1321 2646 1509 2705 ﬁdeles
1533 2651 1654 2706 amb

1204 2648 1280 2703 si
1321 2646 1509 2705 ﬁdeles
1533 2651 1695 2707 ambo
1791 2633 1893 2689 601-
1931 2635 2039 2692 465
2068 2647 2124 2693 ει
2148 2640 2290 2711 εει)
2360 2706 2365 2715 .
2764 2703 2772 2707 .

88 2741 302 2788 essent.
342 2731 464 2803 (Id.,
498 2740 628 2788 tom.
664 2733 769 2798 VII,
804 2734 909 2789 col.
941 2734 1089 2808 100.)

1865 2725 1983 2782 Hoc
2005 2729 2181 2801 itaque
2194 2731 2334 2798 dico,
2355 2733 2567 2804 fratres,
2584 2744 2715 2803 etc.,
2735 2750 2907 2809 usque
2918 2740 2987 2795 ad
3003 2748 3252 2812 tanquam
3274 2758 3380 2798 non

159 2822 326 2891 Quod
359 2841 389 2877 a
416 2822 645 2879 Domino
676 2824 729 2881 in
756 2824 1049 2897 Evangelio
1075 2827 1278 2883 dictum
1309 2837 1414 2895 est,
1441 2836 1572 2899 etc.,
1609 2848 1694 2887 us-

1810 2826 2029 2875 ttantur.
2054 2821 2156 2891 Qui
2179 2826 2433 2895 gaudium
2455 2836 2627 2885 totum
2648 2846 2827 2899 suum,
2850 2840 2982 2899 etc.,
3006 2850 3167 2905 usque
3191 2836 3261 2890 ad
3281 2837 3378 2893 sed

86 2933 189 2986 qua
237 2914 308 2968 αα
339 2916 451 2971 sive
494 2917 800 2987 improbem
843 2919 1111 2975 homines,
1143 2921 1267 2992 (ιφ,
1302 2920 1396 2977 ab,
1448 2923 1518 2978 ad
1560 2922 1692 2980 Ροι-
1793 2910 1859 2964 ad
1881 2909 2148 2969 ﬁniendas
2165 2916 2458 2974 molestias.
2487 2918 2610 2992 (Id.,
2633 2922 3108 2994 iupsalm.cx1.v11.
3129 2934 3260 2981 tom.
3283 2925 3374 2994 ιν,

84 3006 340 3070 tentiam,
377 3016 509 3062 tom.
545 3006 633 3074 Vl,
656 3009 759 3064 col.
791 3009 897 3065 455
921 3018 975 3066 et
1004 3012 1144 3083 seq.)

1004 3012 1144 3083 seq.)
1790 3010 1933 3073 part.
1961 3020 2021 3071 11,
2046 3005 2151 3062 col.
2182 3008 2318 3064 1916
2340 3022 2397 3067 et
2423 3011 2563 3083 seq.)

160 3097 311 3153 Nam
339 3103 541 3156 cwteris
565 3118 659 3174 ego
699 3102 836 3167 dico,
866 3113 999 3170 etc.,
1033 3120 1203 3176 usque
1231 3106 1297 3162 ad
1331 3124 1433 3163 non
1460 3108 1690 3164 dimittat

1860 3095 2111 3154 Beatiora
2140 3114 2273 3156 sane
2297 3102 2544 3174 conjugia
2563 3103 2853 3174 judicanda
2881 3115 3026 3174 sunt,
3053 3115 3183 3175 etc.,
3214 3125 3375 3180 usque

86 3192 279 3245 τεηηπ,
325 3190 550 3249 caneris
581 3202 761 3248 amem
785 3209 888 3267 ego
932 3196 1074 3262 dico,
1106 3211 1211 3253 ηοη
1239 3196 1521 3267 Dominus,
1550 3210 1680 3267 etc.,
1711 3196 1755 3256 (ζ
1786 3188 1856 3242 ad
1889 3197 2143 3260 tanquam
2176 3209 2281 3249 non
2309 3194 2571 3253 habentes
2598 3198 2725 3253 sint.
2757 3197 2884 3269 (Id.,
2922 3199 2987 3255 tle
3022 3216 3181 3256 serm.
3211 3199 3370 3256 Dom.

88 3299 257 3354 usque
297 3281 368 3336 ad
396 3285 565 3355 possit
594 3285 711 3341 ﬁeri
759 3286 1120 3360 ﬁdelis.‘(ld.,
1148 3288 1238 3345 lib.
1275 3291 1340 3345 de
1363 3290 1533 3347 Serm.
1574 3293 1683 3347 Do-
1784 3278 1842 3333 in
1862 3290 2053 3347 monte.
2087 3291 2196 3337 tom
2224 3282 2312 3348 ιιι,
2337 3294 2477 3356 ρεπι-
2507 3302 2547 3351 i.
2571 3286 2673 3342 col-
2711 3287 2895 3359 1249-)

88 3373 221 3426 nam
267 3373 324 3426 in‘
369 3384 562 3439 monte,
611 3382 741 3431 tom.
790 3376 876 3442 111,
921 3386 1063 3447 part.
1094 3395 1133 3445 ι,
1163 3378 1269 3434 col.
1298 3380 1428 3436 test
1460 3390 1514 3437 et
1541 3382 1681 3456 seq.)
1856 3370 1917 3427 Si
1950 3374 2033 3429 vir
2068 3372 2227 3433 fortis
2251 3391 2330 3443 εδ.
2363 3378 2520 3437 vince
2552 3380 2898 3451 cupiditates.
2929 3382 3253 3452 quibusisie
3290 3382 3372 3439 di-

154 3464 299 3532 Qnia
327 3464 471 3519 enim
494 3465 689 3536 conjux
713 3467 886 3524 ﬁdelis
908 3471 1211 3541 relinquere
1231 3471 1512 3550 conjugem
1535 3475 1685 3533 licite

1798 3460 1968 3529 igitur
1992 3466 2243 3532 mundus,
2297 3475 2428 3533 etc.,
2484 3486 2647 3542 usque
2699 3471 2769 3527 ad
2813 3474 3164 3543 pereuntibus
3211 3474 3366 3531 ﬁunt.

87 3554 269 3623 potuit
283 3553 552 3611 inﬁdelem
561 3567 687 3622 ,etc.
698 3574 881 3630 ,usque
892 3559 962 3613 ad
984 3561 1437 3631 propterliberam
1452 3564 1655 3621 bcnevo

1796 3552 1908 3624 (Id.,
1949 3556 2099 3625 epist.
2145 3559 2214 3613 ad
2277 3558 2457 3630 Bonif.
2501 3564 2776 3631 comitem,
2822 3572 2951 3621 tom.
3002 3565 3071 3631 Χ,
3114 3574 3257 3637 part.
3301 3583 3364 3633 ιι,

87 3642 668 3717 leutiam.(ld.,lib.ad
683 3644 1023 3715 Pollentium,
1044 3660 1083 3705 t.
1109 3650 1197 3717 VI,
1214 3651 1441 3708 col.462
1464 3663 1521 3709 et
1540 3657 1680 3725 seq.)
1781 3643 1886 3699 001-
1913 3642 2036 3708 356.
2065 3657 2120 3702 ei
2140 3648 2281 3721 seq.)

160 3734 542 3806 Sanctiﬁcatus
572 3749 646 3793 est
677 3740 813 3794 enim
844 3743 922 3795 vir
964 3742 1213 3811 inﬁdelis,
1240 3753 1371 3812 etc.,
1402 3760 1572 3816 usque
1610 3747 1682 3803 ad
1852 3750 2097 3808 Prteterit
2133 3757 2272 3810 enim
2293 3756 2466 3828 ﬁgura
2487 3760 2646 3831 hujus
2676 3762 2883 3827 mundi,
2919 3769 3049 3828 etc.,
3083 3776 3256 3832 usque
3294 3761 3365 3817 ad

88 3843 232 3882 nunc
252 3837 424 3882 autem
446 3830 619 3883 sancti
636 3839 779 3886 sunt.
803 3830 1183 3891 Sanctiﬁcatus
1197 3845 1279 3891 est
1293 3836 1461 3904 enim,
1485 3837 1678 3908 inquit,
1779 3845 2037 3913 quomodo
2063 3845 2267 3917 placeat
2287 3852 2465 3916 uxori,
2495 3830 2769 3908 etdivisus
2791 3863 2887 3908 est.
2912 3852 3141 3911 Peracto
3165 3830 3365 3926 quippe

90 3924 172 3977 vir
192 3921 432 3979 inﬁdelis
454 3924 507 3978 in
537 3941 727 3992 uxore,
750 3937 882 3995 etc.,
903 3945 1063 4001 usque
1081 3931 1150 3985 ad
1176 3932 1397 3988 reddam
1420 3933 1533 3989 tibi.
1556 3935 1679 4005 (Id.,
1772 3931 2001 4003 judicio,
2030 3943 2157 3993 tunc
2194 3953 2314 4009 esse
2360 3940 2570 3997 desinet
2618 3943 2722 4000 hoc
2759 3943 2953 4000 caelum
2977 3952 3034 4000 et
3054 3921 3359 4012 haec'terr—a,

86 4015 151 4069 de
174 4014 575 4073 Serm.Domini
596 4019 654 4073 in
676 4031 868 4088 monte,
897 4030 1028 4078 tom.
1051 4022 1137 4090 lu,
1155 4033 1297 4096 part.
1314 4041 1353 4092 ι,
1368 4026 1473 4083 col.
1492 4028 1679 4100 1252.)
1779 4031 1913 4091 etc.,
1950 4042 2111 4097 usque
2152 4028 2221 4082 ad
2257 4044 2423 4087 carne
2471 4032 2760 4089 innovatis.
2795 4034 2923 4106 (Id.,
2953 4034 3046 4091 lib.
3085 4034 3153 4091 de
3200 4034 3358 4092 Ciuit.

155 4112 317 4179 Quod
341 4112 421 4167 ait
455 4114 769 4185 Apostolus.
794 4125 929 4184 etc.,
959 4135 1119 4192 usque
1139 4106 1210 4174 ad
1234 4121 1412 4176 minus
1430 4134 1676 4193 possunt.

1139 4106 1210 4174 αα
1234 4121 1412 4176 minus
1430 4134 1676 4193 possunt,
1780 4112 1900 4182 Dei,
1929 4124 2060 4172 tom.
2086 4118 2194 4185 VII,
2216 4120 2320 4178 col.
2351 4122 2455 4178 697
2480 4132 2536 4180 et
2564 4124 2704 4198 seq.)

84 4204 210 4273 (Id.,
234 4205 388 4275 epist.
416 4207 486 4259 ad
510 4205 774 4272 Marcett.,
804 4216 933 4263 tom.
963 4207 1035 4276 Χ,
1065 4220 1208 4280 pan.
1237 4228 1279 4278 ι,
1310 4212 1418 4270 col,
1448 4213 1597 4288 198,)
1850 4208 1919 4264 Et
1950 4209 2138 4266 mulier
2160 4213 2404 4286 innupta,
2433 4225 2567 4284 etc.,
2589 4233 2762 4290 usque
2781 4218 2846 4275 ad
2874 4222 3137 4289 quomodo
3160 4221 3364 4293 placeat

154 4293 410 4364 Alioquin
426 4294 519 4350 ﬁlii
550 4298 718 4352 vestri
757 4299 1019 4354 immundi
1067 4311 1268 4368 essent,
1322 4320 1466 4360 nunc
1496 4316 1677 4364 autem

1797 4301 1908 4357 tiro.
1936 4302 2090 4371 Quod
2112 4303 2179 4361 de
2208 4305 2446 4379 innuptis
2470 4309 2627 4378 dixit,
2654 4320 2714 4366 ut
2733 4311 2805 4368 sit
2825 4322 3012 4370 sancta
3047 4330 3275 4386 corpore
3308 4325 3365 4372 et

83 4383 262 4439 sancti
285 4393 431 4439 sunt.
482 4383 600 4440 Non
634 4387 941 4445 uniusmodi
981 4400 1066 4445 est
1109 4393 1487 4463 sanctiﬁcatio,
1543 4406 1677 4465 etc.,
1778 4393 1992 4463 spiritu,
2015 4402 2323 4467 etc.,usque
2339 4398 2408 4453 ad
2423 4399 3022 4459 discernatinscienter.
3044 4383 3169 4476 (Id...
3193 4404 3365 4461 lib.de

83 4488 255 4543 usque
304 4473 376 4526 ad
422 4473 597 4529 dictus
625 4485 711 4531 est
753 4477 809 4532 in
852 4494 1048 4559 uxore.
1101 4480 1224 4553 (Id.,
1278 4482 1367 4539 lib.
1420 4485 1487 4542 de
1535 4485 1651 4559 Bap

85 4580 211 4597 που..
283 4573 390 4597 Inm
456 4564 493 4597 γ
555 4576 671 4597 πη...
722 4584 739 4597 .
796 4569 875 4597 .ml
929 4570 1029 4597 n-m
1063 4582 1110 4597 Α.
1142 4573 1281 4597 ---ι

1808 4481 1937 4550 ἵίᾱη
1962 4493 2093 4540 tom.
2123 4484 2206 4554 Vl,
2232 4488 2336 4543 col.
2360 4488 2467 4544 454
2488 4499 2542 4547 et
2563 4492 2704 4565 seq.)
2836 4506 2841 4511 ‘
3055 4473 3064 4476 ν
3361 4558 3376 4582 ,

81 4580 259 4631 parm,
283 4573 413 4620 tom.
452 4564 523 4631 X,
553 4576 695 4638 part.
721 4584 763 4634 1,
794 4569 900 4625 col.
928 4570 1030 4627 176
1060 4582 1114 4628 et
1141 4573 1283 4646 seq.)
1701 4564 1755 4597 ν
1855 4575 1986 4644 Quae
2011 4578 2236 4651 innupta
2271 4590 2379 4649 est,
2405 4583 2599 4654 inquit,
2634 4564 2866 4641 sollicita
2890 4595 2993 4652 est,
3025 4594 3155 4652 etc.,
3200 4603 3362 4660 usque

154 4653 317 4720 Quod
346 4656 421 4709 'si
474 4656 700 4726 inﬁdelis
748 4659 989 4726 discedit,
1017 4670 1147 4731 etc.,
1174 4681 1344 4736 usque
1366 4668 1435 4723 ad
1478 4671 1674 4727 vocavit
1782 4670 1852 4733 ad
1878 4670 1973 4726 tali
1999 4681 2179 4729 amate
2210 4676 2399 4730 amari.
2428 4676 2553 4749 (Id.,
2583 4676 2735 4744 ibid.,
2767 4677 2872 4734 col.
2901 4677 3008 4733 445
3034 4687 3092 4734 et
3113 4680 3258 4750 seq.)

80 4760 168 4798 eos
204 4743 372 4800 Deus.
404 4744 459 4802 ld
487 4756 572 4802 est
600 4757 657 4803 ut
683 4762 903 4822 propter
933 4751 1095 4809 ﬁdem
1132 4753 1334 4812 Christi
1358 4759 1525 4813 etiam
1556 4759 1673 4831 ipsa
1854 4758 2025 4816 Porro
2062 4763 2160 4818 hoc
2185 4765 2254 4819 ad
2286 4743 2583 4832 utilitatem,
2606 4743 2734 4834 etc.,
2773 4783 2945 4838 usque
2979 4769 3047 4824 ad
3080 4743 3364 4826 Dominum

81 4852 240 4905 uxor,
272 4844 402 4904 etc.,
427 4856 590 4911 usque
630 4843 699 4897 ad
742 4843 961 4901 fortiter
1000 4857 1263 4918 amputat.
1306 4850 1434 4923 (Id.,
1465 4852 1557 4908 lib.
1607 4854 1674 4909 de
1780 4852 2106 4909 ebsecrandi.
2148 4853 2264 4910 Non
2291 4856 2418 4926 quia
2449 4857 2796 4926 innuptarum
2835 4857 3033 4913 bonum
3076 4859 3363 4918 honestum

81 4924 220 4982 Fide
239 4937 290 4982 et
310 4930 569 5000 operibus.
592 4940 750 5001 tom.,
767 4933 855 5002 VI,
885 4935 992 4992 col.
1020 4936 1171 5011 216.)
1195 4944 1204 4949 ’
1781 4944 1941 5011 dixit,
1966 4952 2276 5018 etc.,usque
2309 4924 2378 5001 ad
2406 4962 2511 5002 non
2545 4924 2796 5005 timentes
2816 4948 2979 5005 ullam
3003 4952 3365 5021 pertdrbatio-

148 5018 307 5086 Quod
337 5020 384 5108 si
411 5020 645 5079 inﬁdelis
680 5025 925 5092 discedit,
951 5026 1214 5094 discedat,
1247 5037 1375 5093 etc.,
1404 5047 1566 5101 usque
1596 5033 1666 5087 ad
1770 5048 1916 5090 nem.
1941 5034 2066 5105 (Id.,
2094 5035 2248 5105 ibid.,
2274 5047 2404 5092 tom.
2424 5037 2631 5103 Vl,col.
2651 5037 2802 5109 434.)
3005 5018 3023 5021 _

78 5110 300 5171 amittat
344 5096 637 5172 inﬁdelem.
699 5116 838 5189 (Id.,
876 5117 967 5174 lib.
1019 5118 1090 5173 ad
1140 5118 1379 5176 Consult.
1429 5096 1662 5203 Hilarii,
1790 5180 1793 5183 η
1841 5096 2435 5199 Siquisautemturpem
2462 5129 2696 5185 sevideri
2718 5096 3002 5200 existimat,
3036 5118 3167 5199 etc.,
3193 5150 3365 5206 usque
3408 5141 3423 5154 ‘

81 5208 215 5255 tom.
258 5200 326 5268 Il,
356 5204 463 5260 col.
502 5205 653 5279 689.)
1598 5200 1627 5234 λ’
1768 5218 1837 5272 ad
1855 5235 1961 5273 nou
1974 5228 2150 5289 peccat
2171 5218 2218 5272 si
2239 5219 2417 5272 nubat.
2445 5218 2503 5274 Si
2533 5235 2592 5275 se
2618 5235 2725 5276 non
2750 5223 3008 5286 continet,
3036 5223 3223 5278 nubat.
3250 5200 3363 5279 Ilac

150 5290 353 5350 Reddit
364 5295 509 5351 enim
529 5299 792 5373 rationem
807 5317 908 5359 cur
923 5301 1039 5359 ﬁeri
1065 5320 1171 5361 non
1195 5307 1466 5379 expediat,
1482 5324 1671 5380 quam-
1772 5307 1953 5377 itaque
1976 5307 2297 5363 conditione
2318 5324 2422 5364 non
2448 5309 2727 5366 continere
2749 5313 3103 5383 permittitur,
3125 5323 3256 5380 etc.,
3280 5331 3364 5369 us-

79 5381 163 5437 vis
196 5382 384 5452 liceat,
434 5396 564 5455 etc.,
607 5407 772 5463 usque
819 5394 890 5449 ad
939 5402 998 5451 ut
1041 5395 1226 5467 plures
1268 5397 1663 5457 lucrifacerem.
1772 5414 1873 5470 que
1923 5398 1993 5453 ad
2039 5414 2147 5489 non
2197 5415 2317 5454 esse
2370 5400 2696 5460 damnabile.
2750 5381 2882 5478 (Id.,
2928 5405 3019 5461 lib.
3066 5406 3137 5461 ad
3181 5403 3360 5489 Ροιι.,

82 5471 210 5566 (1d._,
234 5474 325 5531 lib.
355 5478 425 5532 ad
450 5475 792 5551 Pullentium,
818 5492 948 5540 tom.
970 5485 1056 5553 v1,
1073 5488 1178 5544 col.
1209 5488 1314 5546 159
1334 5500 1391 5545 et
1417 5499 1558 5563 seq.)

970 5485 1056 5553 VI,
1073 5488 1178 5544 col.
1209 5488 1314 5546 459
1334 5500 1391 5545 et
1417 5499 1558 5563 seq.)
1779 5498 1910 5544 tom.
1937 5487 2021 5553 Vl,
2053 5488 2154 5543 col.
2180 5489 2285 5544 478
2311 5499 2369 5545 et
2393 5494 2535 5566 seq.)

151 5564 222 5618 Et
245 5566 381 5622 sicut
412 5568 467 5623 in
488 5572 726 5629 omnibus
755 5573 984 5631 ecclesiis
1020 5577 1202 5647 doceo,
1230 5590 1363 5647 etc.,
1393 5596 1563 5652 usque
1598 5584 1669 5640 ad
1848 5581 2166 5652 Nuptiarum
2197 5582 2361 5652 igitur
2388 5564 2608 5656 bonum,
2634 5602 2851 5661 semper
2883 5600 2966 5645 est
2996 5591 3213 5661 quidem
3268 5592 3363 5647 bo-

78 5654 171 5709 κι(
192 5655 482 5715 obseruatio
504 5664 877 5721 mandatorum
898 5667 1016 5723 Dei.
1035 5669 1298 5728 Servabat
1323 5674 1507 5745 utique
1526 5677 1668 5746 quod
1779 5690 1930 5741 num,
1959 5682 2092 5738 etc.,
2122 5690 2282 5744 usque
2309 5689 2376 5729 att
2399 5654 2989 5737 subtrahatur-oblatio.
3013 5654 3133 5755 (1οη
3168 5682 3258 5736 lib.
3292 5690 3359 5735 aa

76 5760 379 5817 congruere
404 5751 961 5827 videbat,etc..usque
980 5760 1050 5815 ad
1068 5761 1372 5820 observatio
1389 5766 1669 5821 mamlato-
1774 5764 2052 5821 lulianum
2096 5765 2159 5821 de
2186 5764 2366 5824 Sanct.
2411 5770 2539 5838 vid.,
2586 5781 2716 5829 tom.
2747 5773 2812 5829 Vl
2870 5771 2973 5826 col.
3002 5751 3152 5844 437.)

435 5847 707 5910 ΡΑτιιοι..
753 5851 974 5912 CXIX.
2901 5864 2965 5926 11
