3970 6306
637 345 739 401 551

1844 340 2047 398 FLORI
2087 338 2364 399 DIACONI
2403 312 2709 399 MONACHI
2979 308 2984 313 ⁷
3729 357 3791 414 δερ

705 457 846 512 Nam
867 458 957 530 qui
977 458 1159 512 statuit
1177 458 1234 513 in
1262 457 1414 513 corde
1437 473 1531 513 suo
1554 456 1760 527 ﬁrmus,
1795 466 1932 524 etc.,
1955 473 2127 530 usque
2149 457 2216 512 ad
2246 461 2296 522 Α
2321 458 2417 513 sed
2441 469 2619 514 tamen
2645 473 2796 515 vera.
2825 458 2909 531 (S.
2925 459 3179 533 August.,
3204 468 3340 518 cont.
3362 459 3564 529 Faust.,
3589 471 3689 521 tom.
3709 470 3789 533 illi,

635 550 762 605 bene
773 549 923 620 facit.
945 546 1172 605 Videtur
1185 549 1470 620 Apostolus
1484 550 1549 605 de
1560 559 1715 620 patre
1727 551 1894 620 loqui,
1910 560 2039 614 etc.,
2058 567 2219 621 usque

635 643 705 696 ad
720 640 1489 713 inusitatissima.(S.August.,
1509 649 1640 699 tom.
1658 640 1743 706 111,
1760 650 1899 712 part.
1919 641 2221 713 1,col.744.)

707 731 863 804 Saepe
891 742 1069 787 autem
1107 732 1378 787 acciditut
1400 731 1647 802 quisquis
1679 733 1732 787 in
1776 733 1999 788 meliore
2026 732 2219 804 gradu,

636 831 770 888 etc.,
799 838 959 892 usque
984 820 1053 875 ad
1090 834 1197 875 non
1225 829 1405 890 potest
1447 821 1606 892 erigi.
1637 821 1716 891 (S.
1747 820 2001 892 August.,
2036 820 2128 878 lib.
2158 821 2225 877 de

633 914 784 968 Dect.
814 913 1031 977 Christ.,
1062 922 1190 968 tom.
1221 912 1308 979 lll,
1330 923 1473 983 part.
1506 930 1546 978 1,
1576 913 1680 969 col.
1716 913 1832 985 42.)

703 1005 878 1075 Igitur
901 1012 949 1059 et
967 1006 1056 1072 qui
1085 1007 1419 1060 matrimonio
1444 1007 1623 1077 jungit
1653 1007 1902 1077 virginem
1924 1022 2076 1061 suam
2099 1007 2224 1061 bene

632 1097 782 1165 facit,
802 1103 851 1149 et
869 1094 959 1165 qui
987 1112 1089 1149 non
1113 1096 1292 1166 jungit
1343 1096 1530 1151 melius
1573 1096 1721 1166 facit.
1771 1096 1830 1151 In
1878 1096 1963 1151 his
2013 1096 2222 1151 duabus

631 1184 811 1239 causis
831 1200 935 1239 una
958 1184 1025 1240 de
1053 1185 1304 1241 nubendo
1341 1184 1427 1239 vel
1464 1200 1569 1240 non
1617 1186 1891 1252 nubendo,
1938 1186 2106 1241 altera
2157 1187 2223 1242 de

630 1276 831 1332 infideli
857 1277 1086 1347 coniuge
1123 1277 1442 1333 dimittendo
1476 1277 1561 1334 vel
1590 1294 1695 1333 non
1723 1278 2064 1345 dimittenda,
2088 1288 2218 1343 elc.,

627 1373 874 1444 usquead
903 1373 1045 1443 quod
1075 1372 1203 1428 licet
1229 1387 1329 1427 nec
1347 1371 1584 1441 expedit.
1632 1371 1757 1443 (ld.,
1782 1369 1871 1425 lib.
1909 1371 1979 1425 ad
2008 1370 2221 1425 Pollen-

627 1466 779 1526 tium,
807 1473 937 1518 tom.
970 1463 1054 1527 Vl,
1079 1462 1182 1518 col.
1215 1462 1338 1517 464.
1358 1471 1414 1517 et
1439 1461 1611 1516 lib.de
1643 1461 1798 1531 Bapt.
1830 1462 2002 1533 parv.)

698 1553 896 1609 Mulier
917 1552 1133 1626 alligata
1146 1563 1243 1619 est,
1269 1561 1397 1618 etc.,
1422 1567 1594 1622 usque
1630 1551 1695 1605 ad
1726 1567 1895 1606 meum
1924 1551 2218 1606 consilium.

627 1646 773 1700 Satis
806 1646 1045 1702 ostendit
1069 1647 1282 1702 beatum
1305 1659 1426 1700 esse
1445 1645 1498 1699 in
1526 1643 1778 1707 Domino,
1800 1654 1929 1705 etc.,
1962 1659 2125 1713 usque
2149 1642 2220 1696 ad

624 1738 820 1794 melius
873 1739 1191 1793 serviretur.
1240 1735 1375 1809 (ld.,
1427 1735 1520 1790 lib.
1565 1735 1629 1789 de
1666 1744 1851 1789 sancta
1899 1732 2044 1799 Vid.,
2079 1742 2210 1788 tom.

626 1826 715 1891 Vl,
743 1826 844 1882 col.
876 1826 983 1882 455
1011 1835 1066 1881 et
1094 1829 1236 1897 seq.)

695 1917 754 1973 Si
789 1933 918 1974 vero
946 1919 1110 1973 etiam
1130 1918 1335 1974 sciebat
1360 1916 1503 1972 Ruth
1530 1932 1628 1988 per
1652 1930 1803 1973 suam
1834 1929 2052 1971 carnem
2086 1928 2216 1984 pro-

624 2009 812 2082 pagari
843 2024 1052 2073 semen,
1083 2017 1212 2072 etc.,
1246 2024 1409 2081 usque
1453 2009 1521 2062 ad
1553 2006 1781 2063 vovendi
1805 2006 2210 2062 necessitatem.

627 2100 752 2170 (ld.,
776 2098 867 2153 lib.
900 2100 964 2153 de
990 2108 1159 2153 sanct.
1200 2097 1427 2164 Viduit.,
1452 2107 1581 2153 tom.
1608 2095 1694 2163 Vl,
1726 2096 1829 2152 col.
1858 2094 1965 2151 456
1994 2104 2049 2151 et
2069 2094 2209 2165 seq.)

695 2193 773 2248 De
805 2192 1001 2257 tertiis,
1036 2202 1089 2248 et
1118 2193 1184 2249 de
1218 2194 1445 2263 quartis,
1474 2202 1529 2248 et
1571 2193 1637 2248 de
1674 2192 1814 2247 ultra
1842 2191 2085 2263 pluribus
2114 2208 2211 2247 nu-

622 2286 773 2357 ptiis,
799 2295 928 2351 etc.,
958 2303 1120 2358 usque
1145 2286 1214 2340 ad
1245 2285 1289 2342 si
1336 2286 1415 2341 sic
1445 2286 1820 2354 permanserit.
1869 2284 1993 2355 (ld.,
2031 2285 2119 2339 lib.
2148 2285 2211 2339 de

622 2388 790 2432 sanct.
830 2375 979 2443 Vid.,
1004 2387 1135 2433 tom.
1168 2376 1256 2443 Vl,
1289 2376 1393 2431 col.
1432 2375 1539 2431 459
1567 2384 1621 2430 et
1656 2376 1796 2446 seq.)

693 2465 835 2522 Puto
874 2476 1046 2521 autem
1075 2466 1214 2538 quod
1244 2476 1293 2521 et
1316 2483 1409 2538 ego
1432 2466 1672 2534 spiritum
1700 2465 1799 2520 Dei
1842 2465 2028 2519 habeo.
2073 2464 2206 2520 Cum

621 2559 849 2615 dixisset
878 2558 944 2613 de
969 2558 1195 2613 muliere
1213 2558 1369 2629 cnjus
1393 2558 1476 2612 vir
1500 2566 1744 2612 mortuus
1774 2556 1975 2621 fuerat,
1995 2555 2209 2611 Beatior

620 2660 801 2706 autem
860 2650 986 2709 erit.
1032 2657 1163 2714 etc.,
1212 2666 1375 2720 usque
1427 2650 1497 2703 ad
1530 2664 1694 2720 opera
1732 2648 2034 2703 Trinitatis.
2084 2647 2205 2720 (ld.,

618 2740 709 2796 lib.
744 2741 813 2794 ad
844 2738 1011 2800 Poll..
1041 2748 1173 2794 tom.
1206 2737 1295 2804 Vl,
1321 2739 1426 2795 col.
1456 2739 1606 2810 465.)

691 2832 750 2887 Si
789 2847 934 2887 emm
981 2845 1069 2886 me
1106 2831 1340 2895 sciretis,
1387 2841 1441 2886 et
1487 2831 1702 2886 Patrem
1758 2845 1936 2886 meum
1978 2829 2207 2886 forsitan

620 2922 856 2987 sciretis,
886 2930 1015 2987 etc.,
1046 2937 1209 2994 usque
1235 2922 1303 2976 ad
1329 2922 1488 2977 fidem
1518 2922 1763 2978 interra.
1792 2920 1912 2993 (ld.,
1938 2922 1992 2976 in
2017 2920 2205 2987 Joan.,

626 3023 757 3069 tom.
794 3011 878 3081 lll,
907 3021 1051 3084 part.
1076 3028 1137 3077 11,
1160 3012 1263 3068 col.
1305 3012 1487 3083 1671.)

1204 3160 1432 3217 CAPUT
1472 3160 1602 3216 Vlll.

692 3276 773 3331 De
788 3277 854 3330 iis
865 3288 1037 3329 autem
1048 3293 1164 3346 qua:
1178 3275 1332 3330 idolis
1348 3275 1738 3344 sacriﬁcantur,
1754 3273 1948 3327 scimus
1964 3271 2085 3340 quia
2101 3287 2211 3324 om-

623 3382 713 3420 nes
734 3365 1004 3419 scientiam
1037 3364 1603 3419 l1abemus.Humili11m
1618 3363 1788 3417 virtus
1801 3371 1883 3417 est
1902 3361 1968 3415 de
1982 3360 2209 3415 scientia

623 3469 730 3510 non
747 3454 988 3526 gloriari,
1016 3463 1320 3525 etc.,usque
1336 3454 1404 3506 ad
1433 3452 1775 3522 participatio
1804 3451 2067 3505 veritatis.
2085 3449 2206 3519 (ld.,

623 3546 715 3601 lib.
748 3545 899 3602 Sent.
928 3545 1199 3615 Prosperi,
1230 3554 1362 3599 tom.
1397 3542 1465 3608 X,
1498 3551 1638 3613 part.
1670 3558 1727 3606 11,
1763 3541 1867 3596 col.
1903 3540 2084 3610 1879.)

693 3659 931 3716 Scientia
957 3662 1132 3730 inﬂat,
1163 3659 1391 3714 charitas
1420 3672 1539 3711 vero
1567 3654 1813 3724 rediﬁcat.
1839 3653 1955 3709 Non
1991 3662 2074 3709 est
2102 3654 2208 3709 mi-

624 3766 746 3806 rum
770 3750 816 3804 si
852 3749 945 3804 lux
970 3749 1111 3804 lucet
1136 3750 1187 3802 in
1212 3746 1470 3811 tenebris,
1501 3753 1629 3807 etc.,
1661 3760 1822 3814 usque
1868 3743 1938 3796 ad
1987 3757 2093 3798 non
2125 3742 2210 3797 in-

622 3841 806 3896 ﬂatur.
834 3841 961 3909 (ld.,
989 3840 1080 3894 lib.
1112 3840 1176 3893 de
1209 3837 1362 3893 Crat.
1390 3847 1437 3892 et
1491 3835 1654 3891 libero
1690 3834 1933 3901 arbitrio,
1964 3842 2095 3890 tom.
2134 3833 2206 3902 Χ,

622 3939 764 4002 part.
796 3947 837 3995 1,
867 3930 972 3986 col.
1003 3928 1110 3984 905
1135 3938 1188 3982 et
1216 3928 1359 4000 seq.)
2080 3910 2099 3929 ⁶

696 4022 835 4090 Quid
864 4029 1044 4076 autem
1073 4028 1159 4074 est
1183 4020 1357 4089 pietas
1384 4020 1488 4075 nisi
1518 4020 1611 4075 Dei
1646 4019 1847 4085 cultus,
1882 4026 2013 4082 etc.,
2044 4033 2209 4088 usque

626 4113 695 4169 ad
723 4113 816 4169 sed
841 4127 938 4182 per
963 4111 1304 4167 charitatem.
1334 4109 1457 4182 (ld.,
1488 4109 1579 4164 lib.
1605 4110 1674 4164 ad
1704 4108 1951 4173 Hieron.,
1982 4116 2115 4162 tom.
2138 4105 2203 4173 11,
2290 4153 2298 4182 ,

625 4205 730 4260 col.
761 4204 864 4260 757
886 4212 941 4259 et
968 4204 1111 4274 seq.)

696 4294 818 4365 lpsa
847 4294 1000 4365 origo
1017 4294 1251 4348 nominis
1266 4295 1591 4358 daemonum,
1617 4299 1750 4357 etc.,
1775 4306 1939 4361 usque
1959 4291 2029 4344 ad
2056 4305 2208 4347 reve-

623 4384 776 4440 latio.
808 4383 1017 4456 (ld.,de
1045 4382 1198 4439 Civit.
1224 4383 1344 4452 Dei,
1366 4396 1498 4440 tom.
1532 4381 1643 4448 Vll,
1680 4381 1785 4436 col.
1816 4380 1924 4435 265
1949 4388 2005 4435 et
2042 4397 2202 4436 serm.

625 4478 691 4530 de
729 4472 887 4529 Verb.
910 4474 1140 4546 Evang.)
1982 4490 1987 4495 ·

696 4566 992 4624 Scientiam
1026 4569 1383 4635 terrestrium,
1417 4563 1826 4633 etelestiumque
1851 4572 2202 4630 rerum,etc.,

619 4676 786 4732 usque
831 4659 901 4713 ad
943 4660 1086 4715 beati
1117 4660 1212 4715 Dei
1258 4661 1362 4714 sui.
1393 4657 1516 4728 (ld.,
1546 4656 1610 4709 de
1659 4654 1871 4723 Trinit.,
1906 4663 2035 4710 tom.
2070 4655 2203 4721 Vlll,

624 4748 730 4805 col.
763 4748 868 4805 885
892 4757 948 4804 et
977 4748 1122 4821 seq.)

697 4842 940 4898 Scientia
983 4841 1157 4908 inﬂat,
1189 4849 1321 4904 etc.,
1357 4855 1521 4910 usque
1570 4839 1640 4892 ad
1678 4840 1903 4909 probata
1945 4848 2047 4896 est.
2077 4839 2203 4911 (ld.,

624 4931 717 4987 lib.
745 4948 784 4987 11
810 4932 880 4987 ad
908 4931 1163 4997 Januar.,
1195 4939 1327 4984 tom.
1357 4929 1418 4991 ll,
1449 4928 1551 4983 col.
1579 4928 1732 4999 225.)

698 5042 761 5098 Si
793 5042 910 5111 quis
933 5057 989 5094 se
1017 5040 1279 5093 existimat
1307 5038 1438 5091 scire
1458 5036 1678 5109 aliquid,
1708 5037 1936 5091 nondum
1967 5038 2205 5107 cognovit

621 5132 1064 5205 quemadmodum
1090 5138 1322 5200 oporteat
1349 5144 1466 5182 eum
1489 5128 1641 5182 scire.
1670 5130 1729 5184 Si
1757 5130 1873 5200 quis
1909 5139 2083 5182 autem
2119 5128 2204 5181 di-

627 5224 735 5293 ligit
759 5221 952 5284 Deum,
977 5219 1059 5271 hic
1103 5218 1338 5289 cognitus
1376 5229 1451 5272 est
1501 5218 1564 5271 ab
1603 5235 1680 5272 eo.
1710 5217 2020 5272 Neseieutes
2067 5217 2210 5271 unde

630 5315 866 5368 habeant
895 5308 1037 5378 quod
1063 5317 1210 5374 sunt,
1240 5307 1416 5363 stulta:
1441 5308 1676 5380 virgines
1697 5314 1843 5370 sunt,
1884 5317 2015 5370 etc.,
2048 5323 2210 5374 usque

629 5404 696 5458 ad
742 5398 794 5457 in
846 5400 1076 5454 Domino
1137 5400 1417 5471 glorietur.
1451 5401 1576 5471 (ld.,
1624 5401 1715 5454 lib.
1756 5403 1820 5455 de
1845 5396 2029 5453 Gratia
2069 5398 2208 5453 Novi

629 5489 967 5553 Testamenti,
1003 5498 1127 5543 tom.
1156 5490 1220 5556 ll,
1251 5490 1355 5545 col.
1390 5489 1540 5562 576.)

700 5603 774 5658 De
796 5603 924 5658 escis
947 5614 1115 5658 autem
1155 5620 1272 5676 qua:
1299 5602 1454 5657 idolis
1486 5600 1846 5665 immolantur,
1869 5599 2060 5652 scimus
2082 5599 2205 5668 quia

626 5695 760 5752 nihil
792 5706 867 5752 est
894 5694 1092 5750 idolum
1124 5698 1178 5751 in
1208 5696 1423 5752 mundo.
1455 5694 1640 5765 Neque
1665 5693 1809 5749 enim
1844 5708 1939 5747 vos
1966 5706 2205 5763 paganos

625 5790 874 5859 dicimus,
918 5799 1009 5846 aut
1053 5792 1288 5848 scltisma
1337 5803 1688 5859 paganorum,
1733 5795 1864 5849 etc.,
1918 5800 2079 5853 usque
2134 5782 2203 5835 ad

2326 549 2430 607 col.
2474 551 2580 607 546
2609 559 2664 607 et
2692 550 2835 623 seq.)

2398 641 2586 698 Solent
2608 643 2762 698 multi
2787 643 2926 698 male
2951 643 3335 716 intelligentes,
3354 654 3479 714 etc.,
3501 662 3640 719 usque
3654 650 3704 703 ad
3718 664 3792 706 sunt

2327 735 2381 790 in
2394 736 2680 811 creaturis.
2698 735 2822 807 (ld.,
2838 736 2895 789 in
2906 736 3092 803 Joan.,
3112 745 3243 791 tom.
3264 736 3349 801 lll,
3366 748 3502 808 part.
3518 741 3791 814 11,eo|.1585.)

2398 821 2468 877 Et
2489 823 2629 895 quod
2671 823 2847 879 nullus
2873 824 3014 880 Deus
3042 826 3144 880 nisi
3178 843 3335 881 unus.
3364 827 3512 883 Nulla
3552 830 3604 884 fit
3640 832 3791 900 partium

2327 918 2380 973 in
2417 917 2633 973 deitatis
2665 918 2871 972 unitate
2904 918 3123 984 divisio,
3152 928 3287 986 etc.,
3311 937 3469 991 usque
3506 922 3568 974 ad
3608 923 3792 977 ﬁdemcs

2327 1009 2581 1065 tholieam
2611 1010 2767 1064 dicis.
2816 1009 2941 1083 (ld.,
2985 1009 3078 1065 lib.
3111 1020 3296 1066 contra
3333 1010 3565 1080 Maxim.,
3593 1012 3790 1079 tom.i'lll,

2325 1103 2429 1159 col.
2463 1104 2560 1159 771
2596 1112 2652 1159 et
2683 1104 2824 1175 seq.)

2399 1194 2544 1249 Nam
2573 1204 2620 1248 et
2657 1195 2705 1249 si
2749 1205 2871 1249 sunt
2895 1195 2985 1266 qui
3035 1194 3286 1250 dicuntur
3314 1195 3410 1259 dii,
3440 1205 3561 1261 etc.,
3597 1213 3726 1267 usque
3748 1201 3793 1252 ’δᾶ

2327 1292 2375 1338 et
2401 1285 2718 1337 conscientia
2742 1285 2973 1354 ipsorum
3004 1301 3122 1338 cum
3161 1288 3228 1339 sit
3268 1286 3476 1355 infirma
3502 1286 3795 1356 polluitsr.Ad-

2324 1376 2501 1432 dendo
2541 1376 2699 1430 sicuti
2732 1386 3036 1439 sunt,.etc.,
3068 1393 3230 1447 usque
3266 1378 3335 1430 ad
3361 1376 3615 1431 honorari.
3638 1377 3793 1448 (ld.,lii.

2325 1465 2525 1532 Quaest.
2561 1466 2617 1518 in
2645 1464 2844 1526 Exod..
2877 1476 3009 1518 tom.
3042 1464 3126 1529 lll,
3158 1474 3300 1535 part.
3328 1482 3370 1531 1,
3402 1466 3500 1520 col.
3527 1465 3655 1536 628.)

2394 1556 2657 1623 Quoniam
2684 1555 2826 1609 Deus
2852 1570 3081 1626 magnus
3124 1555 3403 1623 Dominus,
3454 1566 3506 1611 et
3536 1572 3615 1611 rex
3651 1573 3794 1627 magnus

2321 1662 2486 1717 super
2510 1661 2701 1701 omnes
2726 1647 2878 1712 deos,
2907 1655 3040 1711 etc.,
3071 1662 3231 1718 usque
3275 1647 3346 1700 ad
3391 1664 3523 1718 quos
3556 1648 3686 1703 homo
3706 1648 3792 1702 facit.

2322 1738 2453 1810 (ld.,
2479 1738 2533 1791 in
2553 1737 2690 1807 psal.
2714 1752 2859 1801 χειν,
2883 1745 3014 1790 tom.
3040 1734 3128 1801 IV,
3152 1744 3294 1805 part.
3320 1752 3383 1803 11,
3405 1737 3506 1792 col.
3528 1737 3643 1790 11210
3656 1747 3696 1791 et
3711 1737 3794 1805 seq.)

2243 1813 2291 1872 Β
2389 1826 2732 1882 Conlltemini
2759 1825 2986 1880 Domino
3006 1825 3367 1891 dominorum,
3399 1827 3628 1895 quoniam
3645 1826 3686 1878 in
3700 1836 3794 1878 teter-

2314 1934 2443 1973 num
2476 1916 2850 1972 misericordia
2896 1914 3038 1985 ejus,
3068 1925 3199 1981 etc.,
3246 1932 3411 1987 usque
3444 1917 3511 1969 ad
3551 1924 3600 1971 et
3638 1930 3712 1969 nos
3740 1928 3794 1984 per

2312 2011 2508 2081 ipsum.
2536 2010 2749 2081 (ld.,'in
2774 2008 2908 2081 psal.
2950 2024 3154 2077 cxxxv,
3186 2018 3317 2065 tom.
3347 2008 3441 2076 ιν,
3486 2018 3610 2080 part.
3653 2025 3699 2075 11,
3731 2008 3791 2065 col.

2314 2103 2453 2158 1756
2480 2112 2534 2158 et
2558 2101 2702 2175 seq.)

2379 2193 2511 2248 lllud
2542 2207 2670 2247 vero
2699 2192 2789 2247 ubi
2818 2191 3040 2256 dicitur,
3093 2190 3232 2246 Deus
3279 2190 3526 2256 deorum,
3568 2196 3675 2253 etc.,
3698 2202 3793 2256 usqu

2310 2281 2381 2336 ad
2412 2290 2469 2337 et
2490 2297 2591 2337 nos
2618 2297 2716 2353 per
2740 2280 2939 2351 ipsum.
2974 2281 3099 2352 (ld.,
3127 2282 3191 2335 de
3215 2279 3370 2335 Civit.
3394 2279 3514 2346 Dei,
3565 2287 3675 2333 tom.
3715 2275 3793 2339 illi,

2310 2370 2413 2427 col.
2439 2371 2594 2442 275.)

2384 2461 2557 2527 Unus,
2604 2459 2802 2530 inquit,
2850 2459 2993 2515 Deus
3018 2457 3180 2514 Pater
3213 2473 3280 2513 ex
3323 2471 3435 2528 quo
3470 2454 3650 2518 omnia,
3671 2461 3713 2509 et
3739 2464 3796 2505 nos

2310 2553 2364 2609 i-n
2397 2553 2532 2623 ipso.
2553 2561 2686 2615 elc.,
2725 2568 2889 2622 usque
2917 2551 2986 2605 ad
3024 2560 3205 2606 autem
3240 2549 3447 2606 Christi
3481 2550 3704 2604 Deusest.
3724 2543 3792 2614 (lli.

2310 2646 2375 2699 de
2403 2644 2574 2710 Trin.,
2606 2652 2735 2698 tom.
2767 2642 2899 2707 Vlll,
2924 2642 3027 2697 col.
3054 2642 3206 2714 827.)

2382 2739 2520 2793 Esca
2556 2751 2731 2792 autem
2773 2753 2867 2790 nos
2900 2753 3003 2790 non
3031 2735 3359 2790 commendat
3398 2733 3526 2799 Deo,
3560 2742 3667 2795 etc.,
3691 2741 3794 2796 usque

2310 2832 2378 2887 ad
2407 2831 2732 2900 deﬁciemus.
2763 2828 2980 2892 Audivi,
3028 2826 3253 2881 Domine
3290 2826 3458 2891 Deus,
3502 2839 3684 2888 vocem,
3717 2830 3793 2878 etc.

2312 2935 2472 2991 usque
2498 2920 2567 2973 ad
2599 2919 2654 2972 in
2682 2917 2914 2974 Domino
2935 2916 3214 2988 glorietur.
3246 2914 3371 2987 (ld.,
3403 2914 3647 2983 Confess.,
3666 2908 3793 2967 total.

2311 3011 2415 3066 col.
2452 3010 2602 3082 789.)

2390 3100 2572 3155 Videte
2602 3110 2797 3165 autem,
2851 3108 2984 3165 etc.,
3018 3112 3189 3168 usque
3232 3096 3299 3153 ad
3346 3112 3414 3151 ne
3453 3096 3652 3167 fratrem
3692 3104 3794 3144 stem

2235 3160 2279 3222 C
2311 3194 2686 3248 scandalizem.
2718 3191 3013 3255 Attendite,
3045 3189 3264 3245 fratres.
3315 3187 3433 3243 Hoc
3464 3187 3599 3243 enim
3629 3183 3792 3243 estis,c1

2313 3286 2417 3340 hoc
2438 3283 2633 3353 populo
2661 3283 2814 3349 estis,
2846 3292 2976 3344 etc.,
3024 3298 3186 3352 usque
3222 3281 3291 3334 ad
3318 3281 3631 3334 erubescant
3652 3270 3794 3329 falsitati

2311 3391 2440 3431 sua}.
2477 3375 2601 3447 (ld.,
2646 3391 2803 3429 serm.
2847 3375 2912 3429 de
2940 3372 3096 3427 Verb.
3129 3371 3359 3442 Evnng.,
3388 3380 3524 3426 tom.
3557 3366 3617 3434 V,
3650 3370 3750 3437 part.
3773 3375 3794 3419 ι,

2309 3469 2413 3525 col.
2453 3467 2558 3533 417
2589 3477 2645 3523 et
2674 3466 2815 3539 seq.)

2379 3561 2498 3631 Ipsa
2527 3569 2609 3615 est
2628 3574 2759 3630 ergo
2788 3558 2873 3612 lex
2902 3557 3127 3623 Christi,
3166 3564 3227 3611 ut
3255 3557 3488 3613 invicem
3518 3568 3663 3610 onera
3682 3552 3794 3603 nostri

2307 3662 2606 3726 portemus,
2639 3662 2769 3716 etc.,
2794 3666 2954 3719 usque
2995 3649 3065 3702 ad
3096 3647 3321 3719 diligere
3346 3656 3568 3718 propter
3586 3640 3794 3697 Chrisulll-

2318 3744 2443 3817 (ld.,
2479 3745 2570 3798 lib.
2614 3741 2840 3808 Quwst.,
2883 3750 3015 3795 tom.
3054 3739 3140 3805 Vl,
3170 3740 3274 3794 col.
3305 3739 3425 3810 85.)

2380 3837 2519 3904 Quid
2544 3844 2628 3891 est
2651 3850 2782 3905 ergo
2807 3835 2947 3903 quod
2976 3833 3219 3905 plerique
3256 3833 3507 3888 homines
3536 3832 3628 3885 ista
3653 3826 3796 3898 peccata

2310 3937 2682 3993 contemnunt,
2706 3938 2836 3995 etc.,
2867 3944 3028 3998 usque
3049 3927 3117 3981 ad
3147 3927 3452 3981 remedium
3478 3927 3581 3980 cito
3607 3913 3794 3977 invenisti.

2309 4022 2432 4096 (ld.,
2454 4037 2608 4077 serm.
2631 4021 2696 4075 de
2717 4019 2897 4085 Verb.,
2924 4020 3101 4085 Dom.,
3127 4031 3257 4074 tom.
3281 4020 3346 4086 v,
3375 4029 3521 4090 part.
3548 4036 3587 4085 ι,
3612 4004 3798 4072 celsos.)

2912 4131 3139 4187 CAPUT
3172 4130 3264 4185 IX.

2295 4206 2304 4251 ξ
2382 4228 2509 4284 Non
2532 4243 2648 4282 sum
2673 4226 2842 4281 liber?
2861 4239 3030 4295 usque
3047 4224 3111 4278 ad
3139 4223 3330 4293 fratres
3346 4223 3560 4276 Domini
3580 4230 3622 4275 et
3640 4206 3800 4280 Cepisti

2308 4320 2444 4377 Vide
2488 4317 2938 4388 quemadmodum
2992 4314 3167 4385 primo
3205 4313 3459 4367 ostendat
3500 4309 3621 4380 quid
3655 4303 3730 4361 sibi
3762 4298 3797 4349 li-

2309 4423 2465 4478 ceat,
2515 4419 2642 4473 etc.,
2694 4426 2786 4481 per
2819 4408 3007 4462 librum
3057 4408 3336 4477 integrum.
3371 4406 3454 4477 (S.
3483 4406 3641 4474 Aug.,
3676 4397 3741 4451 lib.
3766 4392 3800 4441 Αἱ

2234 4520 2291 4581 ι)
2321 4502 2488 4573 Opere
2518 4501 2919 4563 monachorum,
2949 4508 3079 4552 tom.
3110 4495 3201 4561 Vl,
3228 4495 3331 4551 col.
3363 4496 3472 4550 552
3497 4504 3550 4549 et
3573 4496 3691 4560 seq.)

2386 4592 2516 4658 Quis
2542 4591 2750 4654 militat,
2764 4601 2895 4653 etc.,
2912 4603 3082 4657 usque
3107 4587 3172 4641 ad
3187 4587 3251 4640 de
3272 4588 3404 4639 lacte
3425 4587 3591 4657 gregis
3612 4595 3695 4635 non
3712 4586 3801 4627 ωλι

2309 4683 2510 4738 ducat?
2537 4682 2845 4736 Invenimus
2880 4694 3009 4751 ergo
3054 4692 3176 4732 esse
3216 4676 3301 4731 lac
3338 4677 3537 4747 gregis,
3566 4661 3799 4751 quidquid)!

2309 4778 2506 4847 plebe.,
2559 4785 2689 4840 etc.,
2740 4790 2901 4843 usque
2952 4749 3024 4825 ad
3081 4777 3136 4827 et
3190 4769 3279 4824 isti
3340 4768 3590 4843 salutem.
3633 4749 3798 4832 (Idalii-

2310 4868 2375 4921 de
2400 4865 2730 4927 Pastoribus,
2761 4871 2891 4916 tom.
2914 4859 2984 4927 ν,
3010 4870 3152 4931 part.
3182 4875 3220 4925 1,
3249 4858 3351 4914 col.
3377 4859 3479 4913 27!
3513 4864 3565 4911 et
3590 4850 3708 4920 seq-)

2386 4956 2647 5025 Scriptum
2689 4962 2786 5019 est,
2827 4962 2959 5017 etc.,
2998 4966 3168 5021 usque
3208 4951 3275 5004 ad
3321 4951 3386 5004 de
3432 4949 3590 5003 bobus
3633 4954 3732 4997 cura
3760 4935 3801 4984 εει

2311 5032 2464 5101 Deo?
2491 5047 2641 5114 Quod
2671 5047 2859 5099 attinet
2882 5043 2947 5097 ad
2987 5050 3276 5112 praecepta,
3307 5050 3436 5104 etc.,
3469 5050 3631 5107 usque
3652 5029 3708 5084 ad

2313 5139 2473 5195 sulat.
2500 5107 2644 5208 ῖωη
2696 5134 2786 5188 Lb.
2825 5107 3025 5199 Quasi.
3066 5133 3122 5186 in
3165 5107 3363 5196 Exod“
3395 5129 3476 5183 tit.
3503 5127 3592 5193 89,
3624 5107 3802 5177 10111.1“.

2312 5238 2453 5299 part.
2488 5245 2526 5292 1,
2559 5226 2662 5281 col.
2695 5226 2798 5280 628
2824 5233 2879 5278 et
2909 5222 3050 5293 seq.)

2382 5288 2533 5371 Fecit
2588 5316 2750 5379 enim,
2807 5321 2938 5377 etc.,
2988 5288 3151 5381 usque
3194 5309 3262 5362 ad
3307 5308 3477 5378 patris
3532 5299 3696 5359 vestri.
3732 5288 3803 5362 (Ιίιη

2314 5420 2464 5464 tract.
2494 5425 2548 5461 1n
2575 5406 2710 5479 psnl.
2735 5420 2893 5470 chv,
2917 5412 3047 5457 tom.
3077 5400 3161 5465 IV,
3188 5410 3328 5470 part.
3358 5416 3419 5463 11,
3444 5397 3547 5452 eol.
3579 5384 3730 5454 1895-)

2383 5498 2455 5554 Ut
2502 5469 2584 5553 hic
2632 5498 2845 5560 animae,
2896 5504 3026 5559 etc.,
3071 5469 3232 5562 usque
3271 5492 3339 5544 ad
3372 5491 3695 5558 acceperunt.
3731 5469 3803 5540 iw"

2310 5593 2400 5648 lib.
2433 5591 2498 5646 de
2521 5589 2699 5661 Agone
2727 5586 2946 5651 Christi,
2976 5576 3103 5639 tom.
3137 5582 3224 5647 Vl,
3254 5582 3356 5638 col.
3381 5579 3487 5636 295
3507 5588 3561 5634 et
3584 5572 3703 5642 θεῷ)

2382 5684 2439 5741 Si
2472 5701 2563 5738 nos
2593 5683 2731 5737 vobis
2760 5677 3044 5752 spiritalia,
3066 5686 3200 5741 elc.,
3224 5688 3394 5745 usque
3418 5673 3485 5726 ad
3510 5663 3719 5724 carnalia

2312 5778 2524 5835 tamus?
2550 5775 2682 5843 Quis
2704 5774 2843 5830 sicut
2872 5770 3135 5826 Dominus
3164 5769 3306 5825 Deus
3334 5777 3538 5829 noster,
3565 5759 3649 5831 qui
3671 5755 3712 5809 in
3731 5744 3806 5800 3'1“
