3970 6306
154 321 270 378 555

1008 315 1370 375 EXPOSITIO
1407 318 1475 374 IN
1522 317 1672 374 EPP.
1715 317 1943 374 PAULI.
1985 349 2049 358 -—
2089 317 2195 373 ΕΡ.
2240 317 2261 372 I
2298 317 2389 372 AD
2425 315 2580 372 COR.

3319 314 3422 369 554

152 435 391 499 habitat,
421 441 478 489 et
500 431 720 487 humilia
746 430 963 500 respicit
992 431 1044 485 in
1077 430 1214 486 coelo
1239 440 1294 485 et
1321 430 1375 484 in
1405 431 1585 485 terra?
1611 429 1738 494 (Ἰω-
1769 434 1816 492 Α
1843 445 1948 500 que
1975 429 2042 484 ad
2073 428 2310 483 eumdem
2342 436 2521 497 potum
2563 423 2850 494 spiritalem
2888 423 3140 478 biberunt.
3197 424 3424 492 Quando

151 524 244 580 Ios
270 538 413 578 nunc
438 523 677 578 arbitror
703 522 1028 593 signiﬁcare,
1060 532 1191 587 etc.,
1216 538 1381 593 usque
1415 522 1492 596 ad
1514 537 1610 592 per
1635 522 1744 577 Do-

149 613 294 668 mini
320 612 572 684 gratiam.
603 611 684 683 (S.
708 612 871 682 Aug.,
901 621 1055 665 tract.
1084 612 1137 666 in
1165 611 1303 682 psal.
1333 627 1466 679 cxu,
1499 621 1629 666 tom.
1655 610 1742 676 IV,

150 711 303 776 part.
334 720 396 768 ιι,
429 704 532 759 col.
563 704 668 758 475
695 711 750 758 et
777 702 916 775 seq.)
1572 767 1576 778 ‘

230 796 380 851 Bona
419 804 546 851 sunt
589 795 889 851 ministeria
928 795 1070 851 circa
1098 811 1386 867 pauperes,
1419 807 1553 864 etc.,
1584 814 1746 868 usque

151 887 230 940 ad
281 896 656 957 susceperunt.
708 887 829 958 (ld.,
863 903 1000 942 serm
1055 887 1121 942 de
1162 886 1283 943 Ver.
1331 888 1559 961 Evang.,
1611 899 1742 944 tom.

159 977 229 1043 V,
256 988 398 1048 part.
431 995 471 1040 ι,
496 978 598 1033 001.
630 978 782 1049 615.)

232 1068 486 1136 Nescitis,
520 1072 770 1143 quoniam
797 1071 888 1142 qui
922 1070 978 1125 in
1019 1073 1276 1138 sacrario,
1308 1080 1436 1139 etc.,
1478 1087 1649 1142 usque
1677 1071 1746 1128 ad

149 1162 566 1230 participantur,
609 1172 656 1215 et
702 1172 915 1215 cwtera.
957 1162 1145 1217 Altare
1219 1163 1551 1233 spiritaliter,
1614 1173 1743 1226 etc.,

152 1266 327 1320 usque
355 1250 425 1303 ad
447 1251 701 1305 cordibus
729 1251 942 1305 vestris.
970 1251 1088 1322 (ld.,
1117 1252 1207 1306 lib.
1240 1252 1304 1306 de
1334 1251 1504 1308 Serm.
1532 1253 1746 1312 Domini

148 1340 210 1395 in
238 1351 437 1407 monte,
467 1351 597 1396 tom.
631 1342 717 1407 III,
743 1351 883 1412 part.
910 1359 946 1408 ι,
974 1343 1076 1398 col.
1111 1343 1296 1416 1242.)

227 1432 299 1487 Et
328 1433 435 1488 illis
463 1433 878 1500 immortalibus,
906 1444 1036 1496 etc.,
1066 1452 1230 1506 usque
1261 1437 1330 1489 ad
1365 1436 1468 1492 ﬁde
1494 1436 1743 1508 perfecti.

151 1523 288 1593 (ld.,
313 1525 406 1578 lib.
435 1526 500 1579 de
528 1523 681 1579 Civil.
714 1525 832 1590 Dei,
863 1535 994 1581 tom.
1021 1524 1153 1592 VIII,
1177 1527 1279 1581 col.
1303 1528 1454 1598 280.)

229 1615 369 1680 Quid
403 1615 618 1669 intersit
649 1615 795 1670 inter
829 1617 1027 1671 bonum
1055 1618 1210 1687 quod
1257 1619 1616 1688 appetendum
1640 1627 1744 1686 est,

149 1714 292 1769 etc.,
307 1722 470 1775 usque
492 1706 560 1759 ad
583 1706 958 1776 temporalium
973 1709 1233 1778 cogitare.
1253 1709 1474 1780 (ld.,lib.
1492 1712 1556 1764 de
1574 1708 1743 1765 Serm.

1849 530 2029 576 autem
2058 521 2425 587 manducavit,
2450 529 2579 584 etc.,
2611 535 2771 590 usque
2791 519 2858 572 ad
2888 519 3074 574 credat
3099 517 3277 574 Jesus.
3302 519 3425 590 (ld.,

1847 621 2002 665 tract.
2040 613 2094 665 in
2130 611 2332 682 Evang.
2371 627 2476 666 sec.
2508 609 2669 665 Joan.
2693 650 2707 676 ,
2747 617 2877 665 tom.
2913 609 3010 676 Ill,
3049 617 3189 680 part.
3226 625 3289 677 tt,
3322 610 3424 666 col.

1849 703 1986 757 1476
2015 713 2069 758 et
2097 706 2239 775 seq.)
2903 707 2924 714 '

1917 795 2108 849 Patres
2146 794 2334 858 vestri,
2375 793 2570 864 inquit,
2611 795 3076 849 manducaverunt
3119 809 3338 857 manna,
3377 801 3432 849 et

1848 884 2045 939 mortui
2077 893 2222 938 sunt.
2255 883 2391 950 Quid
2425 893 2527 948 est,
2557 892 2687 951 etc.,
2714 902 2875 956 usque
2905 885 2973 938 ad
3002 885 3214 956 prtemit
3241 886 3424 941 dente.

1849 975 1969 1046 (ld.,
2001 985 2154 1030 tract.
2185 976 2240 1029 in
2271 974 2476 1046 Evang.
2524 993 2626 1032 sec.
2670 975 2858 1043 Joan.,
2903 986 3033 1032 tom.
3069 977 3155 1043 IlI,
3187 985 3332 1048 part.
3362 993 3426 1043 ιι,

1849 1062 1952 1118 001.
1986 1063 2115 1118 1611
2151 1074 2206 1119 et
2240 1064 2382 1133 seq.)

1920 1153 1990 1208 Et
2026 1169 2216 1209 omnes
2257 1169 2356 1224 per
2399 1169 2551 1210 mare
2593 1163 2956 1221 transuerunt,
2995 1165 3123 1222 etc.,
3163 1174 3326 1227 usque
3358 1159 3428 1212 ad

1849 1243 2146 1314 spiritalem
2175 1243 2448 1298 biberunt.
2475 1243 2602 1314 (ld.,
2630 1253 2785 1314 tract.
2818 1245 2871 1298 in
2895 1243 3096 1316 Evang.
3117 1263 3220 1301 sec.
3242 1247 3426 1311 Joan.,

1851 1343 1976 1389 tom.
2012 1333 2098 1399 IlI,
2129 1342 2269 1404 part.
2300 1350 2361 1400 ιι,
2391 1334 2494 1390 col.
2525 1335 2710 1406 1725.)

1867 1485 1874 1492 _
1922 1425 2173 1481 Profecto
2201 1435 2357 1481 erant
2394 1427 2560 1481 etiam
2603 1427 2658 1482 in
2695 1426 2788 1482 illo
2815 1427 3010 1499 populo
3035 1430 3149 1499 qui,
3182 1436 3312 1494 etc.,
3339 1447 3431 1484 us-

1848 1534 1946 1588 que
1969 1518 2037 1570 ad
2052 1517 2255 1587 aliquid
2279 1517 2692 1587 signiﬁcantem.
2725 1519 2846 1590 (ld.,
2876 1528 3030 1572 tract.
3059 1520 3193 1589 psal.
3223 1536 3427 1588 Lxxvn,

1853 1615 1982 1663 tom.
2011 1608 2100 1672 IV,
2131 1614 2270 1676 part.
2305 1623 2342 1670 ι,
2374 1607 2477 1662 001.
2507 1609 2656 1679 985.)

1919 1699 2173 1754 Bibebant
2216 1709 2389 1753 autem
2419 1700 2484 1754 de
2520 1700 2770 1767 spiritali,
2801 1709 2933 1766 etc.,
2969 1716 3139 1774 usque
3184 1704 3250 1758 ad
3284 1715 3432 1774 petra

149 1795 373 1850 Domini
393 1798 444 1851 in
467 1809 660 1863 monte,
695 1813 825 1852 tom.
860 1797 944 1862 ΠΙ,
971 1807 1112 1868 part.
1138 1814 1177 1864 ι,
1206 1799 1309 1853 col.
1345 1800 1484 1854 1292
1507 1809 1563 1855 et
1592 1798 1738 1871 δρψ)
1773 1796 1817 1856 Β
1843 1799 2018 1844 autem
2053 1798 2165 1843 erat
2210 1787 2470 1844 Christus.
2507 1790 2659 1846 Sicut
2679 1791 2823 1846 enim
2847 1806 2963 1847 mos
2990 1800 3074 1847 est
3098 1793 3426 1858 divinorum,

230 1886 318 1941 Ita
354 1898 404 1940 et
439 1887 696 1941 Dominus
750 1889 1044 1953 ordinavit,
1091 1897 1220 1955 etc.,
1263 1903 1434 1959 usque
1481 1889 1550 1944 ad
1599 1889 1744 1945 nullo

148 1979 346 2032 horum
370 1995 496 2033 usus
526 1996 664 2033 sum.
695 1979 864 2033 Video
898 1987 952 2035 et
983 1979 1085 2033 alia
1109 1979 1380 2051 jumenta,
1411 1988 1542 2046 etc.,
1575 1995 1747 2050 usque

149 2068 226 2122 ad
257 2068 644 2138 lucrifacerem.
697 2069 831 2141 (ld.,
878 2080 1034 2124 tract.
1076 2071 1132 2124 in
1170 2071 1306 2142 psal.
1347 2087 1464 2140 cm,
1489 2081 1618 2127 tom.
1653 2073 1742 2140 IV,

147 2169 303 2230 part.
328 2176 390 2224 ιι,
415 2159 516 2214 001.
551 2144 686 2214 1564
719 2169 775 2215 et
798 2160 938 2232 seq.)

229 2249 558 2315 Producens,
578 2251 772 2320 inquit,
785 2251 1201 2322 propheta,etc.,
1215 2267 1385 2322 usque
1398 2251 1464 2307 ad
1479 2251 1649 2308 salvos
1663 2253 1746 2323 fa-

148 2358 343 2395 cerem.
369 2341 491 2412 (ld.,
507 2342 726 2395 tract.in
739 2342 874 2412 psal.
888 2357 1004 2407 cm,
1021 2350 1152 2397 tom.
1165 2341 1365 2408 lV,col.
1383 2343 1520 2398 1565
1535 2354 1588 2398 et
1603 2346 1743 2414 seq.)

231 2426 297 2480 Et
325 2429 497 2498 factus
523 2444 640 2482 sum
658 2427 863 2481 ludatis
883 2436 1133 2498 tanquam
1154 2427 1396 2493 Iudaeus,
1445 2437 1500 2481 ut
1525 2427 1742 2482 Judwos

148 2521 416 2583 lucrarer,
441 2529 573 2584 etc.,
611 2533 781 2588 usque
830 2519 897 2573 ad
943 2518 1112 2573 salvos
1143 2519 1386 2589 facerem.
1424 2518 1538 2574 Hoc
1573 2528 1743 2574 totum

150 2610 318 2672 dixit,
350 2625 453 2664 non
487 2617 548 2662 ut
575 2607 861 2673 fallaciter,
891 2618 1019 2674 etc.,
1049 2625 1209 2679 usque
1240 2609 1307 2662 ad
1338 2608 1581 2682 intelligi.
1616 2609 1737 2679 (ld.,

147 2703 311 2771 epist.
343 2702 412 2754 ad
437 2699 714 2771 Ilierony.,
751 2709 878 2755 tom.
908 2701 971 2766 11,
1005 2700 1108 2756 001.
1143 2700 1244 2756 156
1275 2712 1329 2758 et
1359 2703 1498 2775 seq.)

229 2794 428 2849 Factus
456 2810 598 2859 sum,
632 2794 828 2863 inquit,
856 2793 1076 2858 Judazis,
1105 2803 1234 2861 etc.,
1263 2811 1425 2865 usque
1452 2795 1522 2849 ad
1551 2795 1595 2851 si
1627 2795 1743 2866 ipse

147 2895 463 2959 εει-0101³01.
497 2886 593 2956 (Ex
625 2887 769 2949 eod.,
801 2885 903 2940 col.
940 2884 1087 2955 155.)

231 2977 383 3044 Quod
433 2985 610 3030 autem
659 2975 793 3040 dixi,
820 2974 1021 3030 factum
1068 2973 1268 3030 Judaais
1329 2983 1586 3044 tanquam
1639 2974 1738 3030 Ju-

150 3068 356 3131 dzrum,
393 3077 522 3128 etc.,
549 3082 710 3136 usque
747 3065 816 3118 ad
871 3073 928 3118 ιιι
969 3079 1158 3119 omnes
1210 3064 1570 3119 luerifacerct.
1617 3064 1738 3136 (ld.,

151 3172 229 3210 ea:
256 3156 404 3224 epist.
437 3156 506 3208 ad
534 3153 780 3220 Hierom,
810 3163 939 3208 tom.
971 3152 1034 3219 II,
1066 3152 1171 3208 col.
1200 3152 1302 3206 287
1333 3161 1388 3208 et
1415 3152 1556 3223 seq.)

232 3245 346 3300 1100
374 3259 504 3315 ergo
533 3244 887 3298 exbibeamns
916 3241 966 3296 ei
1003 3241 1156 3312 cujus
1190 3242 1580 3306 inﬁrmitatem,
1609 3249 1738 3306 etc.,

149 3353 322 3407 usque
344 3336 412 3389 ad
436 3336 794 3406 patrocinium
819 3343 1084 3404 quaerunt.
1116 3335 1239 3407 (ld.,
1268 3334 1358 3389 lib.
1392 3335 1616 3402 Quwst.,
1651 3335 1740 3402 85,

150 3437 289 3483 tom.
324 3426 413 3492 Vl,
442 3426 544 3481 col.
574 3426 687 3498 82.)

227 3517 378 3574 iusto
405 3518 488 3574 lex
515 3519 685 3589 posita
711 3533 817 3573 non
841 3526 1086 3582 est.etc.,
1109 3534 1271 3588 usque
1293 3517 1363 3571 ad
1382 3517 1582 3590 indiget
1599 3518 1743 3574 litte-

150 3612 258 3664 ris.
287 3609 422 3679 (ld.,
448 3619 602 3662 tract.
627 3609 681 3661 in
702 3608 837 3678 psal.
867 3625 916 3673 ι,
937 3618 1064 3663 tom.
1089 3607 1178 3674 IV,
1205 3618 1347 3677 part.
1383 3625 1420 3674 ι,
1451 3609 1554 3664 001.
1583 3610 1696 3681 67.)

233 3700 460 3755 Nescitis
488 3703 625 3771 quod
666 3702 703 3756 ii
743 3702 832 3772 qui
863 3703 917 3755 in
954 3703 1126 3755 stadio
1162 3711 1378 3756 currunt
1411 3720 1585 3757 omnes
1623 3705 1741 3774 qui-

149 3797 275 3849 dem
319 3806 560 3859 currunt,
606 3796 697 3849 sed
742 3811 877 3849 unus
921 3796 1142 3864 accipit,
1185 3805 1316 3858 etc.,
1353 3810 1523 3863 usque
1554 3797 1619 3850 ad
1649 3812 1742 3849 nos

150 3897 334 3942 autem
386 3888 762 3956 incorruptam.
805 3886 1006 3942 Omnes
1051 3885 1267 3955 quidem
1311 3896 1558 3950 currunt,
1606 3895 1740 3952 etc.,

151 3999 323 4053 usque
357 3983 425 4034 ad
453 3997 645 4036 cursus
672 3989 772 4036 est.
803 3980 926 4051 (ld.,
950 3989 1104 4033 tract.
1139 3980 1192 4033 in
1223 3979 1358 4049 psal.
1388 3995 1576 4044 xxxix,
1608 3989 1737 4033 tom.

149 4072 250 4138 IV,
281 4080 420 4143 part.
448 4088 486 4138 ι,
514 4071 619 4126 001.
643 4071 796 4140 441.)

228 4165 343 4234 Ego
377 4165 538 4234 igitur
570 4163 644 4217 sic
692 4179 867 4227 curro,
892 4169 1024 4226 etc.,
1055 4175 1226 4230 usque
1270 4160 1339 4214 ad
1377 4161 1529 4231 quasi
1570 4176 1741 4214 aerem

149 4256 452 4322 verberans.
495 4253 610 4307 Non
668 4253 1022 4321 undecunque
1064 4251 1246 4315 datur,
1285 4260 1417 4319 etc.,
1466 4267 1625 4320 usque
1671 4249 1740 4302 ad

149 4347 441 4400 tenebrosa
472 4359 723 4398 caverna.
754 4342 876 4412 (ld.,
903 4352 1056 4396 tract.
1079 4343 1134 4395 in
1159 4341 1293 4412 psal.
1321 4357 1450 4406 Lvu,
1484 4349 1618 4396 tom.
1646 4339 1738 4407 IV,

148 4444 300 4506 part.
337 4452 376 4500 ι,
404 4436 508 4490 001.
537 4435 688 4506 679.)

1845 1888 1981 1945 etc.,
2011 1897 2170 1950 usque
2198 1881 2267 1934 ad
2293 1887 2412 1934 erat
2438 1879 2710 1937 Christus.
2745 1881 2865 1951 (ld.,
2895 1881 2985 1936 lib.
3011 1894 3178 1938 contr.
3212 1882 3428 1949 Faust.,

1847 1984 1978 2028 tom.
2014 1972 2147 2037 VIII,
2180 1971 2284 2027 col.
2316 1971 2467 2043 526.)

1917 2062 2071 2130 Quod
2117 2063 2185 2117 de
2232 2069 2410 2133 petra,
2437 2077 2576 2132 aqua
2619 2062 2810 2118 educta
2857 2073 2962 2130 est,
2997 2073 3128 2131 etc.,
3158 2080 3320 2134 usque
3361 2068 3429 2119 ad

1846 2152 1992 2224 ligna
2022 2161 2148 2207 sunt
2175 2152 2375 2207 crucis.
2416 2151 2538 2221 (ld.,
2569 2151 2660 2206 lib.
2693 2151 2892 2218 Quaest.
2926 2152 3169 2221 Numen,
3212 2156 3294 2208 tit.
3337 2154 3426 2210 55.

1843 2253 1979 2302 tom.
2008 2245 2073 2313 V,
2105 2254 2244 2316 part.
2273 2261 2332 2311 ιι,
2365 2245 2470 2300 001.
2503 2246 2635 2301 1551
2667 2256 2724 2300 et
2750 2248 2892 2319 seq.)

1915 2336 2158 2406 Namque
2190 2336 2419 2407 disrupit
2451 2351 2620 2403 mare,
2651 2344 2706 2392 et
2737 2337 2949 2407 trajecit
2987 2353 3102 2402 eos,
3135 2347 3192 2392 et
3239 2340 3427 2394 statuit

1845 2443 2014 2500 aquas
2037 2427 2191 2498 quasi
2221 2429 2276 2482 in
2296 2439 2468 2493 utres,
2493 2439 2622 2489 etc.,
2657 2444 2817 2499 usque
2837 2429 2906 2482 ad
2928 2429 3272 2486 credentibus
3303 2445 3430 2501 gra-

1846 2521 1942 2576 tia.
1961 2519 2258 2589 (ld.,tract.
2283 2516 2649 2590 psalfoxvn,
2675 2528 2804 2574 tom.
2829 2518 2918 2585 IV,
2941 2520 3252 2590 part.t,col.
3271 2520 3424 2590 995.)

1916 2608 2031 2664 Non
2059 2618 2143 2664 est.
2168 2609 2392 2672 dictum,
2416 2607 2574 2662 Petra
2601 2607 2944 2678 signiﬁcabat
2970 2607 3266 2673 Christum,
3291 2618 3421 2673 etc.,

1845 2717 2009 2772 usque
2035 2700 2104 2754 ad
2134 2699 2430 2770 appellans.
2469 2699 2593 2769 (ld.,
2622 2708 2770 2752 tract.
2800 2699 2855 2752 in
2886 2696 3087 2769 Evang.
3115 2714 3217 2752 sec.
3240 2699 3423 2765 Joan.,

1846 2798 1978 2846 tom.
2010 2789 2096 2855 111,
2123 2798 2264 2859 part.
2285 2805 2323 2853 ι,
2353 2788 2454 2843 001.
2492 2788 2672 2858 1805.)

1917 2881 2142 2936 Multum
2173 2881 2288 2935 haec
2317 2880 2518 2935 locutio
2549 2879 2778 2935 notanda
2808 2888 2912 2946 est,
2937 2880 3026 2936 ubi
3055 2879 3232 2950 aliqua
3260 2881 3426 2952 signi-

1846 2970 2085 3036 ﬁcantia,
2119 2984 2305 3024 carum
2336 2983 2516 3024 rerum
2558 2983 2693 3038 quas
2734 2969 3040 3039 signiﬁcant
3074 2968 3294 3024 nomine
3332 2984 3426 3040 ap-

1847 3066 2131 3137 pellantur.
2163 3064 2292 3119 lnde
2319 3072 2403 3117 est
2430 3061 2572 3132 quod
2597 3062 2672 3115 ait
2692 3061 2980 3132 Apostolus
3004 3079 3020 3116 :
3049 3059 3207 3116 Petra
3239 3069 3418 3115 autem

1768 3151 1813 3213 C
1844 3168 1962 3215 erat
1984 3157 2252 3214 Christus.
2290 3155 2406 3211 Non
2441 3155 2538 3220 ait,
2571 3153 2728 3209 Petra
2760 3154 3100 3225 signiﬁcabat
3129 3153 3418 3209 Christum.

1848 3248 1999 3304 Solet
2020 3263 2108 3302 res
2134 3263 2254 3317 quae
2280 3245 2567 3317 signiﬁcat,
2585 3253 2711 3310 etc.,
2743 3261 2903 3312 usque
2932 3244 3000 3298 ad
3027 3259 3125 3313 per
3155 3244 3428 3314 signiﬁca-

1847 3339 2066 3396 tionem.
2085 3339 2203 3409 (Id.,
2231 3338 2322 3392 lib.
2341 3335 2540 3403 Quwst.
2570 3334 2716 3403 Lern,
2741 3333 3194 3402 tit.L1x,tom.III,
3219 3343 3360 3407 part.
3385 3351 3423 3400 ι,

1844 3430 1947 3487 001.
1982 3430 2130 3501 705.)

1915 3521 2107 3577 Omnia
2135 3519 2495 3592 signiﬁcantia
2525 3520 2800 3586 videntur,
2830 3526 2962 3584 etc.,
2989 3534 3150 3589 usque
3174 3517 3243 3572 ad
3272 3516 3430 3573 Chri-

1843 3621 2008 3669 stum.
2040 3611 2164 3683 (ld.,
2194 3611 2284 3666 lib.
2309 3611 2373 3664 de
2401 3609 2512 3665 Civ.
2545 3609 2658 3673 Dei,
2696 3611 2782 3674 18,
2809 3617 2938 3662 ιοιη.
2968 3607 3077 3674 VII,
3103 3607 3206 3662 col.
3239 3608 3388 3678 591.)

1917 3705 2023 3761 Sed
2065 3721 2168 3758 non
2209 3705 2265 3757 in
2301 3703 2539 3771 pluribus
2574 3719 2754 3756 eorum
2783 3700 3160 3770 beneplacitum
3191 3709 3264 3754 est
3293 3699 3426 3754 Deo.

1848 3797 1988 3852 Nam
2018 3796 2268 3866 prostrati
2298 3803 2441 3858 sunt,
2484 3804 2618 3858 etc.,
2649 3808 2818 3861 usque
2861 3791 2926 3844 ad
2969 3807 3148 3843 eorum
3193 3806 3428 3843 murmu-

1846 3897 2112 3954 raverunt,
2149 3897 2194 3942 et
2227 3887 2490 3957 perierunt
2533 3885 2597 3939 ab
2642 3885 3062 3939 exterminatore.
3092 3882 3228 3937 Cum
3271 3881 3426 3946 dicit.

1845 3978 1961 4034 Non
1999 3979 2053 4032 in
2094 3977 2338 4046 pluribus
2366 3991 2574 4040 eorum,
2624 3981 2780 4029 erant
2807 3987 2936 4044 ergo
2963 3972 3059 4037 ibi,
3098 3981 3228 4038 etc.,
3263 3989 3428 4042 usque

1844 4071 1914 4124 ad
1963 4068 2093 4124 nihil
2142 4076 2286 4123 sunt.
2336 4066 2470 4138 (ld.,
2501 4074 2655 4120 tract.
2700 4064 2834 4135 psal.
2890 4079 3106 4129 Lxxvn,
3153 4072 3281 4119 tom.
3330 4063 3423 4128 IV,

1843 4169 1985 4230 part.
2019 4175 2058 4224 ι,
2093 4158 2195 4214 001.
2227 4158 2376 4229 985.)
3219 4147 3226 4150 ’

1914 4249 2260 4321 Evangelium
2291 4248 2394 4320 legi
2427 4247 2596 4302 veteri
2625 4260 2948 4316 comparans
2977 4245 3256 4312 Dominus,
3287 4254 3422 4310 etc.,

1843 4359 2003 4414 usque
2037 4342 2105 4395 ad
2135 4356 2401 4410 nusquam
2441 4339 2735 4394 crudelem.
2766 4337 2892 4405 (ld.,
2927 4335 3017 4389 lib.
3051 4346 3219 4390 contr.
3250 4337 3426 4390 inimi-

1843 4449 1961 4487 cum
1999 4432 2125 4501 legis
2151 4441 2198 4485 et
2236 4431 2494 4502 prophet.,
2526 4437 2657 4483 tom.
2686 4427 2818 4490 VIII,
2847 4426 2948 4480 col.
2975 4424 3078 4480 619
3107 4433 3162 4479 et
3188 4425 3329 4494 seq.)

229 4525 338 4580 Sed
375 4527 568 4597 castigo
599 4505 785 4596 corpus
827 4544 1023 4591 meum,
1055 4535 1184 4591 etc.,
1217 4540 1388 4595 usque
1417 4526 1481 4580 ad
1518 4525 1624 4596 ipse
1654 4543 1734 4580 re-
1767 4505 1817 4563 Ῐ)
1912 4525 1989 4579 Ita
2011 4514 2103 4580 est
2135 4526 2188 4578 in
2225 4523 2464 4578 omnium
2497 4521 2796 4582 hominum,
2825 4528 2956 4581 etc.,
2991 4530 3152 4586 usque
3187 4515 3257 4566 ad
3300 4525 3426 4568 sunt

146 4618 348 4688 probus
386 4619 596 4688 elﬁciar.
639 4619 749 4673 Suo
787 4619 979 4674 timore
1021 4635 1120 4674 nos
1160 4618 1371 4673 terruit.
1405 4617 1544 4683 Quid
1591 4619 1735 4672 enim

145 4711 317 4765 faciet
345 4726 534 4781 agnus,
569 4710 656 4766 ubi
688 4711 830 4788 aries
860 4711 1080 4764 tremit?

774 4801 1002 4858 CAPUT
1052 4801 1121 4855 Χ.

225 4892 366 4948 Nolo
383 4896 519 4948 enim
543 4911 627 4949 vos
657 4896 920 4965 ignorare,
946 4902 1074 4958 etc.,
1100 4908 1270 4964 usque
1301 4894 1368 4947 ad
1393 4902 1543 4962 petra
1561 4900 1732 4944 autem

145 4995 264 5040 erat
295 4984 554 5039 Christus.
584 4985 912 5054 Exponenda
947 4999 1133 5047 unum,
1166 4993 1295 5046 etc.,
1330 4998 1490 5053 usque
1538 4982 1606 5034 ad
1648 4981 1730 5034 vi-

147 5090 264 5134 tam
294 5089 572 5134 aeternam.
629 5078 752 5150 (ld.,
802 5077 892 5131 lib.
937 5086 1101 5130 contr.
1157 5073 1371 5139 Faust.,
1412 5082 1544 5128 tom.
1593 5072 1728 5136 VIII,

145 5175 254 5230 col.
284 5173 392 5229 269
421 5182 476 5228 et
502 5173 641 5243 seq.)

220 5261 491 5334 Egyptus
533 5273 710 5318 autem
755 5261 1008 5332 quoniam
1045 5261 1452 5329 interpretatur,
1483 5266 1610 5318 etc.,
1646 5273 1732 5311 us-

144 5373 249 5427 que
297 5356 366 5410 ad
394 5365 812 5426 cognoscuntur.
851 5353 931 5424 (S.
980 5353 1139 5422 Aug.,
1191 5360 1345 5406 tract.
1391 5349 1523 5421 psal.
1575 5364 1731 5414 cxnt,

145 5459 285 5504 tom.
314 5446 400 5513 IV,
424 5458 564 5518 part.
595 5465 680 5512 nt,
705 5447 806 5502 col.
837 5445 1017 5515 1477.)

222 5538 363 5604 Quid
381 5547 462 5592 est
487 5537 817 5602 charissitni,
839 5545 970 5602 etc.,
995 5551 1156 5606 usque
1175 5535 1244 5589 ad
1267 5533 1360 5588 Dei
1387 5533 1525 5589 ﬁeri.
1551 5533 1731 5604 (lhid.,

147 5630 256 5685 col.
288 5629 468 5700 M78.)

225 5721 291 5776 Et
325 5739 498 5776 omnes
529 5741 618 5776 ver
646 5739 788 5777 mare
818 5723 1159 5788 transierunt,
1183 5730 1230 5776 et
1258 5737 1451 5788 omnes,
1483 5729 1613 5785 etc.,
1645 5734 1732 5775 us-

1843 4616 2077 4687 ignihus.
2111 4614 2292 4686 (lhid.,
2319 4613 2424 4668 col.
2459 4611 2608 4682 620.)

1913 4707 2045 4774 Quis
2074 4715 2252 4760 autem
2303 4704 2612 4760 utriuslibet
2638 4716 2823 4764 sexus,
2853 4708 2979 4762 etc.,
3009 4713 3169 4766 usque
3189 4697 3258 4749 ad
3288 4695 3424 4766 ignis

1840 4799 2047 4853 aeterni.
2079 4797 2254 4866 (lhid.,
2287 4794 2389 4851 col.
2420 4793 2567 4863 618.)

1915 4891 2095 4961 Neque
2117 4888 2410 4942 idololatria
2439 4874 2754 4956 eﬁiciamini,
2785 4892 2915 4943 etc.,
2939 4894 3108 4950 usque
3132 4878 3197 4932 ad
3229 4879 3420 4942 bibere,

1838 4991 1884 5036 et
1913 4987 2249 5034 surrexerunt
2279 4977 2472 5030 ludere.
2506 4970 2862 5029 Consurrexit
2890 4969 3114 5039 populus
3141 4969 3192 5022 in
3215 4970 3418 5032 Aaron,

1839 5081 1984 5135 etc.,
2041 5085 2202 5138 usque
2245 5068 2313 5121 ad
2366 5067 2583 5136 quidam
2625 5061 2860 5117 illorum.
2918 5058 3041 5128 (ld.,
3096 5058 3185 5111 lib.
3245 5057 3417 5111 Locu-

1836 5163 2036 5216 tionum
2068 5161 2267 5222 Exod,
2294 5160 2374 5211 tit.
2401 5157 2456 5219 9,
2484 5164 2613 5209 tom.
2646 5152 2729 5216 Ill,
2757 5158 2894 5223 part.
2926 5167 2963 5214 ι,
2994 5147 3095 5203 001.
3128 5148 3277 5216 515.)

1907 5252 2104 5306 Facilis
2135 5250 2200 5303 ad
2231 5250 2406 5303 lusum
2446 5244 2700 5316 pueritia,
2735 5251 2864 5306 etc.,
2912 5257 3073 5310 usque
3098 5239 3166 5292 ad
3204 5237 3422 5291 ludere?

1839 5344 1919 5417 (S.
1959 5346 2117 5413 Aug.,
2145 5342 2234 5396 lib.
2268 5340 2490 5406 Quwst.,
2523 5337 2611 5402 83,
2643 5344 2774 5392 tom.
2807 5335 2894 5398 VI,
2923 5333 3025 5388 col.
3055 5331 3167 5399 51.)

1915 5433 2096 5504 Neque
2118 5441 2369 5485 tentemus
2390 5427 2675 5492 Christum,
2700 5434 2830 5490 etc.,
2849 5438 3020 5493 usque
3044 5422 3109 5474 ad
3132 5419 3417 5489 perierunt.

1844 5528 1988 5582 Satis
2001 5533 2225 5594 apparet
2240 5521 2416 5576 Patris
2429 5530 2484 5576 et
2497 5519 2636 5583 Filii,
2654 5535 2814 5588 usque
2835 5516 2902 5570 ad
2919 5509 3267 5570 immutabilis
3279 5508 3420 5562 veri-

1841 5621 1954 5676 tas?
1975 5619 2095 5689 (ld.,
2120 5616 2208 5670 lib.
2235 5624 2401 5670 contr.
2421 5613 2770 5668 Maximinum
2791 5653 2805 5676 ,
2833 5619 2962 5664 tom.
2983 5606 3117 5671 VIII,
3138 5603 3243 5658 col.
3265 5599 3416 5669 8M.)

1910 5711 2009 5778 Qui
2043 5724 2139 5764 nos
2178 5723 2339 5779 super
2376 5724 2534 5763 omne
2577 5721 2743 5778 genus
2783 5699 3137 5772 serpentium,
3169 5703 3298 5755 etc.,
3325 5705 3422 5742 ηδτ
