3970 6306
598 381 701 436 555

1813 366 2017 424 rLom
2055 365 2325 424 DIACONI
2367 363 2672 422 MONACIII
3698 375 3762 431 λεδ
3852 345 3853 352 Ν

597 511 694 563 que
736 493 802 546 ad
842 503 1126 560 corporum
1173 483 1438 558 ﬁguravit.
1473 482 1594 553 (Id.,
1628 481 1719 535 lib.
1754 491 1921 534 contr.
1969 481 2168 535 inimic.
2203 488 2246 546 Α
2275 488 2404 543 elc.,
2436 496 2597 548 usque
2621 478 2690 532 ad
2715 484 2902 533 contra
2934 492 3011 532 se.
3041 476 3230 546 (Idem,
3260 493 3426 530 senm
3442 477 3504 530 ad
3529 478 3706 548 infantes
3722 487 3763 537 ad

598 589 727 656 legis
754 595 801 640 et
831 583 1039 654 proph.,
1073 590 1201 636 tom.
1231 577 1362 643 VIII,
1393 575 1495 632 col.
1520 573 1667 645 661.)

673 673 799 727 IIatc
833 682 1009 725 autem
1038 670 1235 732 omnia,
1263 677 1401 732 etc.,‘
1423 679 1595 734 usque
1631 663 1698 718 at]
1728 661 2041 717 strcu’orum
2079 662 2171 716 de-

598 771 861 818 venerunt.
908 757 1301 829 Temporalium
1337 755 1553 825 quidem
1595 752 2001 824 promissiones,
2039 759 2170 816 etc.,

602 868 760 924 usque
803 851 870 904 ad
927 847 1367 920 signiﬁcabantur
1422 843 1624 900 futura.
1681 842 1814 911 (Id.,
1858 841 1947 895 lib.
2000 852 2172 897 contr.

602 942 812 1007 Faust.,
839 957 890 998 c.
919 940 973 1004 4,
1003 949 1132 994 tom.
1160 937 1291 1001 VIII,
1323 937 1426 992 col.
1456 935 1559 990 217
1590 943 1646 990 et
1672 936 1816 1004 seq.)

666 1031 759 1087 Isti
795 1029 1013 1086 omnino
1054 1027 1304 1082 nesciunt
1346 1025 1494 1096 quid,
1521 1033 1650 1090 elc.,
1677 1041 1837 1093 usque
1877 1023 1946 1078 ad
1991 1022 2172 1078 futura

597 1119 1045 1190 praniicebantur.
1075 1117 1175 1187 (Ex
1207 1116 1352 1178 eod.,
1378 1115 1496 1180 lib.,
1531 1113 1635 1169 col.
1665 1113 1815 1184 228.)

664 1214 904 1282 Longum
935 1199 1023 1266 est
1048 1208 1258 1280 singula
1285 1221 1730 1269 commemorare,
1758 1213 1889 1270 etc.,
1921 1222 2082 1276 usque
2107 1206 2174 1259 ad

596 1303 999 1360 similitudinem
1025 1301 1141 1356 Dei.
1175 1299 1302 1372 (Id.,
1329 1298 1418 1352 lib.
1450 1296 1672 1364 ῥαίνει,
1703 1297 1783 1349 tit.
1807 1295 1895 1361 85,
1924 1304 2054 1351 tom.
2082 1294 2172 1361 VI,

593 1397 696 1452 col.
711 1395 828 1466 45.)

667 1489 852 1558 Itaque
898 1488 988 1556 qui
1033 1502 1087 1540 se
1139 1483 1402 1538 existimat
1455 1489 1626 1544 stare,
1674 1479 1842 1533 videat
1886 1495 1949 1532 ne
1996 1479 2170 1532 cadat.

596 1579 788 1632 Multos
832 1576 978 1630 enim
1020 1589 1050 1628 a
1096 1572 1404 1644 perniciosa
1447 1569 1679 1626 elatione
1721 1567 2001 1638 reprimit,
2039 1577 2172 1632 etc.,

595 1685 754 1740 usque
771 1668 839 1721 ad
855 1665 948 1722 sed
973 1666 1181 1720 timere.
1201 1661 1320 1731 (Id.,
1339 1660 1431 1715 lib.
1455 1660 1518 1714 de
1539 1657 1687 1714 Bono
1707 1675 1928 1729 persev.,
1947 1664 2078 1712 tom.
2100 1655 2172 1722 Χ,

595 1761 699 1816 col.
737 1757 918 1828 10.5.)

2279 569 2445 622 altare
2465 570 2528 623 de
2545 577 2891 632 sacramento,
2911 575 3040 622 tom.
3061 567 3122 630 V,
3139 575 3280 637 part.
3295 583 3334 633 ι,
3358 567 3458 622 col.
3487 568 3658 624 1246a
3673 576 3763 642 seq.)
3852 581 3853 622 ἡ

2350 660 2611 726 Quoniam
2637 676 2772 713 unus
2799 659 2950 728 panis
2973 669 3020 712 et
3048 676 3230 724 unum,
3256 667 3388 723 elc.,
3409 675 3567 729 usque
3591 661 3642 713 ad
3663 663 3765 716 ralia

2276 750 2667 819 participamus.
2713 748 2850 815 Quia
2891 747 3141 804 Christus
3177 763 3368 818 passus
3409 758 3487 803 est
3525 764 3609 817 pro
3640 753 3763 816 nobis,
3852 753 3853 819 ᾗ

2277 839 2706 903 commendavit,
2735 846 2864 901 elc.,
2895 854 3059 908 usque
3096 839 3166 891 ad
3191 839 3354 892 simul
3380 839 3608 895 vivimus.
3631 842 3763 911 (Idem,

2278 947 2434 984 scrm.
2465 930 2530 985 de
2557 946 2697 985 sacr.
2712 930 2967 999 ﬁdelium,
2987 930 3121 1001 feria
3155 947 3191 985 ιι
3224 928 3464 995 Paschte,
3492 939 3605 987 tom.
3628 932 3680 998 II,
3699 935 3764 988 col.

2277 1022 2426 1096 355.)

2349 1115 2531 1186 Siquis
2559 1116 2965 1172 manducaverit
2991 1129 3057 1171 ex
3093 1116 3198 1171 hoc
3238 1130 3407 1186 pane,
3431 1116 3562 1171 vivet
3594 1117 3637 1170 in
3663 1125 3764 1172 aeter-
3852 1123 3853 1138 ‘

2279 1224 2426 1274 num,
2446 1218 2548 1264 etc.
2562 1250 2575 1274 ,
2596 1226 2757 1277 usque
2777 1210 2846 1263 ad
2871 1219 3061 1281 regnat
3082 1211 3134 1264 in
3153 1210 3313 1266 coelo.
3333 1209 3511 1281 (Idem,
3532 1220 3764 1279 tracl.xm,

2278 1303 2380 1358 col.
2412 1303 2548 1358 1612
2573 1313 2627 1358 et
2651 1306 2791 1374 seq.)

2347 1393 2502 1449 IIunc
2542 1395 2723 1464 itaque
2749 1394 2927 1449 cibum
2959 1403 3014 1449 et
3045 1403 3228 1465 potum
3250 1435 3265 1459 ,
3299 1393 3593 1448 societatem
3615 1393 3700 1447 vult
3721 1393 3768 1446 in-

2281 1482 2442 1552 telligi
2460 1524 2475 1546 ,
2501 1491 2632 1547 elc.,
2661 1499 2820 1554 usque
2846 1483 2916 1536 ad
2945 1491 2999 1538 et
3026 1483 3180 1538 bibit.
3212 1482 3379 1555 (Idem
3398 1523 3412 1548 ,
3440 1499 3500 1536 ear
3525 1483 3624 1537 cod.
3647 1500 3766 1547 sema,

2280 1583 2408 1628 tom.
2438 1573 2523 1638 III,
2556 1582 2696 1643 part.
2725 1590 2786 1640 ιι,
2819 1574 2926 1629 col.
2952 1573 3137 1646 1614.)

2354 1663 2533 1720 Videte
2554 1664 2724 1720 Israel
2746 1666 3030 1720 secundum
3055 1682 3288 1732 carnem,
3312 1674 3441 1731 elc.,
3465 1679 3612 1734 usque
3629 1665 3679 1717 ad
3693 1675 3767 1716 sint

2275 1758 2502 1813 altaris?
2533 1759 2630 1814 Est
2659 1759 2823 1815 Israel
2859 1759 3152 1814 secundum
3188 1775 3408 1814 carnem
3429 1799 3444 1824 ,
3472 1767 3522 1812 et
3559 1757 3767 1812 secundum

667 1849 708 1902 Τ
711 1849 904 1903 entalio
937 1862 1024 1900 vos
1055 1860 1155 1898 non
1185 1840 1557 1912 apprehendat,
1588 1839 1689 1893 nisi
1724 1841 1975 1891 humana.
2010 1835 2172 1890 Fiunt
2203 1841 2246 1900 Β
2275 1851 2544 1921 spy-imm.
2573 1850 2708 1905 Nam
2732 1851 2776 1906 si
2805 1851 2987 1912 Israel,
3013 1860 3146 1917 elc.,
3169 1869 3336 1922 usque
3362 1851 3430 1905 ad
3454 1847 3767 1917 cordis.(ldm,

597 1942 760 2013 igitur
799 1938 1125 1994 tentationes
1163 1951 1258 2005 per
1302 1933 1582 1997 Satanam,
1613 1948 1717 1986 non
1746 1938 2012 2001 potestate
2036 1928 2174 1997 ejus,

595 2042 727 2097 elc.,
753 2047 914 2101 usque
939 2029 1006 2082 ad
1030 2043 1135 2082 non
1161 2026 1389 2096 capitur.
1414 2024 1538 2095 (Id.,
1563 2024 1651 2078 lib.
1681 2023 1744 2078 de
1767 2021 1934 2076 Serm.
1963 2021 2177 2076 Domini

595 2127 647 2178 in
679 2130 871 2187 monte,
903 2129 1032 2175 tom.
1059 2117 1142 2180 III,
1170 2125 1312 2188 part.
1338 2131 1378 2180 ι,
1407 2115 1511 2170 col.
1540 2113 1724 2184 1284.)

667 2217 924 2272 Homines
945 2216 1087 2270 enim
1111 2228 1318 2278 sumus,
1341 2220 1470 2276 elc.,
1494 2228 1657 2282 usque
1679 2210 1747 2264 ad
1769 2209 1821 2264 in
1848 2224 1913 2263 eo
1940 2207 2177 2263 ambule-

597 2326 733 2364 mus.
753 2307 973 2380 (Id.,lib.
991 2307 1054 2360 de
1066 2304 1221 2375 Bapt.
1237 2321 1383 2373 parv.
1401 2313 1581 2357 contra
1595 2301 1756 2364 Don.,
1778 2311 1812 2354 t.
1831 2299 1922 2364 IX,
1938 2315 2011 2365 c.,
2031 2298 2174 2368 150.)

663 2398 865 2454 Fidelis
898 2408 1069 2452 autem
1107 2396 1244 2450 Deus
1281 2403 1378 2460 est,
1403 2403 1535 2458 elc.,
1565 2406 1734 2462 usque
1766 2391 1830 2444 ad
1863 2390 2048 2459 vostpsi
2082 2388 2178 2458 ju-

591 2494 761 2546 dicate
797 2491 935 2562 quod
975 2490 1109 2544 dico.
1155 2489 1324 2542 Aliter
1362 2488 1648 2551 dicimus,
1672 2501 1777 2540 non
1817 2485 1948 2540 mihi
1991 2483 2180 2538 habuit

592 2581 750 2636 ﬁdem
781 2596 795 2634 :
833 2580 1024 2644 aliter,
1063 2587 1166 2634 etc.
1188 2620 1202 2645 ,
1232 2594 1393 2649 usque
1433 2578 1501 2631 ad
1532 2576 1672 2646 quod
1709 2575 1953 2644 potestis.
1987 2572 2174 2643 (Idem,

589 2670 679 2724 lib.
712 2670 774 2725 de
806 2669 948 2740 Spir.
982 2679 1029 2724 et
1057 2668 1211 2736 litte.,
1238 2677 1371 2724 tom.
1405 2667 1474 2731 Χ,
1505 2676 1647 2736 part.
1676 2683 1718 2732 ι,
1751 2665 1854 2721 col.
1882 2663 2038 2734 235.)

660 2759 737 2815 Ne
784 2760 979 2816 futuris
1031 2761 1420 2816 tentationihus
1470 2758 1684 2812 deticiat
1733 2755 2022 2820 inﬁrmus,
2077 2768 2178 2809 nec

587 2852 724 2906 falsa
767 2867 860 2922 spe
887 2894 901 2917 ,
939 2862 1068 2916 etc.,
1101 2868 1261 2922 usque
1299 2851 1367 2904 ad
1405 2857 1707 2906 sanantem.
1741 2846 1951 2916 (Idem,
1989 2844 2079 2899 lib.
2114 2845 2178 2898 de

591 2944 924 3008 Pastoribus,
955 2952 1084 2998 tom.
1112 2943 1181 3007 V,
1208 2951 1348 3012 part.
1378 2959 1420 3007 1,
1444 2941 1550 2997 col.
1577 2939 1682 2994 276
1707 2949 1762 2995 et
1793 2939 1934 3009 seq.)

661 3033 936 3098 Diabolus,
972 3042 1212 3102 potestas
1249 3032 1497 3101 quaedam
1527 3039 1630 3085 est.
1660 3029 2010 3099 Plerumque,
2045 3037 2175 3095 etc.,

592 3143 753 3198 usque
783 3126 851 3179 ad
879 3126 1022 3196 quod
1051 3125 1297 3194 potestis.
1327 3123 1517 3194 (Idem,
1543 3132 1695 3176 tract.
1721 3121 1857 3193 psal.
1890 3136 2011 3186 ut,
2044 3130 2176 3177 tom.

591 3218 681 3283 IV,
712 3225 852 3288 part.
881 3233 919 3282 ι,
943 3215 1048 3272 col.
1079 3215 1228 3287 745.)

663 3308 729 3361 Et
772 3315 956 3377 potqu
1003 3304 1158 3360 dabis
1201 3303 1358 3360 nobis
1402 3303 1456 3358 in
1500 3302 1754 3374 Iacrymis
1805 3303 1857 3357 in
1905 3317 2176 3358 mensura.

591 3395 730 3462 Quid
753 3403 858 3461 est,
880 3402 1010 3460 elc.,
1035 3411 1197 3466 usque
1218 3394 1286 3446 ad
1315 3408 1420 3447 non
1444 3393 1789 3463 opprimaris.
1809 3391 1997 3464 (Idem,
2022 3401 2176 3446 tract.

532 3495 540 3504 '
589 3486 726 3556 psal.
757 3503 942 3551 Lxxu,
971 3495 1101 3542 tom.
1130 3470 1221 3552 IV,
1252 3494 1391 3556 part.
1422 3501 1460 3549 ι,
1486 3484 1587 3540 col.
1619 3483 1803 3555 1023.)

662 3578 788 3633 Haec
817 3593 940 3648 spes
975 3579 1098 3633 data
1133 3584 1218 3633 est
1253 3577 1468 3645 corpori
1505 3575 1728 3641 Christi,
1762 3585 1893 3642 elc.,
1925 3593 2085 3648 usque
2112 3578 2180 3631 ad

590 3672 657 3726 ab
705 3670 1008 3725 orantibus.
1047 3668 1221 3740 (Idem
1246 3709 1262 3734 ,
1312 3679 1466 3722 tract.
1509 3667 1643 3739 psal.
1690 3684 1854 3723 cxvut
1880 3710 1895 3735 ,
1932 3679 2060 3725 tom.
2089 3669 2177 3736 IV,

590 3773 730 3832 part.
764 3779 825 3828 ιι,
857 3761 960 3816 col.
997 3761 1177 3831 1541.)

661 3855 923 3910 Dominus
959 3862 1210 3923 proteget
1241 3862 1290 3909 te
1321 3869 1487 3925 super
1517 3871 1735 3910 manum
1772 3855 2009 3911 dexterae
2053 3865 2177 3910 tuae.

591 3945 750 3999 Fides
781 3954 869 3998 tua
893 3985 907 4009 ,
934 3953 1040 3998 etc.
1061 3983 1076 4009 ,
1109 3961 1272 4015 usque
1312 3944 1380 3998 ad
1421 3944 1657 4002 dextera:
1688 3954 1951 4015 protegat.
1988 3945 2179 4017 (Idem,

590 4047 745 4088 tract.
777 4034 912 4104 psal.
940 4049 1064 4099 cxx,
1096 4042 1224 4089 tom.
1256 4034 1344 4100 IV,
1383 4043 1523 4104 part.
1558 4052 1636 4098 ιιι,
1669 4036 1772 4090 col.
1800 4036 1980 4107 1615.)

664 4126 944 4181 Custodiat
968 4126 1224 4182 Dominus
1241 4129 1519 4182 introitum
1548 4136 1696 4182 tuum
1719 4137 1771 4184 et
1787 4130 1986 4182 exitum
2008 4137 2179 4193 tuum,

592 4236 656 4275 ex
705 4221 810 4275 hoc
848 4236 990 4274 nunc
1035 4229 1088 4274 et
1133 4235 1301 4288 usque
1340 4223 1393 4275 iu
1435 4223 1710 4277 sarculum.
1758 4223 1997 4288 Exitum,
2039 4222 2179 4277 idem

591 4309 893 4374 custodiat,
926 4325 1088 4379 usque
1113 4309 1181 4362 ad
1222 4319 1279 4363 ut
1319 4312 1538 4379 possitis
1569 4313 1857 4368 sustinere.
1891 4311 2088 4383 (Idem,
2118 4329 2183 4367 ea:

591 4405 771 4460 eodem
807 4402 967 4474 psal.,
1001 4411 1129 4458 tom.
1159 4401 1250 4467 IV,
1280 4411 1418 4472 part.
1451 4405 1521 4468 ιι,
1554 4405 1657 4459 col.
1690 4404 1825 4459 1617
1851 4413 1903 4459 et
1932 4406 2072 4476 seq.)

661 4497 779 4552 Non
809 4504 987 4550 autem
1019 4495 1192 4550 solum
1232 4510 1331 4565 per
1358 4495 1680 4563 cupiditates
1713 4495 1956 4550 diabolus
1987 4503 2178 4561 tentat,

2279 1939 2368 1994 lib.
2399 1941 2598 2008 Quwst.
2618 1941 2918 2008 Exod.,tit.
2949 1941 3072 2008 152,
3105 1950 3235 1997 tom.
3262 1940 3348 2007 IIl,
3371 1949 3558 2012 part.t,
3578 1937 3767 2003 col.6.l5.)
3852 1937 3853 2010 ξ

2346 2031 2472 2087 Ideo
2501 2033 2698 2103 quippe
2740 2033 2945 2088 addidit
2992 2033 3292 2088 secundum
3322 2048 3567 2097 carnem,
3600 2031 3692 2100 quia
3719 2037 3768 2082 est

2279 2122 2442 2176 Israel
2489 2125 2820 2190 secundum,
2866 2135 2998 2190 elc.,
3044 2141 3204 2195 usque
3251 2124 3322 2178 ad
3360 2131 3482 2179 sunt
3525 2130 3765 2178 sanctorum.

2281 2210 2466 2282 (Idem,
2495 2213 2586 2266 lib.
2612 2223 2794 2267 contra
2818 2212 3030 2268 Inimic.
3055 2214 3184 2286 legis
3208 2225 3257 2270 et
3289 2216 3539 2286 prophet.,
3563 2223 3665 2267 tom.
3687 2209 3766 2270 VII].

2278 2301 2381 2357 col.
2411 2301 2514 2356 626
2539 2311 2592 2358 et
2622 2303 2771 2372 157.)

2351 2392 2492 2458 Quid
2531 2394 2700 2464 ergo?
2738 2393 2868 2448 Dico
2908 2395 3049 2465 quod
3094 2395 3250 2451 idolis
3297 2394 3600 2449 immolatum
3630 2393 3677 2446 sit
3706 2390 3766 2443 ali-

2277 2485 2444 2554 quid?
2482 2495 2572 2538 aut
2611 2486 2750 2554 quod
2795 2485 2997 2539 idolum
3036 2489 3101 2539 sit
3146 2486 3389 2558 aliquid?
3428 2495 3555 2551 etc.,
3585 2479 3767 2551 usquead

2279 2575 2522 2644 fortiores
2565 2574 2656 2628 illo
2697 2575 2916 2628 sumus?
2940 2575 3028 2628 Ait
3067 2575 3379 2645 Apostolus.
3433 2574 3532 2630 Sed
3570 2573 3668 2642 quia
3697 2583 3768 2639 qua

2280 2663 2580 2729 immolant,
2631 2664 2913 2718 daemoniis
2957 2665 3237 2719 immolant
3282 2675 3409 2732 elc.,
3448 2679 3590 2733 usque
3619 2660 3672 2714 ad
3690 2672 3765 2727 spe-

2279 2752 2490 2808 Iuncam
2522 2753 2813 2808 latronum.
2843 2753 3030 2824 (Idem,
3071 2753 3160 2808 lib.
3190 2753 3374 2810 contra
3423 2752 3609 2807 Inimic.
3635 2749 3766 2817 lcgiset

2277 2845 2537 2915 prophet.,
2568 2855 2698 2899 tom.
2743 2843 2871 2911 VIII,
2907 2845 3010 2900 col.
3043 2846 3148 2901 625
3176 2856 3231 2901 et
3264 2846 3405 2918 seq.)

2355 2933 2549 2990 Verum
2583 2935 2936 3002 sacriﬁcium,
2973 2936 3117 3005 quod
3146 2937 3240 2992 uni
3275 2952 3422 3002 vero,
3451 2943 3566 3000 elc.,
3592 2925 3764 3000 usquead

2279 3025 2531 3083 Christus
2558 3026 2771 3082 obtulit.
2806 3026 2971 3098 (Idem
2992 3069 3006 3095 ,
3042 3027 3134 3083 lib.
3157 3039 3344 3084 contra
3373 3027 3568 3091 Faust.,
3589 3023 3656 3085 20,
3683 3030 3762 3074 tom.

2281 3115 2410 3180 VIII,
2443 3117 2546 3172 col.
2578 3118 2726 3180 582.)

2205 3224 2252 3286 C
2356 3205 2506 3261 Unde
2523 3186 2966 3278 jam-Christiani,
2987 3211 3191 3280 peracti
3216 3210 3453 3282 ejusdem
3475 3191 3680 3264 sacriﬁcii
3695 3212 3762 3253 me-

2283 3297 2510 3350 moriam
2536 3297 2814 3354 celebrant
2845 3310 3191 3357 sacrosancta
3219 3301 3502 3365 oblatione,
3526 3306 3575 3352 et
3617 3289 3762 3365 partici-

2281 3387 2496 3456 patione
2519 3389 2764 3458 corporis
2793 3398 2847 3443 et
2878 3392 3156 3462 sanguinis
3185 3392 3407 3447 Christi.
3436 3387 3627 3446 Exstitit
3647 3377 3763 3439 nescio

2280 3480 2401 3547 ‘IUIS
2421 3479 2746 3548 disputator,
2762 3490 2893 3548 elc.,
2915 3485 3156 3553 usquead
3175 3487 3477 3554 persuadet.
3495 3481 3651 3554 (Idem,
3665 3479 3761 3528 tract.

2279 3573 2414 3644 psal.
2446 3590 2591 3640 xcvr,
2623 3585 2751 3630 tom.
2776 3575 2866 3642 IV,
2898 3587 3036 3648 part.
3065 3596 3128 3646 ιι,
3159 3580 3264 3634 col.
3297 3578 3430 3635 1224
3454 3585 3503 3633 et
3533 3570 3646 3642 seq.)

2354 3664 2494 3720 Nolo
2524 3677 2698 3722 autem
2726 3687 2810 3723 vos
2839 3671 3006 3724 socios
3036 3671 3151 3740 ﬁeri
3187 3672 3570 3726 da'moniorttm.
3596 3663 3678 3718 Cur
3701 3671 3761 3710 non

2280 3757 2530 3826 expediat
2554 3757 2851 3815 immolatis
2870 3763 3018 3817 vesci
3039 3763 3351 3819 Christiano
3368 3804 3382 3828 ,
3407 3755 3651 3832 Apostolus
3668 3747 3762 3806 dicit.

2281 3857 2421 3917 elc.,
2458 3867 2622 3921 usque
2665 3853 2733 3906 ad
2773 3853 3039 3909 videatur.
3076 3855 3274 3927 (Idem,
3305 3856 3393 3910 lib.
3429 3861 3590 3908 contra
3620 3843 3762 3897 Fausta

2281 3960 2417 4010 xxii,
2448 3955 2574 4000 tom.
2602 3944 2732 4012 VIII,
2763 3946 2867 4001 col.
2897 3947 3046 4020 409.)

2353 4033 2801 4104 Superstitiosum
2830 4045 2913 4091 est
2942 4019 3200 4107 quidquid
3231 4038 3526 4095 institutum
3549 4037 3617 4085 est
3638 4021 3687 4077 ab
3705 4019 3763 4071 Μ’

2283 4127 2540 4193 minibus,
2565 4136 2698 4194 elc.,
2727 4146 2888 4198 usque
2919 4132 2988 4184 ad
3020 4130 3134 4200 ejus
3163 4131 3369 4188 vident.
3401 4130 3571 4201 (Idem,
3594 4119 3663 4173 lib.
3683 4129 3708 4168 ιι
3726 4111 3763 4162 dt

2282 4214 2432 4270 Doct.
2457 4217 2666 4283 christ.,
2694 4227 2824 4273 tom.
2851 4219 2939 4285 III,
2963 4231 3103 4290 part.
3131 4238 3169 4286 ι,
3200 4221 3306 4277 col.
3334 4221 3400 4276 50
3419 4227 3470 4273 et
3492 4213 3609 4282 seq.)

2355 4314 2546 4369 Omnia
2570 4316 2699 4369 mihi
2728 4315 2913 4382 licent,
2947 4318 3036 4372 sed
3064 4336 3165 4372 non
3204 4320 3380 4380 omnia
3408 4305 3662 4384 expediunt,
3681 4306 3761 4384 etc.

2282 4421 2454 4474 usque
2495 4406 2561 4460 ad
2607 4408 2697 4461 sed
2735 4408 2875 4479 quod
2913 4409 3148 4464 alterius.
3193 4411 3268 4466 De
3299 4382 3588 4482 quibusdam
3619 4404 3704 4464 ‘1"3
3722 4382 3760 4487 ξύ

2283 4512 2462 4552 escam
2500 4501 2803 4569 pertinent,
2834 4510 2939 4556 etc.
2961 4543 2976 4565 ,
3006 4519 3166 4572 usque
3195 4503 3264 4557 ad
3306 4498 3516 4558 consilio
3548 4487 3759 4546 charitaUS-

587 4595 723 4650 elc.,
749 4602 912 4656 usque
937 4585 1005 4639 ad
1036 4584 1246 4655 possint
1272 4585 1563 4639 sustinere.
1593 4585 1784 4654 (Idem,
1811 4585 1900 4639 lib.
1933 4585 1996 4640 de
2022 4585 2178 4640 Cate-
2207 4580 2257 4638 1)
2286 4589 2474 4658 (Idem,
2503 4590 2598 4644 lib.
2623 4591 2692 4644 ad
2722 4589 3066 4658 Pollentium,
3098 4602 3227 4648 tom.
3255 4593 3346 4660 XI,
3373 4591 3470 4647 col.
3493 4585 3598 4640 460.

590 4677 862 4731 chizandis
893 4675 1131 4740 rudibus,
1159 4683 1290 4728 tom.
1322 4673 1406 4740 VI,
1437 4675 1538 4732 col.
1570 4674 1721 4747 548.)

660 4767 924 4821 Ferantus
952 4781 1081 4835 ergo
1108 4765 1250 4834 quod
1277 4765 1419 4819 Deus
1449 4780 1547 4820 nos
1575 4766 1736 4831 ferre,
1764 4777 1893 4832 elc.,
1921 4783 2083 4838 usque
2111 4768 2179 4821 ad

590 4858 862 4912 sustinere
885 4857 1122 4925 possitis.
1143 4855 1334 4926 (Idem,
1352 4872 1507 4910 serm.
1525 4856 1590 4911 de
1605 4857 1827 4912 Excidio
1841 4859 1982 4912 urbis
2003 4858 2178 4925 Ilont.,

593 4959 725 5001 tom.
755 4947 839 5011 VI,
873 4945 980 5001 col.
1007 4944 1159 5016 724.)

663 5035 818 5091 Calia:
847 5035 1215 5090 benedictionis
1241 5038 1325 5090 cui
1353 5037 1722 5105 bcnedicimus,
1753 5049 1881 5106 elc.,
1910 5056 2079 5110 usque
2109 5040 2178 5096 ad

592 5125 825 5196 corporis
853 5122 1067 5178 Christi.
1092 5125 1387 5182 Audiamus
1410 5142 1655 5184 veracem
1681 5131 2020 5201 magistrum,
2045 5139 2176 5194 elc.,

594 5233 755 5288 usque
779 5217 847 5270 ad
886 5216 1200 5285 spiritaliter
1224 5218 1457 5275 bibatur.
1495 5219 1576 5290 (S.
1607 5221 1772 5294 Aug.,
1795 5239 1950 5276 serm.
1975 5223 2039 5276 de
2068 5239 2180 5278 cor-

591 5326 714 5380 pore
736 5319 782 5362 et
809 5310 1064 5380 sanguine
1091 5309 1324 5376 Domini,
1351 5321 1481 5368 tom.
1513 5312 1580 5380 V,
1611 5323 1751 5385 part.
1780 5331 1816 5378 l,
1847 5314 1950 5368 col.
1985 5313 2131 5384 729.)

662 5399 885 5468 Qualem
931 5416 1117 5456 vocem
1166 5402 1378 5460 Domini
1428 5407 1654 5462 audistis
1707 5408 1988 5462 invitantis
2041 5409 2179 5464 nos?

591 5493 723 5559 Quis
763 5492 1045 5548 invitavit?
1075 5509 1212 5565 quos
1258 5497 1540 5552 invitavit?
1571 5509 1626 5555 et
1655 5501 1784 5568 quid
1822 5501 2179 5570 pratparavit?

592 5583 610 5636 I
638 5582 840 5636 .vitavit
863 5584 1121 5642 Dominus
1146 5601 1353 5654 servos,
1377 5598 1506 5657 elc.,
1534 5606 1696 5660 usque
1716 5590 1784 5644 ad
1815 5589 1966 5646 ﬁeret
1996 5593 2175 5648 homo.

594 5674 780 5744 (Idem,
812 5692 968 5730 serm.
1001 5678 1066 5732 de
1089 5695 1227 5748 pera.
1257 5680 1486 5751 Evang.)

663 5766 775 5823 Hoc
803 5769 946 5838 quod
988 5769 1178 5826 videtis
1205 5771 1264 5844 (in
1305 5773 1474 5828 altare
1515 5775 1639 5840 Dei,
1673 5778 1834 5831 etiam
1881 5789 2175 5847 transacta,

2357 4677 2523 4734 Omne
2545 4681 2684 4751 quod
2713 4682 2768 4734 in
2793 4681 3010 4736 macello
3036 4685 3170 4738 venit
3194 4685 3514 4743 manducate,
3539 4667 3644 4728 nihil
3663 4665 3762 4716 inter-

2281 4779 2524 4840 rogantes
2571 4779 2782 4840 propter
2827 4773 3218 4827 conscientiam.
3263 4770 3469 4828 Domini
3500 4774 3565 4820 est
3601 4768 3703 4812 terra
3733 4752 3761 4856 ff

2281 4859 2548 4928 plenitudo
2599 4861 2734 4931 ejus,
2785 4871 2917 4929 elc.,
2964 4879 3132 4934 usque
3181 4865 3248 4920 ad
3299 4863 3433 4937 quod
3477 4853 3643 4930 gratias
3676 4852 3753 4908 ουδ’

2283 4922 2413 5006 Olus
2441 4952 2525 5006 vel
2549 4922 2775 5023 quilibet
2807 4922 3014 5010 fructus
3042 4922 3096 5011 in
3137 4922 3394 5027 quolibet,
3429 4922 3545 5013 etc,
3572 4949 3693 5007 κειικε

2282 5013 2593 5097 assumitur.
2621 5043 2702 5115 (S.
2747 5045 2884 5116 Aug.
2903 5087 2917 5112 ,
2946 5048 3094 5117 epist.
3145 5013 3214 5101 ad
3245 5013 3568 5102 Publicolam,
3599 5039 3692 5084 tout.
3715 5013 3758 5076 11»

2281 5135 2384 5190 col.
2414 5136 2513 5190 186
2539 5144 2593 5191 et
2616 5138 2758 5207 seq.)

2354 5227 2472 5283 Sive
2509 5245 2630 5299 ergo
2668 5231 3033 5300 manducetis,
3070 5233 3174 5288 sive
3212 5233 3412 5296 bibitis,
3440 5233 3553 5286 elc.,

2282 5321 2382 5378 υθέ
2410 5323 2581 5392 facile.
2626 5325 2714 5380 Vis
2740 5340 2870 5398 ergo
2899 5327 3162 5396 psallere?
3187 5328 3306 5384 Non
3336 5325 3495 5382 solum
3519 5327 3602 5367 vox
3626 5316 3688 5358 tua
3707 5305 3758 5398 St)-

2284 5424 2377 5470 nat
2405 5415 2610 5482 laudes,
2637 5424 2766 5480 ctc.,
2791 5389 2954 5490 iisque
2980 5420 3048 5473 ad
3077 5420 3259 5475 laudat
3285 5421 3462 5474 Deum.
3485 5410 3519 5480 (Ι
3541 5407 3638 5458 lem.
3656 5389 3753 5444 1”“

2283 5506 2418 5577 psal.
2449 5523 2625 5573 CXLVI,
2659 5517 2788 5564 tom.
2813 5509 2903 5574 VI,
2931 5521 3072 5580 part.
3107 5529 3168 5576 ιι,
3198 5512 3298 5567 col.
3337 5501 3498 5572 1899-)

2355 5598 2483 5654 Sine
2519 5602 2803 5670 oﬂ'ensione
2843 5614 3002 5657 estote
3039 5603 3247 5659 Iudicis
3284 5615 3327 5657 et
3354 5594 3562 5672 gentibus
3590 5575 3758 5711 uolgi:

2364 5693 2800 5711 --.ενι-ι·
2882 5695 2990 5711 ..τ
3146 5697 3196 5711 ..
3320 5675 3664 5711 ..-ηΑεπίιιι
3743 5676 3757 5685 '

3678 5740 3755 5818 (ιιι,

3579 5218 3702 5277 usque
3719 5193 3758 5249 εδ

2284 5705 2388 5760 que
2424 5695 2489 5746 ad
2523 5663 2577 5746 ul
2609 5693 2738 5748 salvi
2762 5694 2913 5763 ﬁant.
2946 5695 3198 5767 Nunquid
3244 5697 3333 5768 qui
3354 5663 3470 5747 Ἰιοο
3494 5675 3619 5737 dixit,
3641 5663 3676 5736 1"

2285 5783 2377 5837 hat
2422 5785 2582 5838 etiam
2614 5793 2724 5840 tam
2772 5785 2977 5854 multis,
3007 5796 3140 5855 elc.,
3171 5805 3331 5859 usque
3374 5782 3436 5839 ad
3476 5778 3522 5831 in
3546 5775 3640 5824 θ¹¹¹¹¹
