3970 6306
177 349 285 405 557

1029 337 1394 395 Ειιροδιτιο
1434 336 1501 390 IN
1541 336 1692 391 EPP.
1733 335 1959 390 PAULI.
2001 365 2072 374 -
2109 335 2214 388 EP.
2256 333 2274 387 1
2310 308 2401 388 An
2439 331 2597 389 con.

3339 331 3440 385 558

177 463 277 517 lib.
324 454 550 516 de'Cor.
601 469 648 533 et
688 456 836 511 Crat.
876 465 1006 512 tom.
1059 456 1128 522 Χ,
1178 464 1319 526 part.
1379 471 1422 520 1,
1469 452 1569 508 col.
1621 451 1768 522 945.)
1798 458 1846 516 Α
1875 453 2013 521 Quid
2060 462 2239 508 autem
2283 453 2546 523 iniquius,
2577 466 2736 522 quam
2770 451 2904 507 velle
2933 451 3032 508 sibi
3078 453 3441 520 obtemperari

257 579 316 634 Si
349 578 546 642 adhuc,
596 575 790 645 inquit,
840 572 1150 629 hominibus
1201 570 1467 644 placerem
1483 609 1512 638 ρ
1563 567 1764 623 Christi

178 684 374 725 servus
405 683 509 723 non
559 681 734 722 essem
780 664 924 736 (Gal.
962 664 1023 734 1).
1057 663 1156 730 Qui
1208 663 1520 720 hominibus
1549 670 1769 733 propter

177 763 472 817 veritatem
495 759 690 830 placet,
709 758 818 828 jam
848 771 953 811 non
989 756 1102 826 ipse
1126 755 1250 820 illis,
1281 754 1377 811 sed
1419 755 1623 810 veritas
1650 753 1768 823 pla-

179 863 294 918 cet,
325 863 456 919 etc.,
486 868 644 922 usque
674 851 742 904 ad
772 847 993 918 repellet
1033 848 1346 902 intrantem.
1387 846 1487 917 (Id.
1514 887 1528 913 ,
1558 847 1616 900 in
1655 844 1768 899 Ea:-

177 949 443 1011 positione
466 945 617 1015 epist.
638 944 706 998 ad
723 940 905 1006 Galat,
924 952 1054 997 tom.
1077 941 1164 1006 III,
1188 949 1326 1012 part.
1357 957 1420 1008 11,
1451 940 1556 998 col.
1582 939 1770 1011 2109.)

797 1072 1024 1127 CAPUT
1069 1072 1157 1125 XI.

256 1187 558 1241 lmitatores
603 1185 705 1238 mei
747 1194 908 1238 estote
957 1183 1087 1237 sicut
1119 1193 1164 1237 et
1209 1199 1302 1254 ego
1339 1180 1553 1238 Christi.
1588 1181 1772 1237 Laudo

177 1287 384 1337 autem,
433 1283 560 1340 etc.,
589 1289 759 1343 usque
788 1273 854 1329 ad
897 1289 1011 1326 mea
1055 1273 1258 1326 tenetis.
1306 1272 1363 1328 In
1393 1271 1631 1326 Ecclesia
1671 1272 1773 1326 iste

176 1366 324 1420 ordo
355 1375 460 1430 est,
506 1375 639 1429 etc.,
691 1380 852 1434 usque
899 1364 969 1416 ad
1009 1363 1150 1418 sicut
1179 1370 1233 1443 et
1277 1378 1377 1434 ego
1423 1361 1645 1417 Christi.
1690 1361 1771 1430 (S.

177 1457 326 1528 Aug.
367 1465 517 1510 tract.
541 1455 676 1526 psal.
706 1469 891 1521 χχχιχ,
927 1462 1056 1509 tom.
1085 1455 1170 1518 IV,
1200 1463 1339 1524 part.
1369 1471 1410 1520 1,
1439 1453 1543 1510 col.
1566 1453 1718 1524 456.)

270 1545 401 1600 Volo
432 1556 606 1599 autem
636 1562 723 1598 vos
765 1546 918 1609 scire,
943 1544 1081 1614 quod
1111 1545 1280 1598 omnis
1308 1544 1406 1597 viri
1447 1553 1600 1614 caput
1628 1541 1777 1597 Chrio

176 1651 303 1696 stus
329 1650 421 1694 est.
452 1638 622 1710 Caput
650 1647 845 1702 autem,
880 1646 1010 1702 etc.,
1058 1651 1230 1706 usque
1275 1637 1343 1690 ad
1371 1653 1432 1690 ac
1459 1637 1505 1689 si
1535 1634 1772 1690 decalve-

180 1741 300 1787 tur.
325 1731 402 1785 Ita
434 1738 555 1800 post
580 1735 860 1800 peccatum
916 1723 1079 1796 primi
1127 1726 1366 1782 hominis
1413 1725 1525 1779 nati
1565 1739 1774 1791 sumus,

1868 560 1896 598 a
1927 544 2246 609 minoribus,
2269 553 2397 606 etc.,
2426 560 2587 615 usque
2607 544 2675 597 ad
2700 558 2854 598 coma
2878 543 3178 598 velabatur.
3209 542 3332 614 (ld.,
3351 543 3438 597 lib.

1868 637 1931 692 de
1949 635 2116 706 Opere
2140 637 2543 704 Monachorum,
2571 646 2698 693 tom.
2732 637 2816 704 Vl,
2848 638 2952 693 col.
2979 638 3082 694 578
3110 647 3166 694 et
3187 638 3327 709 seq.)

1940 728 2182 784 Primum
2221 731 2430 800 quidem
2464 730 2880 785 convenientibus
2929 732 3067 786 vobis
3110 733 3166 786 in
3205 729 3443 796 ecclesia,

1870 820 2030 874 audio
2058 821 2314 874 scissuras
2359 821 2509 874 esse?
2544 830 2592 875 et
2621 837 2685 875 ex
2722 830 2868 891 parte
2901 822 3087 887 credo,
3122 831 3253 888 etc.,
3277 835 3448 892 usque

1871 909 1938 964 ad
1974 909 2104 978 ﬁant
2146 912 2201 966 in
2225 911 2382 965 vobis.
2418 911 2619 967 Vidcns
2652 912 2899 967 diabolus
2927 913 3121 984 templa
3145 914 3447 969 dtemonum

1872 1001 2070 1066 deseri,
2102 1009 2155 1056 et
2183 1001 2260 1064 in,
2284 1009 2412 1065 etc.,
2437 1017 2598 1071 usque
2618 1002 2686 1054 ad
2709 1017 2905 1058 nocere
2936 1004 3285 1073 permittitur.
3313 1003 3410 1075 (Id.
3433 1045 3448 1069 ,

1872 1089 1962 1145 lib.
1988 1091 2052 1144 de
2075 1090 2187 1146 Civ.
2211 1091 2329 1156 Dei,
2363 1091 2452 1157 18,
2483 1101 2613 1147 tom.
2643 1093 2750 1159 VII,
2783 1093 2885 1149 col.
2916 1093 3020 1150 612
3045 1103 3100 1150 et
3127 1097 3268 1166 seq.)

1945 1183 2334 1239 [hereticorum
2375 1199 2564 1254 genus,
2621 1184 2920 1242 callidum:
2962 1201 3070 1242 non
3119 1187 3310 1256 spiritu
3360 1201 3448 1242 sa—

1874 1273 2110 1344 pientia},
2141 1282 2272 1340 etc.,
2305 1291 2466 1345 usque
2506 1275 2576 1328 ad
2605 1275 2763 1331 malis
2789 1277 2935 1332 boui.
2962 1276 3084 1349 (ld.,
3121 1277 3212 1332 lib.
3245 1278 3310 1332 de
3341 1277 3450 1333 Civ.

1873 1366 1992 1430 Dei,
2028 1365 2112 1431 16,
2141 1375 2272 1422 tom.
2304 1366 2417 1432 VII,
2442 1368 2545 1423 col.
2580 1368 2685 1422 477
2712 1378 2767 1423 et
2792 1369 2931 1439 seq.)

1947 1458 2210 1526 Quoniam
2263 1461 2544 1515 verissime
2571 1461 2772 1515 dictum
2804 1470 2888 1516 est
2918 1479 2930 1515 :
2966 1461 3190 1532 Oportet
3224 1464 3457 1518 haereses

1875 1562 1995 1603 esse
2018 1547 2232 1615 multas,
2259 1556 2318 1602 ut
2341 1549 2552 1619 probati
2579 1549 2850 1605 manifesti
2881 1549 3012 1605 ﬁant
3033 1551 3175 1606 inter
3198 1567 3316 1618 vos,
3340 1561 3457 1607 uta-

1877 1652 1998 1692 mur
2024 1639 2208 1704 etiam,
2254 1646 2382 1705 etc.,
2410 1656 2574 1710 usque
2597 1641 2665 1694 ad
2693 1656 2798 1696 non
2850 1657 3154 1711 possumus.
3190 1643 3312 1714 (ld.,
3363 1644 3454 1698 lib.

1875 1729 1940 1784 de
1969 1747 2086 1784 vera
2117 1729 2310 1802 Relig.,
2336 1739 2466 1787 tom.
2502 1731 2585 1795 III,
2611 1741 2750 1802 part.
2779 1749 2817 1799 1,
2841 1733 2943 1789 col.
2975 1735 3120 1806 129.)

180 1833 323 1889 etc.,
342 1838 501 1898 usque
514 1821 582 1874 ad
596 1835 790 1888 aquam
814 1817 990 1888 possis
1008 1817 1273 1887 accipere.
1292 1815 1414 1889 (ld.,
1440 1815 1529 1869 lib.
1549 1813 1771 1881 Qutest.,

1951 1823 2206 1889 Quamvis
2225 1825 2367 1879 inter
2396 1840 2455 1881 se
2485 1826 2823 1890 dissentiant,
2849 1836 2903 1883 et
2920 1826 3113 1894 Judaei,
3137 1836 3266 1894 etc.,
3300 1846 3462 1900 usque

181 1916 278 1982 85,
310 1924 437 1970 tom.
464 1913 552 1978 VI,
575 1911 678 1967 col.
705 1911 820 1982 57.)

259 2007 340 2061 De
361 2006 521 2060 Patre
540 2003 755 2074 quidem
778 2016 844 2057 ac
865 2001 1004 2057 Filio
1025 2000 1210 2056 multis
1233 1999 1384 2054 libris
1405 1999 1776 2055 disseruerunt

181 2093 358 2160 docti,
407 2105 538 2156 etc.,
581 2107 743 2162 usque
790 2089 860 2144 ad
916 2089 1176 2159 quidquid
1228 2096 1330 2143 est.
1364 2086 1485 2160 (ld.,
1514 2103 1671 2142 serm.
1713 2086 1776 2140 de

183 2188 372 2257 Sym.,
401 2194 533 2240 tom.
567 2183 658 2250 VI,
693 2182 799 2238 col.
826 2181 926 2236 190
948 2189 1002 2236 et
1032 2179 1173 2251 seq.)

260 2277 457 2335 Omnia
478 2284 655 2332 vestra
670 2315 684 2338 ,
708 2289 805 2330 vos
826 2282 1002 2328 autem
1017 2271 1236 2337 Christi,
1252 2279 1383 2345 etc.,
1400 2286 1560 2340 usque
1581 2271 1649 2322 ad
1673 2283 1777 2323 non

184 2369 383 2441 possit.
402 2367 522 2437 (ld.,
541 2366 632 2420 lib.
653 2365 716 2419 de
732 2363 904 2430 Trin.,
922 2379 998 2427 vr,
1019 2361 1292 2427 tom.V|II,
1321 2360 1424 2416 col.
1452 2359 1556 2416 950
1571 2357 1778 2430 etseq.)

267 2461 412 2516 Nam
433 2462 478 2515 si
498 2475 600 2513 non
621 2458 824 2512 velatur
849 2457 1058 2522 mulier,
1081 2455 1379 2509 tondeatur.
1405 2452 1467 2509 Si
1491 2468 1629 2518 vero,
1647 2460 1777 2516 etc.,

186 2568 368 2623 usque
411 2552 478 2605 ad
526 2559 678 2620 caput
712 2564 886 2603 suum.
919 2545 1052 2601 Nolo
1104 2545 1170 2599 de
1217 2543 1550 2598 ornamentis
1579 2540 1779 2604 aureis,

186 2646 280 2700 vel
328 2625 568 2699 vestibus
605 2653 1006 2712 praeproperam
1047 2636 1281 2698 habeas,
1333 2645 1464 2698 etc.,
1518 2648 1679 2702 usque
1715 2631 1782 2683 ad

187 2737 448 2808 Neptuno
495 2733 743 2805 legimus.
773 2731 898 2804 (ld.,
925 2729 1074 2801 epist.
1127 2727 1194 2783 ad
1249 2724 1482 2789 Possid.,
1539 2731 1671 2777 tom.
1718 2719 1782 2785 11,

188 2830 302 2886 col.
336 2826 474 2883 1060
499 2835 554 2881 et
579 2824 722 2894 seq.)

282 2918 377 2971 Vir
395 2916 604 2988 quidem
627 2931 729 2968 non
752 2912 898 2965 debet
925 2908 1093 2965 velare
1115 2916 1269 2976 caput
1293 2921 1466 2965 suum.
1492 2903 1616 2974 quia
1647 2903 1784 2956 ima-

190 3029 264 3083 go
290 3022 338 3065 et
360 3007 529 3080 gloria
559 3006 655 3060 Dei
701 3014 798 3069 est,
831 3010 964 3067 etc.,
993 3017 1166 3070 usque
1210 2999 1275 3054 ad
1306 3007 1514 3068 propter
1553 2993 1784 3064 angelos.

192 3101 494 3174 Apostolus
521 3099 652 3154 dicit
696 3098 874 3152 virum
903 3109 1024 3150 esse
1080 3091 1369 3163 imaginem
1403 3089 1519 3153 Dei,
1544 3095 1599 3142 et
1627 3101 1789 3156 prep-

1877 1912 1947 1966 ad
1969 1913 2113 1968 inter
2124 1928 2237 1968 vos.
2259 1914 2378 1983 (ld.,
2394 1913 2482 1968 lib.
2501 1924 2666 1968 contr.
2684 1914 2871 1969 Faust.
2895 1916 3178 1985 tom._VIII,
3195 1916 3460 1987 col.267.)

1949 2003 2088 2059 Vasa
2133 2005 2320 2059 mortis
2369 2005 2423 2058 in
2467 2019 2597 2060 arcu
2630 2020 2727 2060 suo
2755 2006 3012 2060 Dominus
3033 2006 3260 2075 paravit.
3285 2004 3462 2072 Quaeri

1877 2102 2056 2164 potest
2078 2109 2198 2163 quze
2227 2103 2353 2151 sunt
2382 2111 2507 2150 vasa
2529 2136 2543 2159 ,
2589 2105 2718 2162 etc.,
2756 2112 2917 2164 usque
2945 2095 3014 2150 ad
3049 2096 3155 2150 sint
3179 2096 3308 2150 Deo.
3337 2097 3462 2166 (ld.,

1879 2195 2035 2240 tract.
2059 2186 2194 2256 psal.
2229 2203 2326 2252 v11,
2359 2195 2488 2242 tom.
2512 2186 2602 2252 IV,
2628 2196 2767 2257 part.
2801 2203 2841 2252 1,
2872 2187 2977 2242 col.
3002 2186 3146 2257 106.)

1953 2274 2100 2329 Multi
2138 2276 2229 2345 qui
2268 2277 2471 2346 optime
2514 2285 2742 2348 possunt
2771 2276 3085 2347 Seripturas
3126 2277 3462 2348 dignoscere,

1882 2374 2014 2431 etc.,
2038 2384 2198 2438 usque
2219 2369 2288 2423 ad
2314 2369 2447 2423 (iant
2494 2369 2636 2424 inter
2689 2386 2805 2426 nos.
2839 2369 2964 2444 (ld.,
2993 2379 3147 2424 tract.
3182 2367 3317 2440 psal.
3357 2381 3465 2430 LIV,

1886 2463 2015 2511 tom.
2045 2457 2132 2522 1V,
2166 2467 2305 2526 part.
2332 2475 2371 2522 1,
2402 2458 2505 2512 col.
2537 2459 2686 2531 645.)

1955 2545 2314 2616 Congregatio
2364 2556 2640 2602 taurorum
2692 2549 2832 2602 inter
2899 2563 3092 2603 vaccas
3147 2546 3466 2617 populorum

1886 2650 1968 2706 ut,
1996 2650 2127 2707 etc.,
2177 2659 2339 2713 usque
2386 2643 2455 2695 ad
2488 2640 2760 2697 manifesti
2805 2641 2955 2694 ﬁant.
2991 2642 3115 2710 (ld.,
3148 2649 3301 2693 tract.
3331 2637 3466 2708 psal.

1887 2745 2057 2796 1.xv11,
2085 2739 2216 2786 tom.
2244 2731 2337 2797 IV,
2358 2740 2498 2802 part.
2524 2748 2565 2797 1,
2597 2731 2701 2786 col.
2729 2731 2833 2786 856
2858 2740 2913 2786 et
2941 2731 3080 2802 seq.)

1959 2818 2184 2890 Oportet
2225 2822 2369 2876 enim
2395 2831 2450 2877 et
2473 2822 2709 2878 haereses
2747 2837 2890 2887 esse,
2933 2830 2992 2876 ut
3017 2822 3250 2892 probati,
3274 2820 3470 2889 inquit,

1889 2910 2163 2967 manifesti
2201 2911 2333 2968 ﬁant
2383 2912 2437 2968 in
2476 2912 2650 2968 vobis.
2705 2911 2796 2968 Sic
2843 2927 2992 2978 vasa,
3043 2921 3146 2966 etc.
3170 2953 3184 2977 ,
3216 2926 3377 2982 usque
3404 2911 3473 2962 ad

1891 3003 2274 3060 sincerissima:
2300 3005 2533 3060 veritati.
2559 3005 2684 3076 (ld.,
2710 3004 2801 3060 lib.
2835 3017 3004 3060 contr.
3046 3005 3316 3060 inimicum
3347 3003 3474 3074 legis

1892 3103 1940 3148 et
1969 3095 2360 3165 prophetarum,
2393 3103 2523 3150 tom.
2556 3095 2690 3162 VIII,
2722 3095 2825 3150 col.
2859 3095 3008 3166 655.)

196 3205 379 3260 terea,
426 3201 556 3256 etc.,
580 3206 742 3262 usque
785 3188 853 3243 ad
898 3186 1150 3243 cwleslcs
1179 3183 1511 3255 angelm‘um-
1544 3180 1667 3252 (Μον
1696 3178 1786 3231 lib-
1819 3177 1864 3240 C
1966 3184 2089 3239 Ideo
2109 3184 2291 3240 divina
2329 3185 2669 3256 providentia
2693 3186 2891 3242 multos
2913 3185 3110 3241 diversi
3139 3185 3344 3240 erroris
3367 3185 3478 3240 hae-

195 3286 268 3340 de
294 3283 468 3349 Trin.,
495 3297 597 3348 x11,
627 3289 758 3336 tom.
793 3278 925 3342 VIII,
952 3276 1055 3332 col.
1081 3275 1218 3331 1005
1246 3281 1300 3328 et
1329 3271 1471 3343 seq.)

276 3373 533 3444 Figurate
548 3387 610 3427 ac
623 3370 848 3443 mystice
865 3369 930 3424 de
946 3367 1172 3423 velando
1187 3364 1434 3421 muliebri
1449 3362 1644 3433 capite,
1661 3371 1764 3417 etc.
1779 3402 1793 3424 ,
1819 3413 1823 3416 λ

200 3485 372 3540 usque
394 3468 464 3522 ad
489 3465 878 3536 turpitudinem
901 3477 1076 3518 suam.
1103 3460 1152 3532 (1
1161 3460 1293 3526 bid.,
1309 3458 1412 3514 col.
1434 3457 1569 3512 1004
1584 3465 1636 3512 et
1653 3455 1794 3526 seq.)

279 3559 432 3615 Licet
459 3557 813 3613 subtilissime
837 3556 1136 3612 disseratur
1160 3552 1330 3623 ipsam
1361 3558 1596 3606 mentem
1625 3548 1797 3604 homi-

203 3651 318 3717 nis,
354 3659 486 3715 etc.,
532 3664 694 3719 usque
739 3647 809 3700 ad
856 3645 1131 3701 benedixit
1175 3660 1284 3700 eos.
1323 3642 1444 3714 (ld.,
1477 3641 1568 3694 lib.
1604 3640 1667 3694 de
1699 3637 1799 3694 Ge-

203 3745 322 3801 nesi
348 3745 417 3799 ad
445 3744 693 3808 litteram,
726 3750 856 3797 tom.
886 3739 971 3804 III,
1004 3747 1144 3809 part.
1176 3755 1216 3802 1,
1247 3738 1349 3792 col.
1375 3736 1482 3792 995
1504 3745 1557 3790 et
1586 3734 1724 3806 seq.)

284 3837 572 3914 Faciamus
624 3834 897 3890 hominem
945 3834 1012 3887 ad
1066 3831 1355 3902 imaginem
1391 3839 1446 3884 et
1492 3827 1800 3883 similitudi-

205 3946 360 3994 nem,
388 3937 515 3994 etc.,
544 3945 704 3999 usque
747 3927 816 3980 ad
855 3926 1059 3981 creavit
1081 3939 1222 3980 eum.
1250 3922 1373 3993 (ld.,
1410 3920 1499 3975 lib.
1529 3919 1592 3974 de
1626 3917 1797 3984 Trin.,

204 4034 310 4083 v11,
341 4029 472 4073 tom.
511 4016 642 4082 VIII,
671 4015 773 4071 col.
795 4014 946 4087 946.)
1389 4032 1392 4035 ·

284 4110 472 4181 Neque
512 4110 705 4165 inscite
752 4107 1121 4178 distinguitur,
1145 4107 1290 4177 quod
1330 4105 1473 4160 aliud
1503 4104 1572 4160 sit
1601 4103 1798 4174 imago,

206 4213 350 4269 etc.,
373 4219 534 4271 usque
552 4203 620 4257 ad
648 4201 959 4273 imaginem.
985 4199 1107 4271 (ld.,
1125 4199 1216 4254 lib.
1240 4216 1258 4253 1
1287 4197 1576 4253 Retractat.
1605 4203 1735 4250 tom.
1757 4194 1798 4262 I,

210 4293 324 4350 col.
349 4292 499 4363 626.)

293 4383 419 4438 Non
446 4385 581 4438 enim
615 4384 692 4438 vir
731 4396 794 4438 ex
825 4381 1040 4438 muliere
1070 4391 1167 4448 est,
1192 4391 1324 4448 etc.,
1347 4396 1520 4450 usque
1547 4379 1614 4435 ad
1648 4395 1803 4451 prop-

1899 3276 2117 3341 reticos,
2159 3286 2246 3334 etc
2277 3319 2290 3345 ,
2335 3296 2497 3350 usque
2539 3279 2609 3334 ad
2636 3279 2976 3350 pulsantibus
3027 3280 3320 3350 aperiatur.
3352 3278 3476 3350 (ld.,

1899 3369 2016 3422 item
2049 3387 2112 3423 ex
2136 3371 2314 3424 eodem
2340 3371 2431 3424 lib.
2452 3381 2619 3425 contr.
2644 3370 2983 3437 Manicha’os,
3003 3380 3134 3426 tom.
3160 3371 3246 3437 ItI,
3270 3381 3409 3441 part.
3439 3387 3474 3432 1,

1899 3461 2000 3516 col.
2028 3461 2133 3516 175
2156 3471 2209 3517 ct
2239 3463 2379 3534 seq.)

1969 3551 2266 3608 Haereticus
2289 3561 2371 3608 est
2393 3553 2484 3623 qui
2526 3553 2752 3624 alicujus
2780 3553 3114 3624 temporalis,
3139 3561 3269 3618 etc.,
3322 3570 3482 3622 usque

1900 3644 1968 3696 ad
2007 3644 2222 3712 pietatis
2259 3645 2468 3700 illusus.
2528 3645 2650 3717 (ld.,
2685 3644 2775 3698 lib.
2818 3644 2882 3698 de
2926 3641 3164 3698 Utilitate
3212 3644 3480 3707 credendi,

1902 3742 2032 3787 tom.
2068 3733 2201 3799 VIII,
2228 3735 2329 3790 col.
2373 3735 2487 3805 65.)

1970 3823 2400 3880 Convenicntibus
2421 3843 2542 3896 ergo
2564 3826 2701 3880 vobis
2725 3826 2780 3880 in
2809 3841 2988 3890 unum,
3011 3827 3126 3894 jam
3155 3841 3258 3880 non
3280 3835 3354 3879 est
3378 3824 3483 3878 Do-

1901 3916 2148 3969 minicam
2175 3932 2371 3970 caenam
2402 3916 2743 3971 manducare.
2773 3915 3139 3986 Unusquisque
3159 3919 3317 3981 enim,
3351 3925 3480 3979 etc.,

1901 4019 2072 4074 usque
2103 4006 2168 4058 ad
2197 4005 2334 4059 alius
2363 4015 2537 4060 autem
2567 4005 2740 4059 ebrius
2766 4016 2864 4060 est.
2889 4004 3063 4074 Ipsam
3111 4005 3484 4075 acceptionem

1903 4096 2278 4164 Eucharistiae,
2321 4098 2657 4153 Dominicam
2684 4112 2894 4154 coenam
2920 4110 3093 4154 vocat.
3142 4097 3276 4154 Illud
3306 4098 3487 4168 itaque

1905 4203 2142 4254 nzovere,
2196 4198 2327 4253 etc.,
2385 4206 2545 4260 usque
2585 4190 2654 4243 ad
2708 4191 2850 4246 hunc
2894 4190 3091 4246 locum.
3151 4189 3393 4261 (ld.,lib.
3420 4188 3488 4242 ad

1901 4278 2132 4335 Januar.
2176 4296 2216 4345 1,
2249 4288 2378 4335 tom.
2407 4280 2480 4344 11,
2506 4280 2608 4336 col.
2633 4281 2785 4353 205.)

1977 4369 2230 4441 Nunquid
2253 4372 2431 4426 domos
2462 4388 2564 4425 non
2604 4373 2803 4428 habetis
2848 4376 2917 4426 ad
2967 4373 3394 4428 manducandum
3440 4385 3486 4425 et

212 4483 298 4528 ter
313 4473 500 4528 virum.
519 4473 672 4530 Fecit
688 4473 831 4528 Deus
852 4473 1123 4528 hominem
1141 4472 1208 4528 ad
1223 4473 1512 4544 imaginem
1533 4487 1706 4527 suam.
1734 4469 1804 4527 Ut

1913 4461 2224 4515 bibendum?
2263 4472 2352 4516 aut
2384 4462 2672 4517 Ecclesium
2722 4463 2840 4530 Dei,
2891 4472 3022 4528 etc.,
3055 4479 3223 4533 usque
3276 4462 3344 4516 ad
3387 4479 3489 4516 non

212 4566 848 4634 quemadmodum,ctc,,
874 4566 1115 4636 usquead
1129 4536 1448 4636 sapientiam
1464 4573 1802 4635 sequeretur.
1834 4536 1883 4597 θ
1907 4550 2088 4605 laudo.
2121 4552 2362 4608 Ecclesia
2394 4554 2639 4608 llOﬂliﬂQS
2665 4562 2813 4619 sunt,
2844 4553 2911 4608 de
2933 4555 3131 4625 quibus
3173 4554 3388 4608 diCiIUl‘.
3422 4552 3492 4607 υἱ

215 4655 347 4724 (Ι‹1.,
379 4655 471 4708 lib.
503 4656 567 4710 de
581 4656 970 4710 catechizandis
993 4655 1398 4722 Rudibus,tom.
1429 4655 1802 4725 \'I,col.552.)

295 4744 520 4799 Femina
582 4744 723 4800 facta
755 4745 953 4800 dicitur
995 4746 1048 4800 in
1095 4745 1441 4816 adiutorium,
1473 4756 1602 4810 etc.,
1643 4762 1806 4816 usque

217 4835 294 4888 ad
326 4835 556 4890 Dei‘est.
599 4833 681 4905 (S.
723 4834 888 4904 Aug.,
941 4834 1032 4889 lib.
1063 4844 1230 4890 contr.
1265 4834 1523 4898 Manich.,
1557 4845 1686 4890 tom.
1718 4835 1802 4899 III,

221 4934 365 4996 part.
396 4941 439 4992 1,
465 4925 568 4980 col.
600 4925 706 4979 201
731 4933 784 4980 et
824 4926 963 4996 seq.)

301 5016 360 5072 Si
413 5017 590 5087 pariat
628 5018 727 5072 ista
767 5014 925 5082 ﬁlios,
959 5007 1099 5080 etc.,
1149 5032 1312 5084 usque
1345 5015 1414 5069 ad
1437 5031 1503 5069 ex
1529 5017 1638 5071 Deo
1664 5030 1805 5072 esse.

226 5108 352 5179 (ld.,
383 5107 473 5163 lib.
511 5118 680 5163 contr.
711 5108 946 5163 Manich.
976 5117 1102 5174 tom.
1144 5107 1227 5172 III,
1253 5114 1392 5174 part.
1426 5123 1508 5173 111,
1535 5107 1636 5162 col.
1657 5107 1809 5176 211.)

312 5199 679 5254 Verumtamen
707 5217 868 5271 neque
905 5201 987 5254 vir
1014 5199 1125 5254 sine
1152 5198 1386 5263 muliere,
1438 5216 1596 5270 neque
1623 5200 1812 5254 mulier

227 5292 343 5346 sine
368 5291 478 5344 viro
499 5291 551 5344 in
573 5289 820 5344 Domino.
848 5287 989 5342 Nam
1010 5290 1140 5343 sicut
1162 5288 1372 5355 mulier,
1397 5297 1524 5353 etc.,
1555 5305 1722 5360 usque
1745 5291 1812 5345 ad

229 5384 278 5438 ei
303 5383 416 5436 dati
436 5392 578 5436 sunt.
605 5380 758 5436 Sicut
781 5380 924 5435 enim
949 5380 1142 5434 mulier
1170 5395 1233 5434 ex
1263 5380 1403 5445 viro,
1431 5380 1504 5434 ita
1535 5389 1588 5434 et
1609 5381 1692 5435 vir
1717 5395 1813 5449 per

233 5473 515 5530 mulierem
526 5483 671 5539 ,etc.,
691 5489 850 5544 usque
864 5472 932 5525 ad
945 5472 1147 5526 habent
1160 5479 1217 5525 ut
1238 5472 1363 5526 sint.
1380 5469 1600 5542 (Id.,lib.
1618 5471 1682 5524 de
1699 5469 1815 5525 Ori-

233 5571 354 5640 gine
367 5570 558 5623 animm
571 5568 638 5622 ad
654 5566 931 5630 Renatum,
950 5565 1158 5630 tom.X,
1173 5575 1360 5634 parm,
1379 5564 1592 5620 001.449
1605 5565 1812 5635 etseq.)

311 5656 370 5712 Si
440 5659 556 5728 quis
629 5666 804 5711 autem
863 5655 1065 5716 videtur
1112 5656 1461 5709 contentiosus
1509 5672 1654 5722 esse,
1723 5672 1815 5709 nos

238 5746 395 5801 talem
424 5788 438 5813 ,
485 5755 629 5814 etc.,
680 5760 850 5815 usque
903 5745 969 5799 ad
1017 5743 1106 5798 sed
1130 5744 1182 5798 in
1231 5743 1458 5798 deterius
1509 5744 1812 5798 convenitis.

1907 4641 2187 4695 exhiberet
2221 4642 2344 4707 sibi,
2386 4651 2516 4707 etc.,
2565 4660 2728 4710 usque
2768 4644 2836 4696 ad
2881 4643 3204 4697 continetur.
3249 4641 3370 4714 (ld.,
3398 4641 3489 4694 lib.

1910 4730 2108 4796 Quasst.
2136 4731 2296 4786 Levit.
2323 4735 2402 4787 tit.
2426 4733 2516 4799 50,
2549 4743 2678 4788 tom.
2706 4733 2790 4798 Ill,
2815 4741 2951 4804 part.
2979 4749 3019 4797 1,
3041 4732 3142 4787 col.
3167 4732 3268 4787 705
3283 4734 3490 4802 etseq.)

1978 4824 2093 4894 Ego
2121 4835 2294 4879 autem
2320 4829 2495 4896 accepi
2519 4844 2551 4881 α
2585 4826 2807 4879 Domino
2829 4824 2968 4896 quod
3015 4834 3062 4878 et
3098 4825 3294 4878 tradidi
3332 4826 3490 4889 vobis,

1906 4917 2153 4987 quoniam
2177 4916 2432 4970 Dominus
2458 4926 2630 4972 noster
2651 4916 2804 4970 Jesus
2851 4913 3089 4969 Christus
3115 4914 3169 4968 in
3201 4931 3303 4986 qua
3348 4925 3495 4968 nocte

1909 5008 2214 5062 tradebatur
2257 5009 2451 5078 accepit
2484 5023 2690 5079 panem,
2717 5015 2765 5060 et
2810 5006 3007 5076 gratias
3051 5023 3208 5077 agens
3247 5006 3398 5077 fregit
3446 5015 3494 5059 et

1911 5101 2064 5155 dixit.
2098 5099 2213 5155 Hoc
2234 5110 2308 5155 est
2343 5117 2529 5170 corpus
2566 5115 2758 5166 meum,
2785 5106 2916 5163 etc.,
2944 5112 3113 5168 usque
3133 5099 3199 5152 ad
3229 5099 3282 5152 in
3325 5113 3494 5152 meam

1913 5193 2471 5247 commemorationem.
2499 5191 2734 5246 Locutus
2767 5198 2852 5246 est
2880 5191 3141 5245 Dominus
3170 5189 3234 5243 ad
3278 5188 3495 5259 Moysen

1915 5296 1970 5342 et
2020 5286 2202 5340 Aaron
2245 5286 2450 5340 dicens.
2494 5285 2600 5338 Ista
2643 5283 2916 5338 distinctio
2965 5283 3116 5352 legis,
3159 5292 3289 5346 etc.,
3335 5295 3496 5349 usque

1917 5379 1984 5432 ad
2007 5375 2676 5433 distinctionedeclaravit.
2693 5375 2774 5447 (S.
2791 5375 2954 5446 Aug.,
2977 5363 3068 5429 lib:
3100 5372 3300 5441 Qua-st.
3329 5371 3493 5426 Num.

1916 5469 1994 5521 tit.
2028 5467 2119 5534 55,
2159 5476 2286 5521 tom.
2311 5466 2396 5530 111,
2430 5466 2532 5523 col.
2558 5466 2661 5522 752
2680 5475 2734 5522 et
2755 5469 2894 5538 seq.)

1990 5558 2102 5612 IIoc
2122 5573 2251 5628 ergo
2279 5557 2627 5625 sacriﬁcium,
2671 5558 2762 5612 ubi
2812 5557 3065 5613 sacerdos
3119 5565 3203 5612 est
3253 5554 3494 5617 victima,

1919 5649 2164 5714 redemit,
2188 5660 2316 5716 etc.,
2335 5667 2494 5721 usque
2521 5649 2589 5703 ad
2617 5650 2669 5704 in
2697 5650 2869 5705 nobis.
2892 5647 3202 5720 (Id.,lib.de
3226 5644 3497 5712 Sacriﬁcio

1918 5743 2225 5811 vespertino,
2257 5750 2386 5799 tom.
2415 5743 2644 5812 V,part.
2676 5756 2737 5810 ιι,
2767 5739 2869 5796 col.
2900 5739 3030 5796 1501
3069 5746 3121 5795 et
3145 5735 3283 5806 seq.)
