3970 6306
146 288 260 343 Ml

1021 280 1385 338 EXPOSITIU
1419 280 1484 333 IN
1520 279 1671 333 EPP.
1714 278 1941 333 PAULI.
1982 307 2050 318 —-
2083 278 2189 333 EP.
2229 279 2248 333 I
2283 280 2375 334 AD
2421 280 2575 338 COR.

3317 285 3424 342 542

145 410 307 487 etc.,
353 408 528 467 usque
570 391 638 449 ad
677 391 913 487 eumdem
956 389 1234 487 Spiritum.
1277 388 1452 487 Habet
1495 388 1641 443 eiiim
1688 395 1744 442 et
1768 390 1820 451 Α
1845 388 1967 456 bus,
1996 399 2125 459 etc.,
2154 409 2317 465 usque
2343 396 2413 451 ad
2442 398 2944 457 anathematizetur.
2978 401 3105 474 (Id.,
3131 401 3222 457 lib.
3252 411 3423 457 contr.

145 481 389 546 scientia
421 488 639 541 modum
677 499 832 539 suum
870 484 1103 547 bonum,
1144 483 1191 537 si
1221 481 1383 550 quod,
1415 487 1548 545 etc.,
1584 494 1746 549 usque
1845 485 2060 556 Faust.,
2095 500 2229 547 tom.
2263 491 2395 557 VIII,
2425 492 2530 549 col.
2562 492 2668 549 474
2697 501 2752 548 et
2786 494 2928 565 seq.)

146 583 226 637 ad
263 581 508 650 corporis
535 579 801 633 sensibus.
852 576 978 647 (Id.,
1008 575 1101 631 lib.
1131 592 1208 631 xu
1246 576 1311 630 de
1356 574 1568 641 Trinit.,
1613 583 1743 630 tom.

146 672 296 738 VIII,
317 671 421 728 col.
447 669 583 725 1009
604 678 659 725 et
680 666 820 738 seq.)

1917 582 2024 639 Sed
2062 583 2227 638 multo
2278 586 2446 656 magis
2487 601 2605 656 quce
2643 585 2886 640 videntur
2924 584 3155 640 membra
3192 584 3428 656 corporis

1847 674 2139 744 inﬁrmiora
2185 692 2319 741 esse,
2372 676 2667 731 necessaria
2716 686 2856 731 sunt.
2911 676 2974 730 Et
3018 692 3136 747 quae
3181 686 3428 746 putamus

224 768 382 823 Fecit
411 767 553 822 Deus
583 766 635 820 in
668 764 941 820 intellectu
977 764 1144 820 caelos
1181 762 1486 834 spiritales,
1532 768 1749 815 sanctos
1846 764 2162 834 ignobiliora
2200 765 2431 819 membra
2460 782 2572 820 esse
2603 767 2865 836 corporis,
2892 775 3022 830 etc.,
3060 780 3232 836 usuue
3265 765 3332 819 ad
3371 774 3430 818 ut

144 874 326 915 suos:
354 858 548 928 quibus
572 872 695 916 non.
724 865 856 921 etc.,
878 872 1040 926 usque
1066 856 1134 908 ad
1157 855 1258 909 ista
1280 869 1385 908 non
1409 863 1592 907 erunt.
1623 850 1746 920 (Id.,

144 959 317 1003 tract.
356 948 490 1018 psal.
516 963 716 1010 cxxxv,
734 954 865 1002 tom.
893 948 981 1011 IV,
999 956 1142 1016 part.
1161 961 1221 1010 ιι,
1248 945 1355 1000 col.
1378 945 1514 999 1759
1534 952 1589 999 et
1609 944 1748 1016 seq.)

241 1039 462 1094 {Stet-uo
488 1039 631 1092 Deus
660 1054 813 1093 meus
842 1037 1069 1093 consilio
1093 1077 1108 1101 ,
1160 1036 1302 1091 bona
1346 1035 1589 1090 ctelestia
1627 1049 1751 1103 pro-

144 1131 318 1200 priis,
349 1138 479 1195 etc.,
516 1145 678 1199 usque
707 1129 775 1182 ad
806 1137 1091 1184 contentus
1119 1128 1209 1183 sit.
1243 1127 1364 1199 (Id.,
1399 1127 1494 1181 lib.
1528 1124 1750 1195 Confes-

144 1221 367 1274 sionum
394 1234 513 1283 xui,
551 1227 679 1273 tom.
711 1218 753 1283 Ι,
784 1219 889 1274 col.
915 1219 1020 1274 854
1046 1228 1101 1274 et
1127 1220 1267 1289 seq.)

226 1333 398 1388 Alteri
422 1333 553 1402 ﬁdes
579 1333 635 1386 in
659 1333 839 1387 eodem
868 1331 1096 1403 Spiritu,
1128 1331 1221 1386 alii
1254 1332 1428 1403 gratia
1464 1330 1752 1385 sanitatum

145 1426 209 1480 in
246 1443 353 1481 uno
381 1423 602 1495 Spiritu,
636 1424 728 1478 alii
756 1425 990 1495 operatio
1018 1427 1266 1481 virtutum
1286 1467 1302 1491 ,
1331 1425 1425 1480 alii
1459 1424 1748 1495 prophetia.

145 1519 298 1575 Vide
333 1520 497 1575 etiam
534 1519 706 1588 ipsam
736 1519 895 1573 ﬁdem
928 1518 1071 1573 inter
1100 1520 1195 1573 Dei
1228 1534 1453 1577 munera
1487 1516 1749 1587 reperiri,

144 1618 294 1675 etc.,
322 1627 483 1674 usque
507 1610 576 1664 ad
602 1607 728 1665 Jesu
753 1607 988 1665 Christo.
1018 1608 1142 1680 (Id.,
1166 1608 1258 1665 lib.
1277 1608 1531 1675 Βαναία,
1554 1616 1685 1663 tom.
1707 1607 1750 1675 I,

147 1703 262 1759 col.
290 1702 441 1773 (εει.)

226 1815 337 1870 ΑΙΙὶ
362 1814 605 1869 discretio
635 1815 937 1886 spirituum,
960 1814 1054 1868 alii
1085 1830 1274 1885 genera
1304 1814 1626 1884 linguarum,
1655 1811 1747 1867 alii

144 1908 516 1979 interpretatio
537 1923 856 1961 sermonum.
874 1907 1137 1963 Discretio
1161 1921 1291 1961 sane
1315 1905 1626 1960 ditIiciIIima
1643 1914 1748 1967 est,

147 2014 286 2054 cum
311 1998 531 2067 spiritus
557 1996 845 2067 malignus,
869 2003 1001 2061 etc.,
1026 2012 1187 2066 usque
1216 1995 1285 2049 ad
1314 1993 1484 2048 malus
1510 1994 1599 2047 sit.
1627 1991 1750 2062 (Id.,

147 2089 249 2144 lib.
283 2105 361 2143 xu
386 2088 449 2142 de
492 2085 623 2141 Gen.
654 2086 826 2149 adlit.,
857 2095 989 2141 tom.
1017 2086 1102 2151 III,
1136 2095 1276 2156 part.
1304 2100 1345 2149 1,
1373 2083 1476 2139 col.
1506 2082 1655 2153 465.)

230 2177 366 2233 Htec
397 2188 572 2232 autem
603 2176 778 2231 omnia
809 2185 1058 2246 operatur
1086 2192 1223 2229 unus
1250 2183 1407 2244 atque
1431 2172 1567 2225 idem
1585 2168 1754 2241 Spiri-

149 2281 242 2325 tus
273 2269 510 2325 dividens
537 2268 760 2338 singulis
785 2276 939 2338 prout
967 2266 1098 2322 vult.
1131 2264 1368 2335 Spiritus
1392 2271 1613 2318 sanctus
1636 2276 1755 2317 coo-

148 2368 382 2432 perator
411 2358 689 2415 estPatris
715 2367 772 2414 et
802 2358 945 2413 Filii.
978 2356 1132 2413 Unde
1161 2354 1474 2425 Apostolus,
1501 2363 1629 2419 etc.,
1660 2369 1755 2407 us-

148 2471 260 2526 que
288 2454 358 2508 ad
406 2460 679 2521 operetur.
706 2450 851 2520 (Id.,
895 2457 1048 2504 tract.
1090 2446 1226 2518 psal.
1259 2462 1458 2513 cxvm,
1490 2454 1622 2501 tom.
1658 2444 1749 2511 IV,

153 2554 307 2617 part.
335 2560 411 2610 ιι,
442 2543 547 2599 col.
575 2542 758 2612 I55I.)

233 2656 429 2714 Omnia
458 2662 637 2710 autem
667 2655 786 2710 haec
814 2661 1069 2725 operatur
1094 2666 1234 2707 unus
1267 2659 1430 2721 atque
1472 2649 1612 2704 idem
1638 2646 1761 2719 Spi-

154 2749 323 2810 ritus,
356 2746 602 2801 dividens
631 2744 923 2814 unicuique
957 2743 1171 2815 propria
1206 2752 1367 2813 prout
1396 2740 1528 2795 vult.
1563 2738 1665 2794 Alii
1697 2738 1762 2793 il-

154 2838 279 2901 lud,
309 2835 398 2889 alii
426 2835 549 2899 hoc,
580 2834 873 2889 divisiones
896 2841 1023 2888 sunt
1048 2831 1399 2901 operationis.
1430 2829 1624 2884 Omnia
1645 2828 1763 2882 haec

156 2934 422 2998 operatur
450 2939 592 2979 unus
624 2931 789 2994 atque
813 2923 955 2977 idem
988 2921 1245 2992 Spiritus,
1271 2919 1425 2973 radix
1455 2927 1539 2973 est
1578 2917 1756 2971 unita.

157 3021 255 3074 tis.
284 3016 398 3072 Nec
425 3031 711 3086 possumus
739 3014 920 3070 dicere
951 3012 1094 3085 quod
1122 3010 1374 3082 spiritus,
1415 3019 1521 3065 etc.
1542 3050 1558 3075 ,
1598 3025 1761 3080 usque

160 3110 235 3163 ad
281 3105 691 3179 signiﬁcationis
728 3104 848 3159 fuit.
898 3103 1031 3174 (Id.,
1075 3102 1169 3157 lib.
1214 3117 1269 3156 tv
1299 3101 1364 3155 de

160 3200 304 3263 vm.
334 3199 440 3255 col.
470 3197 623 3269 908.)

236 3290 582 3345 Admonendi
613 3296 740 3344 sunt
764 3288 1037 3360 legentes,
1083 3285 1517 3357 quandoquidem
1562 3285 1761 3339 donum

162 3381 284 3447 Dei,
318 3388 446 3441 etc.,
478 3395 640 3449 usque
665 3378 734 3432 ad
760 3386 815 3432 et
838 3376 1103 3432 dantium.
1133 3376 1257 3448 (Id.,
1291 3375 1381 3429 lib.
1412 3374 1476 3428 de
1503 3372 1753 3428 Trinitat.

164 3486 261 3536 xv,
294 3478 426 3525 tom.
455 3467 588 3533 VIII,
616 3467 719 3522 col.
750 3465 932 3537 1086.)

238 3559 403 3615 Forte
428 3558 550 3627 quis
579 3557 725 3612 dicat
761 3555 1024 3625 Spiritum
1056 3562 1303 3610 sanctum
1346 3554 1462 3609 dari
1505 3553 1687 3624 potius
1731 3569 1762 3609 a

164 3653 335 3708 Patre
362 3659 418 3705 et
444 3649 615 3713 Filio,
648 3658 778 3712 etc.,
809 3662 974 3717 usque
1001 3645 1069 3699 ad
1099 3660 1159 3700 se
1190 3645 1305 3714 ipse
1331 3644 1596 3700 diversus.
1634 3642 1761 3716 (Id.,

165 3746 264 3799 lib.
299 3743 365 3798 de
394 3743 539 3797 Blas.
573 3742 737 3812 Spiri.
770 3740 960 3805 sancti,
995 3748 1126 3796 tom.
1155 3739 1223 3804 V,
1255 3737 1360 3793 col.
1390 3736 1542 3808 459.)

244 3837 395 3893 Sicut
440 3836 578 3890 enim
634 3850 823 3903 corpus
866 3849 1029 3886 unum
1077 3841 1189 3897 est,
1236 3840 1283 3885 et
1326 3830 1557 3884 membra
1612 3828 1766 3882 habet

166 3930 368 3996 multa,
393 3928 570 3983 omnia
596 3937 766 3982 autem
790 3928 1022 3980 membra
1045 3924 1280 3992 corporis
1307 3939 1424 3975 cum
1451 3919 1764 3985 sintsnulta,

168 4035 337 4079 unum
367 4028 563 4083 tamen,
596 4025 727 4080 etc.,
756 4018 931 4085 usque
971 4014 1040 4068 ad
1081 4013 1252 4067 vocati
1282 4027 1486 4065 sumus.
1515 4009 1767 4079 Loquens

169 4112 241 4167 de
271 4110 534 4165 membris
559 4107 782 4173 Christi,
830 4108 932 4162 hoc
971 4117 1054 4162 est
1097 4106 1164 4160 de
1208 4103 1482 4167 ﬁdelibus,
1522 4117 1628 4157 non
1657 4102 1765 4167 ait,

169 4217 309 4269 etc.,
342 4220 505 4274 usque
532 4202 601 4256 ad
628 4202 852 4273 potestis
881 4202 1080 4257 facere.
1114 4200 1212 4272 (Id.
1244 4207 1402 4253 tract.
1448 4197 1582 4269 psal.
1616 4212 1723 4252 xxx
1745 4237 1761 4265 ,

173 4305 311 4350 tom.
344 4292 436 4359 IV,
466 4302 605 4363 part.
639 4308 680 4357 ι,
719 4290 823 4347 col.
852 4290 1003 4362 252.)

246 4385 445 4443 Omnia
481 4392 663 4440 autem
695 4384 938 4439 membra
975 4381 1219 4453 corporis
1256 4395 1381 4436 cum
1423 4378 1530 4434 sint
1572 4377 1767 4443 multa,

1778 1736 1826 1795 B

1849 879 1954 917 non
1982 862 2049 916 sit
2078 862 2305 916 schisma
2346 862 2401 916 in
2443 877 2675 932 corpore.
2718 860 2871 916 Absit
2898 870 3108 926 autem,
3156 867 3218 914 ut
3260 858 3332 914 sit
3372 858 3428 913 in

1850 954 2110 1010 membris
2139 963 2473 1019 sanctorum,
2506 964 2636 1021 etc.,
2669 970 2830 1025 usque
2856 954 2925 1009 ad
2955 953 3149 1009 rationi
3178 952 3429 1008 serviret.

1851 1046 1987 1118 (Id.,
2015 1046 2107 1100 lib.
2156 1056 2324 1101 contr.
2363 1044 2578 1112 Faust.,
2609 1061 2658 1100 c.
2686 1046 2777 1111 29,
2809 1056 2940 1100 tom.
2971 1044 3105 1111 VIII,
3150 1043 3254 1099 col.
3280 1043 3433 1113 490.)

1925 1137 2031 1194 Vos
2070 1138 2240 1205 enim,
2280 1137 2499 1203 fratres,
2534 1137 2761 1208 populus
2797 1136 2890 1193 Dei
2920 1137 3077 1199 estis,
3116 1134 3274 1191 sicuti
3316 1134 3434 1204 ipse

1853 1231 2021 1298 dixit,
2070 1238 2127 1287 et
2171 1245 2302 1287 oves
2336 1245 2550 1302 pascuae
2588 1229 2727 1300 ejus.
2760 1228 2978 1285 IIabetis
3008 1229 3063 1283 in
3096 1227 3314 1283 nomine
3336 1224 3434 1280 Dei

1850 1334 2098 1396 pastores
2118 1366 2133 1392 ,
2162 1332 2292 1389 etc.,
2338 1340 2501 1394 usque
2533 1323 2601 1378 ad
2637 1323 2691 1377 in
2728 1336 2973 1393 corpore.
3015 1320 3148 1392 (Id.,
3179 1335 3335 1375 serm.
3368 1317 3434 1372 de

1859 1416 2005 1489 Ver.)

1924 1507 2028 1564 Sed
2056 1509 2114 1563 in
2140 1508 2368 1579 idipsum
2400 1524 2495 1577 pro
2526 1506 2743 1563 invicem
2779 1505 3004 1562 sollicita
3031 1511 3151 1560 sunt
3176 1502 3432 1568 membra,

1853 1612 1900 1657 et
1928 1603 1975 1656 si
2001 1602 2127 1671 quid
2155 1601 2355 1669 patitur
2378 1616 2540 1655 unum
2575 1599 2885 1665 membrum,
2912 1606 3043 1663 etc.,
3081 1609 3254 1665 usque
3282 1592 3350 1647 ad
3385 1600 3442 1648 et

1853 1694 2142 1749 membrum
2179 1697 2241 1748 de
2282 1693 2531 1748 membro.
2575 1691 2704 1747 Plus
2746 1705 2877 1747 sane
2913 1703 3076 1761 quam
3114 1687 3218 1744 dici
3256 1692 3436 1757 potest

1855 1785 2084 1840 miratus
2111 1799 2263 1849 sum,
2295 1784 2436 1853 quod
2466 1797 2568 1838 nec
2596 1790 2777 1849 tanta,
2824 1789 2953 1845 etc.,
2989 1795 3152 1849 usque
3188 1777 3258 1831 ad
3296 1776 3434 1831 dona

1849 1873 2167 1929 victoribus.
2192 1873 2314 1944 (Id.,
2342 1873 2494 1944 epist.
2516 1873 2585 1928 ad
2609 1871 2716 1926 Ital
2744 1913 2759 1938 ,
2787 1879 2916 1925 tom.
2945 1869 3009 1935 II,
3032 1868 3135 1924 col.
3163 1865 3316 1936 565.)

1923 1963 1991 2017 Et
2018 1964 2275 2034 quosdam
2301 1963 2510 2034 quidem
2534 1963 2769 2032 exposuit
2797 1961 2935 2016 Deus
2960 1960 3016 2014 in
3034 1957 3291 2021 Ecclesia,
3322 1957 3434 2026 pri-

1852 2069 1995 2108 mum
2035 2052 2297 2123 apostolos
2340 2054 2568 2109 secundo
2611 2052 2888 2123 prophetas
2911 2092 2924 2117 ,
2972 2049 3124 2105 tertio
3165 2048 3434 2111 doctores,

1856 2145 2043 2201 deinde
2069 2147 2307 2213 virtutes,
2335 2155 2465 2213 etc.,
2504 2161 2675 2217 usque
2697 2144 2763 2199 ad
2792 2144 3026 2215 nunquid
3062 2157 3238 2197 omnes
3268 2141 3435 2194 inter-

1854 2239 2166 2308 pretantur?
2190 2238 2299 2293 Lex
2330 2238 2473 2293 enim
2502 2252 2599 2308 per
2623 2236 2841 2309 Moysen
2867 2236 2992 2290 data
3013 2243 3120 2301 est,
3148 2233 3321 2306 gratia
3348 2246 3443 2285 au-

1860 2336 1969 2384 tem
2012 2339 2067 2385 et
2106 2330 2309 2386 veritas
2346 2344 2447 2400 per
2482 2327 2666 2384 Jesum
2705 2327 2983 2384 Christum
3023 2325 3166 2382 facta
3208 2331 3312 2379 est.
3352 2320 3442 2377 Ex

1858 2424 2047 2496 cujus,
2084 2434 2216 2490 etc.,
2261 2440 2424 2494 usque
2461 2422 2530 2476 ad
2574 2430 2759 2492 posset
2800 2419 3138 2492 pr0pbetari.
3177 2417 3301 2489 (Id.,
3347 2413 3441 2469 lib.

1860 2528 2029 2574 contr.
2059 2514 2278 2581 Faust.,
2306 2530 2356 2570 c.
2388 2514 2473 2577 I9,
2502 2513 2663 2569 Joan.
2694 2529 2737 2578 ι,
2765 2521 2896 2567 tom.
2924 2510 3055 2574 VIII,
3090 2509 3193 2566 col.
3220 2505 3373 2576 555.)

1932 2610 2067 2666 Illud
2097 2624 2311 2680 quoque
2339 2608 2478 2663 sicut
2506 2605 2966 2676 imperitissimus,
3008 2617 3138 2667 non,
3174 2608 3310 2663 etc.,
3359 2613 3447 2650 us-

1861 2720 1961 2775 que
1986 2703 2055 2757 ad
2082 2701 2379 2758 secundum
2416 2713 2655 2755 carnem.
2690 2696 2814 2768 (Id.,
2854 2695 2944 2750 lib.
2978 2702 3143 2749 contr.
3175 2690 3449 2746 inimicum

1863 2799 1992 2869 legis
2017 2781 2065 2852 et
2093 2794 2302 2866 proph.,
2335 2800 2460 2847 tom.
2497 2789 2630 2855 VIII,
2656 2788 2761 2845 col.
2792 2785 2897 2843 644
2921 2794 2976 2842 et
3001 2784 3146 2855 seq.)

1934 2885 2291 2943 .eEmulamini
2330 2892 2501 2938 autem
2549 2881 2869 2936 charismata
2912 2877 3152 2941 meliora,
3192 2883 3239 2928 et
3275 2871 3450 2926 adhuc

1865 2979 2280 3036 excellentiorem
2303 2978 2442 3031 viam
2468 2975 2609 3030 vobis
2633 2974 2954 3028 demonstro.
2981 2969 3209 3041 Respice
3235 2966 3302 3023 ad
3332 2981 3452 3021 mu-

1400 3067 1575 3167 τήηᾷ
1628 3067 1759 3155 ιδῃ).
1787 3088 1841 3157 c
1873 3090 2003 3130 nera
2034 3073 2203 3145 ipsius
2227 3070 2501 3127 Ecclesiae.
2550 3067 2743 3123 Munus
2782 3072 3279 3129 sacramentorum,
3315 3068 3450 3125 etc.,

1868 3182 2032 3237 usque
2072 3165 2141 3220 ad
2182 3178 2407 3236 regnum
2452 3159 2733 3217 ctelorum.
2768 3157 2892 3227 (Id.,
2931 3164 3086 3211 tract.
3140 3153 3275 3226 psal.
3314 3167 3450 3216 CIII,

1865 3270 2000 3316 tom.
2031 3257 2123 3324 IV,
2155 3264 2298 3329 part.
2331 3271 2395 3320 ιι,
2425 3253 2530 3311 col.
2558 3252 2698 3309 1545
2724 3261 2779 3307 et
2805 3250 2949 3321 seq.)

1936 3351 2203 3421 Quoniam
2243 3364 2447 3420 egenus
2493 3355 2656 3417 atque
2697 3345 2916 3416 indigus
2947 3356 3102 3398 amor
3144 3340 3217 3396 ita
3255 3338 3453 3410 diligit,

1863 3453 1996 3510 etc.,
2021 3459 2185 3514 usque
2205 3439 2275 3496 ad
2305 3439 2626 3495 cbaritatem
2649 3434 2872 3492 Christi.
2899 3432 3031 3505 (Id.,
3060 3430 3151 3486 lib.
3178 3430 3244 3484 de
3268 3427 3458 3482 Genesi

1869 3538 1938 3592 ad
1976 3536 2229 3599 litteram,
2255 3536 2307 3599 1,
2342 3542 2474 3588 tom.
2506 3531 2590 3595 III,
2625 3542 2765 3602 part.
2797 3546 2837 3595 ι,
2868 3526 2971 3584 col.
3000 3525 3154 3597 251.)

1940 3626 2108 3684 Olivae
2136 3625 2345 3680 fructus
2363 3622 2687 3678 cbaritatem
2705 3619 2991 3691 signiﬁcat.
3011 3616 3163 3673 Unde
3183 3615 3307 3677 hoc,
3322 3622 3425 3668 etc.
3438 3652 3453 3677 ,

1865 3738 2030 3793 usque
2085 3720 2155 3774 ad
2197 3716 2532 3775 ceciderunt.
2584 3713 2717 3786 (Id.,
2760 3721 2911 3767 tract.
2975 3711 3029 3765 in
3073 3707 3278 3777 Evang.
3327 3721 3455 3768 δρα,

1870 3814 2055 3877 .1οαη.,
2086 3810 2143 3878 6,
2166 3820 2298 3866 tom.
2324 3809 2413 3874 III,
2444 3817 2584 3879 part.
2615 3822 2674 3870 ιι,
2708 3806 2811 3862 col.
2847 3803 2984 3860 1455
2998 3814 3053 3857 et
3080 3801 3224 3872 seq.)

1944 3902 2219 3962 Fortassis
2242 3902 2538 3971 Scripturae
2574 3906 2830 3955 scrutatae
2860 3897 3104 3952 indicant
3125 3892 3290 3963 quod,
3321 3899 3453 3951 etc.,

1870 4014 2036 4070 usque
2067 3995 2137 4050 ad
2164 4003 2375 4050 mortua
2399 3992 2766 4063 deputabitur.
2795 3988 3092 4061 (Id.,tract.
3116 3982 3320 4054 Evang.
3351 3998 3455 4037 sec.

1877 4090 2063 4155 Joan.,
2092 4089 2148 4155 9,
2183 4097 2313 4143 tom.
2339 4086 2430 4150 III,
2461 4092 2601 4154 part.
2638 4099 2699 4151 ιι,
2733 4082 2836 4139 col.
2869 4079 3055 4151 I462.)

1941 4181 2093 4238 Finis
2129 4182 2273 4238 enim
2303 4180 2557 4253 praecepti
2591 4187 2675 4235 est
2700 4178 2942 4234 charitas
2970 4176 3039 4233 de
3092 4176 3256 4232 corde
3299 4189 3457 4245 puro.

1875 4274 2104 4343 Quando
2135 4273 2260 4338 isto,
2292 4278 2424 4337 etc.,
2455 4286 2618 4341 usque
2637 4268 2706 4323 ad
2730 4282 2894 4339 opere
2928 4268 3303 4338 requiruntur.
3334 4263 3461 4333 (Id.,

1878 4373 2031 4418 tract.
2055 4362 2191 4434 psal.
2219 4376 2413 4426 cxvm,
2447 4369 2577 4415 tom.
2602 4358 2693 4425 IV,
2725 4366 2869 4430 part.
2900 4374 2962 4426 ιι,
2992 4357 3096 4413 col.
3131 4354 3313 4423 1540.)
3386 4366 3389 4367 ⁷

174 4494 350 4534 unum
400 4485 487 4531 est
529 4491 755 4547 corpus,
804 4476 880 4530 ita
922 4483 979 4530 et
1015 4444 1286 4529 Christus,
1328 4471 1445 4527 Non
1493 4471 1571 4524 ait.
1608 4470 1682 4524 ita
1722 4477 1777 4524 ει
1800 4444 1856 4507 D
1952 4454 2021 4509 Εῐ
2050 4454 2325 4547 omnibus,
2356 4452 2548 4522 inquit,
2577 4451 2795 4507 nomina
2823 4466 3045 4547 vocans:
3080 4448 3156 4504 Ibi
3186 4455 3269 4503 est
3293 4454 3464 4500 totum

174 4567 424 4630 Christi,
457 4566 555 4621 sed
582 4539 780 4635 corpus
808 4581 1007 4630 unum,
1044 4573 1176 4630 etc.,
1208 4578 1368 4635 usque
1393 4562 1462 4616 ad
1490 4569 1545 4616 et
1573 4559 1694 4626 ille,
1725 4566 1779 4616 et

1887 4546 2165 4618 premium
2185 4587 2200 4612 ,
2228 4556 2363 4612 etc.,
2395 4560 2558 4615 usque
2582 4544 2652 4598 ad
2694 4543 2748 4598 in
2781 4542 2940 4599 ctelo.
2988 4539 3070 4611 (S.
3099 4540 3266 4610 Aug”
3307 4547 3462 4591 tract.

173 4672 300 4713 nos.
337 4654 419 4727 (S.
448 4654 611 4726 Aug.,
643 4664 795 4709 tract.
825 4652 962 4724 psal.
994 4653 1151 4724 ml.)

254 4747 399 4802 Nam
424 4757 471 4801 et
495 4764 685 4817 corpus
714 4762 817 4800 non
842 4756 916 4801 est
944 4763 1105 4800 unum
1137 4745 1448 4809 membrum,
1476 4744 1566 4799 sed
1588 4742 1776 4797 multa.
1850 4768 1863 4783 -

70 4829 80 4841 ’
181 4839 247 4896 Si
271 4838 466 4893 dixerit
492 4855 600 4908 pes,
627 4838 750 4908 quia
783 4854 885 4891 non
913 4855 1026 4892 sum
1052 4854 1264 4901 manus,
1298 4853 1400 4891 non
1432 4853 1547 4891 sum
1574 4837 1637 4889 de
1664 4851 1781 4889 cor-

181 4945 331 5001 pore,
368 4944 472 4981 non
499 4928 618 4981 ideo
648 4943 751 4981 non
776 4929 939 4981 est—de
958 4943 1170 4997 corpore
1197 4940 1215 4978 :
1240 4935 1288 4979 et
1315 4926 1360 4980 si
1387 4926 1579 4979 dixerit
1604 4924 1772 4989 auris,

182 5022 307 5094 quia
330 5037 434 5074 non
455 5036 570 5075 sum
593 5018 794 5085 oculus,
818 5028 946 5082 etc.,
972 5032 1139 5089 usque
1165 5018 1231 5071 ad
1259 5033 1361 5071 non
1390 5018 1511 5070 estis
1539 5017 1664 5069 mihi
1689 5032 1778 5070 ne-

184 5113 423 5168 cessarii.
453 5111 605 5167 Oculi
646 5112 751 5166 mei
795 5109 1054 5165 inﬁrmati
1099 5117 1227 5164 sunt
1272 5107 1341 5163 ab
1391 5106 1589 5176 impia.
1632 5104 1778 5172 Quos

186 5204 375 5260 oculos
401 5200 540 5272 ejus,
570 5213 702 5269 etc.,
732 5220 893 5274 usque
925 5202 993 5257 ad
1039 5201 1243 5255 lumine
1281 5214 1396 5255 suo.
1447 5196 1568 5269 (Id.,
1612 5206 1771 5251 tract.

184 5295 324 5367 psal.
378 5310 638 5361 Lxxxvu,
687 5303 816 5350 tom.
860 5293 949 5358 IV,
993 5300 1134 5364 part.
1178 5308 1255 5357 ιι,
1297 5288 1398 5345 col.
1442 5287 1629 5358 1114.)

259 5386 402 5442 Sunt
429 5386 694 5448 homines,
731 5399 867 5454 quos
895 5383 1129 5439 delectat
1156 5380 1474 5437 miraculum
1500 5378 1698 5443 facere,
1724 5386 1780 5434 et

187 5479 258 5533 ab
290 5477 406 5541 eis,
449 5485 580 5540 etc.,
623 5492 784 5547 usque
821 5475 889 5528 ad
929 5474 999 5528 ibi
1040 5472 1401 5545 magniﬁcari.‘
1435 5471 1569 5541 (Id.,
1613 5480 1765 5524 tract.

188 5572 325 5642 psal.
370 5587 536 5635 cxxx,
585 5579 712 5625 tom.
758 5568 849 5635 IV,
893 5580 1031 5639 part.
1077 5585 1143 5635 ιι,
1183 5567 1286 5624 col.
1332 5565 1514 5637 I706.)

261 5662 583 5734 Apostolus,
632 5676 753 5716 cum
786 5660 851 5715 de
894 5660 1228 5729 spiritalibus
1266 5658 1495 5715 diversis
1536 5658 1778 5713 muneris

1882 4637 2019 4709 psal.
2048 4653 2229 4702 CXLVI,
2263 4645 2393 4692 tom.
2424 4635 2517 4703 IV,
2540 4642 2683 4706 part.
2709 4650 2774 4699 ιι,
2804 4632 2907 4689 col.
2935 4630 3071 4687 1904
3099 4638 3155 4685 et
3183 4635 3325 4698 seq.)

1955 4733 2059 4801 Qui
2092 4732 2226 4788 dicit
2250 4747 2309 4787 se
2357 4731 2413 4785 in
2441 4729 2660 4785 Christo
2688 4741 2930 4791 manere,
2979 4724 3138 4778 debet
3183 4722 3325 4777 sicut
3353 4720 3469 4791 ipse

1888 4826 2184 4883 ambulavit
2222 4834 2277 4880 et
2307 4823 2395 4879 ille
2423 4820 2720 4877 ambulare.
2758 4817 2889 4885 Quae
2924 4823 3009 4871 est
3053 4815 3157 4870 ista
3195 4810 3307 4880 via,
3335 4821 3467 4878 etc.,

1886 4936 2048 4991 usque
2090 4918 2160 4972 ad
2211 4915 2414 4970 tribuat
2454 4920 2818 4984 peccatorum.
2866 4907 3006 4976 (Id.,
3050 4923 3207 4962 serm.
3246 4908 3311 4960 de
3350 4902 3467 4960 Ver.

1884 5010 2132 5084 apostol.)

2481 5094 2711 5154 CAPUT
2751 5093 2887 5151 XIII.

1958 5194 2018 5251 Si
2055 5195 2250 5265 linguis
2278 5191 2547 5247 hominum
2574 5188 2762 5258 loquar
2802 5194 2851 5240 et
2868 5182 3207 5256 angelorum,
3247 5182 3474 5235 charita-

1889 5297 1993 5344 tem
2026 5297 2200 5341 autem
2234 5301 2339 5338 non
2366 5281 2611 5345 habeam,
2659 5280 2832 5351 factus
2853 5292 2969 5332 sum
2992 5274 3127 5331 velut
3151 5290 3222 5331 tes
3245 5288 3438 5328 sonans
3455 5312 3473 5337 ,

1893 5388 1987 5434 aut
2015 5378 2310 5449 cymbalum
2336 5373 2583 5429 tinniens.
2606 5370 2837 5426 Videant
2867 5383 2898 5423 a
2925 5368 3193 5425 charitate
3219 5365 3476 5421 Ecclesiae

1893 5470 2154 5542 separati,
2184 5481 2345 5536 quam
2370 5464 2554 5526 multa,
2577 5470 2805 5533 etquam
2829 5474 3045 5532 magna,
3074 5467 3176 5513 etc.
3192 5496 3207 5522 ,
3224 5471 3385 5526 usque
3405 5453 3476 5508 ad

1891 5577 1999 5618 non
2016 5568 2260 5631 possunt.
2279 5548 2514 5629 (S.Aug.
2528 5596 2542 5621 ,
2564 5554 2655 5610 lib.
2674 5554 2738 5609 de
2750 5551 3079 5623 Bapt.,tom.
3102 5545 3196 5612 IX,
3214 5544 3475 5613 col.ll6.)

1956 5652 2184 5709 Dilectio
2215 5649 2372 5706 fortis
2401 5646 2743 5715 res,t‘ratres.
2777 5642 3005 5701 Dilectio
3024 5640 3179 5698 tortis
3204 5651 3314 5702 res,
3344 5643 3472 5699 etc.,
