3970 6306
611 295 718 352 315

1840 292 2044 348 FLOR!
2086 292 2188 346 υιὰ

2268 282 2361 344 )Nl
2400 281 2704 343 MONACHI
3714 307 3775 362 3M

612 427 776 484 usque
821 409 891 464 ad
935 410 1108 481 impar
1172 409 1424 466 charitas.
1479 406 1619 477 (ld.,
1668 415 1822 459 tract.
1867 404 2004 476 psal.
2051 418 2198 464 cui.
2228 405 2278 465 Α
2307 401 2501 466 ritatis,
2568 409 2698 456 tom.
2777 399 2842 468 V,
2905 409 3048 471 part.
3118 416 3202 466 ιι,
3263 400 3370 456 001.
3423 401 3550 458 1554
3593 413 3638 460 et
3691 418 3777 481 seq.)

613 515 745 560 tom.
775 503 865 569 IV,
891 513 1029 576 part.
1061 520 1122 568 ιι,
1153 502 1256 558 col.
1290 500 1436 570 I02.)

683 594 825 663 Quid
866 601 951 650 est
997 594 1164 650 vestis
1210 591 1502 662 nuptialis?
1558 589 1878 656 Quaaramus
1941 587 2085 642 illam
2145 587 2198 641 in

611 685 809 741 litteris
833 687 1056 751 sanctis,
1091 693 1219 749 etc.,
1250 699 1410 753 usque
1432 681 1503 736 ad
1541 689 1595 735 et
1638 680 1854 750 pedum.
1884 678 2008 750 (ld.,
2037 694 2196 733 serm.

611 776 678 832 de
719 775 984 832 Miracqu
1022 792 1131 832 vn‘
1145 791 1362 846 panum,
1397 781 1528 828 tom.
1573 770 1640 838 V,
1682 781 1823 842 part.
1859 786 1900 835 I,
1947 770 2050 825 col.
2094 767 2199 825 985

611 877 668 924 et
694 868 834 940 seq.)

683 958 1034 1030 Deus‘igitur
1080 955 1315 1026 Spiritus
1365 962 1587 1010 sanctus
1616 994 1630 1018 ,
1683 953 1773 1023 qui
1825 952 2073 1023 procedit
2127 966 2194 1006 ex

609 1049 747 1114 Deo,
775 1057 904 1113 etc.,
934 1064 1097 1119 usque
1119 1047 1190 1100 ad
1216 1062 1322 1101 non
1344 1045 1593 1115 perducit
1631 1045 1698 1097 ad
1726 1045 1913 1098 Deum.
1946 1043 2068 1114 (ld.,
2099 1041 2190 1095 lib.

610 1123 676 1194 ἂι
702 1139 970 1203 Trinitat.,
1002 1154 1095 1204 xv,
1127 1147 1260 1192 tom.
1288 1137 1421 1201 VIII,
1451 1135 1556 1191 col.
1584 1135 1722 1191 1082
1745 1144 1801 1190 et
1829 1136 1971 1205 seq.)

679 1229 747 1284 Et
768 1232 814 1286 si
835 1231 1068 1286 habuero
1096 1230 1446 1301 prophetiam,
1477 1237 1525 1281 et
1553 1228 1781 1282 noverim
1812 1226 2057 1296 mysteria
2082 1241 2194 1278 om-

607 1323 716 1387 nia,
748 1335 796 1376 et
827 1338 1032 1375 omnem
1083 1321 1381 1376 scientiam.
1417 1319 1473 1373 In
1528 1319 1649 1378 hoc,
1691 1317 1863 1386 inquit
1911 1316 2190 1379 Dominus,

606 1421 935 1486 cognoscent
963 1427 1172 1476 omnes,
1209 1411 1332 1479 quia
1364 1410 1470 1464 mei
1494 1408 1740 1478 discipuli
1787 1408 1938 1468 estis,
1989 1407 2032 1461 si
2060 1406 2194 1461 dile-

605 1507 842 1562 ctionem
902 1503 1208 1558 habueritis
1255 1502 1309 1556 in
1379 1501 1630 1556 invicem.
1701 1499 1982 1568 Tanquam
2044 1497 2189 1552 dicc-

605 1606 709 1663 ret,
741 1605 871 1661 etc.,
904 1611 1068 1666 usque
1115 1594 1184 1648 ad
1239 1593 1293 1646 in
1349 1590 1585 1645 deliciis.
1619 1589 1742 1660 (1].,
1788 1599 1944 1642 tract.
1981 1585 2186 1658 Evang.

603 1706 708 1745 sec.
739 1687 924 1754 Joan.,
955 1687 1047 1753 65,
1078 1695 1207 1741 ιοιιι.
1248 1684 1336 1750 111,
1363 1691 1505 1753 part.
1532 1697 1592 1745 ιι,
1617 1680 1719 1736 001.
1757 1679 1938 1750 1809.)

2374 489 2618 544 Charitas
2648 507 2750 543 non
2789 491 3090 554 wmulatur,
3138 507 3240 544 non
3299 492 3408 560 agit
3447 508 3697 565 perperam,
3717 519 3779 555 non

2299 579 2539 649 inﬂatur,
2579 597 2681 634 non
2719 589 2794 634 est
2833 581 3128 635 ambitiosa.
3182 580 3280 637 Ubi
3325 593 3410 637 est
3455 585 3649 651 invidia,
3686 606 3781 645 amor

2299 670 2570 727 fraternus
2608 687 2727 727 esse
2749 687 2854 728 non
2906 682 3104 742 potest.
3157 673 3406 729 lntendat
3435 676 3664 741 charitas,
3699 691 3777 746 etc.,

2300 779 2466 834 usque
2488 763 2558 816 ad
2588 763 2912 819 sacriﬁcium
2936 764 3052 834 ejus
3069 764 3190 835 (Id.,
3215 782 3376 820 serm.
3403 783 3456 820 v.
3485 765 3636 837 Epist.
3657 770 3778 832 Joan..

2301 863 2429 910 tom.
2462 855 2548 919 IIl,
2585 865 2724 925 part.
2759 871 2822 922 ιι,
2851 855 2958 911 001.
2987 856 3128 910 2016
3149 865 3203 911 et
3231 855 3380 925 seq.)

2368 947 2617 1003 Charitas
2656 964 2764 1002 non
2819 949 3124 1003 aemulatur.
3167 948 3378 1015 Quaeris
3423 955 3779 1009 caiisamlauen-

2298 1038 2386 1104 de,
2413 1047 2543 1103 etc.,
2568 1055 2728 1109 usque
2768 1040 2836 1092 ad
2884 1055 2992 1094 non
3034 1038 3272 1094 inﬂatur.
3310 1041 3436 1110 (ld.,
3463 1058 3604 1096 serm.
3634 1045 3683 1097 de
3705 1043 3775 1098 γαν.

2299 1127 2524 1198 Evang.,
2555 1139 2685 1181 tom.
2718 1129 2783 1192 V,
2817 1140 2957 1200 part.
2989 1147 3050 1194 ιι,
3082 1130 3185 1186 001.
3229 1131 3416 1202 1562.)

2367 1219 2593 1275 Dilectio
2618 1221 2760 1274 enim
2790 1237 2893 1276 non
2923 1221 3160 1286 inﬂatur,
3190 1232 3245 1278 et
3276 1225 3422 1278 Deus
3445 1223 3641 1280 dilectio
3662 1236 3781 1288 estet

2296 1309 2500 1376 ﬁdeles,
2553 1320 2683 1377 etc.,
2728 1329 2888 1384 usque
2929 1314 2998 1367 ad
3021 1322 3104 1369 est
3152 1313 3464 1371 dilectione.
3519 1315 3638 1388 (ld.,
3667 1318 3782 1373 tibi:

2297 1401 2573 1468 Trinitate,
2606 1413 2736 1457 tom.
2773 1403 2902 1469 VIII,
2931 1404 3034 1460 col.
3060 1404 3130 1460 95
3155 1412 3211 1459 et
3245 1405 3392 1477 seq.)

2366 1492 2488 1546 Non
2515 1495 2702 1564 quierit
2737 1511 2853 1564 qute
2881 1511 2977 1548 sua
3015 1504 3172 1561 sunt,
3206 1513 3311 1550 non
3353 1497 3584 1552 irritatur
3603 1541 3616 1564 ,
3639 1517 3712 1554 non
3732 1520 3782 1556 ro-

2291 1585 2419 1654 gitat
2443 1585 2662 1649 malum,
2711 1603 2813 1641 non
2860 1587 3050 1656 gaudet
3081 1605 3238 1658 super
3266 1590 3554 1658 iniquitate,
3578 1594 3781 1662 congestio

2291 1689 2465 1732 autem
2505 1680 2732 1732 veritati.
2790 1677 2981 1734 Omnia
3031 1681 3238 1751 suffert.
3293 1681 3480 1753 Neque
3519 1685 3640 1738 enim
3665 1699 3781 1740 essent

675 1779 816 1836 Ecce
841 1779 1050 1849 accepit
1076 1785 1473 1834 sacramentum
1496 1774 1798 1830 nativitatis
1823 1773 1986 1827 homo
2006 1771 2184 1842 hapti-
2221 1781 2264 1840 Β
2291 1768 2455 1823 etiam
2489 1769 2736 1825 homines
2775 1779 3048 1827 amatores
3068 1774 3354 1843 pecunizc,
3384 1785 3512 1841 etc.,
3539 1780 3782 1847 muenia

605 1878 784 1934 satus,
815 1877 1132 1938 etc.,usque
1177 1869 1246 1921 ad
1283 1866 1418 1921 nihil
1461 1881 1601 1920 sum.
1661 1865 1784 1935 (ld.,
1820 1873 1976 1917 tract.
2011 1862 2182 1932 Epist.

604 1959 794 2025 Joan.,
822 1968 953 2014 tom.
985 1959 1074 2026 III,
1103 1965 1246 2030 part.
1285 1974 1347 2022 ιι,
1375 1957 1479 2011 001.
1509 1955 1695 2027 2015.)

676 2050 968 2120 Apostolus
1015 2050 1144 2105 item
1182 2049 1314 2104 dicit
1341 2066 1354 2102 :
1386 2047 1453 2102 Et
1485 2047 1531 2102 si
1577 2047 1755 2103 sciero
1783 2047 1970 2103 omnia
1998 2063 2183 2104 sacra«

606 2149 811 2206 menta,
847 2149 975 2204 etc.,
1019 2156 1181 2211 usque
1214 2141 1284 2194 ad
1333 2139 1614 2208 iniquitate
1654 2139 1905 2194 tenuerit.
1937 2139 2060 2210 (ld.,
2093 2140 2182 2194 tib.

607 2235 668 2290 de
697 2236 852 2290 unico
899 2235 1084 2305 Bapt.,
1115 2242 1243 2288 tom.
1272 2233 1366 2296 IX,
1404 2232 1506 2288 col.
1541 2233 1692 2304 601.)

677 2324 748 2379 Et
776 2326 822 2380 si
866 2326 1097 2380 habuero
1126 2341 1325 2380 omnem
1347 2326 1526 2394 ﬁdem,
1559 2327 1632 2378 ita
1663 2335 1716 2380 ut
1739 2335 1934 2380 montes
1961 2325 2188 2392 transfe-

608 2434 740 2480 ram,
772 2418 1082 2472 charitatem
1109 2427 1281 2472 autem
1320 2433 1422 2472 non
1441 2417 1694 2479 habuero,
1729 2415 1860 2470 nihil
1881 2432 2018 2470 sum.
2050 2416 2185 2486 Ego,

606 2509 781 2579 inquit
810 2510 1069 2575 Ecclesia,
1090 2509 1133 2564 si
1156 2524 1350 2579 sponsa
1368 2525 1508 2573 sum,
1531 2509 1577 2564 si
1593 2509 1790 2563 arrhas
1815 2509 2020 2578 accepi,
2052 2519 2185 2573 etc.,

603 2617 767 2672 usque
789 2601 860 2654 ad
884 2601 950 2655 de
971 2616 1215 2671 corpore.
1243 2600 1368 2670 (ld.,
1399 2610 1554 2654 tract.
1605 2600 1808 2670 Evang.
1855 2617 1959 2655 sec.
1998 2601 2185 2668 Joan.,

603 2690 695 2756 35,
727 2701 857 2747 tom.
889 2691 978 2755 IV,
1017 2699 1157 2762 part.
1190 2707 1252 2755 ιι,
1280 2690 1382 2745 col.
1417 2690 1554 2746 I500
1579 2698 1634 2746 et
1659 2690 1800 2762 seq.)

673 2780 742 2837 Et
767 2784 815 2838 si
842 2782 1156 2838 distribuere
1180 2785 1231 2837 in
1257 2783 1398 2836 cibos
1427 2799 1716 2851 pauperum
1747 2799 1922 2837 omnes
1952 2783 2186 2854 faculta—

601 2885 678 2930 tes
714 2892 879 2940 meas,
920 2885 966 2928 et
995 2876 1041 2929 si
1087 2875 1355 2929 tradidero
1379 2892 1590 2946 corpus,
1617 2884 1752 2942 etc.,
1776 2890 1948 2946 usque
1966 2878 2032 2931 ad
2057 2875 2188 2931 nihil

601 2968 731 3022 mihi
771 2967 999 3036 prodest.
1032 2965 1171 3034 Quid
1211 2981 1343 3036 ergo
1369 2982 1467 3021 vos
1497 2977 1751 3037 tanquam
1781 2967 1849 3022 de
1879 2966 2186 3023 Christiana

602 3065 952 3127 paupertate.
986 3066 1092 3110 ctc.
1115 3096 1130 3120 ,
1166 3073 1326 3126 usque
1349 3057 1417 3110 ad
1444 3071 1548 3111 non
1573 3055 1717 3112 ﬁcta.
1743 3055 1866 3128 (ld.,
1890 3056 1979 3112 lib.
2007 3068 2186 3112 contra

603 3147 828 3215 Faust.,
857 3156 986 3203 tom.
1021 3146 1152 3211 VIII,
1185 3147 1289 3202 001.
1320 3147 1473 3219 295.)

675 3239 793 3296 Νοιι
825 3240 1111 3312 diligamus
1135 3241 1300 3297 verbo
1332 3249 1536 3296 tantum
1562 3249 1619 3297 et
1664 3242 1870 3313 lingua,
1900 3242 1994 3298 sed
2024 3255 2188 3312 opere

603 3339 660 3386 et
707 3331 954 3386 veritate.
997 3332 1299 3398 Quaerimus
1343 3332 1396 3386 in
1431 3347 1560 3403 quo,
1606 3341 1737 3398 etc.,
1768 3350 1929 3404 usque
1959 3333 2030 3386 ad
2058 3347 2189 3388 con-

605 3421 832 3477 scientia
867 3422 1106 3492 propria.
1159 3422 1278 3493 (ld.,
1312 3433 1465 3477 tract.
1499 3423 1670 3494 Epist.
1714 3423 1904 3489 Joan.,
1941 3433 2071 3479 tom.
2098 3423 2185 3488 III,

601 3521 748 3583 part.
787 3530 846 3579 ιι,
881 3513 984 3568 001.
1012 3513 1199 3584 2020.)

674 3604 858 3662 Pascit
911 3607 1304 3674 misericordia,
1355 3609 1533 3680 pascit
1563 3619 1619 3665 et
1664 3611 1940 3680 superbia.
1989 3610 2187 3682 Hospi-

606 3707 735 3761 tem,
763 3707 896 3764 etc.,
942 3716 1105 3772 usque
1159 3700 1230 3754 ad
1271 3701 1570 3770 procedere
1611 3710 1806 3772 potest.
1861 3702 1986 3773 (ld.,
2028 3713 2185 3760 tract.

601 3790 636 3845 8
659 3789 829 3855 Epist.
861 3789 1050 3857 Joan.,
1086 3799 1214 3845 tom.
1242 3790 1327 3858 III,
1356 3800 1496 3862 part.
1524 3808 1582 3858 ιι,
1609 3793 1710 3849 001.
1749 3794 1937 3865 2041.)

672 3881 792 3951 Ipse
835 3881 984 3936 novit
1026 3881 1238 3938 occulta
1287 3883 1485 3939 cordis.
1542 3883 1680 3952 Quid
1726 3893 1809 3942 est
1841 3889 2011 3954 novit,
2055 3895 2188 3952 etc.,

604 3990 766 4044 usque
816 3975 886 4028 ad
935 3974 1147 4030 occulta
1196 3974 1396 4032 cordis.
1443 3976 1579 4048 (ld.,
1639 3987 1792 4032 tract.
1840 3978 1978 4048 psal.
2031 3994 2189 4042 xutt,

604 4072 738 4117 tom.
769 4061 860 4127 IV,
894 4071 1032 4131 part.
1066 4079 1103 4127 ι,
1133 4063 1236 4118 001.
1264 4063 1370 4120 490
1401 4074 1452 4120 et
1481 4066 1621 4136 seq.)

676 4155 880 4211 Galaad
917 4156 1081 4210 habet
1125 4155 1590 4227 interpretationis
1616 4173 1748 4222 sum,
1780 4166 1912 4220 etc.,
1937 4172 2100 4227 usque
2121 4157 2190 4210 ad

604 4248 738 4304 mihi
765 4249 1004 4318 prodest.
1029 4249 1151 4320 (ld.,
1175 4259 1332 4303 tract.
1357 4249 1493 4318 psal.
1518 4265 1630 4313 ux,
1679 4256 1811 4303 tom.
1844 4247 1932 4314 IV,
1972 4254 2114 4317 part.
2148 4264 2189 4315 ι,

605 4339 708 4396 001.
747 4340 898 4412 719.)

677 4433 818 4490 Sunt
869 4434 1092 4504 quidam
1141 4433 1231 4503 qui
1280 4431 1493 4488 facilius
1547 4431 1728 4487 omnia
1791 4445 1889 4485 sua
1936 4430 2190 4501 pauperi-

602 4530 726 4592 bus,
774 4537 905 4594 etc.,
957 4543 1116 4597 usque
1163 4526 1231 4580 ad
1283 4534 1409 4581 sunt
1452 4525 1624 4581 nobis.
1683 4523 1764 4596 (S.
1814 4524 1975 4596 Aug.,
2027 4532 2184 4578 tract.

602 4620 735 4691 psal.
762 4636 907 4684 uxr,
946 4629 1072 4675 tom.
1103 4617 1192 4684 IV,
1216 4626 1356 4689 part.
1388 4633 1427 4683 ι,
1459 4616 1562 4672 001.
1588 4616 1692 4670 902
1725 4624 1780 4670 et
1818 4616 1958 4686 seq.)

673 4711 860 4767 Omnis
882 4710 1364 4767 consummationis
1400 4709 1504 4764 vidi
1552 4707 1732 4773 tinent,
1760 4717 1865 4763 etc.
1890 4749 1904 4773 ,
1930 4726 2091 4779 usque
2117 4711 2186 4763 ad

602 4805 828 4876 vestigia
857 4820 995 4860 mea.
1023 4804 1145 4877 (ld.,
1176 4813 1330 4857 tract.
1380 4801 1514 4872 psal.
1544 4816 1734 4866 cxvni,
1762 4809 1891 4856 tom.
1915 4800 2015 4857 IV.‘
2037 4811 2182 4872 part.

604 4916 665 4965 ιι,
698 4899 801 4954 001.
837 4897 964 4953 1561
1007 4909 1061 4952 et
1083 4897 1228 4967 seq.)

677 4990 867 5046 Pastor
895 5005 1025 5061 ergo
1046 4991 1221 5044 bonus
1248 4987 1518 5043 Christus.
1547 4988 1686 5055 Quid
1729 4987 1966 5044 Petrus?
1993 4987 2185 5042 Nonne

604 5093 807 5156 pastor,
837 5092 970 5149 etc.,
1002 5097 1164 5152 usque
1186 5081 1255 5134 ad
1286 5079 1487 5135 inferre
1506 5081 1757 5136 debuisti.
1790 5080 1912 5148 (ld.,
1945 5091 2098 5133 tract.
2123 5081 2187 5133 de

613 5174 768 5229 Verb.
804 5172 998 5236 Evan.,
1029 5180 1160 5225 tom.
1191 5171 1256 5235 V,
1289 5179 1431 5242 part.
1471 5187 1508 5236 I,
1535 5171 1640 5224 col.
1685 5170 1788 5225 763
1817 5180 1872 5226 et
1907 5171 2050 5241 seq.)

616 5288 618 5290 τ
675 5263 870 5319 Audivi
919 5263 1062 5332 quod
1109 5262 1313 5319 dixeris
1351 5263 1650 5332 apostolum
1708 5263 1931 5318 Paulum
1985 5263 2190 5333 signifi-

605 5372 780 5420 casse,
805 5364 934 5419 etc.,
966 5373 1129 5426 usque
1151 5356 1218 5411 ad
1244 5357 1373 5412 mihi
1400 5357 1640 5427 prodest.
1668 5358 1791 5429 (I.l.,
1820 5359 2057 5428 epist.ad
2083 5357 2191 5410 Do-

607 5457 789 5502 natum
819 5447 1071 5517 presbyt.,
1104 5456 1231 5503 tom.
1265 5447 1328 5514 Il,
1356 5448 1460 5504 col.
1491 5448 1561 5504 55
1597 5459 1652 5504 et
1678 5447 1820 5520 seq.)

676 5535 924 5590 Charitas
965 5539 1165 5605 patiens
1204 5548 1301 5604 est,
1371 5539 1589 5609 benigna
1641 5549 1735 5591 est.
1780 5538 1918 5604 Quid
1965 5552 2096 5609 ergo
2122 5537 2189 5592 de

607 5632 875 5689 charitate
925 5633 1099 5703 majus
1147 5641 1238 5687 aut
1292 5634 1510 5688 uberius
1559 5648 1775 5701 possum
1823 5631 2028 5696 dicere,
2053 5640 2185 5696 etc.,

607 5741 769 5789 usque
807 5725 874 5778 ad
906 5740 1180 5795 nunquam
1211 5725 1373 5780 cadit.
1405 5725 1526 5796 (ld.,
1571 5739 1729 5778 serm.
1764 5725 1826 5776 de
1857 5722 2038 5777 Laude
2063 5724 2188 5777 cha-

2218 4489 2267 4550 D

2288 1875 2393 1915 non
2417 1859 2651 1916 inﬂatur.
2684 1861 2808 1932 (ld.,
2838 1862 2927 1917 lib.
2955 1863 3021 1918 de
3041 1861 3228 1919 Cenes.
3259 1866 3332 1919 ad
3353 1867 3586 1933 litteram,
3612 1877 3710 1922 tom.
3729 1869 3779 1934 lll,

2285 1964 2426 2025 part.
2459 1971 2500 2021 ι,
2525 1955 2628 2011 001.
2650 1956 2802 2028 457.)

2356 2047 2601 2101 Charitas
2647 2050 2822 2104 omnia
2852 2051 3032 2114 credit,
3067 2053 3242 2106 omnia
3269 2063 3464 2123 sperat,
3506 2055 3655 2109 omnia
3673 2057 3776 2109 srri-

2287 2145 2390 2191 net.
2418 2136 2562 2192 Inter
2587 2153 2680 2192 eos
2703 2139 2890 2209 utique
2931 2155 3068 2210 quos
3117 2157 3394 2198 connexos
3435 2145 3631 2200 sibimet
3667 2161 3773 2198 unum

2287 2224 2436 2292 facit,
2452 2243 2556 2282 non
2583 2229 2724 2284 enim
2743 2231 3039 2299 quodlibet,
3063 2240 3190 2297 etc.,
3218 2249 3386 2304 usque
3400 2235 3467 2287 ad
3481 2234 3692 2289 omnibus
3705 2251 3777 2288 cre-

2287 2320 2384 2375 dit.
2401 2321 2524 2392 (ld.,
2559 2322 2650 2375 lib.
2674 2323 2740 2377 de
2760 2321 2900 2395 Spir.
2922 2335 2969 2379 et
2990 2325 3092 2391 lit.,
3128 2335 3257 2382 tom.
3278 2328 3518 2396 X,.part.
3543 2345 3578 2394 I,
3599 2328 3775 2389 001.235,

2285 2422 2340 2467 et
2355 2411 2513 2467 Bern.
2533 2429 2689 2468 serui.
2707 2415 2771 2468 de
2785 2432 2824 2468 sv
2839 2426 2916 2486 pt.
2935 2414 3078 2485 Spir.
3099 2418 3201 2472 inci
3209 2433 3262 2488 p.
3286 2436 3302 2472 :
3329 2418 3570 2490 Magister
3581 2419 3775 2489 gentium.)

2357 2504 2604 2560 Charitas
2629 2523 2895 2576 nunquam
2937 2510 3150 2564 excidit.
3180 2512 3304 2566 Sive
3334 2514 3605 2584 prophetia:
3626 2528 3776 2566 evom-

2287 2594 2503 2660 bttnfur,
2542 2596 2648 2650 sive
2693 2597 2887 2668 lingua:
2918 2601 3211 2664 cessabunt,
3262 2604 3371 2658 sive
3391 2604 3593 2658 scientia
3617 2605 3775 2656 destru-

2287 2695 2391 2739 tur.
2426 2686 2568 2744 Deus
2609 2689 2823 2745 dilectio
2855 2701 2958 2756 est,
3003 2701 3056 2747 et
3085 2695 3174 2762 qui
3209 2705 3396 2750 manet
3420 2696 3615 2767 (inquit)
3638 2697 3677 2748 in
3692 2693 3775 2747 dile-

2285 2779 2484 2844 ctione,
2526 2779 2577 2834 in
2612 2779 2722 2835 Deo
2751 2791 2949 2846 manet,
2983 2791 3109 2847 etc.,
3152 2801 3316 2854 usque
3340 2787 3410 2838 ad
3441 2785 3652 2841 continet
3670 2783 3772 2838 Deus.

2289 2869 2410 2942 (ld.,
2455 2879 2607 2925 tract.
2663 2871 2697 2927 9
2758 2871 2930 2942 Epist.
2979 2874 3171 2942 Joan.,
3243 2885 3381 2931 tom.
3437 2876 3530 2939 III,
3587 2884 3700 2946 part.
3734 2891 3771 2934 ιι.

2287 2962 2389 3020 001.
2415 2961 2602 3033 2045.)

2366 3056 2447 3112 Ex
2471 3069 2618 3128 parte
2647 3059 2786 3115 enim
2836 3060 3217 3130 cognoscimus,
3246 3071 3294 3116 et
3324 3079 3392 3117 ex
3413 3072 3555 3133 parte
3579 3059 3776 3132 propheta-

2215 3131 2260 3194 (ἶ
2292 3165 2427 3202 mus.
2453 3147 2585 3201 Cum
2621 3157 2794 3202 autent
2818 3150 3008 3203 venerit
3041 3151 3180 3219 quod
3203 3131 3489 3221 perfectum
3513 3160 3600 3216 est,
3629 3163 3777 3203 evorta-

2293 3240 2433 3294 bitur
2455 3242 2595 3312 quod
2623 3258 2688 3295 ex
2713 3252 2861 3311 parte
2887 3252 2982 3296 est.
3022 3242 3077 3296 In
3109 3243 3200 3298 illo
3238 3259 3469 3315 corpore
3518 3240 3703 3313 spiritali
3730 3239 3775 3288 ii-

2292 3332 2496 3388 debunt
2526 3334 2696 3389 sancti
2737 3334 2918 3389 omnia
2950 3350 3054 3389 non
3101 3336 3275 3392 solum
3320 3339 3369 3393 si
3395 3337 3584 3400 oculos,
3605 3344 3702 3396 etc.,
3725 3346 3776 3381 ω·

2291 3441 2391 3495 que
2413 3424 2482 3478 ad
2510 3439 2614 3478 non
2631 3432 2766 3479 erat.
2797 3425 2918 3495 (ld.,
2959 3426 3050 3480 lib.
3081 3443 3193 3481 xxn
3221 3429 3284 3482 de
3314 3429 3428 3484 Civ.
3452 3428 3563 3493 Dei,
3590 3419 3773 3480 Iom.)’ll.

2291 3515 2396 3572 col.
2422 3515 2566 3588 797.)

2363 3609 2652 3679 Apostolus
2697 3609 2872 3665 dicit:
2916 3611 2995 3666 Es
3039 3620 3192 3682 parte
3242 3613 3469 3676 scimus,
3515 3620 3565 3665 et
3609 3624 3662 3663 ex
3698 3617 3774 3674 paro

2294 3710 2366 3766 te,
2390 3713 2522 3768 etc.,
2547 3720 2710 3773 usque
2736 3703 2804 3756 ad
2831 3703 2998 3758 Deum
3031 3705 3306 3760 videbunt.
3338 3705 3462 3778 (ld.,
3487 3719 3622 3758 term.
3645 3699 3693 3750 de
3709 3692 3779 3746 Nn-

2294 3794 2381 3848 tiv.
2405 3791 2565 3847 Joan.
2589 3793 2868 3864 Baptistw,
2899 3802 3030 3849 tom.
3062 3793 3130 3858 V,
3175 3804 3315 3866 part.
3348 3812 3389 3863 ι,
3415 3793 3512 3851 001.
3542 3785 3687 3856 1507.)

2363 3883 2496 3942 Cum
2545 3901 2707 3940 essem
2749 3885 2998 3955 parvulus
3045 3886 3296 3958 loquebar
3339 3899 3396 3941 ut
3439 3881 3675 3955 parvulus,
3695 3882 3777 3930 etc.,

2294 3992 2464 4046 usque
2490 3976 2558 4032 ad
2579 3993 2696 4047 qua:
2723 3989 2872 4030 erant
2898 3977 3124 4045 parvuli.
3147 3976 3438 4048 Apostolus
3463 3975 3525 4029 ad
3551 3972 3626 4027 illa
3652 3961 3776 4050 inelit-

2293 4069 2440 4131 hilia,
2473 4067 2848 4138 qualecunque
2872 4067 3134 4123 adhibens
3161 4069 3226 4126 de
3251 4068 3416 4132 notis,
3444 4076 3565 4130 etc.,
3597 4050 3776 4129 usquead

2294 4159 2540 4229 cognitus
2564 4173 2702 4212 sum.
2733 4157 2856 4228 (ld.,
2889 4157 2980 4211 lib.
3015 4158 3079 4211 de
3123 4156 3344 4228 Spir.,et
3374 4159 3550 4220 litter.,
3573 4150 3636 4207 vel
3657 4141 3776 4201 calib-

2293 4264 2333 4304 ιι
2361 4247 2426 4302 de
2466 4247 2694 4318 Baptis.,
2731 4256 2859 4302 tom.
2900 4247 2966 4313 Χ,
2991 4256 3132 4318 part.
3158 4265 3195 4313 I,
3225 4248 3328 4302 col.
3351 4246 3502 4317 225.)

2364 4341 2646 4398 Miriﬁcata
2673 4352 2757 4398 est
2784 4343 3011 4398 scientia
3044 4352 3134 4397 tua
3162 4357 3228 4396 ex
3265 4358 3370 4397 me.
3406 4335 3626 4397 Invaluit,
3649 4338 3690 4386 et
3711 4337 3777 4380 no"

2293 4447 2482 4510 potero
2503 4441 2567 4495 ad
2590 4441 2753 4494 illam.
2796 4439 2876 4494 Ex
2919 4455 3006 4496 me
3047 4442 3246 4512 quippe
3271 4441 3505 4510 intelligo
3527 4445 3677 4504 quam,
3694 4435 3779 4482 etc.

2293 4545 2456 4601 usque
2478 4529 2546 4582 ad
2573 4528 2804 4584 facilitas
2837 4529 3081 4584 visionis.
3117 4530 3240 4600 (ld.,
3278 4530 3369 4584 lib.
3403 4531 3464 4583 de
3492 4523 3701 4580 Triuitate
3724 4525 3776 4567 ιν.

2294 4629 2426 4676 ιοηι.
2455 4619 2590 4685 VIII,
2613 4619 2716 4675 001.
2750 4620 2886 4674 106Ἱ
2910 4630 2964 4674 et
2990 4620 3132 4693 seq.)

2365 4712 2496 4767 Dico
2523 4711 2666 4766 enim
2691 4712 2844 4766 vobis
2863 4712 3005 4780 quod
3037 4711 3213 4779 angeli
3238 4727 3426 4767 eorum
3450 4720 3636 4775 semper
3651 4701 3690 4753 in
3705 4704 3777 4747 αε-

2291 4801 2360 4856 Iis
2398 4801 2604 4866 vident,
2656 4811 2790 4867 etc.,
2829 4818 2991 4872 usque
3039 4802 3107 4854 ad
3141 4803 3351 4857 Domini
3383 4801 3575 4872 spiritu.
3608 4782 3776 4863 (ld.,m’u

2294 4908 2406 4946 xm
2435 4892 2498 4945 de
2529 4891 2640 4946 Civ.
2675 4891 2791 4958 Dei,
2838 4901 2966 4947 ιοιιι.
2992 4890 3104 4956 vn,
3146 4893 3251 4949 col.
3285 4894 3384 4947 797
3429 4902 3480 4946 et
3511 4883 3632 4955 seq-l

2363 4983 2606 5038 Veritate
2651 4983 2833 5052 itaque
2880 4983 3231 5053 perfruentur
3254 5025 3268 5047 ,
3302 4999 3422 5038 cum
3457 4975 3700 5033 viderimus
3729 4960 3775 5013 [3‘

2291 5076 2393 5141 cie,
2429 5087 2560 5141 etc.,
2605 5094 2767 5147 usque
2809 5077 2878 5129 ad
2919 5092 3166 5145 sequere.
3201 5075 3282 5146 (ὃ.
3335 5077 3494 5145 Aug.,
3529 5084 3589 5122 ex
3619 5063 3776 5147 tractet!

2196 5221 2199 5224 .
2292 5166 2492 5238 Erang.
2519 5184 2621 5222 sec.
2645 5145 2826 5230 Joan.,
2852 5167 2943 5232 34,
2961 5177 3090 5222 tom.
3123 5167 3207 5231 III,
3232 5176 3372 5238 part.
3400 5183 3456 5230 ιι,
3477 5161 3572 5218 001.
3596 5145 3731 5211 Ιϐὅθι)

2367 5259 2681 5331 Uuigcnitus
2710 5259 2878 5314 Filius
2901 5260 3153 5328 idemque
3197 5259 3458 5313 mediator
3485 5251 3566 5308 Dei
3586 5255 3632 5302 et
3660 5243 3774 5331 bonll‘

2297 5365 2449 5414 num,
2475 5327 2607 5415 etc.,
2635 5367 2796 5422 usque
2821 5352 2889 5404 ad
2929 5327 3086 5406 sicuti
3112 5359 3216 5407 est.
3244 5349 3364 5420 (ld.,
3397 5349 3532 5418 epist.
3573 5337 3631 5392 ad
3651 5327 3774 5385 Pauli

2297 5458 2444 5506 num,
2469 5449 2598 5494 tom.
2619 5441 2681 5504 II,
2713 5441 2814 5496 col.
2839 5440 2988 5512 620.)
3726 5505 3733 5513 ι

2368 5533 2434 5588 Ει
2461 5531 2505 5586 si
2539 5533 2777 5588 exterior
2807 5534 2969 5589 homo
2997 5542 3181 5589 noster
3224 5527 3591 5600 corrumpitur,
3618 5514 3774 5600 ἱηιθηίπ

2297 5638 2476 5684 tamen
2507 5639 2801 5684 renovatur
2835 5629 2900 5684 de
2932 5629 3019 5683 die
3051 5628 3103 5681 in
3129 5627 3294 5689 diem,
3323 5627 3392 5680 ita
3429 5635 3546 5677 sane
3582 5599 3800 5702 ““inomc.

2299 5723 2428 5790 vita,
2452 5731 2584 5788 etc.,
2619 5740 2780 5785 usque
2821 5723 2888 5775 ad
2917 5721 3148 5792 positum
3181 5729 3302 5784 est;
3353 5717 3482 5773 facie
3522 5707 3578 5764 ad
3623 5699 3768 5753 faciem-
