3970 6306
174 293 294 352 345

1038 293 1407 351 nxrosmo
1445 293 1512 349 IN
1555 292 1705 353 EPP.
1746 292 1972 351 PAULI.
2010 323 2082 335 -
2119 277 2227 350 EP.
2265 292 2287 349 1
2326 295 2417 349 AD
2455 293 2614 351 con.

3350 293 3456 349 346

174 407 312 481 (Id.,
336 394 490 477 episi.
539 403 610 460 ad
652 403 923 469 Italicam,
976 412 1109 461 tom.
1152 407 1215 473 Il,
1241 407 1345 464 col.
1384 407 1491 464 519
1530 416 1587 462 et
1630 406 1771 478 seq.)
1803 412 1849 470 Α
1948 407 2239 477 Apostolus
2271 407 2424 463 dicit.
2463 405 2640 462 Nolite
2676 404 2827 475 pueri
2868 403 3003 460 effici
3044 405 3332 462 mentibus.
3390 409 3458 463 Et

250 496 558 555 Perfectum
588 492 952 568 cognitionem
993 498 1088 553 Dei
1118 498 1245 570 (hoc
1282 508 1383 562 est,
1426 513 1531 568 qua
1560 498 1765 554 homini

174 591 361 662 major
387 604 508 645 esse
535 604 644 644 non
666 588 859 661 possit)
903 590 957 644 in
988 587 1169 644 futura
1202 589 1311 644 vita
1344 597 1527 659 sperat
1552 597 1770 659 aposto—

173 680 292 746 lus,
313 693 435 750 quae
453 677 567 734 sola
615 677 774 733 beata
819 679 933 733 vita
968 677 1197 734 dicenda
1223 687 1330 744 est,
1368 678 1458 734 ubi
1493 688 1549 733 et
1570 694 1768 749 corpus

172 770 596 843 inoorruptibile
642 780 808 841 atque
847 770 1157 826 immortale
1205 770 1423 842 spiritui
1479 786 1599 836 suo,
1647 772 1770 829 sine

169 864 291 918 ulla
316 862 583 927 molestia,
616 862 699 918 vel
745 862 1102 919 reluctatione
1144 863 1428 919 subdetur.
1480 863 1600 919 Non
1638 865 1764 934 quia

172 957 234 1010 in
269 955 378 1010 hac
406 953 539 1020 vita,
568 961 700 1017 etc.,
729 969 893 1024 usque
918 954 988 1008 ad
1018 953 1265 1025 cupimus
1303 954 1608 1026 pervenire.
1638 952 1763 1027 (Id.,

171 1044 274 1099 lib.
302 1043 476 1111 Retr.,
504 1053 638 1100 tom.
665 1043 709 1109 I,
741 1043 845 1099 col.
868 1043 1033 1115 606.).

247 1136 409 1205 Quod
457 1136 719 1193 Dominus
747 1146 932 1192 noster
957 1137 1118 1194 Jesus
1143 1138 1392 1196 Christus
1419 1153 1634 1195 sorores
1661 1138 1766 1195 La—

172 1229 299 1284 zari
326 1229 646 1300 interrogat,
686 1237 817 1293 etc.,
851 1246 1012 1300 usque
1046 1232 1117 1284 ad
1142 1231 1275 1287 dicit
1300 1232 1608 1301 Apostolus.
1638 1233 1763 1303 (Id.,

169 1317 274 1373 lib.
309 1334 516 1374 unm
542 1318 770 1385 Quem,
807 1327 937 1373 tom.
970 1317 1062 1384 Vl,
1090 1320 1194 1375 col.
1227 1319 1343 1391 59.)

252 1408 417 1465 Nunc
441 1418 617 1465 autem
637 1419 847 1464 manent
878 1409 1030 1478 ﬁdes,
1052 1428 1188 1481 spes,
1220 1412 1474 1474 charitas,
1502 1413 1607 1467 tria
1629 1413 1762 1475 lucc,

168 1500 362 1570 major
388 1509 564 1555 autem
594 1501 677 1555 his
718 1509 795 1554 est
824 1502 1073 1557 charitas.
1110 1501 1237 1558 Tria
1270 1503 1385 1559 haec
1419 1515 1547 1559 sunt
1570 1505 1766 1576 quibus

171 1599 233 1645 et
260 1590 491 1645 scientia
519 1591 718 1655 omnis,
751 1601 885 1653 etc.,
903 1593 1153 1663 usquead
1176 1596 1382 1652 certior
1401 1598 1762 1667 permanebit.

171 1680 307 1752 (Id.,
326 1681 419 1737 lib.
440 1684 505 1738 de
518 1682 674 1739 Doct.
693 1683 843 1750 Chr.,
864 1695 993 1741 tom.
1008 1686 1094 1752 III,
1109 1696 1254 1758 part.
1275 1705 1316 1756 1,
1333 1690 1526 1763 col.§55
1547 1700 1602 1746 et
1621 1690 1762 1763 seq.)

1870 498 1997 568 quia
2045 497 2336 562 Dominus,
2376 514 2537 568 usque
2575 495 2645 550 ad
2701 496 2793 550 sed
2844 496 3172 550 innocentia.
3226 494 3455 566 (Idem,

1869 596 2027 643 tract.
2052 588 2191 659 psal.
2225 605 2376 655 κων,
2402 598 2533 643 tom.
2566 587 2658 651 IV,
2690 595 2831 656 part.
2864 604 2903 653 1,
2934 587 3042 643 col.
3073 587 3180 644 495
3210 596 3265 644 et
3293 603 3407 657 seq.
3437 592 3454 658 )

1939 679 2266 749 Proponitur
2294 680 2438 734 enim
2464 678 2695 748 pueritia
2725 688 2947 748 propter
2974 678 3293 733 imitandam
3314 717 3331 745 ,
3360 695 3454 733 us-

1865 788 1968 843 que
2020 771 2091 825 ad
2144 769 2372 842 perfecti
2424 770 2565 825 sitis.
2625 769 2841 841 (Idem,
2894 778 3049 824 tract.
3104 768 3242 840 psal.
3293 785 3454 837 XLVI,

1869 873 1997 917 tom.
2027 859 2114 926 IV,
2143 869 2285 932 part.
2315 878 2366 926 1,
2397 859 2501 915 col.
2535 859 2643 915 525
2668 868 2724 915 et
2753 859 2908 930 seq.)
3394 876 3397 879 ·

1939 950 2121 1008 Nostis
2148 951 2347 1006 fratres
2374 960 2428 1005 et
2451 950 2750 1020 saepissime
2781 948 3009 1005 audistis
3037 948 3088 1003 in
3122 948 3451 1020 Evangelia,

1867 1058 2032 1113 usque
2060 1042 2130 1097 ad
2160 1041 2312 1113 pueri
2345 1040 2652 1096 Dominum.
2682 1039 2869 1112 (Idem
2890 1081 2904 1105 ,
2941 1049 3096 1094 tract.
3131 1039 3269 1111 psal.
3302 1056 3412 1097 exn
3437 1081 3454 1105 ,

1867 1140 2000 1189 tom.
2031 1133 2119 1200 IV,
2154 1142 2296 1204 part.
2329 1149 2367 1189 11
2389 1174 2404 1198 ,
2435 1132 2540 1188 col.
2576 1132 2781 1201 1471.)

1937 1222 2005 1278 In
2031 1223 2141 1295 lege
2163 1224 2301 1279 enim
2325 1224 2576 1294 scriptum
2600 1232 2674 1277 est
2700 1236 2719 1273 :
2738 1221 3001 1287 Quoniam
3029 1222 3085 1276 in
3110 1221 3233 1277 aliis
3254 1221 3452 1291 linguis

1865 1326 1915 1373 et
1943 1314 2096 1371 labiis
2124 1315 2244 1371 aliis
2265 1315 2454 1387 loquar
2473 1314 2666 1385 populo
2689 1314 2830 1380 huic,
2859 1324 2907 1368 et
2935 1329 3028 1367 nec
3058 1315 3134 1368 sic
3161 1313 3448 1368 exaudiant

1866 1422 1985 1472 me,
2015 1406 2141 1460 dicit
2174 1404 2452 1460 Dominus.
2497 1404 2686 1475 Itaque
2733 1402 2927 1475 lingua:
2978 1403 3033 1456 in
3079 1404 3287 1473 signum
3330 1410 3454 1457 sunt

1865 1516 1973 1554 non
2001 1498 2264 1568 ﬁdelibus,
2292 1499 2384 1553 sed
2416 1497 2716 1568 inﬁdelibus
2734 1514 2752 1563 ;
2782 1496 3070 1567 prophetia:
3118 1508 3294 1551 autem
3347 1512 3454 1551 non

1865 1588 2189 1658 inﬁdelibus,
2217 1588 2307 1644 sed
2334 1588 2598 1658 fidelibus.
2642 1586 2706 1643 Si
2741 1604 2860 1659 ergo
2901 1589 3172 1643 conueniat
3210 1589 3454 1643 universa

1866 1678 2106 1734 Ecclesia
2136 1679 2191 1733 in
2218 1695 2412 1744 unum,
2442 1686 2490 1733 et
2522 1692 2698 1732 omnes
2726 1676 2918 1747 linguis
2944 1675 3249 1747 loquantur,
3280 1690 3455 1745 usque

245 1770 386 1827 Cum
402 1770 585 1841 justus
604 1789 671 1829 ex
703 1774 808 1831 fide
838 1776 1004 1842 vivat,
1056 1776 1289 1849 finisque
1323 1782 1604 1852 pmcepti,
1626 1789 1760 1847 etc.,
1794 1784 1837 1842 Β
1866 1772 1933 1825 ad
1985 1771 2066 1826 An
2092 1788 2124 1825 a
2153 1771 2292 1827 vobis
2320 1770 2530 1826 verbum
2557 1769 2655 1825 Dei
2683 1771 2933 1842 processit
2953 1770 2978 1824 ἲ
2998 1779 3089 1824 aut
3115 1770 3172 1823 in
3199 1785 3286 1823 vos
3313 1768 3455 1824 solos

166 1879 345 1930 usque
376 1865 447 1934 ad
489 1866 542 1921 in
597 1867 989 1937 vaniloquium.
1037 1870 1162 1940 (Id.,
1196 1871 1288 1926 lib.
1337 1884 1506 1928 contr.
1568 1873 1756 1929 Faust.

166 1968 273 2018 xx,
303 1961 436 2008 tom.
458 1954 592 2020 Vill,
617 1956 722 2013 col.
753 1958 859 2014 586
888 1968 946 2014 et
969 1959 1111 2031 seq.)

246 2046 345 2101 Pia
369 2045 502 2102 ﬁdes
529 2047 646 2104 siue
672 2064 766 2118 spe
788 2059 845 2106 et
890 2050 1008 2106 sine
1029 2052 1317 2119 charitate,
1340 2061 1476 2119 etc.,
1499 2070 1661 2125 usque
1688 2054 1759 2108 ad

164 2138 562 2209 conspicimus.
627 2140 751 2210 (Id.,
797 2142 892 2199 tib.
940 2144 1011 2198 ad
1046 2142 1379 2216 consentiam
1431 2147 1498 2201 de
1543 2146 1759 2215 Trinit.,

170 2235 319 2284 tom.
340 2227 433 2293 III,
456 2229 561 2286 col.
594 2230 747 2303 456.)

246 2318 385 2375 Cum
429 2322 639 2378 venerit
691 2323 835 2393 quod
867 2323 1169 2395 perfectum
1195 2335 1303 2393 est,
1338 2328 1480 2397 quod
1521 2344 1585 2383 es
1607 2338 1762 2399 parte

165 2416 283 2476 est,
325 2418 455 2475 etc.,
500 2427 663 2483 usque
710 2413 780 2466 ad
816 2414 1172 2484 concupiscit.
1206 2416 1333 2487 (Id.,
1363 2416 1455 2471 lib.
1485 2418 1551 2472 de
1577 2417 1763 2489 Perfe-

168 2500 350 2556 ctione
360 2500 592 2570 justitia:
617 2503 868 2569 hominis,
902 2512 1033 2561 tom.
1068 2505 1133 2569 Il,
1162 2505 1269 2562 col.
1296 2506 1401 2563 500
1428 2516 1485 2563 et
1510 2507 1653 2577 seq.)

249 2590 469 2649 Nullum
505 2592 652 2649 aliud
681 2595 953 2653 canticum
996 2597 1154 2652 docet
1201 2613 1301 2659 nos
1351 2599 1514 2663 Deus,
1561 2599 1667 2655 nisi
1701 2599 1764 2654 li-

168 2683 288 2750 dei,
316 2692 447 2750 etc.,
475 2701 639 2756 usque
669 2687 739 2741 ad
762 2701 890 2743 cum
921 2686 1240 2743 viderimus.
1268 2689 1393 2761 (Id.,
1436 2699 1591 2745 tract.
1622 2690 1757 2761 psal.

168 2785 477 2842 xcx1,tom.
504 2777 593 2843 IV,
621 2786 765 2849 part.
779 2794 861 2844 111,
879 2779 984 2835 col.
1014 2781 1146 2835 1171
1178 2788 1235 2836 et
1262 2780 1405 2852 seq.)
1432 2790 1455 2813 ί

246 2866 444 2938 Incipit
468 2869 631 2925 homo
655 2886 686 2926 a
715 2872 841 2937 lide,
870 2871 999 2941 quid
1028 2874 1264 2943 pertinet
1287 2874 1355 2929 ad
1383 2873 1573 2939 fidem,
1602 2891 1763 2946 usque

169 2959 249 3014 ad
289 2959 483 3014 horum
518 2969 602 3016 est
639 2960 901 3017 Charitas.
947 2962 1088 3034 (Id.,
1135 2980 1292 3019 serm.
1321 2963 1386 3019 de
1413 2980 1518 3018 ver.
1550 2961 1757 3035 Euang.

170 3059 314 3108 tom.
346 3052 412 3118 V,
440 3061 581 3123 part.
613 3069 663 3118 1,
691 3053 793 3110 col.
822 3053 947 3111 865.
971 3054 991 3124 )
1731 3092 1737 3097 -

248 3141 550 3199 Dilectione
572 3144 879 3200 instandum
909 3154 994 3201 est
1018 3146 1087 3201 ad
1117 3145 1277 3212 illud,
1307 3156 1361 3204 et
1388 3147 1757 3204 inhaerendum

169 3232 287 3299 illi,
318 3250 480 3305 usque
513 3235 583 3290 ad
617 3235 749 3291 dicit
771 3236 1082 3307 Apostolus.
1123 3237 1313 3310 (Idem
1334 3278 1350 3304 ,
1378 3237 1471 3293 lib.
1505 3238 1570 3293 de
1608 3237 1758 3294 Trin.

170 3333 312 3381 ιοιη.
343 3324 491 3392 vut,
517 3325 621 3383 col.
647 3326 775 3383 951.
802 3328 824 3399 )
927 3372 937 3380 .

163 3421 172 3428 ’
248 3415 367 3473 Non
399 3417 545 3474 enim
574 3418 678 3475 hoc
698 3427 784 3475 est
814 3414 1263 3485 habere'oculos,
1299 3420 1444 3490 quod
1478 3419 1758 3489 aspicere.

171 3508 288 3564 Aut
318 3507 448 3562 item
480 3508 582 3563 hoc
607 3516 730 3574 est,
761 3524 925 3579 usque
953 3509 1023 3563 ad
1053 3525 1161 3566 non
1192 3510 1406 3580 poterit.
1432 3509 1636 3580 (Idem,
1664 3508 1757 3564 lib.

172 3597 615 3670 Soliloquiorum,
651 3608 782 3655 tom.
815 3599 870 3665 I,
897 3600 1002 3656 col.
1029 3600 1135 3656 875
1159 3610 1215 3657 et
1237 3603 1378 3671 seq.)

762 3686 991 3744 CAPUT
1029 3688 1170 3745 XIV.

248 3777 541 3834 Sectamini
572 3780 904 3834 charitatem.
941 3778 1107 3835 Dulce
1139 3788 1194 3835 et
1228 3779 1446 3836 salubre
1484 3779 1759 3836 vinculum

172 3873 477 3938 mentium,
514 3872 632 3929 sine
662 3886 770 3942 qua
807 3871 959 3928 dives
989 3912 1007 3939 ,
1055 3889 1217 3944 usque
1244 3874 1315 3928 ad
1351 3871 1419 3927 ad
1478 3874 1762 3945 ignoscen-

169 3961 330 4035 dum.
357 3961 377 4033 (
400 3962 459 4018 S.
485 3961 651 4035 Aug.,
677 3979 913 4019 sermone
933 3963 998 4018 de
1025 3963 1183 4019 laude
1210 3964 1506 4031 charitatis,
1530 3972 1660 4021 tom.
1691 3966 1759 4032 V,

168 4028 320 4125 pa'rt.
354 4028 425 4121 i1,
458 4028 760 4110 coliliiﬂ.’
786 4053 807 4127 )

249 4144 325 4201 1E
330 4145 605 4201 mulamini
634 4144 920 4216 spiritalia,
942 4147 1112 4217 magis
1139 4156 1315 4201 autem
1341 4155 1395 4200 ut
1422 4147 1757 4218 prophetetis.

172 4238 285 4306 Qui
313 4238 453 4293 enim
498 4236 732 4308 loquitur
762 4236 975 4308 lingua,
1017 4254 1123 4294 non
1171 4238 1467 4293 hominibus
1503 4238 1759 4311 loquitur,

167 4329 269 4386 sed
296 4328 427 4383 Deo.
463 4325 633 4383 Nemo
670 4328 807 4383 enim
834 4328 1004 4383 audit.
1036 4325 1267 4399 Spiritus
1312 4339 1487 4384 autent
1530 4329 1763 4400 loquitur

169 4420 447 4491 mysteria.
475 4419 619 4475 Nam
641 4419 1046 4492 quipropltetat,
1070 4435 1239 4490 usque
1259 4421 1327 4476 ad
1355 4420 1557 4491 supplet
1586 4420 1759 4476 locum

168 4512 359 4567 idiota:
380 4511 409 4566 7
433 4510 534 4567 Hic
559 4510 787 4581 spiritus
819 4526 850 4564 a
881 4518 1061 4567 mente
1086 4510 1440 4582 distinguitur
1468 4511 1760 4568 evidentis-

168 4603 350 4667 simo,
377 4617 541 4673 usque
566 4600 635 4654 ad
663 4600 981 4671 cogitamus.
1033 4601 1253 4673 (Idem,
1288 4602 1380 4657 lib.
1431 4603 1495 4657 de
1526 4600 1660 4659 Gen.
1689 4603 1761 4659 ad

169 4694 429 4750 litteram.
467 4707 574 4755 s11,
610 4703 740 4747 tom.
772 4689 869 4754 III,
900 4700 1040 4762 part.
1069 4708 1120 4759 1,
1154 4693 1259 4749 col.
1286 4691 1395 4749 460
1418 4702 1474 4748 et
1501 4709 1617 4765 seq.
1643 4694 1663 4766 )

248 4781 527 4849 Quomodo
563 4782 698 4836 dicet
737 4797 889 4837 amen
926 4797 1085 4851 super
1120 4792 1265 4837 tuam
1310 4783 1763 4840 benedictionem?

171 4874 447 4942 Quoniam
473 4872 681 4944 quidem
710 4874 867 4928 nescit
897 4873 1023 4944 quid
1053 4872 1220 4927 dicas.
1257 4872 1400 4927 Nam
1431 4884 1487 4927 tu
1518 4875 1760 4945 quidem,

170 4980 351 5036 usque
395 4964 498 5029 ad,
528 4964 799 5020 uerborum
854 4965 908 5019 in
958 4963 1157 5034 lingua.
1204 4963 1380 5021 Amen
1433 4965 1632 5036 quippe
1681 4966 1762 5020 in-

173 5064 511 5128 terpretatur
565 5070 786 5122 verum,
831 5072 991 5127 usque
1043 5054 1114 5109 ad
1151 5053 1436 5109 vilesceret
1472 5056 1754 5110 nudatum.

172 5146 373 5219 (Idem,
393 5154 547 5199 tract.
570 5140 775 5215 Evang.
795 5160 901 5199 sec.
926 5143 1089 5198 Joan.
1118 5159 1227 5209 ιιι,
1254 5153 1383 5200 tom.
1408 5142 1510 5211 III,’
1525 5154 1667 5215 part.
1694 5163 1759 5213 11,

173 5239 286 5299 col.
319 5237 479 5296 1694.
501 5237 521 5310 )
587 5272 595 5283 ε

248 5332 503 5398 Fratres,
551 5330 709 5387 nolite
756 5330 905 5401 pueri
952 5332 1081 5403 eﬁici
1123 5332 1396 5397 sensibus,
1429 5332 1521 5387 sed
1556 5331 1761 5387 malitia

174 5424 387 5498 paruuli
431 5433 625 5490 estote,
677 5422 915 5479 sensibus
967 5434 1143 5478 autem
1188 5424 1405 5495 perfecti
1452 5432 1633 5479 estote.
1703 5422 1761 5479 In

175 5516 383 5589 populo
407 5515 546 5572 Novi
576 5514 906 5573 Testamenti
929 5554 943 5581 ,
973 5515 1064 5584 qui
1098 5530 1203 5571 non
1234 5513 1560 5585 perdurant,
1601 5530 1763 5587 usque

175 5608 250 5665 ad
268 5609 338 5663 ad
364 5622 668 5665 numerum.
694 5606 883 5680 (Idem,
905 5606 996 5661 lib.
1027 5605 1228 5672 Quam.
1253 5623 1482 5674 Lxxxm,
1517 5617 1645 5664 tom.
1664 5605 1728 5663 VI
1747 5647 1761 5672 ,

178 5700 285 5759 col.
318 5700 410 5756 52.
430 5699 451 5771 )
964 5712 967 5713 ν

1860 1864 2129 1933 peruenit?
2170 1863 2225 1918 In
2275 1862 2410 1933 legis
2462 1862 2679 1916 nomine
2732 1860 3023 1930 aliquando
3066 1858 3229 1913 simul
3271 1859 3454 1913 omnia

1862 1952 2091 2017 veteris,
2123 1968 2286 2023 usque
2335 1951 2404 2004 ad
2456 1958 2655 2020 praeter
2693 1948 2950 2019 psalmos.
2995 1948 3219 2019 (Idem,
3257 1947 3347 2001 lib.
3389 1948 3455 2002 de

1864 2041 2054 2098 Trinit.
2083 2057 2183 2107 sv,
2216 2050 2347 2097 tom.
2378 2040 2524 2107 VIII,
2550 2038 2671 2095 col.‘
2696 2038 2856 2094 1881.
2879 2054 2896 2109 )

1939 2133 2003 2191 Si
2030 2133 2147 2204 quis
2177 2133 2380 2188 videtur
2401 2132 2650 2203 propheta
2677 2146 2822 2189 esse.
2871 2138 2963 2185 aut
2998 2126 3266 2200 spiritalis
3295 2169 3311 2194 ,
3354 2146 3449 2185 co-

1863 2235 2080 2298 gnoscat
2106 2242 2223 2296 qua:
2250 2225 2421 2280 scribo
2451 2224 2617 2290 vobis,
2641 2224 2766 2294 quia
2790 2222 3004 2277 Domini
3028 2231 3150 2277 sunt
3174 2221 3451 2277 mandata.

1868 2315 1931 2373 Si
1958 2316 2077 2388 quis
2107 2325 2283 2370 autem
2302 2356 2317 2381 ,
2349 2330 2522 2385 usque
2550 2315 2618 2368 ad
2647 2314 2934 2368 secundum
2963 2312 3199 2367 ordinem
3233 2312 3366 2382 [iant
3398 2314 3454 2367 in

1863 2409 2026 2465 nobis.
2065 2408 2159 2465 Illa
2198 2424 2319 2479 qua:
2351 2408 2573 2476 scripsit
2600 2407 2894 2478 Apostolus
2925 2405 2989 2460 ad
3018 2403 3328 2460 Corinthios
3357 2403 3456 2458 ali-

1866 2506 1948 2553 ter
1971 2497 2160 2567 utique
2191 2498 2259 2552 ab
2298 2497 2433 2568 ipsis
2465 2496 2735 2568 parvulis,
2778 2512 2944 2564 usque
2979 2496 3082 2558 ad,
3122 2508 3453 2564 cognoscere

1863 2587 2090 2644 fecerat.
2132 2587 2343 2658 (Idem,
2373 2598 2528 2642 tract.
2560 2585 2761 2658 Evang.
2801 2603 2904 2641 sec.
2944 2585 3134 2651 Joan.,
3173 2596 3304 2642 tom.
3340 2583 3441 2650 III,

1861 2686 2006 2749 part.
2037 2694 2109 2743 11,
2134 2678 2241 2734 col.
2273 2676 2474 2746 1881.)

1936 2789 2288 2862 Nequaquam
2333 2798 2395 2845 ut
2435 2789 2669 2855 scribis,
2703 2790 2794 2860 qui
2832 2789 3048 2861 ignorat
3081 2787 3439 2859 ignorabitur,

1862 2896 2026 2951 usque
2059 2880 2129 2934 ad
2164 2879 2274 2936 sint
2305 2888 2499 2936 cuncta
2536 2880 2841 2950 perspicua.
2877 2879 3102 2951 (Idem,
3138 2878 3229 2933 lib.
3269 2874 3441 2949 Epist.

1863 2979 1998 3028 tom.
2028 2970 2099 3037 II,
2134 2979 2276 3042 part.
2309 2987 2357 3038 1,
2389 2971 2496 3028 col.
2526 2970 2631 3026 745
2658 2980 2714 3026 et
2737 2969 2897 3042 seq.)

2456 3105 2686 3163 CAPUT
2724 3102 2842 3160 XV.

1936 3236 2138 3293 Notum
2163 3247 2337 3294 autem
2364 3237 2507 3293 vobis
2536 3236 2674 3307 [acia
2703 3236 2895 3307 fratres
2928 3236 3272 3308 Evangelium
3304 3212 3455 3307 quoa

1859 3327 2164 3397 pra'dicavit
2190 3327 2365 3393 vobis,
2393 3327 2536 3399 quod
2569 3338 2617 3382 et
2648 3328 2918 3399 accepistis
2939 3368 2954 3392 ,
2981 3328 3037 3382 in
3068 3343 3172 3398 quo
3199 3336 3247 3381 et
3277 3327 3449 3391 statis,

1858 3434 1954 3488 per
2001 3417 2140 3490 quod
2188 3428 2237 3472 et
2287 3418 2599 3482 salvamini,
2643 3434 2748 3488 qua
2796 3418 2998 3473 ratione
3021 3417 3447 3487 prmdicauerim,

1862 3524 2036 3579 usque
2081 3510 2149 3565 ad
2196 3519 2244 3564 et
2292 3509 2427 3581 quia.
2465 3525 2605 3564 uisus
2629 3526 2704 3565 est
2735 3506 3334 3580 Cephw.‘Resurrexit,
3364 3507 3449 3561 iu-

1860 3599 2016 3671 quit,
2063 3601 2223 3655 tertia
2253 3599 2339 3655 die
2366 3599 2664 3655 secundum
2690 3597 3026 3668 Seripturas,
3054 3605 3110 3652 et
3136 3636 3150 3659 ,
3179 3612 3342 3666 usque
3376 3595 3449 3648 ad

1861 3687 2153 3759 Evangelio
2180 3688 2395 3759 legitur.
2429 3687 2509 3759 (S.
2542 3689 2708 3756 Aug.,
2738 3687 2829 3743 lib.
2852 3687 2917 3741 de
2943 3685 3212 3742 Couscnsu
3244 3686 3448 3754 Evang.

1863 3787 1999 3833 tom.
2027 3776 2131 3844 III,
2158 3788 2301 3848 part.
2329 3794 2382 3844 1,
2410 3778 2514 3834 col.
2550 3777 2711 3833 I2l5.
2739 3777 2758 3850 )

1933 3868 2002 3923 Et
2043 3878 2158 3940 post
2204 3869 2335 3935 hoc,
2373 3869 2576 3939 inquit,
2615 3868 2876 3922 undecim.
2926 3865 3042 3934 Qua
3083 3864 3242 3920 libuit
3278 3865 3442 3930 hora,

1864 3962 1982 4032 ipso
2035 3971 2216 4020 tamen
2269 3962 2691 4019 resurrectionis
2738 3960 2846 4016 die.
2910 3960 3014 4015 Per
3062 3958 3440 4031 synecdochen

1860 4062 2040 4109 autem
2067 4094 2081 4119 ,
2114 4069 2277 4124 usque
2301 4054 2370 4107 ad
2406 4068 2514 4108 non
2559 4053 2811 4123 pertinet.
2843 4050 3055 4123 (Idem,
3098 4049 3190 4104 lib.
3241 4046 3446 4115 Quam.

1859 4144 2050 4201 Gencs.
2075 4161 2222 4201 cxvu
2243 4186 2258 4210 ,
2292 4154 2424 4202 tom.
2460 4144 2559 4210 III,
2593 4151 2732 4215 part.
2761 4160 2818 4208 1,
2848 4143 2954 4199 col.
2985 4142 3092 4198 575
3116 4151 3172 4199 et
3197 4142 3340 4212 seq.)

1932 4235 2067 4291 Nam
2099 4252 2204 4292 non
2235 4236 2553 4301 duodecim,
2585 4237 2681 4291 sed
2730 4234 2978 4290 undecim
3009 4231 3248 4289 nonnulli
3279 4232 3449 4291 etiam

1863 4328 2080 4384 codices
2115 4328 2313 4382 habent
2334 4368 2350 4393 ,
2391 4342 2554 4398 usque
2589 4326 2660 4380 ad
2696 4325 3037 4382 ascensionis
3066 4338 3197 4378 suae.
3228 4321 3449 4392 (Idem,

1862 4416 1954 4471 lib.
2018 4432 2079 4472 111
2133 4417 2198 4471 de
2253 4415 2521 4472 Consensu
2571 4412 2820 4486 Euang.,
2875 4422 3004 4469 tom.
3053 4412 3152 4477 Ill,
3194 4418 3333 4481 part.
3391 4426 3447 4477 1,

1866 4507 1973 4562 col.
2005 4506 2210 4579 ωδ.)

1937 4594 2231 4650 Novissime
2264 4604 2442 4650 autem
2487 4593 2721 4649 omnium
2759 4602 3009 4662 tanquam
3044 4589 3275 4643 abortivo
3310 4590 3448 4644 visus

1862 4699 1939 4746 est
1965 4698 2013 4744 et
2034 4689 2183 4744 mihi.
2213 4688 2321 4744 Sed
2350 4689 2453 4743 hoc
2474 4687 2586 4757 jam
2617 4686 2683 4741 de
2709 4684 2851 4740 coelo
2869 4724 2885 4748 ,
2907 4691 3029 4752 post
3058 4695 3283 4752 parvum
3308 4688 3448 4745 tem-

1864 4799 1967 4855 pus
2007 4782 2341 4841 ascensionis
2373 4798 2506 4837 suae.
2534 4780 2697 4836 Pater
2731 4787 2917 4832 noster
2945 4775 3216 4831 Abraham
3236 4813 3253 4839 ,
3292 4774 3448 4845 cujus

1868 4875 2078 4944 Iustitia
2105 4873 2256 4939 fidei,
2273 4888 2436 4943 usque
2457 4871 2527 4924 ad
2553 4868 2887 4941 perfectique
2908 4880 3214 4921 nascamur.
3246 4864 3449 4938 (Idem,

1864 4966 1955 5021 lib.
1980 4975 2148 5021 contr.
2183 4962 2399 5029 Faust.,
2432 4980 2548 5033 cap.
2584 4960 2675 5016 95.
2703 4960 2721 5030 )
3330 5030 3331 5033 η

1938 5056 2053 5127 Ego
2082 5056 2221 5110 enim
2255 5071 2371 5110 sum
2408 5054 2657 5108 minimus
2680 5048 2950 5121 apostolus
2970 5048 3059 5120 qui
3086 5064 3190 5102 non
3217 5062 3332 5128 sunt
3360 5046 3445 5101 di-

1864 5166 2027 5221 gnus,
2073 5164 2246 5218 usque
2281 5149 2348 5203 ad
2384 5163 2550 5200 vacua
2585 5160 2691 5198 non
2728 5142 2849 5213 fuit.
2899 5141 3141 5197 Pluviam
3198 5138 3447 5194 voluntao

1868 5241 2008 5295 riam
2039 5254 2333 5310 segregans
2363 5238 2506 5293 Deus
2536 5234 2834 5292 haareditati
2867 5249 3000 5289 sum.
3037 5231 3251 5287 Etenim
3292 5230 3450 5287 inﬁr-

1871 5341 2014 5386 mata
2048 5340 2168 5394 est,
2230 5339 2285 5383 tu
2322 5344 2452 5383 vero
2512 5324 2786 5398 perfecisti
2840 5340 2992 5391 eam,
3043 5322 3169 5393 quia
3210 5319 3484 5391 pluviam.

1870 5421 2268 5484 voluntariam,
2294 5434 2455 5489 usque
2480 5420 2548 5472 ad
2571 5416 2846 5488 perfecisti
2874 5429 3020 5470 eum.
3045 5411 3224 5484 (Idem
3243 5451 3261 5477 ,
3286 5425 3445 5465 serm.
3492 5464 3502 5475 ,

1867 5514 1934 5569 de
1963 5530 2067 5569 uer.
2103 5512 2305 5582 Evang.
2340 5511 2429 5577 I9,
2461 5509 2597 5581 psal.
2631 5525 2799 5566 vau.
2827 5508 2846 5580 )

1936 5605 2211 5660 Laborant
2248 5603 2519 5675 Pelagiani
2556 5609 2814 5674 quantum
2860 5607 3088 5673 possunt
3126 5597 3448 5657 ostendere,

1869 5694 2100 5764 gratiam
2151 5694 2246 5750 Dei
2291 5695 2623 5761 secundum,
2669 5708 2832 5766 usque
2883 5692 2953 5747 ad
2982 5688 3263 5767 diciturin
3294 5684 3448 5741 Psalv
