3970 6306
602 331 704 387 547

1789 315 1995 372 FLORI
2034 314 2315 373 ΝΜ]οΜ
2351 313 2658 372 MONACHI
3010 346 3013 350 ι
3712 321 3776 378 us

602 459 714 499 mo.
771 438 992 514 (Idem,
1023 438 1116 494 lib.
1154 436 1218 491 de
1258 435 1388 492 Cra.
1424 443 1472 488 et
1513 433 1674 487 libero
1710 432 1892 497 arbit.,
1931 441 2065 488 tom.
2103 430 2151 485 Χ
2173 470 2189 496 ,
2219 433 2271 493 Α
2366 429 2568 484 Deinde
2595 429 2719 498 ﬁnis
2748 444 2866 481 cum
2905 426 3183 481 tradiderit
3212 443 3433 497 requiem
3455 427 3617 485 Decet
3640 429 3775 490 Pani.-

603 540 748 603 part.
781 547 833 596 ι,
862 529 969 585 col.
997 527 1123 584 888.
1155 526 1174 597 )

677 622 785 680 Sed
821 620 1181 676 abundantius
1218 615 1456 671 omnibus
1493 612 1600 667 illis
1631 611 1899 676 laboraui,
1946 627 2048 664 non
2093 626 2186 680 ego

605 722 782 768 autem
800 752 814 775 ,
847 712 937 765 sed
965 709 1133 780 gratia
1161 707 1257 760 Dei
1281 720 1502 758 mecum.
1530 703 1690 758 Cives
1718 710 1918 757 sanctie
1950 699 2187 755 civitatis

611 804 711 859 Dei
743 803 798 858 in
827 801 987 869 hujus
1015 799 1134 853 vita:
1160 794 1593 866 peregrinatione
1620 834 1635 857 ,
1663 809 1824 864 usque
1854 791 1922 845 ad
1953 789 2189 844 fornica-

606 899 847 954 tionibus
875 896 1004 951 suis.
1031 893 1217 963 (Idem,
1248 888 1339 943 lib.
1367 888 1432 942 de
1463 885 1571 942 Civ.
1604 886 1703 941 Dei
1731 901 1820 940 xxv
1845 926 1861 952 ,
1895 894 2026 940 tom.
2063 882 2183 946 Vll,

613 987 720 1043 col.
754 986 923 1056 tu.)

678 1076 815 1143 Quid
871 1082 954 1128 est
999 1069 1141 1140 quod
1195 1083 1368 1133 nunc,
1420 1066 1576 1136 quasi
1625 1064 1926 1135 apostolatui
1973 1063 2183 1130 relicto,

603 1165 846 1236 Apostoli
871 1162 1025 1226 ﬁunt,
1060 1176 1221 1229 usque
1246 1159 1314 1212 ad
1328 1165 1569 1228 augeret.
1608 1155 1777 1226 (Idem
1797 1165 1984 1219 ,tract.
2015 1154 2185 1208 Evan.

602 1276 707 1315 sec.
738 1256 902 1311 Joan.
933 1270 1081 1310 cxsn
1101 1294 1115 1318 ,
1143 1261 1274 1306 tom.
1300 1251 1546 1320 lll,part.
1573 1266 1644 1313 ιι,
1674 1249 1777 1304 col.
1807 1248 1944 1303 1959
1962 1257 2018 1302 et
2045 1246 2187 1318 seq.)

676 1349 801 1404 Non
845 1364 938 1418 ego
969 1355 1167 1408 autem,
1197 1342 1287 1397 sed
1322 1342 1495 1412 gratia
1535 1339 1632 1393 Dei
1665 1356 1886 1394 mecum.
1915 1338 2031 1393 Non
2064 1340 2190 1408 quia

600 1443 717 1512 ipse
751 1440 907 1504 nihil,
957 1447 1087 1503 etc.,
1129 1452 1294 1506 usque
1346 1434 1416 1487 ad
1459 1432 1760 1503 adjuvaret.
1797 1431 1930 1501 (ld.,
1976 1429 2069 1484 lib.
2120 1429 2191 1483 ad

602 1530 823 1586 Paulin.
852 1527 1037 1599 episc.)
2068 1576 2073 1581 λ

671 1623 794 1679 Sive
838 1622 977 1675 enim
1021 1636 1114 1690 ego
1142 1658 1157 1684 ,
1189 1617 1295 1672 sive
1325 1616 1444 1680 illi,
1489 1616 1564 1669 sic
1608 1614 1992 1685 pra'dicamus,
2039 1621 2086 1666 et
2116 1612 2193 1665 sic

599 1714 913 1770 credidistis.
965 1710 1110 1765 Inter
1178 1707 1415 1763 medium
1470 1706 1735 1760 montium
1783 1704 2194 1773 pertransibunt

2292 534 2409 573 cum
2449 519 2776 574 evacuaverit
2805 533 3008 572 omnem
3038 517 3414 587 principatum,
3447 528 3492 574 et
3524 531 3776 589 potestatem,

2290 620 2339 664 et
2370 610 2629 664 uirtutem.
2668 609 2807 675 Quid
2836 607 3147 678 putabimus
3190 623 3314 663 esse
3343 609 3550 665 domum
3583 611 3683 678 Dei,
3716 617 3777 671 nis'

2290 702 2574 771 templum,
2605 712 2736 767 etc.,
2767 718 2929 770 usque
2954 702 3022 754 ad
3053 716 3279 771 regnum
3330 708 3496 756 tuum.
3526 702 3543 771 (
3567 703 3649 768 ld.,
3678 716 3776 761 tract.

2290 796 2492 865 Evang.
2511 812 2615 849 sec.
2643 795 2805 849 Joan.
2831 809 3021 857 uvm,
3053 804 3183 847 tom.
3201 791 3290 856 Ill,
3307 802 3451 863 part.
3467 811 3533 858 ll,
3555 796 3641 849 col.
3660 798 3779 863 1814.)

2362 886 2480 940 Erit
2517 900 2647 954 ergo
2676 898 2899 954 regnum
2923 883 3369 947 christianorum,
3400 884 3534 952 quod
3568 886 3693 940 modo
3710 887 3778 940 cnl-

2289 975 2494 1044 ligitur,
2526 985 2656 1041 etc.,
2700 990 2862 1044 usque
2899 974 2969 1028 ad
3010 974 3079 1028 ab
3123 972 3278 1028 initio
3324 973 3528 1027 mundi.
3571 973 3681 1043 (ld.,
3716 979 3779 1031 col.

2291 1063 2475 1135 1597)

2361 1153 2473 1208 Nec
2499 1154 2578 1208 sic
2605 1154 2932 1208 arbitremur
2956 1152 3254 1219 Christum,
3289 1167 3512 1223 regnum
3545 1155 3780 1209 traditurum

2295 1244 2406 1300 Deo
2429 1253 2486 1299 et
2527 1243 2697 1306 Patri,
2732 1244 3016 1298 utadimat
3042 1244 3164 1299 sibi.
3212 1243 3350 1296 Nam
3391 1253 3447 1297 et
3488 1244 3582 1296 hoc
3617 1245 3780 1313 quidam,

2293 1345 2423 1401 etc.,
2448 1352 2612 1405 usque
2633 1336 2701 1389 ad
2729 1336 2912 1390 omnia
2941 1338 2993 1390 in
3018 1335 3292 1390 omnibus.
3323 1334 3447 1406 (ld.,
3468 1336 3551 1390 lib.
3579 1339 3664 1391 ide
3689 1337 3779 1391 Trin.

2295 1436 2427 1483 tom.
2460 1427 2591 1492 vni,
2619 1426 2724 1481 col.
2753 1427 2903 1498 820.)

2365 1519 2970 1584 Commemorabuntur,
2998 1519 3192 1589 inquit,
3226 1527 3279 1576 et
3308 1528 3679 1583 convertentur,
3700 1530 3780 1583 etc.,

2297 1626 2459 1680 usque
2515 1610 2585 1664 ad
2634 1625 2666 1664 a
2716 1619 2889 1680 patre.
2927 1610 3060 1682 (ld.,
3116 1610 3208 1664 lib.
3247 1612 3314 1665 de
3351 1609 3478 1665 Cra.
3525 1610 3641 1665 Novi
3678 1611 3780 1675 Text,

2297 1701 2433 1773 psal.
2466 1718 2589 1768 xxx,
2620 1711 2753 1758 tom.
2782 1702 2848 1770 ll,
2881 1703 2983 1758 col.
3011 1702 3160 1774 566.)

601 1821 778 1875 aqum.
829 1803 1087 1858 Putemus
1138 1801 1240 1855 hoc
1286 1799 1389 1864 ita,
1438 1805 1577 1862 etc.,
1638 1811 1799 1865 usque
1839 1795 1908 1847 ad
1959 1792 2185 1862 apostoli
2219 1783 2262 1841 Β
2363 1793 2578 1863 Oportet
2623 1804 2798 1849 autem
2839 1795 2988 1849 illum
3031 1811 3249 1865 regnare
3300 1795 3466 1849 donec
3500 1803 3639 1863 ponat
3668 1809 3782 1847 eum

599 1894 926 1950 retinebant.
963 1893 1089 1964 (ld.,
1122 1899 1277 1944 tract.
1315 1887 1451 1959 psal.
1483 1902 1601 1953 Clll,
1646 1895 1774 1941 tom.
1805 1884 1896 1951 ιν,
1929 1892 2069 1955 part.
2098 1899 2185 1950 ιιι,

598 1985 700 2042 col.
731 1985 869 2039 1556
905 1992 960 2038 et
986 1982 1126 2053 seq.)

669 2076 822 2145 Quod
848 2085 1028 2130 autem
1063 2080 1183 2129 erat
1210 2070 1438 2143 apostoli
1480 2068 1634 2123 Pauli
1663 2067 2003 2139 evangelium
2025 2107 2041 2132 ,
2085 2067 2189 2122 hoc

597 2168 787 2232 etiam,
840 2176 972 2230 etc.,
1020 2179 1183 2234 usque
1228 2162 1297 2215 ad
1347 2160 1665 2216 Salvatoris.
1712 2158 1837 2230 (ld.,
1873 2157 1966 2211 lib.
2010 2167 2181 2213 contr.

599 2258 794 2315 Faust.
826 2276 889 2326 ιι,
916 2268 1048 2314 tom.
1077 2257 1187 2312 Vlll
1208 2296 1224 2322 ,
1255 2255 1360 2312 col.
1389 2254 1544 2323 210.)

670 2348 729 2406 Si
761 2359 934 2404 autem
982 2347 1222 2402 Christus
1259 2346 1582 2415 praedicatur
1632 2343 1773 2414 quod
1818 2343 2102 2397 resurrexit
2152 2358 2184 2395 a

596 2440 849 2504 mortuis,
891 2437 1151 2508 quomodo
1185 2435 1402 2507 quidam
1427 2433 1608 2488 dicunt
1637 2434 1693 2487 in
1723 2432 1887 2495 vobis,
1937 2433 2186 2502 quoniam

597 2533 935 2596 resurrectio,
961 2539 1067 2586 etc.
1104 2543 1275 2599 usque
1304 2528 1372 2583 ad
1398 2527 1592 2582 mortui
1632 2541 1738 2581 non
1769 2535 2063 2596 resurgunt.
2090 2526 2187 2581 At-

595 2622 881 2677 tendamus
899 2621 1237 2692 Apostolum,
1265 2635 1388 2676 cum
1411 2618 1611 2688 ingenti
1628 2633 1757 2673 cura
1779 2616 2048 2680 veritatis.
2075 2627 2181 2672 etc.

594 2730 757 2783 usque
775 2714 844 2767 ad
875 2713 1157 2767 veritatem
1187 2711 1521 2783 recuperari.
1555 2708 1677 2782 (ld.,
1709 2709 1860 2779 epist.
1890 2708 1961 2762 ad
1988 2707 2182 2763 Hiero-

595 2820 707 2875 πμ..
740 2813 873 2859 ιοιιι.
902 2804 965 2871 ll,
998 2804 1102 2860 col.
1139 2803 1283 2874 115.)
1758 2790 1769 2797 ”

667 2895 811 2950 Ναηι
841 2898 887 2950 si
915 2897 1110 2949 mortui
1137 2911 1241 2949 non
1270 2903 1546 2965 resurgunt
1578 2907 1597 2946 :
1628 2910 1792 2961 neque
1826 2892 2067 2948 Christus
2097 2911 2179 2948 re-

593 2986 842 3050 surrexit,
857 2985 996 3055 quod
1011 2985 1057 3038 si
1079 2983 1319 3038 Christus
1340 2999 1445 3036 non
1468 2984 1773 3046 resurrexit,
1798 2999 1929 3036 vana
1955 2991 2027 3036 est
2050 2981 2183 3049 ﬁdes

597 3081 799 3136 nostra,
827 3082 957 3137 etc.,
974 3085 1144 3141 usque
1158 3071 1223 3124 ad
1237 3068 1554 3123 hominibus.
1573 3068 1866 3122 Suntvera:
1892 3066 2184 3121 connexio-

593 3177 690 3218 nes
726 3161 1156 3217 ratiocinationis
1180 3202 1195 3226 ,
1243 3160 1411 3213 falsas
1455 3160 1734 3222 habentes,
1766 3167 1872 3212 etc.
1914 3173 2077 3226 usque
2112 3156 2182 3210 ad

595 3264 954 3311 mortuorum.
1006 3254 1130 3322 (ld.,
1156 3252 1246 3305 lib.
1284 3267 1325 3305 ιι
1365 3250 1429 3304 de
1468 3249 1622 3304 Doct.
1659 3248 1879 3316 Christ.,
1922 3257 2051 3303 tom.
2092 3247 2181 3314 ΙΙΙ,

596 3356 741 3418 part.
771 3362 821 3412 ι,
856 3344 959 3400 col.
986 3343 1103 3413 58.)

667 3436 721 3490 Ν
727 3452 825 3489 unc
850 3446 1025 3488 autem
1050 3433 1290 3487 Christus
1320 3433 1604 3487 resurrexit
1634 3449 1665 3484 a
1690 3432 1912 3485 mortuis
1934 3428 2183 3500 primitias

594 3528 965 3583 dormientium
992 3544 1010 3581 :
1053 3524 1298 3597 quoniam
1338 3526 1545 3597 quidem
1579 3541 1668 3594 per
1699 3507 1971 3595 hominem
2006 3539 2181 3588 mors,

594 3627 730 3682 etc.,
756 3633 926 3687 usque
954 3618 1021 3672 ad
1050 3618 1165 3688 ejus
1197 3617 1549 3670 crediderunt.
1576 3615 1749 3670 Homo
1777 3625 1834 3668 et
1860 3615 2040 3668 homo.
2072 3613 2183 3669 H0-

594 3725 683 3765 mo
704 3711 772 3764 ad
796 3719 1044 3765 mortem.
1066 3710 1257 3775 Homo,
1280 3719 1406 3775 etc.,
1429 3725 1592 3779 usque
1608 3713 1677 3762 ad
1695 3709 1904 3763 Domini
1929 3708 2026 3762 tui.
2054 3707 2181 3780 (ld.,

591 3810 747 3856 tract.
774 3802 975 3872 Evang.
1009 3818 1112 3857 sec.
1141 3801 1301 3856 Joan.
1331 3818 1410 3863 ιιι,
1448 3800 1922 3872 tom.lll,part.u,
1949 3799 2053 3857 col.
2080 3800 2183 3855 MO

590 3902 646 3948 et
673 3893 816 3966 seq.)

663 3985 798 4051 Quia
812 3998 911 4054 ego
926 3985 1067 4049 vivo,
1086 3984 1281 4054 inquit,
1296 3992 1349 4037 et
1364 3998 1460 4038 vos
1474 3982 1683 4039 vivetis.
1694 3983 1831 4051 Quia
1854 3985 2018 4040 vivit:
2038 3985 2181 4050 ideo,

588 4085 727 4139 etc.,
756 4091 921 4145 usque
945 4076 1037 4140 ad,
1072 4076 1173 4129 nisi
1221 4090 1317 4145 per
1355 4074 1651 4130 Christum.
1686 4074 1823 4146 (ld.,
1857 4076 1961 4130 col.
1996 4076 2182 4147 1850.)

665 4164 819 4219 Sicut
846 4164 991 4220 enim
1020 4165 1072 4218 in
1116 4166 1288 4219 Adam
1334 4178 1556 4229 omnes,
1605 4172 1736 4229 etc.,
1774 4181 1940 4234 usque
1975 4166 2045 4218 ad
2088 4164 2182 4220 lilii

593 4257 710 4313 Dei.
737 4256 860 4329 (ld.,
892 4257 1041 4327 epist.
1073 4257 1142 4310 ad
1165 4256 1415 4325 Optatum
1438 4258 1622 4327 episc.,
1652 4265 1782 4311 tom.
1810 4255 1871 4320 ll,
1899 4255 2004 4313 col.
2031 4256 2180 4327 859.)

665 4348 851 4420 Neque
874 4350 1017 4406 enim
1049 4349 1157 4404 alio
1184 4363 1344 4404 sensu
1375 4348 1579 4404 dictum
1606 4357 1721 4413 est,
1751 4357 1884 4413 etc.,
1915 4365 2078 4419 usque
2113 4350 2182 4403 ad

2286 1886 2526 1940 inimicos
2546 1902 2669 1940 suos
2697 1886 2792 1939 sub
2818 1886 3035 1957 pedibus
3064 1886 3194 1940 suis.
3225 1886 3541 1940 Divinarum
3563 1884 3781 1953 Scriptura-

2287 1993 2405 2032 rum
2425 1978 2745 2043 incuriosos,
2760 1986 2892 2043 etc.,
2919 1996 3084 2050 usque
3106 1979 3176 2032 ad
3192 1980 3296 2035 sub
3318 1980 3552 2049 pedibus.
3583 1978 3779 2048 (ωηιξη

2287 2068 2352 2123 de
2380 2067 2599 2135 Trinit.,
2632 2078 2763 2124 tom.
2798 2070 2929 2134 V111,
2959 2070 3063 2125 col.
3094 2070 3246 2141 830.)

2360 2160 2655 2217 Novissime
2680 2173 2854 2217 autem
2868 2164 3083 2217 inimica
3111 2164 3416 2218 destruetur
3443 2180 3589 2217 mors.
3611 2161 3780 2228 Quandiu

2286 2274 2474 2314 sumus
2514 2258 2569 2312 in
2630 2272 2859 2327 corpore
2907 2276 2920 2312 :
2970 2258 3387 2329 peregrinarum
3413 2273 3442 2311 a
3467 2256 3680 2318 Domino,
3697 2264 3776 2315 etc,

2286 2366 2449 2421 usque
2510 2349 2582 2403 ad
2637 2358 2994 2405 mortuorum.
3038 2350 3176 2419 (ld.,
3231 2359 3392 2405 tract.
3449 2351 3574 2421 psal.
3619 2362 3778 2409 cxmn.

2248 2446 2253 2449 '
2288 2446 2417 2494 tom.
2447 2438 2539 2505 IV,
2565 2448 2710 2509 part.
2740 2455 2779 2505 ι,
2814 2439 2917 2495 col.
2958 2439 3140 2511 1940.)

2356 2532 2568 2587 Dictum
2596 2541 2719 2587 est:
2752 2532 2888 2586 Cum
2918 2531 3201 2587 tradiderit
3229 2547 3460 2604 regnum
3486 2532 3587 2586 Deo
3607 2541 3651 2585 et
3674 2528 3777 2599 patri.

2286 2622 2450 2690 Quasi
2480 2638 2623 2679 nunc
2656 2638 2762 2677 non
2790 2630 2993 2688 teneat,
3019 2631 3154 2689 etc.,
3189 2639 3359 2694 usque
3400 2623 3468 2677 ad
3510 2623 3558 2677 in
3590 2618 3775 2676 omnibus

2286 2718 2409 2788 (ld.,
2439 2717 2530 2773 lib.
2571 2733 2778 2773 Lxxxm
2809 2716 3035 2783 Quiut,
3065 2728 3197 2772 tom.
3230 2716 3327 2783 Vl,
3351 2717 3452 2772 col.
3478 2716 3580 2785 75.)

2355 2808 2509 2877 Quod
2533 2810 2610 2863 ait
2634 2808 2955 2878 Apostolus:
2982 2807 3116 2864 Cum
3145 2816 3332 2863 autem
3361 2809 3435 2873 ei,
3452 2816 3573 2871 etc.,
3599 2819 3719 2876 usque
3736 2803 3778 2855 si

2284 2901 2507 2970 aequalis
2545 2909 2627 2956 est
2648 2900 2834 2956 Filius.
2869 2900 2993 2972 (ld.,
3018 2900 3110 2955 lib.
3141 2915 3157 2954 ι
3182 2901 3247 2953 de
3274 2899 3537 2964 Trinitat.,
3566 2906 3672 2952 tom.
3698 2892 3774 2955 Vill.

2286 2992 2387 3049 col.
2420 2992 2526 3047 829
2548 3002 2603 3047 et
2629 2993 2772 3063 seq.)
2819 3014 2823 3019 -

2357 3082 2423 3136 Et
2454 3098 2596 3137 nunc
2641 3082 2878 3138 clarifica
2927 3098 3016 3138 me
3043 3092 3098 3137 tu
3127 3082 3294 3138 Pater
3342 3082 3481 3154 apud
3505 3080 3774 3148 temetipsum.

2286 3174 2540 3229 claritate
2575 3189 2737 3244 quam
2767 3174 2926 3229 habui
2955 3176 3267 3246 priusquam
3300 3175 3527 3230 mundus
3552 3178 3669 3228 esset
3689 3166 3775 3235 apud

2285 3273 2356 3320 te.
2390 3264 2537 3320 Ordo
2566 3266 2856 3320 verborum
2886 3274 2989 3331 est,
3020 3273 3153 3331 etc.,
3178 3283 3344 3337 usque
3371 3266 3439 3320 ad
3494 3266 3544 3320 in
3568 3264 3676 3333 ipso.
3698 3258 3773 3327 (lii.

2285 3362 2437 3407 tract.
2470 3351 2676 3424 Evang.
2732 3371 2837 3409 sec.
2867 3353 3029 3409 Ioan.
3074 3370 3161 3421 cv,
3201 3364 3337 3410 tom.
3370 3354 3456 3422 lll,
3483 3360 3607 3424 part.
3630 3344 3773 3411 nurui.

2288 3444 2473 3516 l906.)

2356 3535 2572 3591 Scimus
2601 3536 2804 3590 dictum
2833 3551 2955 3591 esse
2988 3554 3001 3590 :
3034 3535 3248 3590 Patrem
3278 3535 3422 3590 Filio
3446 3547 3560 3589 esse
3575 3524 3773 3595 major-ent.

2284 3637 2418 3694 etc.,
2463 3646 2628 3699 usque
2660 3630 2728 3682 ad
2762 3629 2940 3681 minor
2963 3627 3144 3682 Patre.
3176 3625 3303 3697 (ld.,
3333 3626 3422 3680 lib.
3453 3642 3480 3679 ιι
3522 3620 3669 3677 tollat.
3703 3626 3773 3667 ml

2285 3720 2596 3783 Maximino,
2629 3730 2759 3775 tom.
2797 3718 2930 3784 Vill,
2961 3718 3065 3773 col.
3090 3718 3196 3772 725
3224 3727 3279 3772 et
3313 3717 3453 3788 seq.)
3697 3708 3715 3727 '

2354 3813 2434 3867 Ad
2473 3813 2661 3866 horam
2692 3816 2892 3881 quippe
2919 3816 3285 3881 apparuerunt
3313 3809 3424 3872 illa,
3450 3815 3572 3871 etc.,
3597 3793 3774 3871 usquead

2284 3906 2555 3976 subjectas
2582 3905 2634 3958 in
2661 3919 2745 3958 ea.
2766 3901 2889 3974 (ld.,
2920 3918 2986 3956 ea:
3014 3899 3189 3955 collat.
3219 3915 3342 3954 cum
3371 3899 3537 3962 Mam,
3555 3904 3662 3949 tom.
3687 3882 3773 3946 Vill.

2283 3997 2387 4054 col.
2415 3996 2519 4051 756
2545 4003 2600 4051 et
2625 3995 2767 4066 seq.)
3728 4040 3739 4061 .

2352 4087 2470 4143 Non
2524 4095 2725 4149 autem,
2771 4092 2833 4139 ut
2871 4092 3052 4156 putas,
3083 4097 3279 4152 corpus
3325 4089 3525 4136 tantum
3558 4073 3651 4133 lilii.
3673 4070 3775 4124 idest

2283 4190 2415 4247 etc.,
2444 4196 2608 4252 usque
2635 4178 2704 4233 ad
2731 4193 2853 4233 esse
2882 4177 3207 4248 subjectum.
3238 4174 3377 4245 (ld.,
3399 4173 3496 4230 col.
3517 4165 3644 4234 787.)

2356 4273 2466 4328 Nec
2490 4272 2776 4342 quisquam
2805 4269 2879 4324 ita
2894 4267 3165 4324 existimet
3183 4267 3249 4322 de
3262 4263 3424 4320 Patre
3444 4252 3772 4347 intelligendus:

2282 4362 2426 4432 quod
2473 4336 2767 4431 subiecerit
2809 4358 2991 4413 omnia
3019 4355 3176 4420 Filio,
3229 4365 3290 4410 ut
3335 4355 3507 4426 ipsum
3534 4336 3773 4404 riiiumsibi

594 4444 648 4500 in
678 4442 918 4499 Christo.
952 4441 1078 4514 (ld.,
1101 4441 1193 4495 lib.
1225 4440 1297 4495 ad
1322 4436 1544 4496 Marcet.
1578 4452 1663 4506 ιιι,
1693 4448 1826 4495 tom.
1853 4438 1926 4507 X,
1955 4448 2096 4511 part.
2122 4455 2176 4506 ι,

2285 4454 2461 4511 omnia
2496 4451 2790 4521 subiecisse
2813 4465 2919 4506 non
2960 4456 3130 4519 putet.
3164 4444 3536 4519 lnseparahilis
3576 4445 3662 4500 est.
3686 4438 3771 4489 ειεοι

590 4533 931 4691 ωζιῖοῗέέει,
972 4640 1092 4694 qua:
1122 4625 1174 4678 in
1216 4638 1325 4678 uno
1356 4621 1491 4677 ﬁunt
1538 4620 1779 4685 homine,
1821 4620 1969 4676 nasci
1998 4628 2054 4675 et
2088 4635 2179 4677 re-

592 4718 765 4781 nasci,
791 4726 923 4781 etc.,
952 4732 1114 4788 usque
1139 4716 1208 4769 ad
1231 4713 1564 4784 significans.
1604 4710 1727 4783 (ld.,
1759 4712 1908 4780 epist.
1941 4712 2010 4766 ad
2038 4712 2178 4767 Dar-

591 4809 791 4863 danum
814 4809 877 4863 de
908 4807 1188 4878 prwsentia
1215 4805 1332 4869 Dei,
1361 4814 1494 4859 tom.
1522 4804 1586 4869 ll,
1615 4803 1723 4859 col.
1753 4803 1862 4858 845
1885 4813 1942 4859 et
1972 4805 2118 4877 seq.)

668 4900 736 4955 Ut
763 4915 892 4970 ergo
919 4900 1059 4956 sicut
1083 4913 1180 4969 per
1202 4912 1368 4952 unum
1391 4896 1663 4952 hominem
1694 4911 1871 4952 mors:
1902 4898 1974 4952 ita
1987 4907 2174 4969 etper,

592 5000 725 5058 etc.,
774 5007 937 5061 usque
980 4990 1049 5043 ad
1081 4998 1437 5044 mortuorum.
1487 4988 1611 5060 (ld.,
1641 4987 1731 5045 lib.
1784 4990 1848 5044 de
1876 4990 2065 5045 Trinit.
2100 5005 2174 5057 iv,

594 5097 725 5142 tom.
760 5084 895 5149 Vlll,
924 5083 1028 5139 col.
1058 5083 1209 5155 898.)

660 5176 814 5232 Sicut
842 5176 986 5230 enim
1022 5176 1074 5231 in
1114 5176 1284 5230 Adam
1327 5190 1517 5231 omnes
1551 5176 1889 5240 moriuntur,
1923 5173 2002 5229 sic
2026 5182 2080 5229 et
2121 5174 2175 5228 in

590 5272 807 5327 Christo
834 5285 1022 5326 omnes
1045 5268 1476 5324 viviﬁcabuntur.
1493 5268 1599 5322 Per
1615 5268 1754 5321 hanc
1774 5266 1917 5320 enim
1947 5264 2178 5335 Aposto-

590 5364 914 5428 licam,etc.,
935 5379 1095 5432 usque
1109 5362 1177 5414 ad
1193 5357 1705 5428 novitatedisplicct.
1737 5354 1945 5426 (ld.,lib
1979 5352 2175 5408 deOri-

588 5459 707 5528 gine
732 5457 923 5510 anima:
944 5454 1013 5508 ad
1037 5452 1438 5522 Hieronymum,
1463 5459 1593 5504 tom.
1614 5448 1675 5511 ll,
1697 5448 1801 5503 col.
1826 5445 1929 5501 729
1952 5454 2007 5500 et
2027 5444 2168 5516 seq.)

660 5548 885 5617 Propter
913 5546 1017 5600 hoc
1042 5542 1346 5614 exemplum
1373 5540 1568 5596 futurae
1597 5548 1795 5594 nostra:
1817 5536 2171 5593 resurrectio-

589 5642 692 5706 nis,
722 5651 853 5703 ctc.,
878 5654 1036 5708 usque
1063 5636 1130 5690 ad
1157 5634 1340 5707 gloria:
1361 5649 1491 5691 suae.
1530 5631 1654 5705 (ld.,
1689 5630 1779 5686 lib.
1810 5645 1860 5685 tv
1884 5630 1948 5684 de
1977 5628 2166 5683 Trinit.

592 5742 720 5787 tom.
754 5729 883 5798 Vill,
917 5729 1021 5786 col.
1052 5727 1200 5799 892.)

2286 4560 2449 4615 usque
2469 4543 2538 4597 ad
2565 4543 2654 4613 qui
2677 4548 2924 4597 evacuat.
2956 4538 3079 4612 (ld.,
3109 4537 3201 4592 lib.
3243 4537 3310 4593 de
3354 4534 3593 4591 Trinitate
3630 4531 3769 4589 1,100.

2286 4634 2421 4699 vni,
2452 4632 2554 4689 col.
2585 4632 2737 4705 850.)
3654 4706 3662 4709 Α
3743 4698 3752 4709 0

2358 4725 2425 4781 Ut
2456 4728 2522 4781 sit
2563 4725 2702 4780 Deus
2728 4725 2905 4779 omnia
2934 4724 2990 4777 in
3015 4722 3273 4777 omnibus.
3319 4717 3587 4775 Praemium
3623 4706 3771 4763 virlults

2283 4821 2389 4877 erit
2412 4820 2525 4891 ipse
2559 4820 2648 4889 qui
2677 4819 2930 4873 virtutem
2956 4817 3125 4881 dedit,
3159 4823 3290 4881 etc.,
3318 4828 3473 4882 usque
3510 4806 3572 4861 ad
3602 4807 3769 4891 coquit:

2283 4913 2387 4969 nis.
2432 4878 2683 4983 ὶιιιηὶίιι.
2714 4925 2852 4963 mn
2883 4909 2946 4962 de
2971 4906 3083 4962 Civ.
3112 4878 3232 4969 Dei,
3265 4878 3399 4960 tom.
3427 4899 3540 4961 vn,
3564 4892 3650 4949 col.
3671 4878 3769 4983 tot.)

2352 5002 2718 5058 Perniciosum
2771 5008 2954 5053 autem
2992 5006 3077 5053 est
3126 4995 3407 5051 consilium
3458 4983 3659 5045 hominis
3689 4977 3766 5043 ipsis

2278 5103 2408 5161 etc.,
2448 5110 2609 5165 usque
2652 5093 2722 5146 ad
2757 5090 2955 5161 quibus
2997 5090 3215 5144 dicitur.
3265 5087 3385 5159 (ld.,
3413 5090 3553 5138 tract.
3594 5068 3766 5146 psam.

2279 5196 2411 5243 tum.
2438 5185 2529 5252 IV,
2553 5193 2693 5256 part.
2730 5200 2791 5244 ιι.
2816 5182 2921 5239 col.
2951 5182 3040 5245 M,
3074 5180 3140 5235 15
3157 5189 3213 5235 et
3237 5178 3376 5249 seq.)
3648 5253 3658 5256 _
3728 5244 3735 5254 ,

2347 5251 2624 5334 ιιιειοιιιιιι
2652 5274 3043 5331 desideriorum
3066 5270 3323 5334 satietati,
3350 5277 3472 5323 tunc
3497 5257 3611 5317 nihil
3634 5251 3765 5308 deerit.

2277 5368 2494 5440 quando
2525 5368 2667 5423 Deus
2693 5365 2873 5421 omnia
2920 5364 2974 5418 in
3003 5360 3254 5418 omnibus
3278 5359 3400 5415 erit.
3429 5356 3504 5411 Ad
3529 5359 3662 5422 quam
3685 5339 3764 5440 bvf'

2278 5437 2561 5517 titudinem
2605 5459 2640 5514 ii
2670 5456 3019 5530 perveniunt,
3046 5454 3134 5524 qui
3168 5452 3293 5508 huic
3323 5446 3509 5506 smculo
3532 5447 3637 5530 ante

2280 5551 2545 5607 rationem
2575 5552 2772 5605 animai
2797 5564 2828 5603 a
2855 5562 3020 5604 carne
3050 5546 3387 5602 moriuntur:
3411 5552 3502 5593 nec
3526 5534 3573 5588 in
3598 5522 3759 5606 eisi“?

2279 5659 2441 5713 usque
2470 5643 2538 5695 ad
2565 5657 2761 5711 corpus
2810 5638 3071 5709 implebit.
3103 5635 3228 5708 (ld.,
3265 5634 3354 5690 lib.
3403 5630 3538 5687 Sent.
3567 5616 3759 5677 Ρωσΐκην

2281 5746 2413 5793 tom.
2446 5734 2510 5797 Χ.
2547 5744 2685 5793 part.
2723 5750 2784 5796 ii.
2816 5732 2919 5789 col.
2956 5730 3136 5792 1895.)
