3970 6306
127 318 255 379 349

1000 310 1363 369 EXPOSITIO
1401 308 1469 363 1N
1508 307 1657 363 EPP.
1700 304 1927 361 PAULI.
1970 334 2032 346 -—
2078 304 2185 360 ΕΡ.
2223 304 2244 359 1
2280 304 2374 361 AD
2410 304 2567 363 COR.

3315 308 3426 366 350

214 433 473 505 Quotidie
493 432 692 487 morior
714 445 810 500 per
835 436 1056 484 vestram
1087 427 1331 499 gloriam,
1352 425 1736 495 fratres,quam
1765 428 1813 486 Α
1840 418 2135 474 nobiscum
2166 434 2328 489 agere
2373 420 2610 484 student,
2673 429 2805 487 etc.,
2854 438 3014 493 usque
3042 423 3112 477 ad
3155 423 3421 479 fruemur.

129 530 313 584 Iwbeo
335 528 389 581 in
410 522 620 580 Christo
637 521 767 576 Iesu
789 520 1015 574 Domino
1033 527 1230 573 nostro.
1254 516 1322 572 IJt
1348 515 1609 571 noveritis
1638 529 1733 568 ve-

129 638 269 675 rum
312 619 500 689 iurare
528 629 656 671 'non
708 628 829 669 esse
877 619 1179 683 peccatum,
1216 609 1556 674 invenimus,
1599 615 1733 670 etc.,

130 727 314 782 usque
340 710 411 764 ad
441 708 663 762 adhibet
687 705 877 760 Deum.
908 703 1034 773 (ld.,
1061 718 1220 756 serm.
1253 702 1317 754 de
1345 702 1493 769 epist.
1524 698 1734 765 Jacobi,

132 816 301 855 nemo
323 800 492 870 juret,
524 805 654 852 tom.
679 793 745 859 V,
784 802 925 864 part.
954 808 1018 858 ιι,
1038 792 1142 847 col.
1183 792 1286 847 971
1314 799 1370 846 et
1395 790 1535 860 seq.)

215 889 558 944 Jurationem
602 893 783 938 autem
812 895 946 937 cave
987 890 1250 950 quantum
1278 889 1453 950 potes,
1485 886 1614 942 etc.,
1647 895 1737 932 us-

130 996 248 1049 que
280 977 347 1031 ad
374 974 651 1031 consuevit
680 972 888 1041 jurare.
916 970 1039 1043 (ld.,
1085 971 1178 1026 lib.
1211 970 1280 1024 ad
1306 968 1463 1024 Cons.
1512 968 1733 1034 llilarii,

136 1081 286 1126 tom.
317 1070 383 1134 ιι,
412 1069 517 1124 col.
549 1067 698 1137 695.)

218 1169 327 1236 Qui
355 1167 515 1223 dicit:
538 1167 677 1221 Ecce
706 1180 891 1221 coram
911 1165 1037 1228 Deo,
1056 1164 1180 1233 quia
1204 1178 1310 1217 non
1337 1161 1587 1223 mentior,
1604 1168 1733 1225 etc.,

134 1278 316 1333 usque
338 1261 407 1315 ad
441 1260 508 1313 ad
541 1259 721 1313 (idem.
756 1257 882 1328 (ld.,
913 1260 967 1311 in
1001 1256 1322 1326 expositione
1343 1254 1494 1323 epist.
1530 1254 1598 1306 ad
1631 1249 1738 1306 Ga-

135 1355 313 1418 latas,
341 1365 472 1406 tom.
505 1350 592 1414 111,
623 1357 765 1419 part.
795 1364 852 1411 ιι,
886 1348 990 1402 col.
1012 1347 1200 1416 2110.)

219 1442 285 1499 Si
325 1441 615 1498 secundum
656 1440 917 1493 hominem
947 1439 1017 1492 ad
1048 1438 1237 1492 bestias
1259 1436 1486 1507 pugnavi
1521 1434 1734 1505 Ephesi,

134 1534 278 1604 quid
301 1534 428 1586 mihi
447 1531 656 1602 prodest
685 1530 731 1584 si
757 1531 949 1583 mortui
977 1545 1082 1582 non
1112 1538 1385 1597 resurgunt
1402 1528 1429 1581 .9
1451 1527 1739 1580 Manduce-

138 1641 291 1690 mus,
319 1632 448 1688 etc.,
480 1635 651 1691 usque
680 1620 749 1674 ad
774 1620 916 1674 vobis
953 1618 1159 1689 loquor.
1187 1615 1570 1687 Apostolorum
1598 1624 1735 1670 tem-

138 1713 379 1784 poribus
427 1711 731 1766 invenimus
776 1708 966 1773 fuisse,
1011 1718 1145 1774 etc.,
1177 1723 1342 1779 usque
1381 1707 1451 1760 ad
1478 1721 1585 1761 non
1628 1714 1714 1761 est

140 1805 276 1876 (ld.,
309 1803 401 1857 lib.
433 1817 463 1856 v
488 1803 554 1856 de
578 1800 733 1870 Bapt.
762 1809 890 1855 tom.
921 1798 1013 1865 IX,
1037 1800 1143 1856 col.
1167 1798 1317 1869 210.)

223 1895 364 1950 Sunt
394 1894 641 1950 homines
681 1892 772 1962 qui
811 1891 1000 1947 dicunt
1028 1908 1043 1945 :
1074 1891 1192 1946 Non
1218 1901 1302 1947 est
1330 1891 1535 1947 homini
1576 1892 1738 1957 bene,

140 1988 257 2042 nisi
283 1986 371 2042 cui
394 1996 585 2042 assunt
610 1988 792 2042 carnis
822 1986 1047 2053 delicias,
1072 1996 1201 2051 etc.,
1234 2002 1396 2058 usque
1434 1987 1504 2040 ad
1534 1987 1737 2040 moria-

141 2089 260 2132 tur.
292 2078 418 2149 (ld.,
440 2079 689 2147 serm.rde
710 2095 812 2133 ver.
844 2095 1052 2149 evang,
1085 2086 1216 2133 tom.
1258 2079 1324 2145 V,
1359 2086 1500 2149 part.
1532 2093 1595 2145 ιι,
1634 2077 1738 2134 col.

142 2168 259 2223 160
284 2179 341 2223 et
373 2169 514 2239 seq.)

222 2258 723 2315 Animadvertimus
751 2274 875 2315 cum
923 2259 1151 2330 apostoli
1194 2259 1418 2331 epistola
1448 2258 1739 2330 legeretur,

141 2361 289 2417 etc.,
330 2367 492 2421 usque
518 2351 588 2406 ad
631 2354 809 2408 securi
855 2353 1172 2408 moriamur.
1207 2352 1332 2425 (ld.,
1371 2368 1526 2406 serm.
1549 2352 1614 2406 de
1642 2350 1743 2407 Re-

139 2452 399 2509 surrect.,
451 2451 581 2498 tom.
623 2442 689 2509 V,
721 2452 864 2513 part.
896 2458 955 2507 ιι,
980 2443 1085 2499 col.
1115 2442 1252 2498 1599
1272 2449 1325 2497 et
1350 2441 1491 2513 seq.)

231 2532 407 2589 Nolite
433 2533 636 2601 seduci,
678 2543 1017 2605 corrumpunt
1058 2548 1228 2587 mores
1268 2532 1429 2586 bonos
1473 2523 1737 2604 colloquia

143 2623 321 2680 mala.
358 2622 581 2679 Fratres
628 2625 755 2689 mei,
814 2625 905 2695 qui
943 2625 1142 2681 timetis
1178 2623 1371 2689 Deum,
1412 2632 1742 2679 mementote

142 2717 302 2789 quod
350 2718 449 2781 ait,
479 2726 611 2781 etc.,
654 2734 818 2788 usque
846 2718 915 2771 ad
946 2717 1057 2773 Deo
1095 2725 1296 2773 vestro.
1329 2717 1454 2788 (ld.,
1494 2716 1645 2788 epist.
1672 2719 1743 2771 ad

142 2809 353 2879 plebem
380 2807 786 2879 Hipponensem,
819 2818 948 2862 tom.
974 2808 1036 2871 II,
1067 2810 1171 2863 col.
1202 2807 1350 2879 270.)

225 2920 335 2976 Sed
358 2920 494 2974 dicet
521 2918 712 2990 aliquis
728 2934 748 2974 :
769 2915 1043 2984 Quomodo
1065 2927 1338 2988 resurgunt
1360 2916 1583 2971 mortui?
1597 2914 1744 2980 quali

146 3022 333 3066 autem
364 3026 579 3079 corpore
605 3009 804 3065 venient
824 3011 848 3063 1’
867 3007 1001 3063 Cum
1026 3008 1473 3063 resurrectionem
1503 3014 1744 3061 mortuo-

148 3120 278 3159 rum
318 3102 639 3173 persuadere
680 3101 842 3156 vellet
882 3101 982 3166 eis,
1028 3109 1158 3163 etc.,
1188 3116 1351 3170 usque
1377 3098 1446 3152 ad
1483 3098 1741 3162 continuo
1770 3129 1814 3192 Ο

148 3192 401 3247 additum
432 3199 533 3247 est.
564 3190 690 3262 (ld.,
718 3192 866 3263 epist.
901 3191 969 3244 ad
998 3188 1228 3256 Coloss.,
1256 3198 1386 3244 tom.
1412 3187 1478 3255 Il,
1508 3188 1610 3244 col.
1637 3185 1742 3243 944

146 3295 209 3340 ει
246 3283 392 3354 seq.)
1646 3274 1653 3279 ’

226 3374 572 3431 Manifestum
620 3381 723 3437 εει,
783 3370 927 3444 quod
975 3386 1076 3444 per
1133 3371 1411 3427 caelestem
1466 3370 1740 3426 hominem

149 3465 436 3520 Christum
485 3463 614 3519 velit
658 3463 852 3533 accipi,
895 3471 1028 3529 etc.,
1068 3478 1231 3534 usque
1288 3460 1358 3516 ad
1396 3462 1640 3517 ascendit
1688 3461 1744 3516 in

149 3555 379 3612 caelum.
414 3555 537 3627 (ld.,
573 3571 735 3609 serm.
763 3555 828 3609 de
851 3564 1127 3609 resurrect.
1153 3562 1331 3619 mort.,
1357 3560 1487 3608 tom.
1513 3550 1575 3619 V,
1602 3560 1742 3623 part.

149 3663 219 3713 ιι,
248 3645 354 3703 col.
383 3646 521 3701 1620
544 3652 601 3701 et
627 3642 769 3717 seq.)

214 3722 353 3792 VAlia
392 3737 608 3791 claritas
654 3734 804 3801 solis,
839 3745 889 3789 et
941 3733 1049 3788 alia
1081 3733 1298 3788 claritas
1344 3732 1506 3797 lunae,
1547 3740 1593 3785 et
1639 3730 1746 3784 alia

151 3830 400 3893 claritas,
440 3839 572 3892 etc.,
610 3842 782 3896 usque
822 3827 888 3880 ad
934 3825 1243 3880 resurrectio
1288 3834 1637 3877 mortuorum.
1682 3822 1749 3875 Et

150 3924 204 3979 si
245 3922 386 3976 alius
431 3928 515 3975 est
548 3918 657 3974 alio
685 3918 899 3982 fortior,
942 3917 1082 3971 alius
1116 3915 1222 3970 alio
1261 3913 1580 3983 sapientior,
1613 3911 1750 3967 alius

150 4014 269 4069 alio
290 4011 513 4081 iustior,
538 4019 672 4075 etc.,
702 4025 866 4081 usque
915 4008 985 4061 ad
1021 4022 1129 4061 non
1172 4007 1245 4061 sit
1295 4005 1350 4059 in
1402 4018 1587 4075 regno.
1622 4002 1748 4074 (ld.,

150 4114 317 4161 tract.
350 4119 456 4158 sec.
487 4100 650 4156 Joaa.
682 4115 850 4165 vau,
884 4106 1014 4153 tom.
1053 4096 1141 4161 III,
1171 4103 1309 4166 part.
1355 4110 1425 4159 ιι,
1458 4093 1566 4149 col.
1612 4092 1751 4148 1812

151 4205 215 4251 et
243 4193 389 4263 seq.)

230 4287 558 4356 Comparata
595 4291 681 4339 est
711 4280 1038 4338 resurrectio
1065 4285 1436 4344 mortuorum,
1480 4287 1588 4333 etc.
1613 4318 1628 4343 ,
1655 4293 1749 4333 us~

151 4393 261 4450 que
288 4376 360 4430 ad
383 4375 594 4433 Caelum
619 4387 927 4430 commune.
957 4371 1083 4443 (ld.,
1109 4386 1266 4426 serm.
1294 4369 1361 4425 de
1386 4385 1494 4424 ver.
1519 4367 1749 4441 Evang.,

155 4478 297 4525 tom.
334 4465 404 4534 V,
430 4474 574 4537 part.
602 4481 640 4530 ι,
668 4464 774 4521 col.
798 4462 952 4534 736.)

235 4576 547 4634 Seminatur
580 4591 767 4646 corpus
802 4569 1050 4638 animale,
1073 4579 1251 4641 surget
1275 4585 1465 4640 corpus
1491 4566 1747 4638 spiritale.

152 4672 467 4740 Resurgent
496 4676 811 4723 sanctorum
841 4678 1069 4734 corpora
1098 4663 1217 4718 sine
1245 4661 1386 4728 ullo,
1416 4668 1522 4716 etc.
1541 4701 1556 4726 ,
1590 4676 1752 4732 usque

153 4762 233 4818 ad
263 4759 531 4816 inimicos.
563 4758 690 4832 (ld.,
724 4758 817 4813 lib.
850 4757 1098 4822 Enclu'r.,
1128 4764 1258 4810 tom.
1293 4753 1384 4818 VI,
1414 4752 1516 4809 col.
1551 4751 1704 4822 574.)

235 4871 394 4926 Sicut
422 4869 567 4924 enim
600 4868 824 4938 spiritus
848 4866 999 4923 carni
1030 4864 1295 4928 serviens,
1319 4879 1424 4918 non
1456 4863 1751 4933 incongrue

154 4961 442 5021 carnalis:
475 4962 547 5015 ita
577 4975 725 5021 caro,
755 4968 889 5023 etc.,
920 4973 1082 5028 usque
1109 4956 1178 5010 ad
1211 4955 1470 5023 scriptum
1496 4963 1596 5009 est.
1623 4953 1750 5025 (ld.,

155 5055 255 5108 lib.
296 5068 417 5115 xm,
451 5050 515 5105 de
542 5047 655 5105 Civ.
694 5049 815 5113 Dei,
840 5058 970 5104 tom.
1004 5046 1112 5113 VII,
1140 5045 1247 5101 col.
1283 5043 1389 5099 595
1424 5051 1477 5098 et
1503 5044 1644 5113 seq.)

233 5162 483 5231 Corpora
508 5174 639 5230 ergo
669 5158 961 5229 iustorum,
989 5172 1109 5228 quae
1138 5156 1191 5211 in
1234 5152 1632 5211 resurrectione
1662 5151 1746 5206 lu-

158 5270 288 5315 tura
322 5264 472 5319 sunt,
502 5269 675 5324 neque
701 5253 832 5319 ullo,
862 5260 994 5317 etc.,
1035 5266 1197 5320 usque
1224 5248 1293 5303 ad
1324 5246 1586 5317 qualitate
1619 5258 1752 5299 con-

157 5346 370 5403 veniat.
396 5343 527 5415 (ld.,
565 5342 670 5399 col.
698 5342 804 5397 595
837 5350 895 5398 et
912 5343 1056 5413 seq.)

236 5444 360 5499 Erit
391 5457 520 5513 ergo
548 5442 763 5514 spiritui
785 5441 1000 5498 subdita
1029 5454 1157 5496 caro
1185 5438 1464 5509 Spiritalis,
1499 5446 1633 5502 etc.,
1659 5452 1752 5490 us-

160 5552 268 5607 que
300 5533 372 5587 ad
400 5533 664 5602 spiritale.
710 5530 836 5604 (ld.,
859 5531 951 5585 lib.
979 5546 1071 5585 xxv
1097 5530 1163 5584 de
1188 5527 1444 5593 Civ.'Dei,
1476 5535 1606 5581 tom.
1638 5523 1750 5590 V11,

165 5627 276 5682 col.
322 5625 474 5696 408.)

243 5716 511 5782 Gentiles,
552 5716 870 5789 plerumtpte
920 5712 1360 5785 philosotihorum
1414 5706 1747 5779 argumentis

1837 507 1963 580 (ld.,
1992 507 2084 563 lib.
2109 507 2174 562 de
2197 508 2369 579 Sym.,
2396 518 2526 563 tom.
2560 510 2645 575 VI,
2680 510 2783 565 col.
2810 512 2911 567 194
2942 522 2998 567 et
3014 512 3156 584 seq.)

1907 598 1969 655 Si
2004 610 2076 653 est
2096 615 2286 669 corpus
2311 600 2563 665 animale,
2580 613 2656 655 est
2676 612 2723 656 et
2737 602 2991 673 spiritale,
3006 605 3141 658 sicut
3165 605 3420 667 scriptum

1836 699 1932 744 est.
1966 687 2168 743 Factus
2196 700 2292 754 est,
2328 702 2462 754 etc.,
2490 706 2663 759 usque
2699 692 2766 746 ad
2791 692 3157 761 viviﬁcantem.
3208 693 3427 748 Primus

1838 772 1999 836 homo
2026 782 2093 835 de
2124 790 2267 836 terra
2302 789 2549 837 terrenus
2580 783 2633 838 in
2665 784 2903 838 animam
2940 785 3211 839 viventem
3246 783 3425 839 lactus

1834 881 1965 936 est.,
1987 882 2117 936 etc.,
2150 890 2312 943 usque
2344 874 2412 926 ad
2437 873 2655 928 Christo
2682 876 3009 931 vivilicatur.
3038 876 3159 946 (ld.,
3192 875 3286 930 lib.
3319 890 3422 929 xm

1835 965 1900 1019 de
1929 964 2035 1018 Civ.
2065 964 2184 1028 Dei,
2214 973 2345 1017 tom.
2377 964 2485 1029 VII,
2515 965 2619 1020 col.
2655 966 2760 1021 596
2781 976 2835 1021 ει
2857 966 2998 1038 seq.)
3103 991 3109 995 >

1906 1054 2137 1109 Pristina
2167 1054 2436 1109 stabilitas
2464 1057 2707 1124 corporis
2729 1072 2891 1125 quam
2918 1056 3192 1126 peccando
3239 1056 3427 1111 amisi-

1836 1163 1980 1212 mus,
2006 1147 2236 1201 habebat
2265 1153 2470 1201 tantam
2501 1145 2834 1213 felicitatem,
2872 1149 2927 1202 in
2964 1148 3255 1213 defectum,
3281 1158 3416 1213 etc.,

1838 1255 1998 1308 usque
2038 1239 2108 1292 ad
2140 1238 2388 1307 spiritum
2424 1238 2807 1294 viviﬁcantem.
2844 1240 2964 1310 (ld.,
2998 1241 3092 1295 lib.
3120 1256 3161 1305 ι,
3205 1248 3362 1295 tract.
3393 1255 3426 1294 ι

1835 1330 1892 1383 in
1916 1329 2102 1394 Joan.,
2130 1328 2223 1383 lib.
2254 1340 2438 1383 contra
2470 1329 2732 1401 Manicli.)

1906 1418 2121 1475 Primus
2160 1420 2225 1475 de
2271 1430 2413 1474 terra
2466 1430 2725 1487 terrenus,
2753 1422 3012 1476 secundus
3058 1422 3123 1476 de
3169 1422 3297 1482 ctelo
3327 1437 3429 1476 cae-

1836 1509 1999 1566 lestis.
2048 1510 2263 1566 Primus
2297 1511 2460 1566 homo
2515 1513 2581 1567 de
2632 1520 2776 1567 terra
2827 1521 3093 1576 terrenus.
3124 1512 3212 1567 ille
3251 1512 3426 1567 Adam

1836 1601 1904 1656 de
1926 1601 2057 1656 limo
2085 1601 2370 1668 formatus,
2402 1612 2534 1667 etc.,
2568 1619 2730 1673 usque
2751 1603 2819 1656 ad
2846 1603 3033 1658 refecti
3062 1619 3270 1659 sumus.
3300 1603 3425 1672 (ld.,

1837 1690 1928 1746 lib.
1963 1704 2131 1747 contr.
2157 1691 2349 1748 Faust.
2388 1710 2450 1759 II,
2485 1703 2618 1749 tom.
2653 1695 2800 1760 V111,
2830 1695 2931 1750 col.
2961 1696 3112 1765 211.)

1764 1772 1812 1832 B
1908 1783 2125 1839 Primus
2159 1785 2322 1839 homo
2352 1783 2523 1838 Adam
2548 1783 2626 1839 sic
2651 1744 3109 1840 oliuddcfductus,
3129 1792 3212 1857 est
3233 1825 3248 1848 ,
3297 1793 3427 1851 etc.,

1841 1895 2004 1950 usque
2031 1878 2100 1931 ad
2125 1885 2181 1932 et
2207 1877 2495 1933 secundus.
2529 1877 2654 1948 (ld.,
2679 1878 2768 1931 lib.
2794 1876 2942 1933 Sent.
2967 1876 3261 1948 Prosperi.,
3291 1888 3426 1933 tom.

1840 1971 1914 2034 Χ,
1944 1978 2089 2041 part.
2121 1984 2183 2033 ιι,
2222 1968 2328 2023 col.
2355 1967 2541 2039 1885.)

1913 2060 2027 2115 Hoc
2060 2070 2237 2114 autem
2265 2060 2384 2113 dico
2432 2060 2645 2129 fratres,
2674 2062 2923 2131 quoniam
2953 2076 3080 2115 caro
3108 2070 3156 2115 et
3202 2059 3420 2131 sanguis

1847 2166 2063 2222 regnum
2093 2149 2188 2204 Dei
2218 2147 2486 2219 possidere
2508 2165 2612 2203 non
2640 2160 2855 2219 possunt
2882 2163 2900 2201 :
2936 2166 3099 2219 neque
3139 2150 3431 2219 corruptio,

1840 2242 2282 2311 incorruptionem
2317 2239 2618 2310 possidebit.
2648 2239 2874 2296 Nolebat
2910 2256 3005 2296 eos
3032 2240 3100 2295 ad
3130 2242 3232 2295 hoc
3261 2239 3432 2295 aedili-

1841 2335 1954 2390 cari
1972 2352 1986 2388 :
2002 2342 2062 2388 ut
2075 2333 2493 2396 arbitrarentur,
2508 2340 2638 2398 etc.,
2656 2349 2821 2404 usque
2840 2334 2909 2387 ad
2923 2333 2992 2388 de
3008 2332 3428 2388 resurrectione.

1806 2427 1965 2501 ‘(Id.,
2007 2443 2164 2489 serm.
2202 2427 2267 2481 de
2308 2424 2497 2480 Resur.
2526 2438 2680 2481 mort.
2701 2466 2717 2492 ,
2778 2435 2912 2482 tom.
2945 2425 3026 2493 V,
3058 2436 3203 2496 part.
3229 2441 3292 2491 ιι,
3323 2425 3429 2482 col.

1842 2517 2031 2589 1625.)

1913 2609 2199 2666 Credimus
2224 2616 2281 2665 et
2301 2608 2483 2664 carnis
2526 2606 3020 2669 resurrectionem,
3069 2621 3178 2660 non
3217 2598 3430 2659 tantum

1845 2718 1971 2773 qua,
1997 2709 2127 2766 etc.,
2160 2716 2323 2771 usque
2357 2698 2427 2752 ad
2453 2698 2597 2768 quod
2623 2697 2882 2767 scriptum
2904 2695 3159 2767 est.(1d.,
3180 2710 3339 2749 serm.
3368 2694 3437 2748 de

1844 2810 2003 2864 sym.,
2029 2802 2161 2846 tom.
2185 2790 2277 2857 VI,
2308 2791 2412 2848 col.
2445 2791 2591 2862 194.)

1925 2886 2075 2940 Dixit
2101 2885 2417 2956 Apostolus,
2441 2899 2562 2938 cum
2590 2884 2717 2939 Inde
2739 2883 3072 2953 loqueretur,
3102 2889 3237 2944 etc.,
3268 2894 3433 2950 usque

1847 2980 1916 3031 ad
1955 2976 2215 3032 continuo
2246 2975 2569 3031 subdidisse.
2600 2973 2722 3046 (ld.,
2766 2973 2855 3028 lib.
2890 2989 2909 3027 ι
2932 2971 3189 3035 Retract.,
3220 2981 3350 3025 tom.
3388 2970 3428 3033 I,

1845 3248 1939 3304 Dei
1971 3264 2077 3303 non
2106 3248 2477 3317 possidebunt,
2501 3254 2607 3302 etc.
2630 3285 2645 3311 ,
2670 3263 2832 3316 usque
2881 3244 2951 3299 ad
2982 3245 3083 3299 ista
3123 3243 3432 3298 dilexerint.

1848 3339 1972 3410 (ld.,
2014 3338 2106 3392 lib.
2139 3355 2178 3393 ιι
2226 3337 2487 3401 Retract.,
2516 3344 2651 3392 tom.
2680 3336 2720 3400 l,
2764 3335 2867 3390 col.
2897 3334 3055 3406 651.)

1920 3427 2054 3481 Ecce
2076 3427 2376 3497 mysterium
2403 3425 2544 3479 vobis
2572 3424 2710 3478 dico.
2758 3422 2953 3477 Omnes
2996 3421 3207 3493 quidem
3259 3436 3437 3475 resur-

1846 3533 2047 3587 gemus,
2079 3515 2170 3570 sed
2202 3532 2305 3569 non
2352 3531 2529 3568 omnes
2558 3512 2970 3568 immutabimur.
3002 3511 3266 3582 Resurget
3296 3525 3431 3582 ergo

1848 3608 1973 3677 pius
2000 3607 2257 3677 papulas,
2282 3614 2594 3673 clc.,usque
2616 3604 2684 3658 ad
2706 3600 3341 3674 praecipitetur.(1d.,l_ib.
3373 3600 3437 3654 de

1847 3715 1967 3753 vera
1993 3696 2160 3767 Relig.
2192 3706 2322 3750 tom.
2349 3695 2433 3758 Ill,
2460 3705 2601 3764 part.
2623 3709 2665 3758 ι,
2692 3693 2797 3748 col.
2831 3692 2982 3763 144.)

1920 3784 2067 3861 Dixit
2093 3784 2401 3855 Apostolus,
2432 3799 2555 3838 cum
2598 3784 2665 3838 de
2694 3780 3097 3836 resurrectione
3141 3794 3431 3849 corporum

1849 3876 2183 3946 loqueretur,
2215 3884 2351 3939 etc.,
2385 3890 2549 3944 usque
2569 3874 2638 3927 ad
2664 3887 2824 3927 nosse
2861 3872 3148 3940 possimus.
3181 3869 3303 3941 (ld.,
3333 3870 3424 3923 lib.

1851 3967 2013 4022 xx-de
2039 3964 2153 4021 Civ.
2183 3965 2306 4032 Dei,
2351 3973 2484 4020 tom.
2510 3963 2644 4030 V111,
2673 3963 2776 4019 col.
2809 3962 2913 4019 688
2942 3969 2997 4018 et
3027 3960 3170 4031 seq.)

1922 4056 2243 4126 Priusquam
2274 4055 2598 4110 miserarum
2636 4052 3076 4117 delectationum,
3112 4057 3168 4105 et
3196 4048 3439 4117 volupta-

1853 4157 1986 4214 tum,
2033 4156 2166 4212 etc.,
2210 4163 2372 4219 usque
2416 4148 2485 4200 ad
2543 4145 2850 4201 ﬁiiirentur.
2907 4144 3033 4217 (ld.,
3083 4152 3238 4197 tract.
3296 4139 3433 4212 psal.

1851 4256 1983 4304 Lvu,
2016 4248 2146 4295 tom.
2171 4238 2261 4304 ιν,
2294 4246 2438 4308 part.
2465 4254 2508 4302 1,
2535 4236 2640 4293 col.
2670 4234 2819 4308 689'.)

1923 4331 1992 4387 In
2013 4340 2295 4397 momento,
2326 4331 2383 4384 in
2407 4330 2516 4384 ictu
2535 4329 2696 4394 oculi,
2720 4328 2778 4383 in
2797 4327 3077 4384 novissima
3099 4325 3249 4380 tuba.
3272 4323 3437 4379 Canet

1852 4423 1991 4480 enim
2011 4421 2136 4478 tuba
2159 4434 2179 4475 :
2202 4422 2395 4476 mortui
2419 4429 2689 4491 resurgent
2718 4410 3031 4489 inco'rrupti,
3057 4424 3107 4473 et
3131 4431 3226 4470 nos
3247 4416 3439 4468 immu-

1776 4482 2103 4569 l)tabimur.
2130 4511 2269 4581 Quid
2315 4511 2388 4567 sit
2431 4482 2666 4575 atomus,
2715 4509 2869 4565 multi
2896 4482 3135 4563 vestrum
3181 4520 3287 4561 non
3334 4521 3437 4560 uo-

1857 4610 2003 4657 runt.
2054 4600 2282 4657 Atomus
2333 4600 2534 4666 dictus,
2574 4609 2709 4664 etc.,
2754 4613 2917 4666 usque
2964 4596 3034 4650 ad
3086 4594 3435 4650 novissimam

1854 4691 2005 4747 dicit.
2036 4690 2162 4762 (ld.,
2188 4707 2346 4745 serm.
2374 4690 2438 4744 de
2469 4688 2657 4744 Resur.
2692 4697 2872 4752 mort.,
2924 4695 3056 4741 tom.
3090 4683 3156 4750 V,
3183 4692 3325 4754 part.
3373 4699 3435 4750 ιι,

1855 4782 1963 4840 col.
1991 4780 2130 4838 1624
2156 4790 2211 4837 ει
2238 4781 2381 4851 seq.)

1926 4875 2080 4941 Quod
2117 4873 2320 4931 Christi
2346 4887 2542 4942 corpus
2571 4885 2679 4925 non
2717 4867 3037 4924 dissolutum
3069 4866 3226 4932 tabe,
3275 4873 3439 4935 atque

1854 4968 2137 5039 putredine
2172 4966 2281 5031 die,
2314 4973 2449 5029 etc.,
2481 4979 2642 5034 usque
2688 4961 2755 5014 ad
2788 4959 3143 5015 redditurum.
3192 4956 3316 5029 (ld.,
3344 4954 3436 5011 lib.

1857 5073 1908 5113 Vl
1933 5057 2136 5132 Quwst.
2186 5066 2368 5112 contra
2399 5053 2604 5125 Pagan.
2625 5093 2639 5117 ,
2669 5061 2800 5106 tom.
2824 5050 2891 5117 ll,
2929 5050 3035 5106 col.
3064 5048 3214 5120 572.)

1925 5146 2060 5202 Cum
2086 5145 2252 5201 solem
2294 5146 2566 5199 intuemur
2591 5141 2887 5204 orientem,
2916 5149 3065 5195 certe
3091 5136 3437 5194 manifestum

1854 5248 1956 5304 est,
1981 5247 2112 5303 etc.,
2141 5253 2303 5307 usque
2347 5236 2415 5288 ad
2445 5233 2679 5289 celerius
2710 5232 2963 5287 inveniri.
2995 5231 3094 5302 (1d.
3114 5271 3130 5296 ,
3160 5229 3252 5284 lib.
3298 5245 3351 5283 ιν
3375 5228 3441 5283 de

1859 5329 1990 5386 Gen.
2021 5330 2091 5384 ad
2120 5328 2225 5394 lit.,
2256 5338 2387 5383 tom.
2422 5325 2510 5391 Ill,
2534 5335 2673 5395 part.
2701 5341 2752 5390 ι,
2782 5324 2884 5379 col.
2909 5324 3013 5379 519
3039 5331 3095 5378 ει
3120 5320 3264 5392 seq.)

1928 5421 2313 5478 Immortalitas
2361 5417 2545 5474 carnis
2573 5417 2666 5472 illo
2695 5417 3010 5488 perﬁcietur
3058 5422 3333 5469 momento
3362 5425 3443 5465 re-
3522 5465 3531 5471 _

1859 5513 2238 5577 surrectionis,
2264 5520 2399 5576 etc.,
2433 5525 2593 5577 usque
2615 5509 2685 5561 ad
2713 5507 2908 5563 misisti
2938 5504 3121 5561 Jesum
3142 5501 3442 5559 Christum.

1858 5609 1983 5682 (ld.,
2013 5623 2078 5662 ea:
2107 5606 2199 5660 lib.
2224 5605 2289 5658 de
2317 5602 2535 5668 Trinit.,
2560 5611 2692 5657 tom.
2732 5600 2865 5667 VIII,
2897 5598 3004 5655 col.
3033 5594 3216 5664 1056.)

1927 5703 2034 5758 Ista
2060 5714 2207 5758 mors
2236 5712 2376 5768 saepe
2413 5697 2465 5752 iu
2500 5693 2795 5765 Scripturis
2822 5690 3075 5748 dormitio
3101 5685 3299 5743 dicitur
3324 5694 3447 5752 pro-
