  <div class='ocr_page' id='page_1' title='image "/cluster/home/n/w/nwhite01/storage/ocr_20150623/119/hvd.32044015466915/181.png"; bbox 0 0 3970 6306; ppageno 0'>
   <div class='ocr_carea' id='block_1_1' title="bbox 596 264 3800 351">
    <p class='ocr_par' dir='ltr' id='par_1_1' title="bbox 596 264 3800 351">
     <span class='ocr_line' id='line_1_1' title="bbox 596 264 3800 351; baseline 0.006 -20"><span class='ocrx_word' id='word_1_1' title='bbox 596 294 694 351; x_wconf 66' lang='lat'><strong>35.</strong></span> <span class='ocrx_word' id='word_1_2' title='bbox 1768 284 1977 343; x_wconf 80' lang='lat' dir='ltr'><strong>FLOR!</strong></span> <span class='ocrx_word' id='word_1_3' title='bbox 2016 283 2292 342; x_wconf 81' lang='lat' dir='ltr'><strong>DIACONI</strong></span> <span class='ocrx_word' id='word_1_4' title='bbox 2327 282 2634 340; x_wconf 77' lang='lat' dir='ltr'><strong>MONACHI</strong></span> <span class='ocrx_word' id='word_1_5' title='bbox 3504 264 3509 271; x_wconf 81' lang='grc'><em>’</em></span> <span class='ocrx_word' id='word_1_6' title='bbox 3739 292 3800 351; x_wconf 66' lang='lat' dir='ltr'><strong>asa</strong></span> 
     </span>
    </p>
   </div>
   <div class='ocr_carea' id='block_1_2' title="bbox 595 395 3800 479">
    <p class='ocr_par' dir='ltr' id='par_1_2' title="bbox 595 395 3800 479">
     <span class='ocr_line' id='line_1_2' title="bbox 595 395 3800 479; baseline -0.002 -18"><span class='ocrx_word' id='word_1_7' title='bbox 595 415 740 479; x_wconf 83' lang='lat' dir='ltr'><strong>pter,</strong></span> <span class='ocrx_word' id='word_1_8' title='bbox 763 421 927 477; x_wconf 92' lang='lat' dir='ltr'><strong>usque</strong></span> <span class='ocrx_word' id='word_1_9' title='bbox 952 405 1022 459; x_wconf 88' lang='lat' dir='ltr'><strong>ad</strong></span> <span class='ocrx_word' id='word_1_10' title='bbox 1062 403 1274 460; x_wconf 80' lang='lat' dir='ltr'><strong>ratione</strong></span> <span class='ocrx_word' id='word_1_11' title='bbox 1303 400 1580 473; x_wconf 70' lang='lat' dir='ltr'><strong>cogitabit.</strong></span> <span class='ocrx_word' id='word_1_12' title='bbox 1610 398 1708 470; x_wconf 88' lang='lat' dir='ltr'><strong>(Id.</strong></span> <span class='ocrx_word' id='word_1_13' title='bbox 1728 398 1760 470; x_wconf 67' lang='grc' dir='ltr'>,ξ</span> <span class='ocrx_word' id='word_1_14' title='bbox 1779 397 1872 454; x_wconf 90' lang='lat' dir='ltr'><strong>lib.</strong></span> <span class='ocrx_word' id='word_1_15' title='bbox 1904 398 1968 453; x_wconf 86' lang='lat' dir='ltr'><strong>de</strong></span> <span class='ocrx_word' id='word_1_16' title='bbox 1996 395 2183 453; x_wconf 83' lang='lat' dir='ltr'><strong>Gratia</strong></span> <span class='ocrx_word' id='word_1_17' title='bbox 2212 401 2260 461; x_wconf 78' lang='grc' dir='ltr'><strong>Α</strong></span> <span class='ocrx_word' id='word_1_18' title='bbox 2288 396 2393 453; x_wconf 80' lang='lat' dir='ltr'><strong>vici</strong></span> <span class='ocrx_word' id='word_1_19' title='bbox 2425 395 2705 462; x_wconf 86' lang='lat' dir='ltr'><strong>mundum,</strong></span> <span class='ocrx_word' id='word_1_20' title='bbox 2735 395 3079 452; x_wconf 84' lang='lat' dir='ltr'><strong>conliderunt</strong></span> <span class='ocrx_word' id='word_1_21' title='bbox 3107 405 3160 453; x_wconf 89' lang='lat' dir='ltr'><strong>et</strong></span> <span class='ocrx_word' id='word_1_22' title='bbox 3212 396 3494 452; x_wconf 84' lang='lat' dir='ltr'><strong>vicean</strong></span> <span class='ocrx_word' id='word_1_23' title='bbox 3541 399 3595 452; x_wconf 86' lang='lat' dir='ltr'><strong>in</strong></span> <span class='ocrx_word' id='word_1_24' title='bbox 3635 416 3722 470; x_wconf 89' lang='lat' dir='ltr'><strong>quo</strong></span> <span class='ocrx_word' id='word_1_25' title='bbox 3742 408 3800 461; x_wconf 55' lang='lat' dir='ltr'><strong>ait</strong></span> 
     </span>
    </p>
   </div>
   <div class='ocr_carea' id='block_1_3' title="bbox 601 484 3801 566">
    <p class='ocr_par' dir='ltr' id='par_1_3' title="bbox 601 484 3801 566">
     <span class='ocr_line' id='line_1_3' title="bbox 601 484 3801 566; baseline -0.002 -15"><span class='ocrx_word' id='word_1_26' title='bbox 601 495 739 551; x_wconf 81' lang='lat' dir='ltr'><strong>Novi</strong></span> <span class='ocrx_word' id='word_1_27' title='bbox 771 495 1111 563; x_wconf 87' lang='lat' dir='ltr'><strong>Testamenti,</strong></span> <span class='ocrx_word' id='word_1_28' title='bbox 1157 503 1291 551; x_wconf 92' lang='lat' dir='ltr'><strong>tom.</strong></span> <span class='ocrx_word' id='word_1_29' title='bbox 1327 493 1388 558; x_wconf 91' lang='lat' dir='ltr'><strong>ll,</strong></span> <span class='ocrx_word' id='word_1_30' title='bbox 1415 492 1522 548; x_wconf 91' lang='lat' dir='ltr'><strong>col.</strong></span> <span class='ocrx_word' id='word_1_31' title='bbox 1543 490 1651 546; x_wconf 74' lang='lat'><strong>572</strong></span> <span class='ocrx_word' id='word_1_32' title='bbox 1677 498 1733 546; x_wconf 92' lang='lat' dir='ltr'><strong>et</strong></span> <span class='ocrx_word' id='word_1_33' title='bbox 1760 490 1904 561; x_wconf 85' lang='lat' dir='ltr'><strong>seq.)</strong></span> <span class='ocrx_word' id='word_1_34' title='bbox 2298 486 2352 541; x_wconf 89' lang='lat' dir='ltr'><strong>in</strong></span> <span class='ocrx_word' id='word_1_35' title='bbox 2392 486 2501 541; x_wconf 92' lang='lat' dir='ltr'><strong>illo.</strong></span> <span class='ocrx_word' id='word_1_36' title='bbox 2532 484 2651 542; x_wconf 84' lang='lat' dir='ltr'><strong>Non</strong></span> <span class='ocrx_word' id='word_1_37' title='bbox 2698 486 2844 543; x_wconf 87' lang='lat' dir='ltr'><strong>enim</strong></span> <span class='ocrx_word' id='word_1_38' title='bbox 2876 487 3094 543; x_wconf 74' lang='lat' dir='ltr'><strong>vicisset</strong></span> <span class='ocrx_word' id='word_1_39' title='bbox 3124 486 3216 544; x_wconf 84' lang='lat' dir='ltr'><strong>ille</strong></span> <span class='ocrx_word' id='word_1_40' title='bbox 3243 490 3535 554; x_wconf 82' lang='lat' dir='ltr'><strong>mundum,</strong></span> <span class='ocrx_word' id='word_1_41' title='bbox 3559 499 3670 557; x_wconf 85' lang='lat' dir='ltr'><strong>etc.,</strong></span> <span class='ocrx_word' id='word_1_42' title='bbox 3703 512 3801 566; x_wconf 68' lang='grc' dir='ltr'>ιιςιε</span> 
     </span>
    </p>
   </div>
   <div class='ocr_carea' id='block_1_4' title="bbox 670 578 3859 653">
    <p class='ocr_par' dir='ltr' id='par_1_4' title="bbox 670 578 3859 653">
     <span class='ocr_line' id='line_1_4' title="bbox 670 578 3859 653; baseline -0 -10"><span class='ocrx_word' id='word_1_43' title='bbox 670 587 802 643; x_wconf 78' lang='lat' dir='ltr'><strong>Cum</strong></span> <span class='ocrx_word' id='word_1_44' title='bbox 832 597 1011 643; x_wconf 72' lang='lat' dir='ltr'><strong>mrtem</strong></span> <span class='ocrx_word' id='word_1_45' title='bbox 1052 586 1272 642; x_wconf 81' lang='lat' dir='ltr'><strong><em>mortale</em></strong></span> <span class='ocrx_word' id='word_1_46' title='bbox 1310 585 1408 640; x_wconf 87' lang='lat' dir='ltr'><strong>hoc</strong></span> <span class='ocrx_word' id='word_1_47' title='bbox 1452 583 1684 639; x_wconf 88' lang='lat' dir='ltr'><strong>induerit</strong></span> <span class='ocrx_word' id='word_1_48' title='bbox 1716 581 2191 648; x_wconf 75' lang='lat' dir='ltr'><strong>immortalitatem,</strong></span> <span class='ocrx_word' id='word_1_49' title='bbox 2296 580 2366 636; x_wconf 86' lang='lat' dir='ltr'><strong>ad</strong></span> <span class='ocrx_word' id='word_1_50' title='bbox 2390 594 2491 651; x_wconf 89' lang='lat' dir='ltr'><strong>ego</strong></span> <span class='ocrx_word' id='word_1_51' title='bbox 2520 580 2624 635; x_wconf 80' lang='lat' dir='ltr'><strong>vici</strong></span> <span class='ocrx_word' id='word_1_52' title='bbox 2659 581 2938 636; x_wconf 88' lang='lat' dir='ltr'><strong>mundum.</strong></span> <span class='ocrx_word' id='word_1_53' title='bbox 2971 580 3097 653; x_wconf 86' lang='lat' dir='ltr'><strong>(ld.,</strong></span> <span class='ocrx_word' id='word_1_54' title='bbox 3128 581 3222 637; x_wconf 90' lang='lat' dir='ltr'><strong>lib.</strong></span> <span class='ocrx_word' id='word_1_55' title='bbox 3262 581 3334 637; x_wconf 86' lang='lat' dir='ltr'><strong>de</strong></span> <span class='ocrx_word' id='word_1_56' title='bbox 3362 578 3587 650; x_wconf 78' lang='lat' dir='ltr'><strong>Perfect.</strong></span> <span class='ocrx_word' id='word_1_57' title='bbox 3623 584 3802 642; x_wconf 69' lang='lat' dir='ltr'><strong>iustiti-</strong></span> <span class='ocrx_word' id='word_1_58' title='bbox 3858 578 3859 611; x_wconf 27' lang='grc' dir='ltr'><em>Ὗ</em></span> 
     </span>
    </p>
   </div>
   <div class='ocr_carea' id='block_1_5' title="bbox 603 672 3308 750">
    <p class='ocr_par' dir='ltr' id='par_1_5' title="bbox 603 672 3308 750">
     <span class='ocr_line' id='line_1_5' title="bbox 603 672 3308 750; baseline -0.003 -16"><span class='ocrx_word' id='word_1_59' title='bbox 603 688 727 734; x_wconf 87' lang='lat' dir='ltr'><strong>tunc</strong></span> <span class='ocrx_word' id='word_1_60' title='bbox 756 679 846 748; x_wconf 83' lang='lat' dir='ltr'><strong>ﬁet</strong></span> <span class='ocrx_word' id='word_1_61' title='bbox 872 695 1042 734; x_wconf 88' lang='lat' dir='ltr'><strong>sermo</strong></span> <span class='ocrx_word' id='word_1_62' title='bbox 1062 679 1153 750; x_wconf 83' lang='lat' dir='ltr'><strong>qui</strong></span> <span class='ocrx_word' id='word_1_63' title='bbox 1177 678 1406 748; x_wconf 90' lang='lat' dir='ltr'><strong>scriptus</strong></span> <span class='ocrx_word' id='word_1_64' title='bbox 1442 685 1541 731; x_wconf 90' lang='lat' dir='ltr'><strong>est.</strong></span> <span class='ocrx_word' id='word_1_65' title='bbox 1568 675 1829 746; x_wconf 87' lang='lat' dir='ltr'><strong>Absorpta</strong></span> <span class='ocrx_word' id='word_1_66' title='bbox 1864 683 1939 729; x_wconf 89' lang='lat' dir='ltr'><strong>est</strong></span> <span class='ocrx_word' id='word_1_67' title='bbox 1968 690 2109 728; x_wconf 90' lang='lat' dir='ltr'><strong>mors</strong></span> <span class='ocrx_word' id='word_1_68' title='bbox 2139 675 2194 727; x_wconf 89' lang='lat' dir='ltr'><strong>in</strong></span> <span class='ocrx_word' id='word_1_69' title='bbox 2294 674 2471 738; x_wconf 90' lang='lat' dir='ltr'><strong>minis,</strong></span> <span class='ocrx_word' id='word_1_70' title='bbox 2510 681 2667 727; x_wconf 88' lang='lat' dir='ltr'><strong>tract.</strong></span> <span class='ocrx_word' id='word_1_71' title='bbox 2689 689 2874 743; x_wconf 80' lang='lat' dir='ltr'><strong>evang.</strong></span> <span class='ocrx_word' id='word_1_72' title='bbox 2899 689 3004 728; x_wconf 89' lang='lat' dir='ltr'><strong>sec.</strong></span> <span class='ocrx_word' id='word_1_73' title='bbox 3032 672 3195 728; x_wconf 81' lang='lat' dir='ltr'><strong>Joan.</strong></span> <span class='ocrx_word' id='word_1_74' title='bbox 3235 672 3308 745; x_wconf 91' lang='grc' dir='ltr'><strong>ι.)</strong></span> 
     </span>
    </p>
   </div>
   <div class='ocr_carea' id='block_1_6' title="bbox 602 758 3314 835">
    <p class='ocr_par' dir='ltr' id='par_1_6' title="bbox 602 758 3314 835">
     <span class='ocr_line' id='line_1_6' title="bbox 602 758 3314 835; baseline -0.002 -11"><span class='ocrx_word' id='word_1_75' title='bbox 602 771 841 835; x_wconf 80' lang='lat' dir='ltr'><strong>uictoria,</strong></span> <span class='ocrx_word' id='word_1_76' title='bbox 872 770 961 824; x_wconf 90' lang='lat' dir='ltr'><strong>ubi</strong></span> <span class='ocrx_word' id='word_1_77' title='bbox 981 780 1055 824; x_wconf 89' lang='lat' dir='ltr'><strong>est</strong></span> <span class='ocrx_word' id='word_1_78' title='bbox 1084 784 1227 823; x_wconf 89' lang='lat' dir='ltr'><strong>mors</strong></span> <span class='ocrx_word' id='word_1_79' title='bbox 1253 767 1471 822; x_wconf 80' lang='lat' dir='ltr'><strong>victoria</strong></span> <span class='ocrx_word' id='word_1_80' title='bbox 1508 776 1601 820; x_wconf 90' lang='lat' dir='ltr'><strong>tua</strong></span> <span class='ocrx_word' id='word_1_81' title='bbox 1620 766 1645 820; x_wconf 79' lang='lat'><strong><em>?</em></strong></span> <span class='ocrx_word' id='word_1_82' title='bbox 1663 766 1752 819; x_wconf 89' lang='lat' dir='ltr'><strong>ubi</strong></span> <span class='ocrx_word' id='word_1_83' title='bbox 1796 774 1871 820; x_wconf 88' lang='lat' dir='ltr'><strong>est</strong></span> <span class='ocrx_word' id='word_1_84' title='bbox 1902 780 2045 819; x_wconf 91' lang='lat' dir='ltr'><strong>mors</strong></span> <span class='ocrx_word' id='word_1_85' title='bbox 2068 779 2195 817; x_wconf 88' lang='lat' dir='ltr'><strong>acu-</strong></span> <span class='ocrx_word' id='word_1_86' title='bbox 2894 758 3121 820; x_wconf 84' lang='lat' dir='ltr'><strong>CAPUT</strong></span> <span class='ocrx_word' id='word_1_87' title='bbox 3160 762 3314 819; x_wconf 80' lang='lat' dir='ltr'><strong>XVI.</strong></span> 
     </span>
    </p>
   </div>
   <div class='ocr_carea' id='block_1_7' title="bbox 603 852 3802 928">
    <p class='ocr_par' dir='ltr' id='par_1_7' title="bbox 603 852 3802 928">
     <span class='ocr_line' id='line_1_7' title="bbox 603 852 3802 928; baseline 0.001 -15"><span class='ocrx_word' id='word_1_88' title='bbox 603 859 717 914; x_wconf 79' lang='lat' dir='ltr'><strong>lens</strong></span> <span class='ocrx_word' id='word_1_89' title='bbox 757 860 917 913; x_wconf 81' lang='lat' dir='ltr'><strong>tuus?</strong></span> <span class='ocrx_word' id='word_1_90' title='bbox 952 868 1084 924; x_wconf 91' lang='lat' dir='ltr'><strong>etc.,</strong></span> <span class='ocrx_word' id='word_1_91' title='bbox 1116 874 1287 928; x_wconf 91' lang='lat' dir='ltr'><strong>usque</strong></span> <span class='ocrx_word' id='word_1_92' title='bbox 1334 857 1403 912; x_wconf 87' lang='lat' dir='ltr'><strong>ad</strong></span> <span class='ocrx_word' id='word_1_93' title='bbox 1438 856 1613 911; x_wconf 87' lang='lat' dir='ltr'><strong>inanis</strong></span> <span class='ocrx_word' id='word_1_94' title='bbox 1646 857 1705 910; x_wconf 90' lang='lat' dir='ltr'><strong>in</strong></span> <span class='ocrx_word' id='word_1_95' title='bbox 1757 855 2008 910; x_wconf 88' lang='lat' dir='ltr'><strong>Domino.</strong></span> <span class='ocrx_word' id='word_1_96' title='bbox 2056 853 2193 920; x_wconf 87' lang='lat' dir='ltr'><strong>Quia</strong></span> <span class='ocrx_word' id='word_1_97' title='bbox 2365 852 2444 908; x_wconf 90' lang='lat' dir='ltr'><strong>De</strong></span> <span class='ocrx_word' id='word_1_98' title='bbox 2469 852 2696 908; x_wconf 89' lang='lat' dir='ltr'><strong>collectis</strong></span> <span class='ocrx_word' id='word_1_99' title='bbox 2725 864 2901 910; x_wconf 79' lang='lat' dir='ltr'><strong>autent</strong></span> <span class='ocrx_word' id='word_1_100' title='bbox 2929 872 3046 926; x_wconf 70' lang='lat' dir='ltr'><strong>quae</strong></span> <span class='ocrx_word' id='word_1_101' title='bbox 3070 855 3206 925; x_wconf 74' lang='lat' dir='ltr'><strong>ﬁunt</strong></span> <span class='ocrx_word' id='word_1_102' title='bbox 3242 858 3303 910; x_wconf 88' lang='lat' dir='ltr'><strong>in</strong></span> <span class='ocrx_word' id='word_1_103' title='bbox 3327 866 3558 923; x_wconf 85' lang='lat' dir='ltr'><strong>sanctos,</strong></span> <span class='ocrx_word' id='word_1_104' title='bbox 3584 858 3695 913; x_wconf 71' lang='lat' dir='ltr'><strong>sicut</strong></span> <span class='ocrx_word' id='word_1_105' title='bbox 3714 864 3802 917; x_wconf 78' lang='lat' dir='ltr'><strong>oili-</strong></span> 
     </span>
    </p>
   </div>
   <div class='ocr_carea' id='block_1_8' title="bbox 604 942 3806 1019">
    <p class='ocr_par' dir='ltr' id='par_1_8' title="bbox 604 942 3806 1019">
     <span class='ocr_line' id='line_1_8' title="bbox 604 942 3806 1019; baseline 0 -17"><span class='ocrx_word' id='word_1_106' title='bbox 604 948 747 1002; x_wconf 88' lang='lat' dir='ltr'><strong>sicut</strong></span> <span class='ocrx_word' id='word_1_107' title='bbox 768 949 999 1019; x_wconf 85' lang='lat' dir='ltr'><strong>apostoli</strong></span> <span class='ocrx_word' id='word_1_108' title='bbox 1026 949 1372 1018; x_wconf 85' lang='lat' dir='ltr'><strong>apertissima</strong></span> <span class='ocrx_word' id='word_1_109' title='bbox 1402 947 1566 1003; x_wconf 86' lang='lat' dir='ltr'><strong>verba</strong></span> <span class='ocrx_word' id='word_1_110' title='bbox 1591 947 1889 1010; x_wconf 89' lang='lat' dir='ltr'><strong>declarant,</strong></span> <span class='ocrx_word' id='word_1_111' title='bbox 1913 960 1980 1000; x_wconf 89' lang='lat' dir='ltr'><strong>eo</strong></span> <span class='ocrx_word' id='word_1_112' title='bbox 2008 946 2198 1000; x_wconf 85' lang='lat' dir='ltr'><strong>absor-</strong></span> <span class='ocrx_word' id='word_1_113' title='bbox 2296 943 2418 996; x_wconf 85' lang='lat' dir='ltr'><strong>navi</strong></span> <span class='ocrx_word' id='word_1_114' title='bbox 2440 942 2673 997; x_wconf 89' lang='lat' dir='ltr'><strong>ecclesiis</strong></span> <span class='ocrx_word' id='word_1_115' title='bbox 2694 942 2945 1010; x_wconf 65' lang='lat' dir='ltr'><strong>Galatiae,</strong></span> <span class='ocrx_word' id='word_1_116' title='bbox 2970 944 3046 999; x_wconf 88' lang='lat' dir='ltr'><strong>ita</strong></span> <span class='ocrx_word' id='word_1_117' title='bbox 3065 953 3116 1000; x_wconf 90' lang='lat' dir='ltr'><strong>et</strong></span> <span class='ocrx_word' id='word_1_118' title='bbox 3138 961 3229 1000; x_wconf 75' lang='lat' dir='ltr'><strong>vos</strong></span> <span class='ocrx_word' id='word_1_119' title='bbox 3259 945 3430 1014; x_wconf 81' lang='lat' dir='ltr'><strong>facite</strong></span> <span class='ocrx_word' id='word_1_120' title='bbox 3454 965 3474 1001; x_wconf 89' lang='lat'><strong><em>:</em></strong></span> <span class='ocrx_word' id='word_1_121' title='bbox 3498 963 3587 1016; x_wconf 86' lang='lat' dir='ltr'><strong>per</strong></span> <span class='ocrx_word' id='word_1_122' title='bbox 3603 955 3806 1006; x_wconf 68' lang='lat' dir='ltr'><strong>amisi</strong></span> 
     </span>
    </p>
   </div>
   <div class='ocr_carea' id='block_1_9' title="bbox 602 1032 3804 1112">
    <p class='ocr_par' dir='ltr' id='par_1_9' title="bbox 602 1032 3804 1112">
     <span class='ocr_line' id='line_1_9' title="bbox 602 1032 3804 1112; baseline 0.001 -22"><span class='ocrx_word' id='word_1_123' title='bbox 602 1036 838 1103; x_wconf 87' lang='lat' dir='ltr'><strong>bebitur,</strong></span> <span class='ocrx_word' id='word_1_124' title='bbox 867 1045 998 1099; x_wconf 89' lang='lat' dir='ltr'><strong>etc.,</strong></span> <span class='ocrx_word' id='word_1_125' title='bbox 1048 1055 1214 1109; x_wconf 85' lang='lat' dir='ltr'><strong>usque</strong></span> <span class='ocrx_word' id='word_1_126' title='bbox 1245 1039 1316 1092; x_wconf 89' lang='lat' dir='ltr'><strong>ad</strong></span> <span class='ocrx_word' id='word_1_127' title='bbox 1351 1036 1821 1105; x_wconf 80' lang='lat' dir='ltr'><strong>justiﬁeationem.</strong></span> <span class='ocrx_word' id='word_1_128' title='bbox 1853 1035 1976 1104; x_wconf 84' lang='lat' dir='ltr'><strong>(ld.,</strong></span> <span class='ocrx_word' id='word_1_129' title='bbox 2009 1035 2101 1088; x_wconf 89' lang='lat' dir='ltr'><strong>lib.</strong></span> <span class='ocrx_word' id='word_1_130' title='bbox 2132 1050 2195 1088; x_wconf 90' lang='grc' dir='ltr'><strong>ιιι</strong></span> <span class='ocrx_word' id='word_1_131' title='bbox 2297 1034 2405 1088; x_wconf 89' lang='lat' dir='ltr'><strong>bati</strong></span> <span class='ocrx_word' id='word_1_132' title='bbox 2424 1037 2778 1107; x_wconf 76' lang='lat' dir='ltr'><strong>unusquisque</strong></span> <span class='ocrx_word' id='word_1_133' title='bbox 2792 1046 3018 1092; x_wconf 85' lang='lat' dir='ltr'><strong>vestrum</strong></span> <span class='ocrx_word' id='word_1_134' title='bbox 3040 1038 3181 1109; x_wconf 85' lang='lat' dir='ltr'><strong>apud</strong></span> <span class='ocrx_word' id='word_1_135' title='bbox 3206 1055 3270 1093; x_wconf 91' lang='lat' dir='ltr'><strong><em>se</em></strong></span> <span class='ocrx_word' id='word_1_136' title='bbox 3289 1032 3804 1112; x_wconf 65' lang='lat' dir='ltr'><strong>ponat,etc.,usquesj</strong></span> 
     </span>
    </p>
   </div>
   <div class='ocr_carea' id='block_1_10' title="bbox 603 1122 3807 1202">
    <p class='ocr_par' dir='ltr' id='par_1_10' title="bbox 603 1122 3807 1202">
     <span class='ocr_line' id='line_1_10' title="bbox 603 1122 3807 1202; baseline 0.002 -20"><span class='ocrx_word' id='word_1_137' title='bbox 603 1129 675 1182; x_wconf 89' lang='lat' dir='ltr'><strong>ad</strong></span> <span class='ocrx_word' id='word_1_138' title='bbox 699 1128 1088 1194; x_wconf 75' lang='lat' dir='ltr'><strong>Marcellinum,</strong></span> <span class='ocrx_word' id='word_1_139' title='bbox 1138 1140 1269 1186; x_wconf 91' lang='lat' dir='ltr'><strong>tom.</strong></span> <span class='ocrx_word' id='word_1_140' title='bbox 1303 1129 1397 1195; x_wconf 81' lang='lat' dir='ltr'><strong>1x,</strong></span> <span class='ocrx_word' id='word_1_141' title='bbox 1427 1136 1571 1198; x_wconf 88' lang='lat' dir='ltr'><strong>part.</strong></span> <span class='ocrx_word' id='word_1_142' title='bbox 1603 1144 1645 1191; x_wconf 92' lang='grc' dir='ltr'><strong>ι,</strong></span> <span class='ocrx_word' id='word_1_143' title='bbox 1676 1126 1783 1182; x_wconf 92' lang='lat' dir='ltr'><strong>col.</strong></span> <span class='ocrx_word' id='word_1_144' title='bbox 1829 1124 1930 1180; x_wconf 88' lang='grc'><strong>197</strong></span> <span class='ocrx_word' id='word_1_145' title='bbox 1967 1132 2023 1179; x_wconf 90' lang='lat' dir='ltr'><strong>et</strong></span> <span class='ocrx_word' id='word_1_146' title='bbox 2052 1122 2194 1194; x_wconf 86' lang='lat' dir='ltr'><strong>seq.)</strong></span> <span class='ocrx_word' id='word_1_147' title='bbox 2297 1126 2343 1180; x_wconf 90' lang='lat' dir='ltr'><strong>si</strong></span> <span class='ocrx_word' id='word_1_148' title='bbox 2368 1124 2628 1181; x_wconf 87' lang='lat' dir='ltr'><strong>Dominus</strong></span> <span class='ocrx_word' id='word_1_149' title='bbox 2676 1127 2992 1197; x_wconf 72' lang='lat' dir='ltr'><strong>permiserit.</strong></span> <span class='ocrx_word' id='word_1_150' title='bbox 3052 1128 3122 1183; x_wconf 88' lang='lat' dir='ltr'><strong>Et</strong></span> <span class='ocrx_word' id='word_1_151' title='bbox 3150 1127 3446 1199; x_wconf 83' lang='lat' dir='ltr'><strong>apostolus</strong></span> <span class='ocrx_word' id='word_1_152' title='bbox 3484 1129 3664 1187; x_wconf 85' lang='lat' dir='ltr'><strong>Paulus</strong></span> <span class='ocrx_word' id='word_1_153' title='bbox 3697 1144 3807 1202; x_wconf 78' lang='lat' dir='ltr'><strong>potest</strong></span> 
     </span>
    </p>
   </div>
   <div class='ocr_carea' id='block_1_11' title="bbox 670 1215 3803 1292">
    <p class='ocr_par' dir='ltr' id='par_1_11' title="bbox 670 1215 3803 1292">
     <span class='ocr_line' id='line_1_11' title="bbox 670 1215 3803 1292; baseline 0.001 -17"><span class='ocrx_word' id='word_1_154' title='bbox 670 1220 941 1291; x_wconf 83' lang='lat' dir='ltr'><strong>Absorpta</strong></span> <span class='ocrx_word' id='word_1_155' title='bbox 973 1228 1060 1277; x_wconf 91' lang='lat' dir='ltr'><strong>est</strong></span> <span class='ocrx_word' id='word_1_156' title='bbox 1083 1236 1230 1276; x_wconf 88' lang='lat' dir='ltr'><strong>mors</strong></span> <span class='ocrx_word' id='word_1_157' title='bbox 1259 1221 1314 1275; x_wconf 90' lang='lat' dir='ltr'><strong>in</strong></span> <span class='ocrx_word' id='word_1_158' title='bbox 1339 1219 1592 1275; x_wconf 82' lang='lat' dir='ltr'><strong>victoria.</strong></span> <span class='ocrx_word' id='word_1_159' title='bbox 1621 1217 1726 1274; x_wconf 87' lang='lat' dir='ltr'><strong>Ubi</strong></span> <span class='ocrx_word' id='word_1_160' title='bbox 1755 1226 1842 1272; x_wconf 85' lang='lat' dir='ltr'><strong>est</strong></span> <span class='ocrx_word' id='word_1_161' title='bbox 1870 1231 2019 1270; x_wconf 88' lang='lat' dir='ltr'><strong>mors</strong></span> <span class='ocrx_word' id='word_1_162' title='bbox 2062 1230 2195 1269; x_wconf 85' lang='lat' dir='ltr'><strong>con-</strong></span> <span class='ocrx_word' id='word_1_163' title='bbox 2297 1215 2469 1271; x_wconf 88' lang='lat' dir='ltr'><strong>videri</strong></span> <span class='ocrx_word' id='word_1_164' title='bbox 2499 1216 2565 1271; x_wconf 90' lang='lat' dir='ltr'><strong>de</strong></span> <span class='ocrx_word' id='word_1_165' title='bbox 2594 1217 2835 1273; x_wconf 88' lang='lat' dir='ltr'><strong>crastino</strong></span> <span class='ocrx_word' id='word_1_166' title='bbox 2860 1219 3119 1289; x_wconf 82' lang='lat' dir='ltr'><strong>cogitare,</strong></span> <span class='ocrx_word' id='word_1_167' title='bbox 3145 1228 3283 1285; x_wconf 91' lang='lat' dir='ltr'><strong>etc.,</strong></span> <span class='ocrx_word' id='word_1_168' title='bbox 3310 1236 3478 1291; x_wconf 89' lang='lat' dir='ltr'><strong>usque</strong></span> <span class='ocrx_word' id='word_1_169' title='bbox 3491 1221 3578 1292; x_wconf 46' lang='lat' dir='ltr'><strong>,ad</strong></span> <span class='ocrx_word' id='word_1_170' title='bbox 3604 1231 3673 1278; x_wconf 84' lang='lat' dir='ltr'><strong>est</strong></span> <span class='ocrx_word' id='word_1_171' title='bbox 3695 1225 3803 1280; x_wconf 62' lang='lat' dir='ltr'><strong>Mhi).</strong></span> 
     </span>
    </p>
   </div>
   <div class='ocr_carea' id='block_1_12' title="bbox 604 1304 3805 1379">
    <p class='ocr_par' dir='ltr' id='par_1_12' title="bbox 604 1304 3805 1379">
     <span class='ocr_line' id='line_1_12' title="bbox 604 1304 3805 1379; baseline 0.001 -12"><span class='ocrx_word' id='word_1_172' title='bbox 604 1310 772 1367; x_wconf 80' lang='lat' dir='ltr'><strong>lentio</strong></span> <span class='ocrx_word' id='word_1_173' title='bbox 808 1312 937 1365; x_wconf 86' lang='lat' dir='ltr'><strong>tua?</strong></span> <span class='ocrx_word' id='word_1_174' title='bbox 965 1311 1066 1367; x_wconf 90' lang='lat' dir='ltr'><strong>Ubi</strong></span> <span class='ocrx_word' id='word_1_175' title='bbox 1093 1320 1177 1367; x_wconf 92' lang='lat' dir='ltr'><strong>est</strong></span> <span class='ocrx_word' id='word_1_176' title='bbox 1208 1326 1356 1367; x_wconf 90' lang='lat' dir='ltr'><strong>mors</strong></span> <span class='ocrx_word' id='word_1_177' title='bbox 1384 1309 1607 1365; x_wconf 83' lang='lat' dir='ltr'><strong>aculeus</strong></span> <span class='ocrx_word' id='word_1_178' title='bbox 1632 1308 1794 1363; x_wconf 85' lang='lat' dir='ltr'><strong>tuus?</strong></span> <span class='ocrx_word' id='word_1_179' title='bbox 1830 1305 2065 1362; x_wconf 82' lang='lat' dir='ltr'><strong>Aculeus</strong></span> <span class='ocrx_word' id='word_1_180' title='bbox 2102 1320 2200 1359; x_wconf 81' lang='lat' dir='ltr'><strong>au-</strong></span> <span class='ocrx_word' id='word_1_181' title='bbox 2300 1304 2381 1377; x_wconf 90' lang='lat' dir='ltr'><strong>(S.</strong></span> <span class='ocrx_word' id='word_1_182' title='bbox 2407 1305 2565 1379; x_wconf 86' lang='lat' dir='ltr'><strong>Aug.,</strong></span> <span class='ocrx_word' id='word_1_183' title='bbox 2596 1307 2686 1361; x_wconf 90' lang='lat' dir='ltr'><strong>lib.</strong></span> <span class='ocrx_word' id='word_1_184' title='bbox 2733 1307 2799 1362; x_wconf 88' lang='lat' dir='ltr'><strong>de</strong></span> <span class='ocrx_word' id='word_1_185' title='bbox 2828 1306 3000 1363; x_wconf 84' lang='lat' dir='ltr'><strong><em>Serm.</em></strong></span> <span class='ocrx_word' id='word_1_186' title='bbox 3035 1307 3249 1365; x_wconf 81' lang='lat' dir='ltr'><strong>Domini</strong></span> <span class='ocrx_word' id='word_1_187' title='bbox 3300 1310 3361 1365; x_wconf 86' lang='lat' dir='ltr'><strong>in</strong></span> <span class='ocrx_word' id='word_1_188' title='bbox 3396 1320 3587 1378; x_wconf 87' lang='lat' dir='ltr'><strong>monte,</strong></span> <span class='ocrx_word' id='word_1_189' title='bbox 3614 1323 3716 1368; x_wconf 87' lang='lat' dir='ltr'><strong>tom.</strong></span> <span class='ocrx_word' id='word_1_190' title='bbox 3750 1315 3805 1377; x_wconf 87' lang='grc'><strong>111,</strong></span> 
     </span>
    </p>
   </div>
   <div class='ocr_carea' id='block_1_13' title="bbox 601 1395 2873 1473">
    <p class='ocr_par' dir='ltr' id='par_1_13' title="bbox 601 1395 2873 1473">
     <span class='ocr_line' id='line_1_13' title="bbox 601 1395 2873 1473; baseline -0.004 -16"><span class='ocrx_word' id='word_1_191' title='bbox 601 1411 715 1457; x_wconf 90' lang='lat' dir='ltr'><strong>tem</strong></span> <span class='ocrx_word' id='word_1_192' title='bbox 773 1402 1007 1468; x_wconf 88' lang='lat' dir='ltr'><strong>mortis,</strong></span> <span class='ocrx_word' id='word_1_193' title='bbox 1058 1410 1341 1473; x_wconf 87' lang='lat' dir='ltr'><strong>peccatum</strong></span> <span class='ocrx_word' id='word_1_194' title='bbox 1369 1415 1385 1455; x_wconf 88' lang='lat'><strong>:</strong></span> <span class='ocrx_word' id='word_1_195' title='bbox 1417 1401 1589 1455; x_wconf 87' lang='lat' dir='ltr'><strong>virtus</strong></span> <span class='ocrx_word' id='word_1_196' title='bbox 1645 1414 1775 1454; x_wconf 85' lang='lat' dir='ltr'><strong>vero</strong></span> <span class='ocrx_word' id='word_1_197' title='bbox 1825 1396 2034 1469; x_wconf 87' lang='lat' dir='ltr'><strong>peccati</strong></span> <span class='ocrx_word' id='word_1_198' title='bbox 2086 1395 2194 1452; x_wconf 87' lang='lat' dir='ltr'><strong>lex.</strong></span> <span class='ocrx_word' id='word_1_199' title='bbox 2301 1410 2519 1470; x_wconf 43' lang='lat' dir='ltr'><strong>pars.“</strong></span> <span class='ocrx_word' id='word_1_200' title='bbox 2548 1399 2873 1473; x_wconf 72' lang='lat' dir='ltr'><strong>col.1295.)</strong></span> 
     </span>
    </p>
   </div>
   <div class='ocr_carea' id='block_1_14' title="bbox 602 1486 3803 1565">
    <p class='ocr_par' dir='ltr' id='par_1_14' title="bbox 602 1486 3803 1565">
     <span class='ocr_line' id='line_1_14' title="bbox 602 1486 3803 1565; baseline 0 -18"><span class='ocrx_word' id='word_1_201' title='bbox 602 1491 834 1549; x_wconf 75' lang='lat' dir='ltr'><strong>Mortem</strong></span> <span class='ocrx_word' id='word_1_202' title='bbox 854 1492 1153 1564; x_wconf 81' lang='lat' dir='ltr'><strong>signiﬁcari</strong></span> <span class='ocrx_word' id='word_1_203' title='bbox 1179 1493 1418 1548; x_wconf 82' lang='lat' dir='ltr'><strong>arbitror</strong></span> <span class='ocrx_word' id='word_1_204' title='bbox 1443 1492 1547 1546; x_wconf 90' lang='lat' dir='ltr'><strong>boc</strong></span> <span class='ocrx_word' id='word_1_205' title='bbox 1568 1489 1708 1555; x_wconf 91' lang='lat' dir='ltr'><strong>loco,</strong></span> <span class='ocrx_word' id='word_1_206' title='bbox 1733 1486 2032 1553; x_wconf 86' lang='lat' dir='ltr'><strong>carnalem,</strong></span> <span class='ocrx_word' id='word_1_207' title='bbox 2062 1494 2199 1551; x_wconf 89' lang='lat' dir='ltr'><strong>etc.,</strong></span> <span class='ocrx_word' id='word_1_208' title='bbox 2375 1488 2701 1544; x_wconf 86' lang='lat' dir='ltr'><strong>Perntanebo</strong></span> <span class='ocrx_word' id='word_1_209' title='bbox 2748 1501 2921 1546; x_wconf 89' lang='lat' dir='ltr'><strong>autem</strong></span> <span class='ocrx_word' id='word_1_210' title='bbox 2968 1490 3162 1563; x_wconf 80' lang='lat' dir='ltr'><strong>Ephesi</strong></span> <span class='ocrx_word' id='word_1_211' title='bbox 3208 1509 3386 1565; x_wconf 90' lang='lat' dir='ltr'><strong>usque</strong></span> <span class='ocrx_word' id='word_1_212' title='bbox 3416 1494 3487 1548; x_wconf 84' lang='lat' dir='ltr'><strong>ad</strong></span> <span class='ocrx_word' id='word_1_213' title='bbox 3522 1492 3803 1550; x_wconf 73' lang='lat' dir='ltr'><strong>Pentecosteu.</strong></span> 
     </span>
    </p>
   </div>
   <div class='ocr_carea' id='block_1_15' title="bbox 603 1579 3803 1656">
    <p class='ocr_par' dir='ltr' id='par_1_15' title="bbox 603 1579 3803 1656">
     <span class='ocr_line' id='line_1_15' title="bbox 603 1579 3803 1656; baseline 0 -15"><span class='ocrx_word' id='word_1_214' title='bbox 603 1602 768 1656; x_wconf 85' lang='lat' dir='ltr'><strong>usque</strong></span> <span class='ocrx_word' id='word_1_215' title='bbox 798 1586 868 1640; x_wconf 88' lang='lat' dir='ltr'><strong>ad</strong></span> <span class='ocrx_word' id='word_1_216' title='bbox 917 1584 1154 1641; x_wconf 87' lang='lat' dir='ltr'><strong>carnalis</strong></span> <span class='ocrx_word' id='word_1_217' title='bbox 1181 1583 1458 1640; x_wconf 88' lang='lat' dir='ltr'><strong>obruetur.</strong></span> <span class='ocrx_word' id='word_1_218' title='bbox 1489 1582 1615 1655; x_wconf 90' lang='lat' dir='ltr'><strong>(ld.,</strong></span> <span class='ocrx_word' id='word_1_219' title='bbox 1641 1581 1731 1635; x_wconf 89' lang='lat' dir='ltr'><strong>lib.</strong></span> <span class='ocrx_word' id='word_1_220' title='bbox 1762 1595 1971 1636; x_wconf 72' lang='lat' dir='ltr'><strong>LXXXIII</strong></span> <span class='ocrx_word' id='word_1_221' title='bbox 2033 1579 2199 1644; x_wconf 65' lang='grc' dir='ltr'><strong>ρων·</strong></span> <span class='ocrx_word' id='word_1_222' title='bbox 2303 1580 2509 1637; x_wconf 86' lang='lat' dir='ltr'><strong>Ostium</strong></span> <span class='ocrx_word' id='word_1_223' title='bbox 2539 1582 2679 1636; x_wconf 85' lang='lat' dir='ltr'><strong>enim</strong></span> <span class='ocrx_word' id='word_1_224' title='bbox 2710 1582 2837 1637; x_wconf 85' lang='lat' dir='ltr'><strong>mihi</strong></span> <span class='ocrx_word' id='word_1_225' title='bbox 2867 1593 3105 1653; x_wconf 89' lang='lat' dir='ltr'><strong>apertum</strong></span> <span class='ocrx_word' id='word_1_226' title='bbox 3127 1593 3204 1640; x_wconf 86' lang='lat' dir='ltr'><strong>est</strong></span> <span class='ocrx_word' id='word_1_227' title='bbox 3256 1601 3543 1655; x_wconf 79' lang='lat' dir='ltr'><strong>magnum,</strong></span> <span class='ocrx_word' id='word_1_228' title='bbox 3569 1595 3613 1640; x_wconf 86' lang='lat' dir='ltr'><strong>et</strong></span> <span class='ocrx_word' id='word_1_229' title='bbox 3638 1587 3803 1643; x_wconf 69' lang='lat' dir='ltr'><strong>eridani:</strong></span> 
     </span>
    </p>
   </div>
   <div class='ocr_carea' id='block_1_16' title="bbox 603 1669 3804 1741">
    <p class='ocr_par' dir='ltr' id='par_1_16' title="bbox 603 1669 3804 1741">
     <span class='ocr_line' id='line_1_16' title="bbox 603 1669 3804 1741; baseline 0.001 -12"><span class='ocrx_word' id='word_1_230' title='bbox 603 1676 833 1730; x_wconf 87' lang='lat' dir='ltr'><strong>stionum</strong></span> <span class='ocrx_word' id='word_1_231' title='bbox 861 1673 1010 1729; x_wconf 83' lang='lat' dir='ltr'><strong>Rom.</strong></span> <span class='ocrx_word' id='word_1_232' title='bbox 1044 1676 1134 1740; x_wconf 81' lang='grc'><strong>15,</strong></span> <span class='ocrx_word' id='word_1_233' title='bbox 1164 1683 1296 1730; x_wconf 87' lang='grc' dir='ltr'>ιοιιι.</span> <span class='ocrx_word' id='word_1_234' title='bbox 1326 1672 1412 1739; x_wconf 72' lang='grc' dir='ltr'><strong>γι,</strong></span> <span class='ocrx_word' id='word_1_235' title='bbox 1445 1672 1549 1729; x_wconf 91' lang='lat' dir='ltr'><strong>col.</strong></span> <span class='ocrx_word' id='word_1_236' title='bbox 1588 1672 1655 1728; x_wconf 93' lang='lat'><strong>79</strong></span> <span class='ocrx_word' id='word_1_237' title='bbox 1683 1680 1739 1727; x_wconf 90' lang='lat' dir='ltr'><strong>et</strong></span> <span class='ocrx_word' id='word_1_238' title='bbox 1762 1669 1903 1741; x_wconf 86' lang='lat' dir='ltr'><strong>seq.)</strong></span> <span class='ocrx_word' id='word_1_239' title='bbox 2302 1684 2350 1728; x_wconf 86' lang='lat' dir='ltr'><strong>et</strong></span> <span class='ocrx_word' id='word_1_240' title='bbox 2379 1672 2670 1727; x_wconf 82' lang='lat' dir='ltr'><strong>aduersarii</strong></span> <span class='ocrx_word' id='word_1_241' title='bbox 2689 1671 2863 1727; x_wconf 87' lang='lat' dir='ltr'><strong>multi.</strong></span> <span class='ocrx_word' id='word_1_242' title='bbox 2887 1670 2946 1728; x_wconf 91' lang='lat' dir='ltr'><strong>Si</strong></span> <span class='ocrx_word' id='word_1_243' title='bbox 2968 1683 3145 1730; x_wconf 86' lang='lat' dir='ltr'><strong>autem</strong></span> <span class='ocrx_word' id='word_1_244' title='bbox 3169 1676 3377 1731; x_wconf 84' lang='lat' dir='ltr'><strong>uenerit</strong></span> <span class='ocrx_word' id='word_1_245' title='bbox 3423 1674 3804 1740; x_wconf 77' lang='lat' dir='ltr'><strong>Timotheus,etc..</strong></span> 
     </span>
    </p>
   </div>
   <div class='ocr_carea' id='block_1_17' title="bbox 679 1763 3803 1851">
    <p class='ocr_par' dir='ltr' id='par_1_17' title="bbox 679 1763 3803 1851">
     <span class='ocr_line' id='line_1_17' title="bbox 679 1763 3803 1851; baseline 0.001 -31"><span class='ocrx_word' id='word_1_246' title='bbox 679 1767 951 1842; x_wconf 61' lang='lat' dir='ltr'><strong>Absoypta</strong></span> <span class='ocrx_word' id='word_1_247' title='bbox 973 1775 1058 1821; x_wconf 88' lang='lat' dir='ltr'><strong>est</strong></span> <span class='ocrx_word' id='word_1_248' title='bbox 1082 1780 1229 1821; x_wconf 88' lang='lat' dir='ltr'><strong>mors</strong></span> <span class='ocrx_word' id='word_1_249' title='bbox 1259 1766 1309 1820; x_wconf 93' lang='lat' dir='ltr'><strong>in</strong></span> <span class='ocrx_word' id='word_1_250' title='bbox 1342 1765 1592 1820; x_wconf 83' lang='lat' dir='ltr'><strong>victoria.</strong></span> <span class='ocrx_word' id='word_1_251' title='bbox 1624 1763 1727 1820; x_wconf 88' lang='lat' dir='ltr'><strong>Ubi</strong></span> <span class='ocrx_word' id='word_1_252' title='bbox 1769 1770 1856 1818; x_wconf 89' lang='lat' dir='ltr'><strong>est</strong></span> <span class='ocrx_word' id='word_1_253' title='bbox 1890 1772 2043 1816; x_wconf 82' lang='lat' dir='ltr'><strong>mors</strong></span> <span class='ocrx_word' id='word_1_254' title='bbox 2064 1775 2199 1816; x_wconf 87' lang='lat' dir='ltr'><strong>con-</strong></span> <span class='ocrx_word' id='word_1_255' title='bbox 2229 1791 2278 1851; x_wconf 70' lang='grc' dir='ltr'><strong>Β</strong></span> <span class='ocrx_word' id='word_1_256' title='bbox 2304 1784 2477 1839; x_wconf 86' lang='lat' dir='ltr'><strong>usque</strong></span> <span class='ocrx_word' id='word_1_257' title='bbox 2503 1770 2569 1823; x_wconf 88' lang='lat' dir='ltr'><strong>ad</strong></span> <span class='ocrx_word' id='word_1_258' title='bbox 2600 1785 2718 1823; x_wconf 90' lang='lat' dir='ltr'><strong>cum</strong></span> <span class='ocrx_word' id='word_1_259' title='bbox 2747 1770 2797 1824; x_wconf 91' lang='lat' dir='ltr'><strong><em>ei</em></strong></span> <span class='ocrx_word' id='word_1_260' title='bbox 2822 1785 3046 1824; x_wconf 83' lang='lat' dir='ltr'><strong>uacuum</strong></span> <span class='ocrx_word' id='word_1_261' title='bbox 3068 1768 3420 1839; x_wconf 78' lang='lat' dir='ltr'><strong>fuerit.Quid</strong></span> <span class='ocrx_word' id='word_1_262' title='bbox 3448 1770 3539 1824; x_wconf 86' lang='lat' dir='ltr'><strong>hic</strong></span> <span class='ocrx_word' id='word_1_263' title='bbox 3559 1768 3803 1837; x_wconf 75' lang='lat' dir='ltr'><strong>aliudpotest</strong></span> 
     </span>
    </p>
   </div>
   <div class='ocr_carea' id='block_1_18' title="bbox 607 1852 2175 1931">
    <p class='ocr_par' dir='ltr' id='par_1_18' title="bbox 607 1853 2174 1929">
     <span class='ocr_line' id='line_1_18' title="bbox 607 1853 2174 1929; baseline -0.004 -17"><span class='ocrx_word' id='word_1_264' title='bbox 607 1857 779 1913; x_wconf 79' lang='lat' dir='ltr'><strong>lentio</strong></span> <span class='ocrx_word' id='word_1_265' title='bbox 808 1867 899 1914; x_wconf 87' lang='lat' dir='ltr'><strong>tua</strong></span> <span class='ocrx_word' id='word_1_266' title='bbox 919 1898 934 1925; x_wconf 91' lang='lat'><strong>,</strong></span> <span class='ocrx_word' id='word_1_267' title='bbox 968 1867 1100 1924; x_wconf 89' lang='lat' dir='ltr'><strong>etc.,</strong></span> <span class='ocrx_word' id='word_1_268' title='bbox 1139 1874 1301 1929; x_wconf 88' lang='lat' dir='ltr'><strong>usque</strong></span> <span class='ocrx_word' id='word_1_269' title='bbox 1328 1858 1398 1911; x_wconf 90' lang='lat' dir='ltr'><strong>ad</strong></span> <span class='ocrx_word' id='word_1_270' title='bbox 1431 1855 1760 1913; x_wconf 86' lang='lat' dir='ltr'><strong>sacriﬁcium</strong></span> <span class='ocrx_word' id='word_1_271' title='bbox 1787 1854 2037 1909; x_wconf 89' lang='lat' dir='ltr'><strong>Domino.</strong></span> <span class='ocrx_word' id='word_1_272' title='bbox 2075 1853 2174 1924; x_wconf 78' lang='lat' dir='ltr'><strong>(id.</strong></span> 
     </span>
    </p>
   </div>
   <div class='ocr_carea' id='block_1_19' title="bbox 2290 1852 3858 1931">
    <p class='ocr_par' dir='ltr' id='par_1_19' title="bbox 2311 1858 3804 1931">
     <span class='ocr_line' id='line_1_19' title="bbox 2311 1858 3804 1931; baseline -0.005 -16"><span class='ocrx_word' id='word_1_273' title='bbox 2311 1860 2560 1930; x_wconf 83' lang='lat' dir='ltr'><strong>intelligi,</strong></span> <span class='ocrx_word' id='word_1_274' title='bbox 2599 1869 2730 1925; x_wconf 89' lang='lat' dir='ltr'><strong>etc.,</strong></span> <span class='ocrx_word' id='word_1_275' title='bbox 2766 1877 2930 1931; x_wconf 86' lang='lat' dir='ltr'><strong>usque</strong></span> <span class='ocrx_word' id='word_1_276' title='bbox 2955 1861 3024 1914; x_wconf 88' lang='lat' dir='ltr'><strong>ad</strong></span> <span class='ocrx_word' id='word_1_277' title='bbox 3047 1875 3153 1914; x_wconf 93' lang='lat' dir='ltr'><strong>non</strong></span> <span class='ocrx_word' id='word_1_278' title='bbox 3183 1868 3275 1916; x_wconf 90' lang='lat' dir='ltr'><strong>est</strong></span> <span class='ocrx_word' id='word_1_279' title='bbox 3309 1859 3522 1915; x_wconf 89' lang='lat' dir='ltr'><strong>datum.</strong></span> <span class='ocrx_word' id='word_1_280' title='bbox 3554 1858 3661 1928; x_wconf 92' lang='lat' dir='ltr'><strong>(ld.,</strong></span> <span class='ocrx_word' id='word_1_281' title='bbox 3691 1858 3804 1910; x_wconf 63' lang='lat' dir='ltr'><strong>litui:</strong></span> 
     </span>
    </p>
   </div>
   <div class='ocr_carea' id='block_1_20' title="bbox 608 1940 3859 2027">
    <p class='ocr_par' dir='ltr' id='par_1_20' title="bbox 608 1940 3859 2027">
     <span class='ocr_line' id='line_1_20' title="bbox 608 1940 3859 2027; baseline 0.001 -28"><span class='ocrx_word' id='word_1_282' title='bbox 608 1955 766 2000; x_wconf 91' lang='lat' dir='ltr'><strong>tract.</strong></span> <span class='ocrx_word' id='word_1_283' title='bbox 790 1946 927 2018; x_wconf 87' lang='lat' dir='ltr'><strong>psal.</strong></span> <span class='ocrx_word' id='word_1_284' title='bbox 958 1963 1106 2013; x_wconf 74' lang='lat' dir='ltr'><strong>utv,</strong></span> <span class='ocrx_word' id='word_1_285' title='bbox 1128 1957 1261 2002; x_wconf 91' lang='lat' dir='ltr'><strong>tom.</strong></span> <span class='ocrx_word' id='word_1_286' title='bbox 1287 1946 1378 2011; x_wconf 75' lang='grc' dir='ltr'><strong>ιγ,</strong></span> <span class='ocrx_word' id='word_1_287' title='bbox 1408 1954 1552 2015; x_wconf 87' lang='lat' dir='ltr'><strong>part.</strong></span> <span class='ocrx_word' id='word_1_288' title='bbox 1581 1960 1622 2010; x_wconf 92' lang='grc' dir='ltr'><strong>ι,</strong></span> <span class='ocrx_word' id='word_1_289' title='bbox 1643 1943 1748 2000; x_wconf 89' lang='lat' dir='ltr'><strong>col.</strong></span> <span class='ocrx_word' id='word_1_290' title='bbox 1779 1944 1882 2000; x_wconf 78' lang='lat'><strong>775</strong></span> <span class='ocrx_word' id='word_1_291' title='bbox 1904 1953 1959 2000; x_wconf 91' lang='lat' dir='ltr'><strong>et</strong></span> <span class='ocrx_word' id='word_1_292' title='bbox 1980 1944 2122 2013; x_wconf 87' lang='lat' dir='ltr'><strong>seq.)</strong></span> <span class='ocrx_word' id='word_1_293' title='bbox 2306 1945 2543 2003; x_wconf 65' lang='lat' dir='ltr'><strong>Praedes.</strong></span> <span class='ocrx_word' id='word_1_294' title='bbox 2575 1957 2768 2014; x_wconf 89' lang='lat' dir='ltr'><strong>sanct.,</strong></span> <span class='ocrx_word' id='word_1_295' title='bbox 2803 1956 2934 2004; x_wconf 87' lang='lat' dir='ltr'><strong>tom.</strong></span> <span class='ocrx_word' id='word_1_296' title='bbox 2959 1947 3029 2015; x_wconf 83' lang='lat' dir='ltr'><strong>X,</strong></span> <span class='ocrx_word' id='word_1_297' title='bbox 3062 1956 3203 2019; x_wconf 87' lang='lat' dir='ltr'><strong>part.</strong></span> <span class='ocrx_word' id='word_1_298' title='bbox 3232 1964 3278 2014; x_wconf 86' lang='grc' dir='ltr'><strong>ι,</strong></span> <span class='ocrx_word' id='word_1_299' title='bbox 3309 1948 3421 2004; x_wconf 80' lang='lat' dir='ltr'><strong>col.</strong></span> <span class='ocrx_word' id='word_1_300' title='bbox 3444 1946 3547 2002; x_wconf 89' lang='lat'><strong>989</strong></span> <span class='ocrx_word' id='word_1_301' title='bbox 3565 1955 3614 2002; x_wconf 91' lang='lat' dir='ltr'><strong>et</strong></span> <span class='ocrx_word' id='word_1_302' title='bbox 3630 1961 3706 2016; x_wconf 87' lang='lat' dir='ltr'><strong>seq</strong></span> 
     </span>
    </p>
   </div>
   <div class='ocr_carea' id='block_1_21' title="bbox 678 2034 3859 2108">
    <p class='ocr_par' dir='ltr' id='par_1_21' title="bbox 678 2034 3859 2108">
     <span class='ocr_line' id='line_1_21' title="bbox 678 2034 3859 2108; baseline -0.002 -16"><span class='ocrx_word' id='word_1_303' title='bbox 678 2036 830 2093; x_wconf 85' lang='lat' dir='ltr'><strong>Tunc</strong></span> <span class='ocrx_word' id='word_1_304' title='bbox 844 2038 936 2094; x_wconf 84' lang='lat' dir='ltr'><strong>lict</strong></span> <span class='ocrx_word' id='word_1_305' title='bbox 951 2056 964 2093; x_wconf 88' lang='lat'><strong>:</strong></span> <span class='ocrx_word' id='word_1_306' title='bbox 980 2036 1097 2093; x_wconf 89' lang='lat' dir='ltr'><strong>Non</strong></span> <span class='ocrx_word' id='word_1_307' title='bbox 1111 2038 1366 2103; x_wconf 84' lang='lat' dir='ltr'><strong>modoﬁt,</strong></span> <span class='ocrx_word' id='word_1_308' title='bbox 1383 2037 1477 2093; x_wconf 91' lang='lat' dir='ltr'><strong>sed</strong></span> <span class='ocrx_word' id='word_1_309' title='bbox 1495 2046 1620 2092; x_wconf 90' lang='lat' dir='ltr'><strong>tunc</strong></span> <span class='ocrx_word' id='word_1_310' title='bbox 1637 2036 1749 2091; x_wconf 84' lang='lat' dir='ltr'><strong>ﬁet.</strong></span> <span class='ocrx_word' id='word_1_311' title='bbox 1771 2034 1911 2102; x_wconf 84' lang='lat' dir='ltr'><strong>Quid</strong></span> <span class='ocrx_word' id='word_1_312' title='bbox 1928 2047 2057 2091; x_wconf 91' lang='lat' dir='ltr'><strong>tunc</strong></span> <span class='ocrx_word' id='word_1_313' title='bbox 2075 2035 2202 2090; x_wconf 79' lang='lat' dir='ltr'><strong>ﬁet?</strong></span> <span class='ocrx_word' id='word_1_314' title='bbox 2391 2034 2683 2107; x_wconf 82' lang='lat' dir='ltr'><strong>Vigilate‘et</strong></span> <span class='ocrx_word' id='word_1_315' title='bbox 2705 2046 2837 2091; x_wconf 86' lang='lat' dir='ltr'><strong>state</strong></span> <span class='ocrx_word' id='word_1_316' title='bbox 2863 2038 2918 2092; x_wconf 90' lang='lat' dir='ltr'><strong>in</strong></span> <span class='ocrx_word' id='word_1_317' title='bbox 2941 2038 3067 2106; x_wconf 78' lang='lat' dir='ltr'><strong>ﬁde,</strong></span> <span class='ocrx_word' id='word_1_318' title='bbox 3104 2037 3330 2093; x_wconf 77' lang='lat' dir='ltr'><strong>viriliter</strong></span> <span class='ocrx_word' id='word_1_319' title='bbox 3359 2038 3519 2108; x_wconf 85' lang='lat' dir='ltr'><strong>agite,</strong></span> <span class='ocrx_word' id='word_1_320' title='bbox 3542 2048 3586 2090; x_wconf 89' lang='lat' dir='ltr'><strong>et</strong></span> <span class='ocrx_word' id='word_1_321' title='bbox 3621 2034 3801 2103; x_wconf 74' lang='lat' dir='ltr'><strong>conforn-</strong></span> <span class='ocrx_word' id='word_1_322' title='bbox 3858 2038 3859 2101; x_wconf 53' lang='grc' dir='ltr'><strong>ι</strong></span> 
     </span>
    </p>
   </div>
   <div class='ocr_carea' id='block_1_22' title="bbox 607 2112 3859 2201">
    <p class='ocr_par' dir='ltr' id='par_1_22' title="bbox 607 2112 3859 2201">
     <span class='ocr_line' id='line_1_22' title="bbox 607 2112 3859 2201; baseline -0.002 -17"><span class='ocrx_word' id='word_1_323' title='bbox 607 2127 824 2195; x_wconf 88' lang='lat' dir='ltr'><strong>Sermo,</strong></span> <span class='ocrx_word' id='word_1_324' title='bbox 845 2138 975 2196; x_wconf 89' lang='lat' dir='ltr'><strong>etc.,</strong></span> <span class='ocrx_word' id='word_1_325' title='bbox 998 2146 1161 2201; x_wconf 85' lang='lat' dir='ltr'><strong>usque</strong></span> <span class='ocrx_word' id='word_1_326' title='bbox 1182 2130 1253 2184; x_wconf 89' lang='lat' dir='ltr'><strong>ad</strong></span> <span class='ocrx_word' id='word_1_327' title='bbox 1280 2130 1541 2185; x_wconf 85' lang='lat' dir='ltr'><strong>victorem</strong></span> <span class='ocrx_word' id='word_1_328' title='bbox 1565 2128 1867 2184; x_wconf 88' lang='lat' dir='ltr'><strong>coronavit.</strong></span> <span class='ocrx_word' id='word_1_329' title='bbox 1899 2126 2196 2199; x_wconf 87' lang='lat' dir='ltr'><strong>(ld.,serm.</strong></span> <span class='ocrx_word' id='word_1_330' title='bbox 2304 2128 2452 2189; x_wconf 83' lang='lat' dir='ltr'><strong>mini.</strong></span> <span class='ocrx_word' id='word_1_331' title='bbox 2488 2126 2733 2182; x_wconf 80' lang='lat' dir='ltr'><strong>Viriliter</strong></span> <span class='ocrx_word' id='word_1_332' title='bbox 2776 2142 2876 2197; x_wconf 82' lang='lat' dir='ltr'><strong>age</strong></span> <span class='ocrx_word' id='word_1_333' title='bbox 2906 2142 2921 2181; x_wconf 91' lang='lat'><strong>:</strong></span> <span class='ocrx_word' id='word_1_334' title='bbox 2964 2127 3070 2183; x_wconf 90' lang='lat' dir='ltr'><strong>noli</strong></span> <span class='ocrx_word' id='word_1_335' title='bbox 3117 2128 3349 2184; x_wconf 84' lang='lat' dir='ltr'><strong>dissolvi</strong></span> <span class='ocrx_word' id='word_1_336' title='bbox 3377 2145 3395 2182; x_wconf 87' lang='lat'><strong>:</strong></span> <span class='ocrx_word' id='word_1_337' title='bbox 3425 2142 3495 2182; x_wconf 90' lang='lat' dir='ltr'><strong>ne</strong></span> <span class='ocrx_word' id='word_1_338' title='bbox 3528 2127 3599 2181; x_wconf 88' lang='lat' dir='ltr'><strong>sis</strong></span> <span class='ocrx_word' id='word_1_339' title='bbox 3635 2125 3804 2180; x_wconf 76' lang='lat' dir='ltr'><strong>intereas</strong></span> <span class='ocrx_word' id='word_1_340' title='bbox 3858 2112 3859 2117; x_wconf 39' lang='grc'><em>“</em></span> 
     </span>
    </p>
   </div>
   <div class='ocr_carea' id='block_1_23' title="bbox 604 2217 3859 2295">
    <p class='ocr_par' dir='ltr' id='par_1_23' title="bbox 604 2217 3859 2295">
     <span class='ocr_line' id='line_1_23' title="bbox 604 2217 3859 2295; baseline -0.001 -22"><span class='ocrx_word' id='word_1_341' title='bbox 604 2219 671 2274; x_wconf 88' lang='lat' dir='ltr'><strong>de</strong></span> <span class='ocrx_word' id='word_1_342' title='bbox 696 2236 804 2274; x_wconf 81' lang='lat' dir='ltr'><strong>ver.</strong></span> <span class='ocrx_word' id='word_1_343' title='bbox 831 2220 1071 2290; x_wconf 86' lang='lat' dir='ltr'><strong>Apostoti</strong></span> <span class='ocrx_word' id='word_1_344' title='bbox 1093 2220 1181 2286; x_wconf 81' lang='lat'><strong>68,</strong></span> <span class='ocrx_word' id='word_1_345' title='bbox 1213 2229 1345 2276; x_wconf 88' lang='lat' dir='ltr'><strong>tom.</strong></span> <span class='ocrx_word' id='word_1_346' title='bbox 1371 2219 1437 2287; x_wconf 85' lang='lat' dir='ltr'><strong>V,</strong></span> <span class='ocrx_word' id='word_1_347' title='bbox 1458 2228 1605 2290; x_wconf 87' lang='lat' dir='ltr'><strong>part.</strong></span> <span class='ocrx_word' id='word_1_348' title='bbox 1634 2235 1700 2285; x_wconf 90' lang='grc' dir='ltr'><strong>ιι,</strong></span> <span class='ocrx_word' id='word_1_349' title='bbox 1720 2217 1826 2274; x_wconf 92' lang='lat' dir='ltr'><strong>col.</strong></span> <span class='ocrx_word' id='word_1_350' title='bbox 1852 2217 1960 2275; x_wconf 75' lang='lat'><strong>895</strong></span> <span class='ocrx_word' id='word_1_351' title='bbox 1979 2227 2035 2273; x_wconf 90' lang='lat' dir='ltr'><strong>et</strong></span> <span class='ocrx_word' id='word_1_352' title='bbox 2061 2217 2201 2287; x_wconf 87' lang='lat' dir='ltr'><strong>seq.)</strong></span> <span class='ocrx_word' id='word_1_353' title='bbox 2305 2218 2501 2290; x_wconf 90' lang='lat' dir='ltr'><strong>quibus</strong></span> <span class='ocrx_word' id='word_1_354' title='bbox 2540 2218 2738 2275; x_wconf 90' lang='lat' dir='ltr'><strong>dicitur</strong></span> <span class='ocrx_word' id='word_1_355' title='bbox 2769 2235 2786 2273; x_wconf 90' lang='lat'><strong>:</strong></span> <span class='ocrx_word' id='word_1_356' title='bbox 2816 2217 2904 2274; x_wconf 66' lang='lat' dir='ltr'><strong>Vae</strong></span> <span class='ocrx_word' id='word_1_357' title='bbox 2940 2218 3010 2274; x_wconf 90' lang='lat' dir='ltr'><strong>iis</strong></span> <span class='ocrx_word' id='word_1_358' title='bbox 3037 2219 3128 2289; x_wconf 90' lang='lat' dir='ltr'><strong>qui</strong></span> <span class='ocrx_word' id='word_1_359' title='bbox 3158 2219 3540 2290; x_wconf 86' lang='lat' dir='ltr'><strong>perdiderunt,</strong></span> <span class='ocrx_word' id='word_1_360' title='bbox 3570 2225 3681 2281; x_wconf 89' lang='lat' dir='ltr'><strong>etc.,</strong></span> <span class='ocrx_word' id='word_1_361' title='bbox 3706 2232 3802 2283; x_wconf 69' lang='lat' dir='ltr'><strong>siqu</strong></span> <span class='ocrx_word' id='word_1_362' title='bbox 3858 2232 3859 2295; x_wconf 46' lang='grc' dir='ltr'><em>ξ</em></span> 
     </span>
    </p>
   </div>
   <div class='ocr_carea' id='block_1_24' title="bbox 678 2308 3859 2384">
    <p class='ocr_par' dir='ltr' id='par_1_24' title="bbox 678 2308 3859 2384">
     <span class='ocr_line' id='line_1_24' title="bbox 678 2308 3859 2384; baseline -0.001 -20"><span class='ocrx_word' id='word_1_363' title='bbox 678 2308 939 2365; x_wconf 86' lang='lat' dir='ltr'><strong>Stimulus</strong></span> <span class='ocrx_word' id='word_1_364' title='bbox 987 2321 1163 2367; x_wconf 89' lang='lat' dir='ltr'><strong>autem</strong></span> <span class='ocrx_word' id='word_1_365' title='bbox 1192 2313 1376 2366; x_wconf 89' lang='lat' dir='ltr'><strong>mortis</strong></span> <span class='ocrx_word' id='word_1_366' title='bbox 1408 2321 1678 2383; x_wconf 86' lang='lat' dir='ltr'><strong>peccatum</strong></span> <span class='ocrx_word' id='word_1_367' title='bbox 1729 2320 1831 2378; x_wconf 91' lang='lat' dir='ltr'><strong>est,</strong></span> <span class='ocrx_word' id='word_1_368' title='bbox 1872 2312 2039 2366; x_wconf 76' lang='lat' dir='ltr'><strong>uirtus</strong></span> <span class='ocrx_word' id='word_1_369' title='bbox 2083 2328 2204 2366; x_wconf 75' lang='lat' dir='ltr'><strong>vero</strong></span> <span class='ocrx_word' id='word_1_370' title='bbox 2305 2315 2375 2368; x_wconf 90' lang='lat' dir='ltr'><strong>ad</strong></span> <span class='ocrx_word' id='word_1_371' title='bbox 2403 2313 2599 2369; x_wconf 82' lang='lat' dir='ltr'><strong>femina</strong></span> <span class='ocrx_word' id='word_1_372' title='bbox 2631 2322 2735 2368; x_wconf 89' lang='lat' dir='ltr'><strong>est.</strong></span> <span class='ocrx_word' id='word_1_373' title='bbox 2777 2311 2902 2384; x_wconf 89' lang='lat' dir='ltr'><strong>(ld.,</strong></span> <span class='ocrx_word' id='word_1_374' title='bbox 2928 2321 3084 2367; x_wconf 90' lang='lat' dir='ltr'><strong>tract.</strong></span> <span class='ocrx_word' id='word_1_375' title='bbox 3111 2311 3247 2382; x_wconf 88' lang='lat' dir='ltr'><strong>psal.</strong></span> <span class='ocrx_word' id='word_1_376' title='bbox 3286 2327 3483 2377; x_wconf 75' lang='lat' dir='ltr'><strong>xxxvr,</strong></span> <span class='ocrx_word' id='word_1_377' title='bbox 3509 2309 3669 2365; x_wconf 86' lang='lat' dir='ltr'><strong>eccles.</strong></span> <span class='ocrx_word' id='word_1_378' title='bbox 3691 2310 3748 2376; x_wconf 90' lang='grc' dir='ltr'>ιι.)</span> <span class='ocrx_word' id='word_1_379' title='bbox 3858 2348 3859 2381; x_wconf 33' lang='grc' dir='ltr'><strong>η</strong></span> 
     </span>
    </p>
   </div>
   <div class='ocr_carea' id='block_1_25' title="bbox 606 2394 3859 2472">
    <p class='ocr_par' dir='ltr' id='par_1_25' title="bbox 606 2394 3859 2472">
     <span class='ocr_line' id='line_1_25' title="bbox 606 2394 3859 2472; baseline -0.001 -18"><span class='ocrx_word' id='word_1_380' title='bbox 606 2401 807 2471; x_wconf 82' lang='lat' dir='ltr'><strong>peccati</strong></span> <span class='ocrx_word' id='word_1_381' title='bbox 857 2399 963 2456; x_wconf 77' lang='lat' dir='ltr'><strong>lex.</strong></span> <span class='ocrx_word' id='word_1_382' title='bbox 1016 2402 1256 2458; x_wconf 88' lang='lat' dir='ltr'><strong>Aculeus</strong></span> <span class='ocrx_word' id='word_1_383' title='bbox 1304 2403 1496 2465; x_wconf 85' lang='lat' dir='ltr'><strong>mortis</strong></span> <span class='ocrx_word' id='word_1_384' title='bbox 1539 2409 1822 2472; x_wconf 88' lang='lat' dir='ltr'><strong>peccatum</strong></span> <span class='ocrx_word' id='word_1_385' title='bbox 1876 2408 1980 2457; x_wconf 91' lang='lat' dir='ltr'><strong>est.</strong></span> <span class='ocrx_word' id='word_1_386' title='bbox 2037 2401 2235 2471; x_wconf 86' lang='lat' dir='ltr'><strong>Cujus&#39;</strong></span> <span class='ocrx_word' id='word_1_387' title='bbox 2379 2404 2570 2460; x_wconf 84' lang='lat' dir='ltr'><strong>Omnia</strong></span> <span class='ocrx_word' id='word_1_388' title='bbox 2594 2413 2765 2460; x_wconf 76' lang='lat' dir='ltr'><strong>vestra</strong></span> <span class='ocrx_word' id='word_1_389' title='bbox 2789 2406 2843 2458; x_wconf 90' lang='lat' dir='ltr'><strong>in</strong></span> <span class='ocrx_word' id='word_1_390' title='bbox 2872 2405 3128 2459; x_wconf 80' lang='lat' dir='ltr'><strong>cltaritate</strong></span> <span class='ocrx_word' id='word_1_391' title='bbox 3159 2403 3325 2472; x_wconf 83' lang='lat' dir='ltr'><strong>ﬁant,</strong></span> <span class='ocrx_word' id='word_1_392' title='bbox 3357 2404 3565 2457; x_wconf 88' lang='lat' dir='ltr'><strong>obsecro</strong></span> <span class='ocrx_word' id='word_1_393' title='bbox 3603 2409 3801 2454; x_wconf 70' lang='lat' dir='ltr'><strong>autenm</strong></span> <span class='ocrx_word' id='word_1_394' title='bbox 3858 2394 3859 2472; x_wconf 40' lang='grc' dir='ltr'>ᾗ</span> 
     </span>
    </p>
   </div>
   <div class='ocr_carea' id='block_1_26' title="bbox 609 2490 3801 2568">
    <p class='ocr_par' dir='ltr' id='par_1_26' title="bbox 609 2490 3801 2568">
     <span class='ocr_line' id='line_1_26' title="bbox 609 2490 3801 2568; baseline 0.001 -25"><span class='ocrx_word' id='word_1_395' title='bbox 609 2490 905 2561; x_wconf 89' lang='lat' dir='ltr'><strong>punctione</strong></span> <span class='ocrx_word' id='word_1_396' title='bbox 934 2490 1075 2546; x_wconf 82' lang='lat' dir='ltr'><strong>facta</strong></span> <span class='ocrx_word' id='word_1_397' title='bbox 1104 2501 1190 2547; x_wconf 88' lang='lat' dir='ltr'><strong>est</strong></span> <span class='ocrx_word' id='word_1_398' title='bbox 1218 2507 1386 2547; x_wconf 88' lang='lat' dir='ltr'><strong>mors.</strong></span> <span class='ocrx_word' id='word_1_399' title='bbox 1435 2491 1725 2547; x_wconf 86' lang='lat' dir='ltr'><strong>Peccatum</strong></span> <span class='ocrx_word' id='word_1_400' title='bbox 1750 2491 2201 2561; x_wconf 88' lang='lat' dir='ltr'><strong>quasi,etc.,us-</strong></span> <span class='ocrx_word' id='word_1_401' title='bbox 2306 2498 2521 2568; x_wconf 64' lang='lat' dir='ltr'><strong>fratres,</strong></span> <span class='ocrx_word' id='word_1_402' title='bbox 2579 2497 2742 2553; x_wconf 71' lang='grc' dir='ltr'><strong>ηοειὶδ</strong></span> <span class='ocrx_word' id='word_1_403' title='bbox 2793 2497 3007 2551; x_wconf 67' lang='lat' dir='ltr'><strong>danaum</strong></span> <span class='ocrx_word' id='word_1_404' title='bbox 3053 2495 3376 2565; x_wconf 61' lang='lat' dir='ltr'><strong>Scapham,</strong></span> <span class='ocrx_word' id='word_1_405' title='bbox 3424 2504 3472 2550; x_wconf 82' lang='lat' dir='ltr'><strong>et</strong></span> <span class='ocrx_word' id='word_1_406' title='bbox 3519 2491 3801 2551; x_wconf 51' lang='lat' dir='ltr'><strong>Fortunate:</strong></span> 
     </span>
    </p>
   </div>
   <div class='ocr_carea' id='block_1_27' title="bbox 610 2580 3799 2659">
    <p class='ocr_par' dir='ltr' id='par_1_27' title="bbox 610 2580 3799 2659">
     <span class='ocr_line' id='line_1_27' title="bbox 610 2580 3799 2659; baseline -0.003 -19"><span class='ocrx_word' id='word_1_407' title='bbox 610 2603 712 2658; x_wconf 91' lang='lat' dir='ltr'><strong>que</strong></span> <span class='ocrx_word' id='word_1_408' title='bbox 747 2586 819 2641; x_wconf 87' lang='lat' dir='ltr'><strong>ad</strong></span> <span class='ocrx_word' id='word_1_409' title='bbox 856 2602 959 2643; x_wconf 87' lang='lat' dir='ltr'><strong>nec</strong></span> <span class='ocrx_word' id='word_1_410' title='bbox 989 2587 1222 2658; x_wconf 85' lang='lat' dir='ltr'><strong>possint.</strong></span> <span class='ocrx_word' id='word_1_411' title='bbox 1260 2587 1385 2658; x_wconf 85' lang='lat' dir='ltr'><strong>(ld.,</strong></span> <span class='ocrx_word' id='word_1_412' title='bbox 1425 2603 1562 2643; x_wconf 84' lang='lat' dir='ltr'><strong>sernt</strong></span> <span class='ocrx_word' id='word_1_413' title='bbox 1597 2587 1662 2641; x_wconf 87' lang='lat' dir='ltr'><strong>de</strong></span> <span class='ocrx_word' id='word_1_414' title='bbox 1690 2586 1828 2640; x_wconf 82' lang='lat' dir='ltr'><strong>verb.</strong></span> <span class='ocrx_word' id='word_1_415' title='bbox 1869 2584 2109 2656; x_wconf 87' lang='lat' dir='ltr'><strong>Apostoli</strong></span> <span class='ocrx_word' id='word_1_416' title='bbox 2147 2587 2204 2640; x_wconf 86' lang='lat' dir='ltr'><strong>in</strong></span> <span class='ocrx_word' id='word_1_417' title='bbox 2305 2588 2545 2654; x_wconf 76' lang='lat' dir='ltr'><strong>Achaici,</strong></span> <span class='ocrx_word' id='word_1_418' title='bbox 2581 2588 2833 2659; x_wconf 88' lang='lat' dir='ltr'><strong>quoniam</strong></span> <span class='ocrx_word' id='word_1_419' title='bbox 2861 2596 2982 2642; x_wconf 86' lang='lat' dir='ltr'><strong>sunt</strong></span> <span class='ocrx_word' id='word_1_420' title='bbox 3021 2586 3272 2656; x_wconf 70' lang='lat' dir='ltr'><strong>primitur:</strong></span> <span class='ocrx_word' id='word_1_421' title='bbox 3316 2585 3659 2641; x_wconf 81' lang='lat' dir='ltr'><strong>Achaicte:et</strong></span> <span class='ocrx_word' id='word_1_422' title='bbox 3681 2581 3720 2635; x_wconf 80' lang='lat' dir='ltr'><strong>in</strong></span> <span class='ocrx_word' id='word_1_423' title='bbox 3742 2580 3799 2630; x_wconf 79' lang='lat' dir='ltr'><strong>ni-</strong></span> 
     </span>
    </p>
   </div>
   <div class='ocr_carea' id='block_1_28' title="bbox 607 2669 3799 2750">
    <p class='ocr_par' dir='ltr' id='par_1_28' title="bbox 607 2669 3799 2750">
     <span class='ocr_line' id='line_1_28' title="bbox 607 2669 3799 2750; baseline -0.004 -19"><span class='ocrx_word' id='word_1_424' title='bbox 607 2693 727 2748; x_wconf 86' lang='lat' dir='ltr'><strong>cup.</strong></span> <span class='ocrx_word' id='word_1_425' title='bbox 764 2677 799 2732; x_wconf 83' lang='lat'><strong>5</strong></span> <span class='ocrx_word' id='word_1_426' title='bbox 826 2676 1061 2750; x_wconf 82' lang='lat' dir='ltr'><strong>positis.)</strong></span> <span class='ocrx_word' id='word_1_427' title='bbox 2305 2678 2582 2734; x_wconf 88' lang='lat' dir='ltr'><strong>nisterium</strong></span> <span class='ocrx_word' id='word_1_428' title='bbox 2628 2686 2954 2742; x_wconf 87' lang='lat' dir='ltr'><strong>sanctorum,</strong></span> <span class='ocrx_word' id='word_1_429' title='bbox 3004 2684 3137 2741; x_wconf 89' lang='lat' dir='ltr'><strong>etc.,</strong></span> <span class='ocrx_word' id='word_1_430' title='bbox 3171 2690 3351 2746; x_wconf 85' lang='lat' dir='ltr'><strong>usque</strong></span> <span class='ocrx_word' id='word_1_431' title='bbox 3389 2674 3459 2728; x_wconf 88' lang='lat' dir='ltr'><strong>ad</strong></span> <span class='ocrx_word' id='word_1_432' title='bbox 3498 2669 3799 2728; x_wconf 70' lang='lat' dir='ltr'><strong>Salutationu</strong></span> 
     </span>
    </p>
   </div>
   <div class='ocr_carea' id='block_1_29' title="bbox 678 2759 3859 2840">
    <p class='ocr_par' dir='ltr' id='par_1_29' title="bbox 678 2759 3859 2840">
     <span class='ocr_line' id='line_1_29' title="bbox 678 2759 3859 2840; baseline -0.003 -18"><span class='ocrx_word' id='word_1_433' title='bbox 678 2768 975 2840; x_wconf 88' lang='lat' dir='ltr'><strong>Apostolus</strong></span> <span class='ocrx_word' id='word_1_434' title='bbox 1011 2787 1131 2825; x_wconf 89' lang='lat' dir='ltr'><strong>cum</strong></span> <span class='ocrx_word' id='word_1_435' title='bbox 1170 2769 1334 2825; x_wconf 87' lang='lat' dir='ltr'><strong>vellet</strong></span> <span class='ocrx_word' id='word_1_436' title='bbox 1372 2769 1662 2826; x_wconf 86' lang='lat' dir='ltr'><strong>ostendere</strong></span> <span class='ocrx_word' id='word_1_437' title='bbox 1701 2775 1965 2839; x_wconf 86' lang='lat' dir='ltr'><strong>quantum</strong></span> <span class='ocrx_word' id='word_1_438' title='bbox 2004 2782 2201 2838; x_wconf 85' lang='lat' dir='ltr'><strong>pecca-</strong></span> <span class='ocrx_word' id='word_1_439' title='bbox 2304 2784 2466 2822; x_wconf 86' lang='lat' dir='ltr'><strong>manu</strong></span> <span class='ocrx_word' id='word_1_440' title='bbox 2511 2766 2689 2821; x_wconf 82' lang='lat' dir='ltr'><strong>Pauli.</strong></span> <span class='ocrx_word' id='word_1_441' title='bbox 2741 2766 2877 2822; x_wconf 88' lang='lat' dir='ltr'><strong>Cum</strong></span> <span class='ocrx_word' id='word_1_442' title='bbox 2918 2767 3053 2823; x_wconf 91' lang='lat' dir='ltr'><strong>dicit</strong></span> <span class='ocrx_word' id='word_1_443' title='bbox 3084 2785 3099 2822; x_wconf 92' lang='lat'><strong>:</strong></span> <span class='ocrx_word' id='word_1_444' title='bbox 3128 2766 3331 2823; x_wconf 86' lang='lat' dir='ltr'><strong>Omnia</strong></span> <span class='ocrx_word' id='word_1_445' title='bbox 3379 2773 3555 2821; x_wconf 85' lang='lat' dir='ltr'><strong>vestra</strong></span> <span class='ocrx_word' id='word_1_446' title='bbox 3592 2776 3690 2818; x_wconf 85' lang='lat' dir='ltr'><strong>cum</strong></span> <span class='ocrx_word' id='word_1_447' title='bbox 3725 2759 3799 2813; x_wconf 75' lang='lat' dir='ltr'><strong>cln-</strong></span> <span class='ocrx_word' id='word_1_448' title='bbox 3858 2766 3859 2840; x_wconf 31' lang='grc' dir='ltr'><strong>ι</strong></span> 
     </span>
    </p>
   </div>
   <div class='ocr_carea' id='block_1_30' title="bbox 614 2851 3859 2932">
    <p class='ocr_par' dir='ltr' id='par_1_30' title="bbox 614 2851 3859 2932">
     <span class='ocr_line' id='line_1_30' title="bbox 614 2851 3859 2932; baseline -0.003 -17"><span class='ocrx_word' id='word_1_449' title='bbox 614 2870 731 2915; x_wconf 87' lang='lat' dir='ltr'><strong>tum</strong></span> <span class='ocrx_word' id='word_1_450' title='bbox 771 2862 968 2932; x_wconf 87' lang='lat' dir='ltr'><strong>gratia,</strong></span> <span class='ocrx_word' id='word_1_451' title='bbox 1011 2870 1144 2926; x_wconf 90' lang='lat' dir='ltr'><strong>etc.,</strong></span> <span class='ocrx_word' id='word_1_452' title='bbox 1177 2878 1341 2932; x_wconf 89' lang='lat' dir='ltr'><strong>usque</strong></span> <span class='ocrx_word' id='word_1_453' title='bbox 1383 2861 1454 2915; x_wconf 86' lang='lat' dir='ltr'><strong>ad</strong></span> <span class='ocrx_word' id='word_1_454' title='bbox 1505 2862 1620 2931; x_wconf 89' lang='lat' dir='ltr'><strong>ipsa</strong></span> <span class='ocrx_word' id='word_1_455' title='bbox 1651 2860 2044 2916; x_wconf 83' lang='lat' dir='ltr'><strong>contemnitur.</strong></span> <span class='ocrx_word' id='word_1_456' title='bbox 2075 2858 2201 2929; x_wconf 84' lang='lat' dir='ltr'><strong>(ld.,</strong></span> <span class='ocrx_word' id='word_1_457' title='bbox 2305 2856 2467 2915; x_wconf 87' lang='lat' dir='ltr'><strong>ritate</strong></span> <span class='ocrx_word' id='word_1_458' title='bbox 2517 2858 2673 2924; x_wconf 86' lang='lat' dir='ltr'><strong>ﬁant,</strong></span> <span class='ocrx_word' id='word_1_459' title='bbox 2713 2866 2844 2922; x_wconf 89' lang='lat' dir='ltr'><strong>etc.,</strong></span> <span class='ocrx_word' id='word_1_460' title='bbox 2877 2875 3041 2931; x_wconf 88' lang='lat' dir='ltr'><strong>usque</strong></span> <span class='ocrx_word' id='word_1_461' title='bbox 3080 2860 3149 2913; x_wconf 88' lang='lat' dir='ltr'><strong>ad</strong></span> <span class='ocrx_word' id='word_1_462' title='bbox 3200 2866 3484 2929; x_wconf 87' lang='lat' dir='ltr'><strong>operatur.</strong></span> <span class='ocrx_word' id='word_1_463' title='bbox 3525 2854 3629 2926; x_wconf 90' lang='lat' dir='ltr'><strong>(ld.,</strong></span> <span class='ocrx_word' id='word_1_464' title='bbox 3667 2852 3731 2905; x_wconf 77' lang='lat' dir='ltr'><strong>lit.</strong></span> <span class='ocrx_word' id='word_1_465' title='bbox 3762 2851 3796 2900; x_wconf 71' lang='grc' dir='ltr'><strong>δι’</strong></span> <span class='ocrx_word' id='word_1_466' title='bbox 3858 2851 3859 2895; x_wconf 59' lang='lat' dir='ltr'><strong>l</strong></span> 
     </span>
    </p>
   </div>
   <div class='ocr_carea' id='block_1_31' title="bbox 613 2944 3690 3022">
    <p class='ocr_par' dir='ltr' id='par_1_31' title="bbox 613 2944 3690 3022">
     <span class='ocr_line' id='line_1_31' title="bbox 613 2944 3690 3022; baseline -0.002 -18"><span class='ocrx_word' id='word_1_467' title='bbox 613 2950 707 3005; x_wconf 88' lang='lat' dir='ltr'><strong>lib.</strong></span> <span class='ocrx_word' id='word_1_468' title='bbox 742 2966 841 3006; x_wconf 81' lang='lat' dir='ltr'><strong>xm</strong></span> <span class='ocrx_word' id='word_1_469' title='bbox 869 2952 934 3006; x_wconf 90' lang='lat' dir='ltr'><strong>de</strong></span> <span class='ocrx_word' id='word_1_470' title='bbox 961 2951 1072 3006; x_wconf 88' lang='lat' dir='ltr'><strong>Civ.</strong></span> <span class='ocrx_word' id='word_1_471' title='bbox 1100 2951 1223 3017; x_wconf 89' lang='lat' dir='ltr'><strong>Dei,</strong></span> <span class='ocrx_word' id='word_1_472' title='bbox 1255 2960 1387 3007; x_wconf 90' lang='lat' dir='ltr'><strong>tom.</strong></span> <span class='ocrx_word' id='word_1_473' title='bbox 1413 2951 1522 3016; x_wconf 83' lang='lat' dir='ltr'><strong>Vll,</strong></span> <span class='ocrx_word' id='word_1_474' title='bbox 1550 2950 1652 3006; x_wconf 90' lang='lat' dir='ltr'><strong>col.</strong></span> <span class='ocrx_word' id='word_1_475' title='bbox 1683 2950 1836 3022; x_wconf 78' lang='lat'><strong>580.)</strong></span> <span class='ocrx_word' id='word_1_476' title='bbox 2304 2947 2491 3005; x_wconf 85' lang='lat' dir='ltr'><strong>Gratia</strong></span> <span class='ocrx_word' id='word_1_477' title='bbox 2515 2960 2563 3005; x_wconf 91' lang='lat' dir='ltr'><strong>et</strong></span> <span class='ocrx_word' id='word_1_478' title='bbox 2594 2950 2684 3005; x_wconf 92' lang='lat' dir='ltr'><strong>lib.</strong></span> <span class='ocrx_word' id='word_1_479' title='bbox 2716 2951 2899 3017; x_wconf 86' lang='lat' dir='ltr'><strong>arbit.,</strong></span> <span class='ocrx_word' id='word_1_480' title='bbox 2930 2959 3061 3006; x_wconf 86' lang='lat' dir='ltr'><strong>tom.</strong></span> <span class='ocrx_word' id='word_1_481' title='bbox 3088 2950 3157 3015; x_wconf 78' lang='grc' dir='ltr'>Χ,</span> <span class='ocrx_word' id='word_1_482' title='bbox 3186 2959 3334 3020; x_wconf 87' lang='lat' dir='ltr'><strong>part.</strong></span> <span class='ocrx_word' id='word_1_483' title='bbox 3371 2965 3413 3015; x_wconf 90' lang='grc' dir='ltr'><strong>ι,</strong></span> <span class='ocrx_word' id='word_1_484' title='bbox 3443 2947 3545 3004; x_wconf 91' lang='lat' dir='ltr'><strong>col.</strong></span> <span class='ocrx_word' id='word_1_485' title='bbox 3566 2944 3690 3013; x_wconf 69' lang='lat'><strong>902.)</strong></span> 
     </span>
    </p>
   </div>
   <div class='ocr_carea' id='block_1_32' title="bbox 681 3029 3796 3112">
    <p class='ocr_par' dir='ltr' id='par_1_32' title="bbox 681 3029 3796 3112">
     <span class='ocr_line' id='line_1_32' title="bbox 681 3029 3796 3112; baseline -0.002 -16"><span class='ocrx_word' id='word_1_486' title='bbox 681 3042 928 3111; x_wconf 77' lang='lat' dir='ltr'><strong>Augetur</strong></span> <span class='ocrx_word' id='word_1_487' title='bbox 980 3043 1126 3097; x_wconf 88' lang='lat' dir='ltr'><strong>enim</strong></span> <span class='ocrx_word' id='word_1_488' title='bbox 1162 3041 1621 3112; x_wconf 83' lang='lat' dir='ltr'><strong>concupiscentia,</strong></span> <span class='ocrx_word' id='word_1_489' title='bbox 1674 3051 1729 3097; x_wconf 84' lang='lat' dir='ltr'><strong>et</strong></span> <span class='ocrx_word' id='word_1_490' title='bbox 1777 3040 2029 3111; x_wconf 80' lang='lat' dir='ltr'><strong>majores,</strong></span> <span class='ocrx_word' id='word_1_491' title='bbox 2064 3051 2196 3109; x_wconf 91' lang='lat' dir='ltr'><strong>etc.,</strong></span> <span class='ocrx_word' id='word_1_492' title='bbox 2379 3040 2440 3097; x_wconf 88' lang='lat' dir='ltr'><strong>Si</strong></span> <span class='ocrx_word' id='word_1_493' title='bbox 2464 3041 2582 3112; x_wconf 88' lang='lat' dir='ltr'><strong>quis</strong></span> <span class='ocrx_word' id='word_1_494' title='bbox 2612 3057 2715 3096; x_wconf 88' lang='lat' dir='ltr'><strong>non</strong></span> <span class='ocrx_word' id='word_1_495' title='bbox 2747 3049 2892 3096; x_wconf 89' lang='lat' dir='ltr'><strong>amat</strong></span> <span class='ocrx_word' id='word_1_496' title='bbox 2926 3040 3214 3097; x_wconf 86' lang='lat' dir='ltr'><strong>Dominum</strong></span> <span class='ocrx_word' id='word_1_497' title='bbox 3254 3051 3495 3097; x_wconf 88' lang='lat' dir='ltr'><strong>nostrum</strong></span> <span class='ocrx_word' id='word_1_498' title='bbox 3526 3037 3679 3091; x_wconf 76' lang='lat' dir='ltr'><strong>Iesum</strong></span> <span class='ocrx_word' id='word_1_499' title='bbox 3711 3029 3796 3085; x_wconf 47' lang='lat' dir='ltr'><strong>Chr?</strong></span> 
     </span>
    </p>
   </div>
   <div class='ocr_carea' id='block_1_33' title="bbox 610 3120 3859 3203">
    <p class='ocr_par' dir='ltr' id='par_1_33' title="bbox 610 3120 3859 3203">
     <span class='ocr_line' id='line_1_33' title="bbox 610 3120 3859 3203; baseline -0.004 -17"><span class='ocrx_word' id='word_1_500' title='bbox 610 3147 772 3202; x_wconf 90' lang='lat' dir='ltr'><strong>usque</strong></span> <span class='ocrx_word' id='word_1_501' title='bbox 798 3131 869 3184; x_wconf 86' lang='lat' dir='ltr'><strong>ad</strong></span> <span class='ocrx_word' id='word_1_502' title='bbox 898 3130 1227 3201; x_wconf 85' lang='lat' dir='ltr'><strong>adjuvantis.</strong></span> <span class='ocrx_word' id='word_1_503' title='bbox 1261 3132 1383 3203; x_wconf 89' lang='lat' dir='ltr'><strong>(ld.,</strong></span> <span class='ocrx_word' id='word_1_504' title='bbox 1411 3130 1492 3185; x_wconf 31' lang='lat' dir='ltr'><strong>lib.</strong></span> <span class='ocrx_word' id='word_1_505' title='bbox 1533 3132 1599 3185; x_wconf 91' lang='lat' dir='ltr'><strong>de</strong></span> <span class='ocrx_word' id='word_1_506' title='bbox 1615 3129 1800 3187; x_wconf 80' lang='lat' dir='ltr'><strong>Gratia</strong></span> <span class='ocrx_word' id='word_1_507' title='bbox 1821 3142 1870 3187; x_wconf 89' lang='lat' dir='ltr'><strong>et</strong></span> <span class='ocrx_word' id='word_1_508' title='bbox 1909 3131 2087 3187; x_wconf 81' lang='lat' dir='ltr'><strong>libero&#39;</strong></span> <span class='ocrx_word' id='word_1_509' title='bbox 2110 3149 2199 3187; x_wconf 89' lang='lat' dir='ltr'><strong>ar-</strong></span> <span class='ocrx_word' id='word_1_510' title='bbox 2229 3181 2271 3203; x_wconf 64' lang='grc' dir='ltr'>η</span> <span class='ocrx_word' id='word_1_511' title='bbox 2303 3142 2441 3188; x_wconf 90' lang='lat' dir='ltr'><strong>stum</strong></span> <span class='ocrx_word' id='word_1_512' title='bbox 2489 3145 2508 3184; x_wconf 91' lang='lat'><strong><em>:</em></strong></span> <span class='ocrx_word' id='word_1_513' title='bbox 2549 3132 2616 3187; x_wconf 86' lang='lat' dir='ltr'><strong>sit</strong></span> <span class='ocrx_word' id='word_1_514' title='bbox 2644 3133 2949 3198; x_wconf 84' lang='lat' dir='ltr'><strong>anathema,</strong></span> <span class='ocrx_word' id='word_1_515' title='bbox 2995 3142 3132 3198; x_wconf 84' lang='lat' dir='ltr'><strong>etc.,</strong></span> <span class='ocrx_word' id='word_1_516' title='bbox 3182 3147 3363 3203; x_wconf 90' lang='lat' dir='ltr'><strong>usque</strong></span> <span class='ocrx_word' id='word_1_517' title='bbox 3405 3132 3471 3187; x_wconf 90' lang='lat' dir='ltr'><strong>ad</strong></span> <span class='ocrx_word' id='word_1_518' title='bbox 3497 3126 3675 3183; x_wconf 80' lang='lat' dir='ltr'><strong>Christo</strong></span> <span class='ocrx_word' id='word_1_519' title='bbox 3706 3120 3795 3175; x_wconf 65' lang='grc' dir='ltr'><em>λείη.</em></span> <span class='ocrx_word' id='word_1_520' title='bbox 3858 3150 3859 3203; x_wconf 30' lang='grc' dir='ltr'>ἦ</span> 
     </span>
    </p>
   </div>
   <div class='ocr_carea' id='block_1_34' title="bbox 611 3181 3859 3305">
    <p class='ocr_par' dir='ltr' id='par_1_34' title="bbox 611 3181 3859 3305">
     <span class='ocr_line' id='line_1_34' title="bbox 611 3181 3859 3305; baseline 0.001 -29"><span class='ocrx_word' id='word_1_521' title='bbox 611 3181 1592 3293; x_wconf 45' lang='lat' dir='ltr'><strong>nisainsa:9.52.32.1&#39;5873</strong></span> <span class='ocrx_word' id='word_1_522' title='bbox 2228 3181 2273 3244; x_wconf 76' lang='lat' dir='ltr'>C</span> <span class='ocrx_word' id='word_1_523' title='bbox 2302 3181 3151 3298; x_wconf 39' lang='lat' dir='ltr'><strong>iis;saginantes;</strong></span> <span class='ocrx_word' id='word_1_524' title='bbox 3177 3181 3793 3305; x_wconf 57' lang='grc' dir='ltr'><strong>ιῖὲῖιῖιῖνὲξυὸ,ριο.,ιιεειε</strong></span> 
     </span>
    </p>
   </div>
   <div class='ocr_carea' id='block_1_35' title="bbox 647 3301 3859 3387">
    <p class='ocr_par' dir='ltr' id='par_1_35' title="bbox 647 3301 3859 3387">
     <span class='ocr_line' id='line_1_35' title="bbox 647 3301 3859 3387; baseline -0.001 -22"><span class='ocrx_word' id='word_1_525' title='bbox 647 3311 792 3376; x_wconf 88' lang='lat' dir='ltr'><strong>_Deo</strong></span> <span class='ocrx_word' id='word_1_526' title='bbox 837 3321 1011 3368; x_wconf 90' lang='lat' dir='ltr'><strong>autem</strong></span> <span class='ocrx_word' id='word_1_527' title='bbox 1054 3315 1255 3384; x_wconf 84' lang='lat' dir='ltr'><strong>gratias</strong></span> <span class='ocrx_word' id='word_1_528' title='bbox 1301 3316 1391 3385; x_wconf 87' lang='lat' dir='ltr'><strong>qui</strong></span> <span class='ocrx_word' id='word_1_529' title='bbox 1439 3314 1582 3369; x_wconf 87' lang='lat' dir='ltr'><strong>dedit</strong></span> <span class='ocrx_word' id='word_1_530' title='bbox 1619 3316 1765 3370; x_wconf 87' lang='lat' dir='ltr'><strong>nobis</strong></span> <span class='ocrx_word' id='word_1_531' title='bbox 1798 3315 2070 3370; x_wconf 83' lang='lat' dir='ltr'><strong>victoriam</strong></span> <span class='ocrx_word' id='word_1_532' title='bbox 2109 3330 2202 3387; x_wconf 88' lang='lat' dir='ltr'><strong>per</strong></span> <span class='ocrx_word' id='word_1_533' title='bbox 2302 3314 2372 3369; x_wconf 90' lang='lat' dir='ltr'><strong>ad</strong></span> <span class='ocrx_word' id='word_1_534' title='bbox 2395 3315 2658 3370; x_wconf 88' lang='lat' dir='ltr'><strong>Dominus</strong></span> <span class='ocrx_word' id='word_1_535' title='bbox 2679 3315 2885 3371; x_wconf 86' lang='lat' dir='ltr'><strong>redeat.</strong></span> <span class='ocrx_word' id='word_1_536' title='bbox 2916 3316 3041 3385; x_wconf 91' lang='lat' dir='ltr'><strong>(ld.,</strong></span> <span class='ocrx_word' id='word_1_537' title='bbox 3072 3333 3234 3372; x_wconf 91' lang='lat' dir='ltr'><strong>serm.</strong></span> <span class='ocrx_word' id='word_1_538' title='bbox 3264 3313 3611 3372; x_wconf 86' lang='lat' dir='ltr'><strong>altercationis</strong></span> <span class='ocrx_word' id='word_1_539' title='bbox 3627 3322 3715 3363; x_wconf 74' lang='lat' dir='ltr'><strong>cum</strong></span> <span class='ocrx_word' id='word_1_540' title='bbox 3733 3301 3794 3354; x_wconf 73' lang='grc' dir='ltr'><strong>Ρε·</strong></span> 
     </span>
    </p>
   </div>
   <div class='ocr_carea' id='block_1_36' title="bbox 605 3404 3358 3480">
    <p class='ocr_par' dir='ltr' id='par_1_36' title="bbox 605 3404 3358 3480">
     <span class='ocr_line' id='line_1_36' title="bbox 605 3404 3358 3480; baseline 0.001 -20"><span class='ocrx_word' id='word_1_541' title='bbox 605 3404 789 3461; x_wconf 80' lang='lat' dir='ltr'><strong>Iesum</strong></span> <span class='ocrx_word' id='word_1_542' title='bbox 831 3405 1101 3461; x_wconf 85' lang='lat' dir='ltr'><strong>Christum</strong></span> <span class='ocrx_word' id='word_1_543' title='bbox 1132 3407 1411 3462; x_wconf 87' lang='lat' dir='ltr'><strong>Dominum</strong></span> <span class='ocrx_word' id='word_1_544' title='bbox 1445 3418 1704 3465; x_wconf 87' lang='lat' dir='ltr'><strong>nostrum.</strong></span> <span class='ocrx_word' id='word_1_545' title='bbox 1744 3406 2058 3464; x_wconf 78' lang='lat' dir='ltr'><strong>Confidite:</strong></span> <span class='ocrx_word' id='word_1_546' title='bbox 2097 3423 2200 3478; x_wconf 88' lang='lat' dir='ltr'><strong>ego</strong></span> <span class='ocrx_word' id='word_1_547' title='bbox 2304 3408 2505 3461; x_wconf 89' lang='lat' dir='ltr'><strong>scentio</strong></span> <span class='ocrx_word' id='word_1_548' title='bbox 2542 3406 2767 3474; x_wconf 83' lang='lat' dir='ltr'><strong>Ariano,</strong></span> <span class='ocrx_word' id='word_1_549' title='bbox 2792 3417 2922 3463; x_wconf 87' lang='lat' dir='ltr'><strong>tom.</strong></span> <span class='ocrx_word' id='word_1_550' title='bbox 2947 3408 3010 3472; x_wconf 92' lang='lat' dir='ltr'><strong>ll,</strong></span> <span class='ocrx_word' id='word_1_551' title='bbox 3039 3408 3145 3465; x_wconf 87' lang='lat' dir='ltr'><strong>col.</strong></span> <span class='ocrx_word' id='word_1_552' title='bbox 3170 3408 3358 3480; x_wconf 84' lang='grc'><strong>1161.)</strong></span> 
     </span>
    </p>
   </div>
   <div class='ocr_carea' id='block_1_37' title="bbox 1809 3513 3787 3547">
    <p class='ocr_par' dir='ltr' id='par_1_37' title="bbox 1809 3513 3787 3547">
     <span class='ocr_line' id='line_1_37' title="bbox 1809 3513 3787 3547; baseline 0 -14"><span class='ocrx_word' id='word_1_553' title='bbox 1809 3513 3787 3547; x_wconf 61' lang='lat' dir='ltr'>W</span> 
     </span>
    </p>
   </div>
   <div class='ocr_carea' id='block_1_38' title="bbox 1304 3654 3188 3738">
    <p class='ocr_par' dir='ltr' id='par_1_38' title="bbox 1304 3654 3188 3738">
     <span class='ocr_line' id='line_1_38' title="bbox 1304 3654 3188 3738; baseline 0.001 -2"><span class='ocrx_word' id='word_1_554' title='bbox 1304 3658 1411 3738; x_wconf 80' lang='lat' dir='ltr'><strong>IN</strong></span> <span class='ocrx_word' id='word_1_555' title='bbox 1493 3657 2088 3737; x_wconf 85' lang='lat' dir='ltr'><strong>EPISTOLAM</strong></span> <span class='ocrx_word' id='word_1_556' title='bbox 2166 3654 2249 3736; x_wconf 93' lang='grc' dir='ltr'><strong>ΙΙ</strong></span> <span class='ocrx_word' id='word_1_557' title='bbox 2331 3656 2469 3733; x_wconf 82' lang='grc' dir='ltr'><strong>ΑΙ)</strong></span> <span class='ocrx_word' id='word_1_558' title='bbox 2546 3657 3188 3737; x_wconf 82' lang='lat' dir='ltr'><strong>CORINTHIOS</strong></span> 
     </span>
    </p>
   </div>
   <div class='ocr_carea' id='block_1_39' title="bbox 1155 3870 3789 3947">
    <p class='ocr_par' dir='ltr' id='par_1_39' title="bbox 1155 3870 3789 3947">
     <span class='ocr_line' id='line_1_39' title="bbox 1155 3870 3789 3947; baseline -0.002 -21"><span class='ocrx_word' id='word_1_559' title='bbox 1155 3870 1664 3929; x_wconf 83' lang='lat' dir='ltr'><strong>ARGUMENTUM.</strong></span> <span class='ocrx_word' id='word_1_560' title='bbox 2199 3881 2203 3884; x_wconf 77' lang='lat'><strong><em>&#39;</em></strong></span> <span class='ocrx_word' id='word_1_561' title='bbox 2380 3874 2747 3930; x_wconf 79' lang='lat' dir='ltr'><strong>Exsultabunt</strong></span> <span class='ocrx_word' id='word_1_562' title='bbox 2798 3875 2975 3931; x_wconf 89' lang='lat' dir='ltr'><strong>sancti</strong></span> <span class='ocrx_word' id='word_1_563' title='bbox 3017 3876 3073 3931; x_wconf 92' lang='lat' dir='ltr'><strong>in</strong></span> <span class='ocrx_word' id='word_1_564' title='bbox 3129 3875 3327 3947; x_wconf 84' lang='lat' dir='ltr'><strong>gloria,</strong></span> <span class='ocrx_word' id='word_1_565' title='bbox 3377 3875 3691 3932; x_wconf 76' lang='lat' dir='ltr'><strong>ltntabuntnr,</strong></span> <span class='ocrx_word' id='word_1_566' title='bbox 3727 3871 3789 3917; x_wconf 35' lang='lat' dir='ltr'><strong>etc.</strong></span> 
     </span>
    </p>
   </div>
   <div class='ocr_carea' id='block_1_40' title="bbox 676 3960 3788 4036">
    <p class='ocr_par' dir='ltr' id='par_1_40' title="bbox 676 3960 3788 4036">
     <span class='ocr_line' id='line_1_40' title="bbox 676 3960 3788 4036; baseline -0.001 -15"><span class='ocrx_word' id='word_1_567' title='bbox 676 3965 810 4022; x_wconf 83' lang='lat' dir='ltr'><strong>Post</strong></span> <span class='ocrx_word' id='word_1_568' title='bbox 853 3972 1032 4022; x_wconf 81' lang='lat' dir='ltr'><strong>actam</strong></span> <span class='ocrx_word' id='word_1_569' title='bbox 1069 3980 1100 4020; x_wconf 89' lang='lat' dir='ltr'><strong>a</strong></span> <span class='ocrx_word' id='word_1_570' title='bbox 1128 3965 1427 4021; x_wconf 85' lang='lat' dir='ltr'><strong>Corinthiis</strong></span> <span class='ocrx_word' id='word_1_571' title='bbox 1477 3965 1852 4034; x_wconf 77' lang='lat' dir='ltr'><strong>pceuitentiam</strong></span> <span class='ocrx_word' id='word_1_572' title='bbox 1899 3963 2203 4021; x_wconf 71' lang='lat' dir='ltr'><strong>consolato-</strong></span> <span class='ocrx_word' id='word_1_573' title='bbox 2304 3964 2426 4023; x_wconf 86' lang='lat' dir='ltr'><strong>Non</strong></span> <span class='ocrx_word' id='word_1_574' title='bbox 2453 3965 2507 4020; x_wconf 90' lang='lat' dir='ltr'><strong>in</strong></span> <span class='ocrx_word' id='word_1_575' title='bbox 2532 3965 2788 4032; x_wconf 85' lang='lat' dir='ltr'><strong>theatris,</strong></span> <span class='ocrx_word' id='word_1_576' title='bbox 2813 3978 2924 4021; x_wconf 88' lang='lat' dir='ltr'><strong>etc.</strong></span> <span class='ocrx_word' id='word_1_577' title='bbox 2955 3983 3117 4036; x_wconf 86' lang='lat' dir='ltr'><strong>usque</strong></span> <span class='ocrx_word' id='word_1_578' title='bbox 3134 3966 3204 4020; x_wconf 87' lang='lat' dir='ltr'><strong>ad</strong></span> <span class='ocrx_word' id='word_1_579' title='bbox 3224 3966 3515 4022; x_wconf 87' lang='lat' dir='ltr'><strong>inchoavit.</strong></span> <span class='ocrx_word' id='word_1_580' title='bbox 3547 3960 3650 4033; x_wconf 78' lang='lat' dir='ltr'><strong>(ld.,</strong></span> <span class='ocrx_word' id='word_1_581' title='bbox 3674 3961 3788 4010; x_wconf 69' lang='grc' dir='ltr'><strong>ιωαη</strong></span> 
     </span>
    </p>
   </div>
   <div class='ocr_carea' id='block_1_41' title="bbox 609 4057 3485 4131">
    <p class='ocr_par' dir='ltr' id='par_1_41' title="bbox 609 4057 3485 4131">
     <span class='ocr_line' id='line_1_41' title="bbox 609 4057 3485 4131; baseline -0.001 -18"><span class='ocrx_word' id='word_1_582' title='bbox 609 4058 750 4113; x_wconf 91' lang='lat' dir='ltr'><strong>riam</strong></span> <span class='ocrx_word' id='word_1_583' title='bbox 779 4057 970 4112; x_wconf 89' lang='lat' dir='ltr'><strong>scribit</strong></span> <span class='ocrx_word' id='word_1_584' title='bbox 1005 4057 1086 4112; x_wconf 90' lang='lat' dir='ltr'><strong>eis</strong></span> <span class='ocrx_word' id='word_1_585' title='bbox 1132 4057 1417 4127; x_wconf 86' lang='lat' dir='ltr'><strong>epistolam</strong></span> <span class='ocrx_word' id='word_1_586' title='bbox 1465 4058 1737 4128; x_wconf 88' lang='lat' dir='ltr'><strong>apostolus</strong></span> <span class='ocrx_word' id='word_1_587' title='bbox 1782 4073 1812 4111; x_wconf 87' lang='lat' dir='ltr'><strong>a</strong></span> <span class='ocrx_word' id='word_1_588' title='bbox 1845 4058 2059 4113; x_wconf 87' lang='lat' dir='ltr'><strong>Troade</strong></span> <span class='ocrx_word' id='word_1_589' title='bbox 2104 4073 2203 4129; x_wconf 89' lang='lat' dir='ltr'><strong>per</strong></span> <span class='ocrx_word' id='word_1_590' title='bbox 2302 4059 2440 4131; x_wconf 87' lang='lat' dir='ltr'><strong>psal.</strong></span> <span class='ocrx_word' id='word_1_591' title='bbox 2464 4074 2646 4124; x_wconf 74' lang='lat' dir='ltr'><strong>CXLIX,</strong></span> <span class='ocrx_word' id='word_1_592' title='bbox 2675 4067 2805 4113; x_wconf 89' lang='lat' dir='ltr'><strong>tom.</strong></span> <span class='ocrx_word' id='word_1_593' title='bbox 2838 4059 2907 4124; x_wconf 82' lang='lat' dir='ltr'><strong>V,</strong></span> <span class='ocrx_word' id='word_1_594' title='bbox 2936 4068 3060 4129; x_wconf 85' lang='lat' dir='ltr'><strong>part</strong></span> <span class='ocrx_word' id='word_1_595' title='bbox 3087 4074 3126 4123; x_wconf 90' lang='grc' dir='ltr'><strong>ι,</strong></span> <span class='ocrx_word' id='word_1_596' title='bbox 3162 4059 3267 4114; x_wconf 92' lang='lat' dir='ltr'><strong>col.</strong></span> <span class='ocrx_word' id='word_1_597' title='bbox 3300 4057 3485 4128; x_wconf 81' lang='grc'><strong>1955.)</strong></span> 
     </span>
    </p>
   </div>
   <div class='ocr_carea' id='block_1_42' title="bbox 611 4139 3787 4223">
    <p class='ocr_par' dir='ltr' id='par_1_42' title="bbox 611 4139 3787 4223">
     <span class='ocr_line' id='line_1_42' title="bbox 611 4139 3787 4223; baseline -0.005 -18"><span class='ocrx_word' id='word_1_598' title='bbox 611 4149 831 4215; x_wconf 86' lang='lat' dir='ltr'><strong>Titum;</strong></span> <span class='ocrx_word' id='word_1_599' title='bbox 890 4158 948 4203; x_wconf 89' lang='lat' dir='ltr'><strong>et</strong></span> <span class='ocrx_word' id='word_1_600' title='bbox 995 4147 1310 4205; x_wconf 83' lang='lat' dir='ltr'><strong>collaudans</strong></span> <span class='ocrx_word' id='word_1_601' title='bbox 1356 4164 1470 4214; x_wconf 88' lang='lat' dir='ltr'><strong>eos,</strong></span> <span class='ocrx_word' id='word_1_602' title='bbox 1526 4150 1778 4204; x_wconf 86' lang='lat' dir='ltr'><strong>hortatur</strong></span> <span class='ocrx_word' id='word_1_603' title='bbox 1823 4151 1891 4205; x_wconf 90' lang='lat' dir='ltr'><strong>ad</strong></span> <span class='ocrx_word' id='word_1_604' title='bbox 1935 4150 2156 4204; x_wconf 89' lang='lat' dir='ltr'><strong>meliora</strong></span> <span class='ocrx_word' id='word_1_605' title='bbox 2183 4189 2199 4216; x_wconf 94' lang='lat'><strong>,</strong></span> <span class='ocrx_word' id='word_1_606' title='bbox 2377 4150 2550 4206; x_wconf 81' lang='lat' dir='ltr'><strong>Nemo</strong></span> <span class='ocrx_word' id='word_1_607' title='bbox 2577 4158 2661 4205; x_wconf 90' lang='lat' dir='ltr'><strong>est</strong></span> <span class='ocrx_word' id='word_1_608' title='bbox 2687 4149 2903 4206; x_wconf 87' lang='lat' dir='ltr'><strong>diabolo</strong></span> <span class='ocrx_word' id='word_1_609' title='bbox 2930 4151 3164 4208; x_wconf 89' lang='lat' dir='ltr'><strong>astutior</strong></span> <span class='ocrx_word' id='word_1_610' title='bbox 3194 4151 3260 4206; x_wconf 91' lang='lat' dir='ltr'><strong>ad</strong></span> <span class='ocrx_word' id='word_1_611' title='bbox 3292 4148 3604 4223; x_wconf 87' lang='lat' dir='ltr'><strong>ﬁngendum.</strong></span> <span class='ocrx_word' id='word_1_612' title='bbox 3636 4139 3733 4195; x_wconf 84' lang='lat' dir='ltr'><strong>Nam</strong></span> <span class='ocrx_word' id='word_1_613' title='bbox 3751 4140 3787 4223; x_wconf 65' lang='lat' dir='ltr'><strong>tl</strong></span> 
     </span>
    </p>
   </div>
   <div class='ocr_carea' id='block_1_43' title="bbox 610 4220 3785 4311">
    <p class='ocr_par' dir='ltr' id='par_1_43' title="bbox 610 4220 3785 4311">
     <span class='ocr_line' id='line_1_43' title="bbox 610 4220 3785 4311; baseline -0.004 -14"><span class='ocrx_word' id='word_1_614' title='bbox 610 4240 965 4297; x_wconf 87' lang='lat' dir='ltr'><strong>contristatos</strong></span> <span class='ocrx_word' id='word_1_615' title='bbox 1000 4240 1218 4311; x_wconf 88' lang='lat' dir='ltr'><strong>quidem</strong></span> <span class='ocrx_word' id='word_1_616' title='bbox 1259 4257 1377 4305; x_wconf 89' lang='lat' dir='ltr'><strong>eos,</strong></span> <span class='ocrx_word' id='word_1_617' title='bbox 1405 4240 1502 4296; x_wconf 85' lang='lat' dir='ltr'><strong>scd</strong></span> <span class='ocrx_word' id='word_1_618' title='bbox 1532 4243 1851 4297; x_wconf 83' lang='lat' dir='ltr'><strong>emendatos</strong></span> <span class='ocrx_word' id='word_1_619' title='bbox 1878 4242 2193 4297; x_wconf 89' lang='lat' dir='ltr'><strong>ostendens.</strong></span> <span class='ocrx_word' id='word_1_620' title='bbox 2305 4256 2452 4297; x_wconf 83' lang='lat' dir='ltr'><strong>nunc</strong></span> <span class='ocrx_word' id='word_1_621' title='bbox 2481 4241 2662 4297; x_wconf 88' lang='lat' dir='ltr'><strong>omnia</strong></span> <span class='ocrx_word' id='word_1_622' title='bbox 2705 4239 2837 4295; x_wconf 80' lang='lat' dir='ltr'><strong>falsa</strong></span> <span class='ocrx_word' id='word_1_623' title='bbox 2866 4240 3099 4295; x_wconf 87' lang='lat' dir='ltr'><strong>crimina</strong></span> <span class='ocrx_word' id='word_1_624' title='bbox 3129 4240 3199 4297; x_wconf 90' lang='lat' dir='ltr'><strong>de</strong></span> <span class='ocrx_word' id='word_1_625' title='bbox 3239 4220 3446 4298; x_wconf 79' lang='lat' dir='ltr'><strong>sanctis</strong></span> <span class='ocrx_word' id='word_1_626' title='bbox 3471 4239 3572 4308; x_wconf 88' lang='lat' dir='ltr'><strong>ipse</strong></span> <span class='ocrx_word' id='word_1_627' title='bbox 3595 4220 3785 4290; x_wconf 53' lang='lat' dir='ltr'><strong>conﬁngit</strong></span> 
     </span>
    </p>
   </div>
   <div class='ocr_carea' id='block_1_44' title="bbox 1119 4315 3787 4405">
    <p class='ocr_par' dir='ltr' id='par_1_44' title="bbox 1119 4315 3787 4405">
     <span class='ocr_line' id='line_1_44' title="bbox 1119 4315 3787 4405; baseline -0.001 -16"><span class='ocrx_word' id='word_1_628' title='bbox 1119 4329 1347 4387; x_wconf 73' lang='lat' dir='ltr'><strong>CAPUT</strong></span> <span class='ocrx_word' id='word_1_629' title='bbox 1388 4330 1678 4386; x_wconf 75' lang='lat' dir='ltr'><strong>PRIMUM.</strong></span> <span class='ocrx_word' id='word_1_630' title='bbox 2228 4401 2261 4405; x_wconf 87' lang='lat'><em>_</em></span> <span class='ocrx_word' id='word_1_631' title='bbox 2306 4335 2410 4390; x_wconf 91' lang='lat' dir='ltr'><strong>scit</strong></span> <span class='ocrx_word' id='word_1_632' title='bbox 2453 4350 2580 4390; x_wconf 87' lang='lat' dir='ltr'><strong>suas</strong></span> <span class='ocrx_word' id='word_1_633' title='bbox 2622 4334 3059 4398; x_wconf 88' lang='lat' dir='ltr'><strong>criminationes,</strong></span> <span class='ocrx_word' id='word_1_634' title='bbox 3089 4344 3223 4401; x_wconf 91' lang='lat' dir='ltr'><strong>etc.,</strong></span> <span class='ocrx_word' id='word_1_635' title='bbox 3270 4350 3434 4405; x_wconf 86' lang='lat' dir='ltr'><strong>usque</strong></span> <span class='ocrx_word' id='word_1_636' title='bbox 3473 4329 3537 4384; x_wconf 83' lang='lat' dir='ltr'><strong>ad</strong></span> <span class='ocrx_word' id='word_1_637' title='bbox 3577 4315 3787 4387; x_wconf 57' lang='lat' dir='ltr'><strong>adimi“eu</strong></span> 
     </span>
    </p>
   </div>
   <div class='ocr_carea' id='block_1_45' title="bbox 682 4401 3724 4496">
    <p class='ocr_par' dir='ltr' id='par_1_45' title="bbox 682 4401 3724 4496">
     <span class='ocr_line' id='line_1_45' title="bbox 682 4401 3724 4496; baseline -0 -19"><span class='ocrx_word' id='word_1_638' title='bbox 682 4421 890 4479; x_wconf 88' lang='lat' dir='ltr'><strong>Paulus</strong></span> <span class='ocrx_word' id='word_1_639' title='bbox 919 4421 1186 4494; x_wconf 86' lang='lat' dir='ltr'><strong>apostolus</strong></span> <span class='ocrx_word' id='word_1_640' title='bbox 1219 4420 1415 4477; x_wconf 85' lang='lat' dir='ltr'><strong>Christi</strong></span> <span class='ocrx_word' id='word_1_641' title='bbox 1450 4420 1581 4475; x_wconf 77' lang='lat' dir='ltr'><strong>Jesu</strong></span> <span class='ocrx_word' id='word_1_642' title='bbox 1607 4438 1700 4491; x_wconf 89' lang='lat' dir='ltr'><strong>per</strong></span> <span class='ocrx_word' id='word_1_643' title='bbox 1731 4419 2052 4476; x_wconf 82' lang='lat' dir='ltr'><strong>voluntatem</strong></span> <span class='ocrx_word' id='word_1_644' title='bbox 2082 4422 2199 4489; x_wconf 89' lang='lat' dir='ltr'><strong>Dei,</strong></span> <span class='ocrx_word' id='word_1_645' title='bbox 2228 4401 2280 4461; x_wconf 83' lang='grc' dir='ltr'>Ῑ)</span> <span class='ocrx_word' id='word_1_646' title='bbox 2305 4432 2451 4478; x_wconf 90' lang='lat' dir='ltr'><strong>sunt.</strong></span> <span class='ocrx_word' id='word_1_647' title='bbox 2484 4422 2608 4494; x_wconf 88' lang='lat' dir='ltr'><strong>(ld.,</strong></span> <span class='ocrx_word' id='word_1_648' title='bbox 2641 4440 2747 4479; x_wconf 89' lang='lat' dir='ltr'><strong>ser.</strong></span> <span class='ocrx_word' id='word_1_649' title='bbox 2777 4424 2842 4479; x_wconf 86' lang='lat' dir='ltr'><strong>de</strong></span> <span class='ocrx_word' id='word_1_650' title='bbox 2867 4440 2970 4480; x_wconf 85' lang='lat' dir='ltr'><strong>uer.</strong></span> <span class='ocrx_word' id='word_1_651' title='bbox 2999 4423 3225 4496; x_wconf 83' lang='lat' dir='ltr'><strong>Euang.,</strong></span> <span class='ocrx_word' id='word_1_652' title='bbox 3255 4401 3357 4480; x_wconf 67' lang='lat' dir='ltr'><strong>lib.</strong></span> <span class='ocrx_word' id='word_1_653' title='bbox 3376 4406 3724 4486; x_wconf 66' lang='lat' dir='ltr'><strong>contr._Fautl-)</strong></span> 
     </span>
    </p>
   </div>
   <div class='ocr_carea' id='block_1_46' title="bbox 608 4505 3782 4585">
    <p class='ocr_par' dir='ltr' id='par_1_46' title="bbox 608 4505 3782 4585">
     <span class='ocr_line' id='line_1_46' title="bbox 608 4505 3782 4585; baseline -0.003 -16"><span class='ocrx_word' id='word_1_654' title='bbox 608 4523 656 4569; x_wconf 91' lang='lat' dir='ltr'><strong>et</strong></span> <span class='ocrx_word' id='word_1_655' title='bbox 690 4512 993 4567; x_wconf 86' lang='lat' dir='ltr'><strong>Timotheus</strong></span> <span class='ocrx_word' id='word_1_656' title='bbox 1027 4511 1195 4579; x_wconf 78' lang='lat' dir='ltr'><strong>frater</strong></span> <span class='ocrx_word' id='word_1_657' title='bbox 1216 4510 1447 4566; x_wconf 76' lang='lat' dir='ltr'><strong>ecclesia:</strong></span> <span class='ocrx_word' id='word_1_658' title='bbox 1485 4510 1608 4575; x_wconf 88' lang='lat' dir='ltr'><strong>Dei,</strong></span> <span class='ocrx_word' id='word_1_659' title='bbox 1654 4526 1773 4581; x_wconf 74' lang='lat' dir='ltr'><strong>qua:</strong></span> <span class='ocrx_word' id='word_1_660' title='bbox 1815 4520 1892 4565; x_wconf 86' lang='lat' dir='ltr'><strong>est</strong></span> <span class='ocrx_word' id='word_1_661' title='bbox 1939 4509 2199 4579; x_wconf 84' lang='lat' dir='ltr'><strong>Corinthi,</strong></span> <span class='ocrx_word' id='word_1_662' title='bbox 2377 4512 2491 4568; x_wconf 86' lang='lat' dir='ltr'><strong>Nec</strong></span> <span class='ocrx_word' id='word_1_663' title='bbox 2515 4528 2611 4569; x_wconf 90' lang='lat' dir='ltr'><strong>eos</strong></span> <span class='ocrx_word' id='word_1_664' title='bbox 2639 4514 2925 4572; x_wconf 89' lang='lat' dir='ltr'><strong>audiamus</strong></span> <span class='ocrx_word' id='word_1_665' title='bbox 2950 4516 3041 4585; x_wconf 91' lang='lat' dir='ltr'><strong>qui</strong></span> <span class='ocrx_word' id='word_1_666' title='bbox 3070 4531 3178 4571; x_wconf 91' lang='lat' dir='ltr'><strong>non</strong></span> <span class='ocrx_word' id='word_1_667' title='bbox 3209 4531 3395 4571; x_wconf 90' lang='lat' dir='ltr'><strong>verum</strong></span> <span class='ocrx_word' id='word_1_668' title='bbox 3424 4508 3681 4568; x_wconf 84' lang='lat' dir='ltr'><strong>hominem,</strong></span> <span class='ocrx_word' id='word_1_669' title='bbox 3704 4505 3782 4549; x_wconf 74' lang='grc' dir='ltr'><strong>θιεη</strong></span> 
     </span>
    </p>
   </div>
   <div class='ocr_carea' id='block_1_47' title="bbox 608 4587 3783 4676">
    <p class='ocr_par' dir='ltr' id='par_1_47' title="bbox 608 4587 3783 4676">
     <span class='ocr_line' id='line_1_47' title="bbox 608 4587 3783 4676; baseline -0.007 -16"><span class='ocrx_word' id='word_1_670' title='bbox 608 4621 728 4660; x_wconf 88' lang='lat' dir='ltr'><strong>cum</strong></span> <span class='ocrx_word' id='word_1_671' title='bbox 775 4604 1014 4659; x_wconf 87' lang='lat' dir='ltr'><strong>omnibus</strong></span> <span class='ocrx_word' id='word_1_672' title='bbox 1053 4605 1280 4669; x_wconf 87' lang='lat' dir='ltr'><strong>sanctis,</strong></span> <span class='ocrx_word' id='word_1_673' title='bbox 1323 4604 1413 4674; x_wconf 88' lang='lat' dir='ltr'><strong>qui</strong></span> <span class='ocrx_word' id='word_1_674' title='bbox 1442 4611 1564 4657; x_wconf 89' lang='lat' dir='ltr'><strong>sunt</strong></span> <span class='ocrx_word' id='word_1_675' title='bbox 1606 4603 1661 4656; x_wconf 90' lang='lat' dir='ltr'><strong>in</strong></span> <span class='ocrx_word' id='word_1_676' title='bbox 1701 4604 1940 4658; x_wconf 83' lang='lat' dir='ltr'><strong>universa</strong></span> <span class='ocrx_word' id='word_1_677' title='bbox 1976 4604 2200 4661; x_wconf 85' lang='lat' dir='ltr'><strong>Achaia.</strong></span> <span class='ocrx_word' id='word_1_678' title='bbox 2304 4621 2468 4675; x_wconf 86' lang='lat' dir='ltr'><strong>usque</strong></span> <span class='ocrx_word' id='word_1_679' title='bbox 2511 4606 2580 4658; x_wconf 87' lang='lat' dir='ltr'><strong>ad</strong></span> <span class='ocrx_word' id='word_1_680' title='bbox 2625 4607 2976 4661; x_wconf 86' lang='lat' dir='ltr'><strong>mentiantur.</strong></span> <span class='ocrx_word' id='word_1_681' title='bbox 3033 4606 3163 4676; x_wconf 89' lang='lat' dir='ltr'><strong>(ld.,</strong></span> <span class='ocrx_word' id='word_1_682' title='bbox 3212 4607 3304 4661; x_wconf 89' lang='lat' dir='ltr'><strong>lib.</strong></span> <span class='ocrx_word' id='word_1_683' title='bbox 3350 4606 3414 4661; x_wconf 90' lang='lat' dir='ltr'><strong>de</strong></span> <span class='ocrx_word' id='word_1_684' title='bbox 3439 4601 3598 4671; x_wconf 88' lang='lat' dir='ltr'><strong>Agone</strong></span> <span class='ocrx_word' id='word_1_685' title='bbox 3628 4587 3783 4646; x_wconf 52' lang='lat' dir='ltr'><strong>Christ”</strong></span> 
     </span>
    </p>
   </div>
   <div class='ocr_carea' id='block_1_48' title="bbox 612 4693 3080 4771">
    <p class='ocr_par' dir='ltr' id='par_1_48' title="bbox 612 4693 3080 4771">
     <span class='ocr_line' id='line_1_48' title="bbox 612 4693 3080 4771; baseline 0.001 -20"><span class='ocrx_word' id='word_1_686' title='bbox 612 4693 800 4751; x_wconf 82' lang='lat' dir='ltr'><strong>Gratia</strong></span> <span class='ocrx_word' id='word_1_687' title='bbox 828 4696 972 4751; x_wconf 80' lang='lat' dir='ltr'><strong>nobis</strong></span> <span class='ocrx_word' id='word_1_688' title='bbox 1001 4705 1049 4751; x_wconf 91' lang='lat' dir='ltr'><strong>et</strong></span> <span class='ocrx_word' id='word_1_689' title='bbox 1080 4712 1203 4766; x_wconf 68' lang='lat' dir='ltr'><strong>pax,</strong></span> <span class='ocrx_word' id='word_1_690' title='bbox 1252 4712 1285 4749; x_wconf 94' lang='lat' dir='ltr'><strong>a</strong></span> <span class='ocrx_word' id='word_1_691' title='bbox 1329 4694 1436 4749; x_wconf 89' lang='lat' dir='ltr'><strong>Deo</strong></span> <span class='ocrx_word' id='word_1_692' title='bbox 1472 4704 1621 4765; x_wconf 87' lang='lat' dir='ltr'><strong>patre</strong></span> <span class='ocrx_word' id='word_1_693' title='bbox 1665 4706 1862 4761; x_wconf 90' lang='lat' dir='ltr'><strong>nostro,</strong></span> <span class='ocrx_word' id='word_1_694' title='bbox 1894 4706 1941 4750; x_wconf 89' lang='lat' dir='ltr'><strong>et</strong></span> <span class='ocrx_word' id='word_1_695' title='bbox 1974 4696 2199 4752; x_wconf 88' lang='lat' dir='ltr'><strong>Domino</strong></span> <span class='ocrx_word' id='word_1_696' title='bbox 2307 4706 2438 4754; x_wconf 92' lang='lat' dir='ltr'><strong>tom.</strong></span> <span class='ocrx_word' id='word_1_697' title='bbox 2470 4698 2561 4762; x_wconf 78' lang='lat' dir='ltr'><strong>Vl,</strong></span> <span class='ocrx_word' id='word_1_698' title='bbox 2590 4697 2694 4753; x_wconf 91' lang='lat' dir='ltr'><strong>col.</strong></span> <span class='ocrx_word' id='word_1_699' title='bbox 2722 4698 2826 4754; x_wconf 76' lang='lat'><strong>500</strong></span> <span class='ocrx_word' id='word_1_700' title='bbox 2854 4708 2911 4755; x_wconf 89' lang='lat' dir='ltr'><strong>et</strong></span> <span class='ocrx_word' id='word_1_701' title='bbox 2937 4699 3080 4771; x_wconf 87' lang='lat' dir='ltr'><strong>seq.)</strong></span> 
     </span>
    </p>
   </div>
   <div class='ocr_carea' id='block_1_49' title="bbox 609 4765 3781 4860">
    <p class='ocr_par' dir='ltr' id='par_1_49' title="bbox 609 4765 3781 4860">
     <span class='ocr_line' id='line_1_49' title="bbox 609 4765 3781 4860; baseline -0.003 -18"><span class='ocrx_word' id='word_1_702' title='bbox 609 4787 739 4842; x_wconf 77' lang='lat' dir='ltr'><strong>Iesu</strong></span> <span class='ocrx_word' id='word_1_703' title='bbox 780 4765 1349 4842; x_wconf 57' lang='lat' dir='ltr'><strong>Christo.‘Benedictus</strong></span> <span class='ocrx_word' id='word_1_704' title='bbox 1380 4785 1543 4851; x_wconf 88' lang='lat' dir='ltr'><strong>Deus,</strong></span> <span class='ocrx_word' id='word_1_705' title='bbox 1574 4796 1621 4840; x_wconf 93' lang='lat' dir='ltr'><strong>et</strong></span> <span class='ocrx_word' id='word_1_706' title='bbox 1671 4797 1841 4857; x_wconf 90' lang='lat' dir='ltr'><strong>pater,</strong></span> <span class='ocrx_word' id='word_1_707' title='bbox 1869 4795 2000 4855; x_wconf 88' lang='lat' dir='ltr'><strong>etc.,</strong></span> <span class='ocrx_word' id='word_1_708' title='bbox 2029 4803 2199 4860; x_wconf 86' lang='lat' dir='ltr'><strong>usque</strong></span> <span class='ocrx_word' id='word_1_709' title='bbox 2377 4787 2579 4844; x_wconf 89' lang='lat' dir='ltr'><strong>Omnes</strong></span> <span class='ocrx_word' id='word_1_710' title='bbox 2605 4789 2749 4844; x_wconf 92' lang='lat' dir='ltr'><strong>enim</strong></span> <span class='ocrx_word' id='word_1_711' title='bbox 2780 4765 3168 4860; x_wconf 81' lang='lat' dir='ltr'><strong>promissiones</strong></span> <span class='ocrx_word' id='word_1_712' title='bbox 3191 4789 3307 4856; x_wconf 90' lang='lat' dir='ltr'><strong>Dei,</strong></span> <span class='ocrx_word' id='word_1_713' title='bbox 3352 4790 3402 4844; x_wconf 93' lang='lat' dir='ltr'><strong>in</strong></span> <span class='ocrx_word' id='word_1_714' title='bbox 3432 4784 3516 4841; x_wconf 89' lang='lat' dir='ltr'><strong>illo</strong></span> <span class='ocrx_word' id='word_1_715' title='bbox 3541 4784 3644 4834; x_wconf 85' lang='lat' dir='ltr'><strong>est:</strong></span> 
     </span>
    </p>
   </div>
   <div class='ocr_carea' id='block_1_50' title="bbox 612 4850 3781 4954">
    <p class='ocr_par' dir='ltr' id='par_1_50' title="bbox 612 4850 3781 4954">
     <span class='ocr_line' id='line_1_50' title="bbox 612 4850 3781 4954; baseline -0.006 -21"><span class='ocrx_word' id='word_1_716' title='bbox 612 4879 680 4934; x_wconf 89' lang='lat' dir='ltr'><strong>ad</strong></span> <span class='ocrx_word' id='word_1_717' title='bbox 711 4888 855 4933; x_wconf 80' lang='lat' dir='ltr'><strong>utea:</strong></span> <span class='ocrx_word' id='word_1_718' title='bbox 881 4879 1166 4932; x_wconf 86' lang='lat' dir='ltr'><strong>multarum</strong></span> <span class='ocrx_word' id='word_1_719' title='bbox 1190 4880 1425 4947; x_wconf 86' lang='lat' dir='ltr'><strong>personis</strong></span> <span class='ocrx_word' id='word_1_720' title='bbox 1449 4850 1703 4949; x_wconf 78' lang='lat' dir='ltr'><strong>facierum</strong></span> <span class='ocrx_word' id='word_1_721' title='bbox 1731 4850 1844 4949; x_wconf 86' lang='lat' dir='ltr'><strong>ejus</strong></span> <span class='ocrx_word' id='word_1_722' title='bbox 1875 4850 1995 4951; x_wconf 63' lang='lat' dir='ltr'><strong>quia</strong></span> <span class='ocrx_word' id='word_1_723' title='bbox 2023 4882 2079 4935; x_wconf 89' lang='lat' dir='ltr'><strong>in</strong></span> <span class='ocrx_word' id='word_1_724' title='bbox 2100 4850 2198 4936; x_wconf 75' lang='lat' dir='ltr'><strong>no-</strong></span> <span class='ocrx_word' id='word_1_725' title='bbox 2304 4882 2357 4937; x_wconf 85' lang='lat' dir='ltr'><strong>in</strong></span> <span class='ocrx_word' id='word_1_726' title='bbox 2384 4880 2494 4948; x_wconf 89' lang='lat' dir='ltr'><strong>illo,</strong></span> <span class='ocrx_word' id='word_1_727' title='bbox 2518 4889 2649 4946; x_wconf 89' lang='lat' dir='ltr'><strong>etc.,</strong></span> <span class='ocrx_word' id='word_1_728' title='bbox 2692 4850 2855 4953; x_wconf 48' lang='lat' dir='ltr'><strong>usq-ue</strong></span> <span class='ocrx_word' id='word_1_729' title='bbox 2895 4881 2965 4935; x_wconf 89' lang='lat' dir='ltr'><strong>ad</strong></span> <span class='ocrx_word' id='word_1_730' title='bbox 3011 4882 3079 4936; x_wconf 86' lang='lat' dir='ltr'><strong>ad</strong></span> <span class='ocrx_word' id='word_1_731' title='bbox 3129 4890 3181 4938; x_wconf 92' lang='lat' dir='ltr'><strong>te</strong></span> <span class='ocrx_word' id='word_1_732' title='bbox 3226 4850 3386 4938; x_wconf 82' lang='lat' dir='ltr'><strong>Deus.</strong></span> <span class='ocrx_word' id='word_1_733' title='bbox 3411 4850 3781 4954; x_wconf 50' lang='lat' dir='ltr'><strong>(lbid.,col.99§_-)</strong></span> 
     </span>
    </p>
   </div>
   <div class='ocr_carea' id='block_1_51' title="bbox 612 4950 3777 5045">
    <p class='ocr_par' dir='ltr' id='par_1_51' title="bbox 612 4950 3777 5045">
     <span class='ocr_line' id='line_1_51' title="bbox 612 4950 3777 5045; baseline -0.002 -22"><span class='ocrx_word' id='word_1_734' title='bbox 612 4969 690 5023; x_wconf 86' lang='lat' dir='ltr'><strong>bis</strong></span> <span class='ocrx_word' id='word_1_735' title='bbox 737 4980 814 5023; x_wconf 85' lang='lat' dir='ltr'><strong>est</strong></span> <span class='ocrx_word' id='word_1_736' title='bbox 856 4969 1160 5022; x_wconf 86' lang='lat' dir='ltr'><strong>donationis</strong></span> <span class='ocrx_word' id='word_1_737' title='bbox 1207 4985 1298 5039; x_wconf 85' lang='lat' dir='ltr'><strong>per</strong></span> <span class='ocrx_word' id='word_1_738' title='bbox 1350 4968 1542 5023; x_wconf 88' lang='lat' dir='ltr'><strong>multos</strong></span> <span class='ocrx_word' id='word_1_739' title='bbox 1592 4969 1775 5039; x_wconf 68' lang='lat' dir='ltr'><strong>gratiae</strong></span> <span class='ocrx_word' id='word_1_740' title='bbox 1825 4979 2054 5040; x_wconf 83' lang='lat' dir='ltr'><strong>agantur</strong></span> <span class='ocrx_word' id='word_1_741' title='bbox 2104 4985 2198 5039; x_wconf 90' lang='lat' dir='ltr'><strong>pro</strong></span> <span class='ocrx_word' id='word_1_742' title='bbox 2376 4972 2569 5027; x_wconf 84' lang='lat' dir='ltr'><strong>Notum</strong></span> <span class='ocrx_word' id='word_1_743' title='bbox 2600 4988 2728 5045; x_wconf 86' lang='lat' dir='ltr'><strong>ergo</strong></span> <span class='ocrx_word' id='word_1_744' title='bbox 2767 4950 2967 5031; x_wconf 73' lang='lat' dir='ltr'><strong>iratres</strong></span> <span class='ocrx_word' id='word_1_745' title='bbox 2998 4974 3325 5030; x_wconf 89' lang='lat' dir='ltr'><strong>desiderium</strong></span> <span class='ocrx_word' id='word_1_746' title='bbox 3357 4950 3582 5030; x_wconf 9' lang='lat' dir='ltr'><strong>uorstrum</strong></span> <span class='ocrx_word' id='word_1_747' title='bbox 3615 4968 3695 5011; x_wconf 84' lang='grc' dir='ltr'><strong>ηοη</strong></span> <span class='ocrx_word' id='word_1_748' title='bbox 3723 4950 3777 5044; x_wconf 50' lang='grc' dir='ltr'><strong>ἤην</strong></span> 
     </span>
    </p>
   </div>
   <div class='ocr_carea' id='block_1_52' title="bbox 612 5045 3775 5136">
    <p class='ocr_par' dir='ltr' id='par_1_52' title="bbox 612 5045 3775 5136">
     <span class='ocr_line' id='line_1_52' title="bbox 612 5045 3775 5136; baseline -0.001 -20"><span class='ocrx_word' id='word_1_749' title='bbox 612 5060 780 5116; x_wconf 87' lang='lat' dir='ltr'><strong>nobis.</strong></span> <span class='ocrx_word' id='word_1_750' title='bbox 827 5059 990 5114; x_wconf 80' lang='lat' dir='ltr'><strong>Amat</strong></span> <span class='ocrx_word' id='word_1_751' title='bbox 1039 5058 1236 5115; x_wconf 83' lang='lat' dir='ltr'><strong>Paulus</strong></span> <span class='ocrx_word' id='word_1_752' title='bbox 1276 5060 1379 5116; x_wconf 91' lang='lat' dir='ltr'><strong>dici</strong></span> <span class='ocrx_word' id='word_1_753' title='bbox 1424 5075 1453 5115; x_wconf 91' lang='lat' dir='ltr'><strong>a</strong></span> <span class='ocrx_word' id='word_1_754' title='bbox 1487 5060 1645 5115; x_wconf 87' lang='lat' dir='ltr'><strong>nobis</strong></span> <span class='ocrx_word' id='word_1_755' title='bbox 1698 5069 1923 5131; x_wconf 88' lang='lat' dir='ltr'><strong>peccata</strong></span> <span class='ocrx_word' id='word_1_756' title='bbox 1978 5075 2114 5114; x_wconf 89' lang='lat' dir='ltr'><strong>sua:</strong></span> <span class='ocrx_word' id='word_1_757' title='bbox 2142 5067 2202 5114; x_wconf 89' lang='lat' dir='ltr'><strong>ut</strong></span> <span class='ocrx_word' id='word_1_758' title='bbox 2302 5062 2406 5117; x_wconf 90' lang='lat' dir='ltr'><strong>nisi</strong></span> <span class='ocrx_word' id='word_1_759' title='bbox 2436 5062 2503 5117; x_wconf 89' lang='lat' dir='ltr'><strong>ad</strong></span> <span class='ocrx_word' id='word_1_760' title='bbox 2530 5062 2695 5117; x_wconf 87' lang='lat' dir='ltr'><strong>vitam</strong></span> <span class='ocrx_word' id='word_1_761' title='bbox 2726 5072 3010 5129; x_wconf 65' lang='lat' dir='ltr'><strong>aeternam,</strong></span> <span class='ocrx_word' id='word_1_762' title='bbox 3040 5072 3168 5128; x_wconf 87' lang='lat' dir='ltr'><strong>etc.,</strong></span> <span class='ocrx_word' id='word_1_763' title='bbox 3199 5081 3360 5136; x_wconf 87' lang='lat' dir='ltr'><strong>usque</strong></span> <span class='ocrx_word' id='word_1_764' title='bbox 3386 5059 3453 5116; x_wconf 88' lang='lat' dir='ltr'><strong>ad</strong></span> <span class='ocrx_word' id='word_1_765' title='bbox 3478 5054 3572 5112; x_wconf 85' lang='lat' dir='ltr'><strong>alet</strong></span> <span class='ocrx_word' id='word_1_766' title='bbox 3590 5049 3633 5104; x_wconf 84' lang='lat' dir='ltr'><strong>in</strong></span> <span class='ocrx_word' id='word_1_767' title='bbox 3650 5045 3775 5114; x_wconf 56' lang='lat' dir='ltr'><strong>Pam&quot;</strong></span> 
     </span>
    </p>
   </div>
   <div class='ocr_carea' id='block_1_53' title="bbox 612 5150 3085 5226">
    <p class='ocr_par' dir='ltr' id='par_1_53' title="bbox 612 5150 3085 5226">
     <span class='ocr_line' id='line_1_53' title="bbox 612 5150 3085 5226; baseline 0.001 -22"><span class='ocrx_word' id='word_1_768' title='bbox 612 5150 948 5223; x_wconf 81' lang='lat' dir='ltr'><strong>gloriﬁcetur</strong></span> <span class='ocrx_word' id='word_1_769' title='bbox 976 5150 1087 5216; x_wconf 87' lang='lat' dir='ltr'><strong>ille,</strong></span> <span class='ocrx_word' id='word_1_770' title='bbox 1112 5168 1275 5223; x_wconf 89' lang='lat' dir='ltr'><strong>usque</strong></span> <span class='ocrx_word' id='word_1_771' title='bbox 1296 5152 1366 5206; x_wconf 87' lang='lat' dir='ltr'><strong>ad</strong></span> <span class='ocrx_word' id='word_1_772' title='bbox 1388 5161 1575 5207; x_wconf 89' lang='lat' dir='ltr'><strong>sanata</strong></span> <span class='ocrx_word' id='word_1_773' title='bbox 1603 5160 1702 5207; x_wconf 90' lang='lat' dir='ltr'><strong>est.</strong></span> <span class='ocrx_word' id='word_1_774' title='bbox 1742 5152 1825 5223; x_wconf 89' lang='lat' dir='ltr'><strong>(S.</strong></span> <span class='ocrx_word' id='word_1_775' title='bbox 1856 5153 2193 5223; x_wconf 85' lang='lat' dir='ltr'><strong>Aug.,tract.</strong></span> <span class='ocrx_word' id='word_1_776' title='bbox 2302 5153 2322 5226; x_wconf 87' lang='lat'>(</span> <span class='ocrx_word' id='word_1_777' title='bbox 2349 5154 2450 5220; x_wconf 91' lang='lat' dir='ltr'><strong>ld.,</strong></span> <span class='ocrx_word' id='word_1_778' title='bbox 2478 5170 2635 5209; x_wconf 90' lang='lat' dir='ltr'><strong>serm.</strong></span> <span class='ocrx_word' id='word_1_779' title='bbox 2660 5154 2725 5208; x_wconf 88' lang='lat' dir='ltr'><strong>de</strong></span> <span class='ocrx_word' id='word_1_780' title='bbox 2745 5171 2851 5209; x_wconf 81' lang='lat' dir='ltr'><strong>ver.</strong></span> <span class='ocrx_word' id='word_1_781' title='bbox 2879 5155 3085 5224; x_wconf 82' lang='lat' dir='ltr'><strong>Apost.)</strong></span> 
     </span>
    </p>
   </div>
   <div class='ocr_carea' id='block_1_54' title="bbox 609 5239 3752 5313">
    <p class='ocr_par' dir='ltr' id='par_1_54' title="bbox 609 5239 3752 5313">
     <span class='ocr_line' id='line_1_54' title="bbox 609 5239 3752 5313; baseline 0.002 -18"><span class='ocrx_word' id='word_1_782' title='bbox 609 5241 762 5312; x_wconf 82' lang='lat' dir='ltr'><strong>epist.</strong></span> <span class='ocrx_word' id='word_1_783' title='bbox 788 5240 950 5295; x_wconf 85' lang='lat' dir='ltr'><strong>Joan.</strong></span> <span class='ocrx_word' id='word_1_784' title='bbox 982 5257 1103 5305; x_wconf 86' lang='lat' dir='ltr'><strong>vm,</strong></span> <span class='ocrx_word' id='word_1_785' title='bbox 1133 5249 1264 5296; x_wconf 90' lang='lat' dir='ltr'><strong>tom.</strong></span> <span class='ocrx_word' id='word_1_786' title='bbox 1289 5241 1374 5308; x_wconf 86' lang='lat' dir='ltr'><strong>lll,</strong></span> <span class='ocrx_word' id='word_1_787' title='bbox 1397 5250 1541 5313; x_wconf 89' lang='lat' dir='ltr'><strong>part.</strong></span> <span class='ocrx_word' id='word_1_788' title='bbox 1570 5257 1632 5308; x_wconf 91' lang='grc' dir='ltr'><strong>ιι,</strong></span> <span class='ocrx_word' id='word_1_789' title='bbox 1665 5241 1772 5297; x_wconf 94' lang='lat' dir='ltr'><strong>col.</strong></span> <span class='ocrx_word' id='word_1_790' title='bbox 1796 5239 1984 5311; x_wconf 74' lang='lat'><strong>2057.)</strong></span> <span class='ocrx_word' id='word_1_791' title='bbox 2927 5244 3155 5301; x_wconf 83' lang='lat' dir='ltr'><strong>CAPUT</strong></span> <span class='ocrx_word' id='word_1_792' title='bbox 3196 5244 3259 5299; x_wconf 92' lang='lat' dir='ltr'><strong>ll.</strong></span> <span class='ocrx_word' id='word_1_793' title='bbox 3674 5247 3684 5259; x_wconf 92' lang='lat'><strong><em>&#39;</em></strong></span> <span class='ocrx_word' id='word_1_794' title='bbox 3745 5302 3752 5313; x_wconf 72' lang='grc'><strong>,</strong></span> 
     </span>
    </p>
   </div>
   <div class='ocr_carea' id='block_1_55' title="bbox 684 5316 3771 5408">
    <p class='ocr_par' dir='ltr' id='par_1_55' title="bbox 684 5316 3771 5408">
     <span class='ocr_line' id='line_1_55' title="bbox 684 5316 3771 5408; baseline -0.006 -20"><span class='ocrx_word' id='word_1_795' title='bbox 684 5332 826 5388; x_wconf 89' lang='lat' dir='ltr'><strong>Nam</strong></span> <span class='ocrx_word' id='word_1_796' title='bbox 848 5332 1093 5404; x_wconf 84' lang='lat' dir='ltr'><strong>gloriatio</strong></span> <span class='ocrx_word' id='word_1_797' title='bbox 1117 5345 1294 5390; x_wconf 90' lang='lat' dir='ltr'><strong>nostra</strong></span> <span class='ocrx_word' id='word_1_798' title='bbox 1319 5334 1430 5390; x_wconf 67' lang='lat' dir='ltr'><strong>haec</strong></span> <span class='ocrx_word' id='word_1_799' title='bbox 1451 5345 1525 5390; x_wconf 88' lang='lat' dir='ltr'><strong>est</strong></span> <span class='ocrx_word' id='word_1_800' title='bbox 1543 5335 1897 5389; x_wconf 80' lang='lat' dir='ltr'><strong>testimonium</strong></span> <span class='ocrx_word' id='word_1_801' title='bbox 1927 5334 2197 5388; x_wconf 87' lang='lat' dir='ltr'><strong>conscien-</strong></span> <span class='ocrx_word' id='word_1_802' title='bbox 2375 5334 2554 5390; x_wconf 89' lang='lat' dir='ltr'><strong>Statui</strong></span> <span class='ocrx_word' id='word_1_803' title='bbox 2595 5344 2770 5390; x_wconf 85' lang='lat' dir='ltr'><strong>autem</strong></span> <span class='ocrx_word' id='word_1_804' title='bbox 2799 5336 2896 5390; x_wconf 88' lang='lat' dir='ltr'><strong>hoc</strong></span> <span class='ocrx_word' id='word_1_805' title='bbox 2924 5338 3093 5407; x_wconf 84' lang='lat' dir='ltr'><strong>ipsum</strong></span> <span class='ocrx_word' id='word_1_806' title='bbox 3123 5336 3264 5408; x_wconf 83' lang='lat' dir='ltr'><strong>apud</strong></span> <span class='ocrx_word' id='word_1_807' title='bbox 3306 5353 3386 5391; x_wconf 90' lang='lat' dir='ltr'><strong>me</strong></span> <span class='ocrx_word' id='word_1_808' title='bbox 3421 5350 3439 5390; x_wconf 89' lang='lat'><strong><em>:</em></strong></span> <span class='ocrx_word' id='word_1_809' title='bbox 3471 5345 3527 5385; x_wconf 87' lang='lat' dir='ltr'><strong>ne</strong></span> <span class='ocrx_word' id='word_1_810' title='bbox 3565 5325 3708 5378; x_wconf 67' lang='lat' dir='ltr'><strong>iterum</strong></span> <span class='ocrx_word' id='word_1_811' title='bbox 3739 5316 3771 5408; x_wconf 53' lang='grc' dir='ltr'><strong>’ξ</strong></span> 
     </span>
    </p>
   </div>
   <div class='ocr_carea' id='block_1_56' title="bbox 610 5398 3770 5512">
    <p class='ocr_par' dir='ltr' id='par_1_56' title="bbox 610 5398 3770 5512">
     <span class='ocr_line' id='line_1_56' title="bbox 610 5398 3770 5512; baseline -0.004 -34"><span class='ocrx_word' id='word_1_812' title='bbox 610 5425 699 5478; x_wconf 78' lang='lat' dir='ltr'><strong>tia:</strong></span> <span class='ocrx_word' id='word_1_813' title='bbox 729 5432 941 5492; x_wconf 77' lang='lat' dir='ltr'><strong>nostrw,</strong></span> <span class='ocrx_word' id='word_1_814' title='bbox 986 5424 1126 5497; x_wconf 88' lang='lat' dir='ltr'><strong>quod</strong></span> <span class='ocrx_word' id='word_1_815' title='bbox 1152 5427 1207 5481; x_wconf 87' lang='lat' dir='ltr'><strong>in</strong></span> <span class='ocrx_word' id='word_1_816' title='bbox 1252 5425 1585 5497; x_wconf 88' lang='lat' dir='ltr'><strong>simplicitate</strong></span> <span class='ocrx_word' id='word_1_817' title='bbox 1620 5424 1793 5479; x_wconf 86' lang='lat' dir='ltr'><strong>cordis</strong></span> <span class='ocrx_word' id='word_1_818' title='bbox 1824 5434 1870 5477; x_wconf 90' lang='lat' dir='ltr'><strong>et</strong></span> <span class='ocrx_word' id='word_1_819' title='bbox 1900 5424 2200 5479; x_wconf 87' lang='lat' dir='ltr'><strong>sinceritate</strong></span> <span class='ocrx_word' id='word_1_820' title='bbox 2302 5427 2521 5482; x_wconf 86' lang='lat' dir='ltr'><strong>tristitia</strong></span> <span class='ocrx_word' id='word_1_821' title='bbox 2552 5428 2776 5483; x_wconf 83' lang='lat' dir='ltr'><strong>venirem</strong></span> <span class='ocrx_word' id='word_1_822' title='bbox 2807 5427 2877 5482; x_wconf 89' lang='lat' dir='ltr'><strong>ad</strong></span> <span class='ocrx_word' id='word_1_823' title='bbox 2904 5398 3013 5494; x_wconf 80' lang='lat' dir='ltr'><strong>vos,</strong></span> <span class='ocrx_word' id='word_1_824' title='bbox 3046 5429 3093 5483; x_wconf 85' lang='lat' dir='ltr'><strong>si</strong></span> <span class='ocrx_word' id='word_1_825' title='bbox 3122 5398 3261 5482; x_wconf 76' lang='lat' dir='ltr'><strong>enim</strong></span> <span class='ocrx_word' id='word_1_826' title='bbox 3290 5444 3382 5499; x_wconf 85' lang='lat' dir='ltr'><strong>ego</strong></span> <span class='ocrx_word' id='word_1_827' title='bbox 3408 5417 3622 5481; x_wconf 87' lang='lat' dir='ltr'><strong>contristo</strong></span> <span class='ocrx_word' id='word_1_828' title='bbox 3646 5398 3770 5512; x_wconf 45' lang='lat' dir='ltr'><strong>tot“:</strong></span> 
     </span>
    </p>
   </div>
   <div class='ocr_carea' id='block_1_57' title="bbox 612 5496 3761 5591">
    <p class='ocr_par' dir='ltr' id='par_1_57' title="bbox 612 5496 3761 5591">
     <span class='ocr_line' id='line_1_57' title="bbox 612 5496 3761 5591; baseline -0.003 -24"><span class='ocrx_word' id='word_1_829' title='bbox 612 5512 731 5579; x_wconf 77' lang='lat' dir='ltr'><strong>Dei,</strong></span> <span class='ocrx_word' id='word_1_830' title='bbox 762 5522 895 5580; x_wconf 90' lang='lat' dir='ltr'><strong>etc.,</strong></span> <span class='ocrx_word' id='word_1_831' title='bbox 922 5496 1090 5586; x_wconf 86' lang='lat' dir='ltr'><strong>usque</strong></span> <span class='ocrx_word' id='word_1_832' title='bbox 1113 5516 1180 5570; x_wconf 86' lang='lat' dir='ltr'><strong>ad</strong></span> <span class='ocrx_word' id='word_1_833' title='bbox 1202 5516 1293 5569; x_wconf 87' lang='lat' dir='ltr'><strong>sed</strong></span> <span class='ocrx_word' id='word_1_834' title='bbox 1316 5525 1392 5569; x_wconf 90' lang='lat' dir='ltr'><strong>est</strong></span> <span class='ocrx_word' id='word_1_835' title='bbox 1418 5516 1474 5569; x_wconf 89' lang='lat' dir='ltr'><strong>in</strong></span> <span class='ocrx_word' id='word_1_836' title='bbox 1498 5514 1591 5569; x_wconf 87' lang='lat' dir='ltr'><strong>illa</strong></span> <span class='ocrx_word' id='word_1_837' title='bbox 1622 5523 1718 5569; x_wconf 91' lang='lat' dir='ltr'><strong>est.</strong></span> <span class='ocrx_word' id='word_1_838' title='bbox 1743 5513 1986 5583; x_wconf 88' lang='lat' dir='ltr'><strong>Superba</strong></span> <span class='ocrx_word' id='word_1_839' title='bbox 2015 5513 2197 5570; x_wconf 86' lang='lat' dir='ltr'><strong>anima</strong></span> <span class='ocrx_word' id='word_1_840' title='bbox 2299 5518 2416 5589; x_wconf 88' lang='lat' dir='ltr'><strong>quis</strong></span> <span class='ocrx_word' id='word_1_841' title='bbox 2442 5527 2517 5572; x_wconf 91' lang='lat' dir='ltr'><strong>est</strong></span> <span class='ocrx_word' id='word_1_842' title='bbox 2543 5519 2631 5589; x_wconf 90' lang='lat' dir='ltr'><strong>qui</strong></span> <span class='ocrx_word' id='word_1_843' title='bbox 2658 5534 2740 5572; x_wconf 89' lang='lat' dir='ltr'><strong><em>me</em></strong></span> <span class='ocrx_word' id='word_1_844' title='bbox 2761 5517 3013 5588; x_wconf 69' lang='lat' dir='ltr'><strong>lwtiﬁcet,</strong></span> <span class='ocrx_word' id='word_1_845' title='bbox 3047 5519 3158 5575; x_wconf 83' lang='lat' dir='ltr'><strong>nisi</strong></span> <span class='ocrx_word' id='word_1_846' title='bbox 3177 5520 3268 5591; x_wconf 90' lang='lat' dir='ltr'><strong>qui</strong></span> <span class='ocrx_word' id='word_1_847' title='bbox 3302 5496 3761 5591; x_wconf 52' lang='lat' dir='ltr'><strong>contristatur”</strong></span> 
     </span>
    </p>
   </div>
   <div class='ocr_carea' id='block_1_58' title="bbox 611 5572 3766 5680">
    <p class='ocr_par' dir='ltr' id='par_1_58' title="bbox 611 5572 3766 5680">
     <span class='ocr_line' id='line_1_58' title="bbox 611 5572 3766 5680; baseline -0.002 -18"><span class='ocrx_word' id='word_1_848' title='bbox 611 5606 666 5662; x_wconf 92' lang='lat' dir='ltr'><strong>in</strong></span> <span class='ocrx_word' id='word_1_849' title='bbox 682 5572 1284 5679; x_wconf 71' lang='lat' dir='ltr'><strong>consp’ectuliomiuum,</strong></span> <span class='ocrx_word' id='word_1_850' title='bbox 1302 5618 1434 5673; x_wconf 88' lang='lat' dir='ltr'><strong>etc.,</strong></span> <span class='ocrx_word' id='word_1_851' title='bbox 1450 5607 1691 5679; x_wconf 85' lang='lat' dir='ltr'><strong>usquead</strong></span> <span class='ocrx_word' id='word_1_852' title='bbox 1707 5572 2190 5676; x_wconf 55' lang='lat' dir='ltr'><strong>ipsdconscicntia.</strong></span> <span class='ocrx_word' id='word_1_853' title='bbox 2302 5572 2370 5664; x_wconf 63' lang='lat' dir='ltr'><strong>lit</strong></span> <span class='ocrx_word' id='word_1_854' title='bbox 2393 5610 2490 5664; x_wconf 87' lang='lat' dir='ltr'><strong>hoc</strong></span> <span class='ocrx_word' id='word_1_855' title='bbox 2518 5572 2688 5679; x_wconf 68' lang='lat' dir='ltr'><strong>ipsum</strong></span> <span class='ocrx_word' id='word_1_856' title='bbox 2713 5572 2900 5680; x_wconf 70' lang='lat' dir='ltr'><strong>scripsi</strong></span> <span class='ocrx_word' id='word_1_857' title='bbox 2921 5578 3081 5675; x_wconf 84' lang='lat' dir='ltr'><strong>vobis,</strong></span> <span class='ocrx_word' id='word_1_858' title='bbox 3112 5572 3244 5676; x_wconf 47' lang='lat' dir='ltr'><strong>etc,&quot;</strong></span> <span class='ocrx_word' id='word_1_859' title='bbox 3275 5621 3438 5680; x_wconf 82' lang='lat' dir='ltr'><strong>usque</strong></span> <span class='ocrx_word' id='word_1_860' title='bbox 3460 5600 3517 5658; x_wconf 86' lang='lat' dir='ltr'><strong>ad</strong></span> <span class='ocrx_word' id='word_1_861' title='bbox 3540 5591 3613 5651; x_wconf 67' lang='grc' dir='ltr'><strong>καί</strong></span> <span class='ocrx_word' id='word_1_862' title='bbox 3635 5572 3766 5680; x_wconf 32' lang='lat' dir='ltr'><strong>“Mf</strong></span> 
     </span>
    </p>
   </div>
   <div class='ocr_carea' id='block_1_59' title="bbox 612 5678 3763 5773">
    <p class='ocr_par' dir='ltr' id='par_1_59' title="bbox 612 5678 3763 5773">
     <span class='ocr_line' id='line_1_59' title="bbox 612 5678 3763 5773; baseline -0.001 -19"><span class='ocrx_word' id='word_1_863' title='bbox 612 5695 713 5770; x_wconf 82' lang='lat' dir='ltr'><strong>(1d.</strong></span> <span class='ocrx_word' id='word_1_864' title='bbox 725 5739 740 5767; x_wconf 95' lang='lat'><strong>,</strong></span> <span class='ocrx_word' id='word_1_865' title='bbox 760 5708 912 5755; x_wconf 89' lang='lat' dir='ltr'><strong>tract.</strong></span> <span class='ocrx_word' id='word_1_866' title='bbox 943 5704 1077 5772; x_wconf 88' lang='lat' dir='ltr'><strong>psal.</strong></span> <span class='ocrx_word' id='word_1_867' title='bbox 1108 5718 1201 5767; x_wconf 77' lang='lat' dir='ltr'><strong>xx,</strong></span> <span class='ocrx_word' id='word_1_868' title='bbox 1232 5709 1361 5756; x_wconf 90' lang='lat' dir='ltr'><strong>tom.</strong></span> <span class='ocrx_word' id='word_1_869' title='bbox 1386 5699 1476 5766; x_wconf 83' lang='lat' dir='ltr'><strong>IV,</strong></span> <span class='ocrx_word' id='word_1_870' title='bbox 1506 5678 1649 5769; x_wconf 85' lang='lat' dir='ltr'><strong>part.</strong></span> <span class='ocrx_word' id='word_1_871' title='bbox 1679 5696 1816 5763; x_wconf 85' lang='lat' dir='ltr'><strong>I,co|</strong></span> <span class='ocrx_word' id='word_1_872' title='bbox 1859 5698 1964 5754; x_wconf 75' lang='grc'><strong>165</strong></span> <span class='ocrx_word' id='word_1_873' title='bbox 1977 5708 2035 5755; x_wconf 85' lang='lat' dir='ltr'><strong>et</strong></span> <span class='ocrx_word' id='word_1_874' title='bbox 2051 5700 2194 5772; x_wconf 86' lang='lat' dir='ltr'><strong>seq.)</strong></span> <span class='ocrx_word' id='word_1_875' title='bbox 2302 5703 2442 5758; x_wconf 87' lang='lat' dir='ltr'><strong>ciens</strong></span> <span class='ocrx_word' id='word_1_876' title='bbox 2476 5678 2575 5770; x_wconf 83' lang='lat' dir='ltr'><strong>eis,</strong></span> <span class='ocrx_word' id='word_1_877' title='bbox 2612 5678 2878 5773; x_wconf 78' lang='lat' dir='ltr'><strong>profectus</strong></span> <span class='ocrx_word' id='word_1_878' title='bbox 2899 5719 3015 5758; x_wconf 87' lang='lat' dir='ltr'><strong>sum</strong></span> <span class='ocrx_word' id='word_1_879' title='bbox 3045 5703 3100 5757; x_wconf 86' lang='lat' dir='ltr'><strong>in</strong></span> <span class='ocrx_word' id='word_1_880' title='bbox 3124 5678 3503 5759; x_wconf 74' lang='lat' dir='ltr'><strong>Macedoniam.</strong></span> <span class='ocrx_word' id='word_1_881' title='bbox 3535 5678 3763 5753; x_wconf 29' lang='lat' dir='ltr'><strong>Cum“?</strong></span> 
     </span>
    </p>
   </div>
  </div>
