3970 6306
93 337 222 394 353

962 326 1327 385 EXPOSITIO
1367 325 1432 380 IN
1474 326 1623 381 EPP.
1668 324 1895 381 PAULI.
1938 357 2006 367 ——
2044 325 2148 380 ΕΡ.
2187 325 2229 381 II
2265 327 2356 381 AD
2398 325 2558 384 COR.

3283 334 3387 388 554

93 453 340 510 lel'ecit?
365 461 496 516 etc.,
525 467 685 521 usque
710 450 778 503 ad
802 457 1046 519 apertum
1073 457 1154 503 est
1177 448 1397 503 ostium.
1424 445 1504 516 (S.
1531 445 1693 516 Aug”
1728 451 1776 508 Α
1808 455 1973 500 teram
1999 487 2013 512 ,
2068 456 2172 502 etc.
2194 489 2208 513 ,
2261 465 2422 518 usque
2458 446 2526 501 ad
2553 446 2665 501 sint
2703 446 2860 501 mala.
2910 447 3007 519 (Id.
3038 488 3051 514 ,
3091 447 3182 502 lib.
3219 458 3412 533 contr._

91 545 204 598 lib.
240 545 307 597 de
337 539 517 596 Pra'd.
555 553 748 604 sanct.,
781 548 911 593 tom.
945 537 1012 604 Χ,
1051 547 1190 608 part.
1223 554 1262 601 1,
1295 537 1396 592 col.
1425 535 1578 608 990.)

179 633 301 689 Deo
328 644 501 688 autem
548 632 769 702 gratias,
798 631 887 701 qui
925 646 1125 699 semper
1178 629 1466 696 triumphat
1513 643 1606 682 nos
1650 627 1702 680 in

93 726 330 780 Christo
377 723 414 778 J
416 741 504 778 esu
547 737 565 775 :

97 1009 264 1068 part.
296 1015 332 1063 1,
361 999 462 1053 col.
494 996 644 1068 990.)

188 1094 393 1148 Domus
414 1101 592 1146 autem
625 1089 825 1159 repleta
851 1098 932 1144 est
961 1089 1148 1154 odore,
1178 1097 1308 1152 etc.,
1338 1103 1499 1157 usque
1522 1086 1591 1140 ad
1614 1102 1704 1141 oc-

99 1185 254 1238 cidit
289 1183 458 1238 bonus
485 1183 636 1237 odor.
672 1180 792 1253 (ld.,
821 1189 973 1233 tract.
1005 1196 1054 1234 1.1
1085 1180 1138 1232 in
1168 1195 1350 1249 evang.
1385 1194 1487 1232 see.
1512 1177 1700 1244 Joan.,

101 1283 252 1327 tom.
281 1273 362 1335 Ill,
386 1280 526 1344 part.
560 1288 618 1336 ιι,
647 1270 749 1326 col.
788 1269 926 1324 1760
965 1279 1019 1324 et
1045 1270 1184 1341 seq.)

186 1365 401 1420 Habeat
440 1365 634 1434 aliquis
683 1380 877 1420 sanum
917 1363 1196 1426 olfactum,
1231 1362 1535 1418 consentiat
1571 1379 1705 1432 quo-

100 1455 316 1520 modo,
369 1465 500 1520 etc.,
565 1471 726 1525 usque
799 1454 869 1508 ad
933 1454 1283 1524 respiramus.
1354 1453 1490 1524 (ld.,
1548 1464 1700 1509 tract.

97 1546 255 1612 psal.
289 1562 496 1610 xxxvn,
531 1555 660 1600 tom.
700 1545 790 1612 IV,
831 1555 968 1615 part.
1006 1562 1066 1609 ιι,
1112 1546 1214 1600 col.
1259 1545 1410 1617 401.)

185 1634 322 1691 Inde
349 1637 522 1691 bonus
548 1635 682 1690 odor
727 1635 818 1706 qui
871 1636 1209 1706 signiﬁcatur
1255 1636 1550 1692 nominatis
1587 1637 1707 1708 qui-

98 1731 370 1795 busdam,
426 1740 558 1795 etc.,
607 1745 767 1799 usque
814 1729 884 1799 ad
932 1728 1076 1783 bono
1123 1718 1308 1783 odore.
1368 1729 1493 1796 (ld.,
1544 1741 1700 1785 tract.

98 1820 256 1889 psal.
293 1835 424 1886 χιιι,
458 1828 587 1874 tom.
616 1817 705 1883 IV,
734 1827 875 1889 part.
906 1834 980 1882 1v,
1011 1818 1112 1872 col.
1147 1819 1248 1872 507
1270 1827 1324 1872 et
1353 1820 1492 1890 seq.)

187 1911 334 1966 Dicit
384 1911 498 1980 ipsa
548 1909 817 1964 dominica
870 1924 1111 1980 sponsa:
1156 1910 1282 1964 Post
1327 1910 1548 1966 odorem
1598 1927 1701 1966 un-

101 2011 465 2070 guentorum,
498 2009 631 2064 etc.,
659 2017 820 2071 usque
842 2000 912 2052 ad
939 1997 1358 2055 diffundebatur.
1386 2001 1510 2073 (ld.,
1541 2019 1696 2057 serm.

102 2094 165 2145 in
199 2091 370 2144 natali
395 2101 577 2155 mart.,
604 2098 734 2145 tom.
765 2089 830 2154 V,
867 2098 1008 2158 part.
1041 2103 1080 2154 1,
1115 2087 1216 2142 col.
1253 2088 1436 2161 1250.)

183 2181 371 2236 Bonus
406 2183 538 2237 odor
565 2181 765 2236 Christi
801 2189 885 2234 est
913 2180 1242 2250 przedicatio,
1279 2188 1410 2246 etc.,
1450 2197 1615 2250 usque
1637 2187 1705 2236 ad

102 2271 164 2324 in
191 2271 448 2326 salutem.
481 2270 604 2342 (ld.,
630 2269 719 2324 lib.
742 2269 890 2326 Sent.
920 2267 1190 2340 Prosperi,
1222 2279 1352 2324 tom.
1382 2269 1447 2329 Χ,
1477 2280 1613 2340 part.
1641 2288 1702 2336 ιι,

103 2362 220 2414 col.
257 2361 442 2432 1891.)

737 2452 964 2510 CAPUT
997 2452 1082 2508 III.

187 2546 481 2615 lncipimus
530 2545 1112 2614 iteram‘nosmetipsos
1141 2543 1554 2598 commendare?
1604 2544 1706 2597 Aut

106 2637 356 2708 nunquid
382 2654 586 2707 egemus
617 2638 749 2691 sicut
777 2636 990 2707 quidam
1013 2635 1452 2690 commendatitiis
1475 2636 1707 2705 epistolis

105 2730 184 2783 ad
218 2745 328 2794 vos,
359 2738 449 2782 aut
486 2744 551 2782 ea:
587 2727 728 2782 vobis
747 2729 773 2781 ?
802 2727 1041 2796 Epistola
1069 2737 1248 2780 nostra
1271 2744 1359 2781 vos
1385 2728 1508 2780 estis
1528 2767 1542 2793 ,
1578 2737 1709 2794 etc.,

107 2834 295 2888 usque
309 2819 374 2871 ad
391 2818 562 2871 cordis
576 2817 896 2871 carnalibus.
923 2816 1027 2871 Per
1038 2816 1376 2871 Ezechielem
1392 2819 1710 2887 prophetam

109 2909 385 2965 Dominus
405 2909 560 2974 dixit,
585 2917 638 2962 et
661 2907 819 2973 dabo,
845 2915 978 2973 etc.,
1009 2924 1171 2979 usque
1193 2907 1262 2961 ad
1293 2907 1710 2962 medicinaliter.

109 2999 202 3068 (S.
220 3001 383 3070 Aug.,
410 2999 498 3053 lib.
521 3015 581 3054 ιιι
603 3001 666 3054 de
689 2999 838 3053 Doct.
859 3001 1055 3064 christ.,
1079 3009 1116 3054 t.
1140 2999 1226 3065 Ill,
1254 3009 1399 3070 part.
1421 3015 1457 3065 1,
1475 2999 1576 3053 col.
1594 2999 1708 3070 85.)

191 3091 434 3162 Spiritus
457 3092 551 3146 Dei
594 3090 748 3160 cujus
788 3091 929 3147 dono
960 3091 1340 3162 justiﬁeamur,
1382 3102 1510 3156 etc.,
1540 3108 1704 3162 usque

109 3185 185 3236 ad
207 3182 326 3236 sine
341 3197 502 3236 sensu
525 3190 627 3236 est.
647 3181 766 3254 (ld.,
786 3190 915 3237 tom.
941 3181 1009 3245 X,
1032 3191 1170 3251 part.
1189 3199 1227 3247 1,
1256 3181 1357 3235 col.
1373 3181 1478 3236 2-l8
1500 3191 1552 3235 et
1569 3183 1709 3254 seq.)

192 3270 328 3327 Novi
354 3272 685 3328 Testamenti
719 3273 959 3327 charitas
990 3272 1162 3343 legem
1207 3272 1356 3337 facit,
1391 3281 1522 3338 etc.,
1549 3289 1712 3343 usque

111 3360 190 3414 ad
244 3363 479 3432 gratiam
517 3360 634 3418 Dei.
678 3360 800 3433 (ld.,
858 3360 948 3415 lib.
1000 3360 1203 3427 Quwst.
1235 3362 1371 3417 Exo.
1409 3363 1491 3416 tit.
1531 3379 1710 3429 cxev1,

115 3464 258 3509 tom.
293 3453 381 3519 Ill,
406 3463 544 3524 part.
571 3471 611 3520 1,
637 3455 744 3510 col.
774 3454 880 3510 655
912 3465 967 3508 et
997 3455 1139 3526 seq.)

193 3549 455 3606 Auferam
493 3552 560 3606 ab
591 3552 672 3608 eis
709 3568 805 3607 cor
844 3552 1138 3624 lapideum,
1167 3563 1222 3609 et
1252 3554 1390 3608 dabo
1436 3555 1535 3620 eis,
1580 3564 1710 3617 etc.,

113 3658 289 3714 usque
312 3641 380 3695 ad
403 3640 772 3698 inﬂexibilem.
793 3643 915 3716 (ld.,
933 3643 1020 3698 lib.
1040 3645 1103 3699 de
1119 3642 1267 3698 Crat.
1285 3655 1331 3700 et
1353 3645 1513 3700 libero
1531 3646 1710 3714 arbit.,

118 3727 264 3786 tom.
303 3731 370 3795 X,
395 3741 535 3802 part.
567 3749 606 3800 1,
637 3734 743 3789 col.
768 3734 918 3800 898.)

194 3821 483 3877 Fiduciam
521 3836 697 3880 autem
744 3826 900 3881 talem
942 3826 1191 3882 habemus
1211 3844 1304 3897 per
1331 3827 1598 3883 Christum
1642 3829 1713 3882 ad

116 3921 319 3984 Deum,
353 3937 454 3974 non
483 3922 641 3992 quod,
675 3932 808 3987 etc.,
835 3937 1009 3991 usque
1037 3922 1105 3976 ad
1131 3922 1238 3976 Deo
1265 3931 1359 3977 est.
1392 3920 1715 3993 Vigilantis-

116 4011 266 4066 sime
292 4027 418 4066 cum
463 4012 712 4078 dixisset,
751 4012 1132 4068 conﬁdentiam
1171 4012 1354 4078 talem,
1385 4024 1520 4080 etc.,
1549 4031 1713 4085 usque

117 4106 194 4158 ad
225 4103 337 4160 Deo
358 4113 462 4159 est.
497 4103 621 4175 (ld.,
649 4103 738 4158 lib.
763 4105 826 4158 de
846 4103 1006 4174 Bapt.
1030 4103 1171 4174 par.)

194 4197 598 4252 Commendans
629 4196 787 4252 istam
825 4197 1053 4268 gratiam
1078 4212 1196 4266 qua:
1228 4212 1332 4252 non
1365 4197 1544 4263 datur,
1574 4206 1706 4262 etc.,

118 4306 294 4360 usque
316 4289 385 4343 ad
409 4304 474 4342 ex
502 4289 631 4343 Deo.
658 4287 782 4359 (ld.,
811 4287 902 4342 lib.
933 4288 997 4342 de
1033 4287 1211 4344 Prwd.
1236 4299 1408 4344 sanet.
1449 4297 1606 4354 tom.,
1641 4288 1711 4355 Χ,

119 4389 271 4449 part.
302 4395 340 4444 1,
381 4379 485 4435 col.
524 4379 629 4435 969.
650 4388 699 4433 et
731 4380 876 4451 seq.)

199 4470 516 4542 Cogitantes
539 4471 810 4526 credimus
830 4511 844 4536 ,
877 4470 1180 4542 cogitantes
1214 4469 1486 4542 loquimur
1506 4510 1520 4536 ,
1573 4479 1679 4526 etc.
1699 4511 1713 4535 ,

119 4579 294 4633 usque
317 4562 386 4615 ad
405 4563 777 4634 cogitationes.
800 4562 896 4633 (Id.
910 4603 924 4628 ,
940 4562 1033 4616 lib.
1050 4562 1113 4616 de
1131 4561 1278 4616 Bono
1292 4576 1483 4632 perse.,
1503 4571 1631 4616 tom.
1651 4561 1720 4627 Χ,

121 4663 275 4726 part.
310 4671 374 4721 ιι,
405 4655 508 4709 col.
547 4654 701 4720 l0’25,
726 4671 881 4708 sensu
905 4655 1173 4724 mystico.)

201 4747 312 4813 Qui
339 4756 386 4801 et
419 4746 632 4801 idoneos
673 4763 765 4800 nos
806 4745 926 4815 fecit
958 4746 1244 4810 ministros,
1281 4755 1404 4824 etc‘,
1436 4761 1606 4815 usque
1652 4745 1721 4800 ad

123 4853 308 4896 autem
343 4840 588 4909 viviﬁcat.
636 4837 948 4894 Cavendum
987 4845 1160 4892 estne
1181 4836 1466 4906 ﬁguratam
1496 4835 1720 4890 locutio-

126 4951 254 4988 nem
285 4935 375 4994 ad,
404 4942 536 4997 etc.,
564 4949 726 5004 usque
754 4932 822 4986 ad
847 4932 1161 5001 religarent.
1216 4930 1314 4999 (Id.
1340 4970 1356 4996 ,
1389 4929 1480 4984 lib.
1531 4946 1594 4984 ιιι
1654 4931 1719 4984 de

127 5027 320 5080 Doctr.
354 5022 574 5090 Christ.,
602 5034 731 5080 tom.
765 5024 851 5090 Ill,
879 5024 1086 5094 ραι-ιθ,
1114 5022 1218 5076 col.
1249 5021 1364 5091 69.)

204 5117 311 5172 Ubi
340 5116 417 5170 ait
444 5116 767 5185 Apostolus:
803 5115 1005 5170 Littera
1030 5114 1250 5179 occidit,
1283 5113 1502 5183 spiritus
1543 5121 1720 5167 autem

128 5209 424 5264 riviticat:
474 5226 577 5263 non
634 5210 797 5263 aliam
834 5209 947 5263 vult
994 5207 1220 5278 intelligi
1267 5206 1538 5271 litteram,
1578 5214 1722 5272 etc.,

129 5316 300 5370 usque
337 5301 406 5352 ad
435 5299 739 5354 rcvelanda.
791 5300 923 5371 (ld.,
968 5298 1058 5353 lib.
1102 5299 1166 5352 de
1204 5297 1404 5352 Littera
1432 5304 1486 5352 et
1513 5295 1722 5365 spiritu,

133 5401 271 5444 tom.
300 5388 371 5453 Χ,
403 5398 542 5458 part.
573 5403 615 5454 1,
644 5388 750 5443 2l5
781 5397 837 5443 et
855 5389 999 5458 seq.)

205 5478 344 5534 Cum
359 5481 520 5546 enim,
544 5481 732 5552 inquit,
747 5481 1014 5535 transierit
1026 5480 1094 5534 ad
1109 5479 1396 5551 Christum,
1415 5494 1534 5550 etc.,
1553 5498 1724 5554 usque

132 5573 204 5627 ad
229 5572 300 5625 ibi
321 5572 552 5627 libertas.
587 5571 756 5627 Nemo
786 5586 916 5643 ergo
943 5571 1379 5640 ehristianorum,
1406 5585 1539 5641 etc.,
1564 5590 1725 5645 usque

136 5665 207 5717 ad
227 5664 466 5718 faciebat
495 5664 694 5718 timeri.
723 5663 850 5736 (1b.,
881 5663 984 5718 col.
1014 5663 1164 5732 220.)

212 5756 352 5809 Vera
381 5770 578 5824 sponsa
601 5753 804 5809 Christi
834 5754 1082 5826 intelligit
1103 5757 1232 5825 quid
1262 5756 1427 5810 distet
1450 5757 1592 5812 inter
1635 5757 1723 5812 lit-

1803 533 1991 590 Faust.
2024 536 2091 590 15
2115 544 2245 592 ιοιη.
2279 536 2410 602 Vlll,
2434 537 2538 592 col.
2572 537 2669 592 511
2706 547 2758 594 et
2781 539 2922 610 seq.)

1873 630 2197 700 Decalogum
2222 631 2422 701 quippe
2446 631 2578 702 legis
2595 673 2608 697 ,
2643 640 2746 687 etc.
2772 673 2787 698 ,
2822 649 2985 702 usque
3007 634 3077 687 ad
3100 635 3194 689 sed
3219 633 3391 707 gratia

613 732 660 776 et
711 721 922 775 odorem
973 720 1200 784 notititc,
1233 726 1367 784 etc.,
1420 733 1587 787 usqm:
1636 717 1703 771 ad
1805 723 2120 778 Salvatoris.
2175 724 2306 795 (ld.,
2350 735 2504 779 tract.
2559 725 2761 797 Erang.
2812 743 2921 781 sec.
2980 725 3142 782 Joan.
3189 742 3390 794 cxxnl,

95 818 328 873 Christo
358 817 637 888 loquimur.
663 815 804 869 Ecce
826 813 966 867 unde
993 812 1196 883 gratias
1227 813 1340 884 agit
1370 811 1527 866 miles
1549 825 1702 864 acer-

97 911 315 974 rimus,
354 920 673 976 etc.,-usque
711 907 780 959 ad
811 905 1052 960 idoneus.
1103 903 1226 975 (ld.,
1272 903 1424 967 ibid.,
1467 912 1596 958 tom.
1631 901 1703 967 Χ,

1806 825 1935 870 tom.
1972 815 2056 879 Ill,
2089 824 2228 885 part.
2263 831 2324 881 11,
2348 817 2452 871 col.
2494 817 2681 886 1965.)

1875 907 1982 963 Nos
2018 909 2162 964 enim
2206 909 2437 964 dicimus
2484 911 2777 964 humanam
2822 909 3154 965 voluntatem
3199 910 3276 965 sic
3315 910 3395 964 di-

1803 999 2035 1064 vinitus,
2079 1008 2225 1065 etc.,
2267 1018 2430 1072 usque
2468 1002 2538 1055 ad
2577 1002 2772 1057 littera:
2803 1018 3015 1057 sonum.
3057 1001 3180 1074 (ld.,
3211 1001 3301 1056 lib.
3330 1001 3396 1056 de

1806 1087 1951 1158 Spir.
1980 1100 2028 1144 et
2052 1089 2178 1156 litt.,
2206 1100 2335 1146 tom.
2365 1091 2434 1156 Χ,
2472 1100 2610 1161 part.
2643 1108 2678 1154 1,
2709 1093 2810 1147 col.
2835 1092 2959 1147 505.

1876 1180 2090 1247 Quanto
2121 1189 2246 1236 sunt
2267 1182 2520 1237 charitati
2545 1182 2722 1237 futura
2752 1183 3007 1247 meliora,
3049 1191 3198 1238 tanto
3232 1192 3391 1247 sunt,

1805 1282 1940 1338 etc.,
1972 1290 2132 1343 usque
2159 1275 2227 1326 ad
2254 1274 2482 1328 scientia
2512 1273 2765 1329 aediﬁcat.
2811 1275 2936 1346 (ld.,
2962 1277 3114 1345 epist.
3147 1277 3215 1329 ad
3254 1276 3396 1329 Ana-

1804 1367 2040 1431 stasium,
2069 1375 2197 1421 tom.
2230 1366 2294 1430 II,
2328 1368 2431 1422 col.
2463 1366 2617 1438 595.)

1875 1456 2134 1511 Dominus
2163 1465 2341 1511 autem
2376 1457 2489 1527 ipse
2529 1473 2634 1513 non
2677 1457 2872 1522 solum,
2904 1467 3031 1522 etc.,
3062 1475 3222 1529 usque
3245 1459 3314 1513 ad
3343 1466 3399 1512 et

1806 1547 1937 1618 ipse.
1958 1546 2187 1617 (ld.,lib.
2204 1548 2265 1601 de
2279 1547 2401 1602 Cor.
2419 1559 2463 1602 et
2481 1547 2656 1614 σταίη
2673 1558 2804 1604 tom.
2820 1547 3042 1619 X,part.
3063 1565 3099 1612 1,
3125 1548 3228 1604 col.
3247 1547 3398 1618 917.)

1879 1639 2031 1704 Quod
2046 1641 2090 1694 si
2107 1641 2420 1694 ministratio
2434 1640 2615 1694 mortis
2633 1638 2817 1693 litteris
2832 1639 3123 1709 deformata
3140 1640 3192 1693 in
3210 1638 3400 1709 lapidi—

1808 1730 1924 1794 bus,
1950 1739 2074 1793 etc.,
2099 1745 2269 1799 usque
2291 1731 2359 1785 ad
2383 1739 2684 1795 evacuatur,
2703 1740 2799 1784 etc.
2823 1730 2978 1797 Quod
3001 1731 3045 1785 si
3071 1728 3399 1785 ministratio

1807 1821 1997 1875 mortis
2030 1820 2223 1875 litteris
2257 1820 2577 1887 deformata,
2616 1831 2750 1886 etc.,
2787 1839 2950 1892 usque
2987 1822 3056 1875 ad
3097 1820 3400 1876 damnatio-

1809 1928 1949 1967 nem.
1985 1910 2215 1983 (Id.,lib.
2250 1921 2431 1966 contra
2458 1913 2728 1966 inimicum
2763 1911 2890 1981 legis
2922 1920 2970 1965 et
3003 1911 3397 1981 prophetarum,

1808 2003 2086 2066 tom.VllI,
2121 2003 2224 2058 col.
2259 2003 2357 2056 651
2392 2012 2446 2058 et
2471 2005 2613 2074 seq.)

1879 2096 2032 2162 Quod
2079 2097 2124 2150 si
2172 2097 2487 2151 ministratio
2532 2097 2714 2151 mortis
2750 2095 2937 2151 litteris
2971 2096 3302 2166 deformata,
3345 2096 3399 2148 in

1806 2185 2066 2257 lapidibus
2107 2187 2206 2257 fuit
2248 2188 2300 2241 in
2345 2186 2536 2258 gloria,
2571 2197 2619 2242 et
2666 2198 2876 2242 cratera.
2926 2186 3035 2243 Cur
3076 2187 3402 2242 ministratio

1807 2278 1998 2333 mortis
2037 2279 2235 2334 dicitur
2273 2279 2318 2333 si
2356 2280 2518 2344 bona,
2541 2287 2671 2344 etc.,
2699 2295 2862 2349 usque
2901 2279 2971 2332 ad
3011 2279 3271 2347 scriptum
3295 2286 3400 2334 est.

1811 2369 1935 2442 (ld.,
1969 2369 2063 2424 lib.
2093 2369 2162 2422 ad
2186 2367 2609 2440 Simplicianum,
2634 2377 2762 2423 tom.
2797 2369 2880 2432 Vl,
2917 2367 3020 2422 col.
3051 2367 3152 2423 109
3179 2375 3232 2421 et
3258 2367 3400 2440 seq.)

1884 2482 1970 2536 Ita
2006 2492 2061 2536 ut
2093 2499 2196 2536 non
2223 2492 2430 2553 possent
2458 2482 2557 2552 ﬁlii
2593 2480 2787 2547 Israel,
2821 2491 2941 2545 etc.,
2977 2496 3149 2552 usque
3179 2481 3245 2536 ad
3277 2498 3400 2535 eua-

1813 2582 2025 2626 cuatur.
2077 2571 2234 2640 Quod
2263 2587 2368 2627 non
2397 2581 2649 2643 poterant
2686 2572 2968 2626 intendere
3019 2570 3110 2625 lilii
3153 2570 3313 2625 Israel
3347 2571 3404 2625 in

1814 2663 2031 2729 faciem,
2060 2672 2193 2729 etc.,
2239 2680 2400 2734 usque
2433 2663 2503 2716 ad
2543 2662 2849 2718 ministrata
2877 2661 3038 2716 sunt?
3082 2661 3218 2732 (ld.,
3249 2661 3341 2714 lib.
3380 2675 3398 2714 1

1815 2767 1996 2811 contra
2026 2757 2294 2810 inimicum
2323 2755 2449 2827 legis
2478 2766 2523 2809 et
2550 2755 2944 2826 prophetarum,
2971 2762 3102 2809 tom.
3139 2751 3266 2822 VIII,
3293 2751 3400 2808 col.

1816 2849 1922 2904 652
1953 2856 2008 2903 et
2039 2847 2182 2919 seq.)

1886 2939 2026 2994 Dicit
2053 2940 2193 2992 Deus
2214 2938 2280 2992 ad
2303 2937 2433 2992 Cain
2462 2956 2474 2991 :
2502 2937 2567 2992 Et
2590 2953 2732 3004 nunc
2747 2936 3066 2992 maledictus
3094 2947 3148 2990 tu
3174 2951 3203 2990 a
3231 2943 3398 3002 terra,

1816 3041 1920 3088 etc.
1937 3073 1951 3099 ,
1979 3049 2139 3102 usque
2165 3032 2234 3085 ad
2257 3031 2678 3088 transeuntibus.
2702 3030 2824 3102 (ld.,
2854 3029 2948 3086 lib.
2975 3040 3158 3084 contra
3183 3026 3398 3094 Faust.,

1741 3160 1785 3221 ε
1821 3135 1950 3181 tom.
1981 3123 2114 3190 Vlll,
2146 3123 2248 3179 col.
2281 3124 2436 3195 259.)

1888 3216 2192 3271 Evacuatur
2238 3231 2471 3287 namque
2518 3216 2570 3270 in
2609 3215 2827 3270 Christo
2869 3228 2975 3270 non
3014 3213 3182 3270 Vetus
3214 3213 3406 3269 Testa-

1821 3316 2085 3372 mentum,
2116 3315 2247 3372 etc.,
2277 3323 2438 3376 usque
2465 3307 2534 3360 ad
2567 3308 2907 3378 tegebantur.
2943 3305 3064 3377 (ld.,
3090 3306 3182 3359 lib.
3205 3305 3269 3360 de
3290 3303 3431 3362 Uti..

1817 3389 2086 3463 credendi,
2121 3408 2252 3452 tom.
2282 3397 2418 3463 Vill,
2447 3398 2550 3453 col.
2583 3399 2697 3468 71.)

1889 3489 2020 3544 Erat
2059 3489 2340 3560 prOphetia
2368 3490 2608 3560 antiquis
2644 3490 2999 3560 temporibus,
3032 3496 3087 3543 et
3115 3505 3144 3543 a
3174 3487 3406 3558 prophe-

1819 3579 1930 3644 tiae,
1959 3588 2092 3643 etc.,
2123 3595 2283 3650 usque
2312 3579 2382 3632 ad
2405 3579 2737 3634 extendaris.
2768 3580 2890 3649 (ld.,
2919 3587 3071 3632 tract.
3097 3581 3153 3632 in
3188 3576 3397 3649 Evang.

1817 3687 1920 3724 sec.
1947 3669 2108 3724 Joan.
2140 3679 2272 3725 tom.
2302 3669 2388 3735 llI,
2421 3679 2563 3739 part.
2589 3687 2648 3733 ιι,
2681 3671 2782 3725 col.
2819 3670 3003 3740 1459.)

1887 3784 2034 3839 Nihil
2064 3785 2211 3838 enim
2256 3783 2477 3854 prodest
2519 3783 2924 3838 Testamentum
2957 3779 3122 3836 Vetus
3147 3779 3234 3846 de,
3267 3789 3402 3847 etc.,

1818 3898 1979 3953 usque
1998 3881 2068 3935 ad
2089 3880 2372 3935 verissima
2396 3877 2712 3949 spiritualis.
2749 3876 2874 3947 (ld.,
2897 3875 2987 3930 lib.
3013 3875 3078 3929 de
3103 3874 3254 3930 Cirit.
3288 3874 3404 3940 Dei,

1819 3976 1906 4044 17,
1941 3983 2071 4030 tom.
2101 3973 2213 4040 VII,
2243 3972 2346 4028 col.
2378 3971 2529 4043 559.)

1888 4086 2166 4155 Quomodo
2195 4099 2324 4156 ergo
2351 4083 2555 4140 tollitur
2588 4082 2830 4156 velamen
2866 4081 2998 4136 dicit
3029 4080 3143 4151 ipse
3171 4078 3401 4150 Aposto-

1819 4177 1920 4233 lus.
1952 4177 2086 4232 Cum
2112 4155 2292 4231 autem
2331 4173 2610 4229 transieris
2651 4155 2719 4228 ad
2761 4172 3046 4228 Dominum
3074 4211 3089 4236 ,
3131 4169 3409 4225 auferetur

1817 4270 2083 4327 velamen.
2113 4268 2328 4324 Iudaeus
2355 4282 2486 4340 ergo
2525 4282 2630 4322 non
2659 4267 2952 4333 transiens,
2976 4273 3110 4331 etc.,
3141 4281 3302 4336 usque
3339 4263 3410 4317 ad

1820 4369 2098 4416 transeant
2126 4360 2192 4414 ad
2225 4344 2532 4413 Dominum:
2577 4356 2710 4429 (ld.,
2751 4372 2906 4412 serm.
2936 4356 2999 4410 de
3028 4371 3132 4409 ver.
3177 4353 3408 4423 Evang.,

1825 4465 1958 4515 xvu,
1989 4448 2122 4519 psal.
2152 4464 2298 4514 Lx1v,
2334 4447 2436 4502 col.
2465 4446 2612 4519 778.)

1901 4563 2166 4634 Splendor
2192 4562 2245 4616 in
2275 4561 2414 4616 facie
2451 4559 2620 4632 Moysi
2650 4568 2904 4629 tanquam
2925 4599 2939 4622 ,
2983 4564 3113 4621 etc.,
3155 4569 3317 4625 usque
3341 4553 3410 4606 ad

1828 4653 1984 4709 Jesus
2021 4652 2289 4708 Christus.
2343 4650 2463 4722 (ld.,
2519 4659 2672 4703 tract.
2726 4648 2861 4718 psal.
2923 4661 3069 4710 LXIV,
3126 4652 3256 4698 tom.
3318 4639 3408 4710 IV,

1827 4756 1969 4818 part.
2005 4762 2044 4811 1,
2076 4747 2179 4802 col.
2211 4747 2359 4818 778.)

1897 4839 2190 4894 Personam
2218 4837 2334 4906 ejus
2361 4837 2582 4908 gerebat
2611 4834 2843 4906 Moyses,
2865 4840 2919 4886 et
2941 4831 3060 4886 ideo
3080 4829 3257 4885 velum
3286 4838 3414 4886 ante

1827 4947 1884 4988 se
1910 4933 2162 5001 ponebat,
2196 4930 2410 5000 quando
2454 4929 2774 4998 loquebatur
2807 4923 3000 4996 populo
3034 4941 3046 4977 :
3081 4922 3206 4994 quia
3245 4937 3415 4993 quan-

1823 5025 1912 5080 diu
1965 5024 2039 5078 illi
2096 5024 2148 5077 in
2200 5023 2347 5094 lege,
2399 5021 2706 5077 carnalibus
2764 5018 2974 5090 gaudiis
3023 5025 3080 5071 et
3125 5015 3413 5085 voluptati-

1822 5115 1942 5180 bus,
1965 5125 2098 5180 etc.,
2124 5131 2284 5185 usque
2303 5115 2371 5167 ad
2395 5112 2566 5184 possit
2589 5111 2779 5166 videri.
2810 5108 2932 5180 (ld.,
2963 5106 3124 5162 Joan.
3173 5099 3232 5172 ν,
3255 5121 3412 5160 serm.

1825 5207 1890 5260 de
1915 5223 2016 5260 ver.
2049 5205 2274 5276 Evang.,
2306 5203 2396 5257 lib.
2429 5212 2611 5256 contra
2646 5199 2882 5255 Manich.
2925 5196 2990 5270 1.)

1899 5298 2155 5352 Dominus
2179 5307 2351 5350 autem
2373 5297 2590 5365 spiritus
2613 5307 2709 5350 est.
2744 5292 2843 5348 Ubi
2863 5303 3039 5347 autem
3060 5291 3274 5361 spiritus
3309 5288 3417 5342 Do-

1829 5389 1980 5455 mini,
2021 5389 2092 5442 ibi
2127 5387 2357 5442 libertas.
2411 5386 2688 5456 Tanquam
2734 5385 2949 5456 proprie
2995 5383 3206 5437 videtur
3249 5379 3418 5435 Filius

1832 5481 2088 5535 Dominus
2116 5480 2316 5545 vocari,
2351 5489 2479 5545 etc.,
2505 5496 2665 5550 usque
2685 5479 2754 5533 ad
2777 5478 2869 5533 scd
2891 5476 3148 5532 Charitas.
3181 5472 3302 5544 (ld.,
3320 5472 3414 5527 lib.

1833 5572 1896 5624 de
1927 5571 2073 5624 Trin.
2108 5587 2166 5637 11,
2201 5569 2472 5637 to:n.VIll,
2499 5570 2601 5626 col.
2630 5570 2732 5626 8.33
2760 5577 2815 5624 et
2845 5573 2986 5637 seq.)

1907 5661 2019 5717 Nos
2069 5679 2188 5717 vero
2237 5680 2412 5719 omnes
2463 5663 2684 5718 rerelata
2730 5661 2863 5731 {acie
2903 5659 2969 5712 ad
3015 5655 3259 5728 gloriam.
3287 5660 3410 5711 εισι.

1835 5769 2004 5824 usque
2040 5753 2106 5808 ad
2154 5752 2351 5823 Spiritu
2383 5754 2610 5810 Domini.
2658 5753 2802 5809 Satis
2836 5759 3059 5819 apparet
3095 5738 3412 5816 Apostolum
