3970 6306
632 287 743 344 355

1859 288 2066 347 FLORI
2106 289 2380 348 DIACONI
2422 291 2728 349 MONACIII
3738 318 3794 371 ω,

634 399 704 454 ab
748 396 968 468 speculo
999 379 1104 455 non
1142 400 1211 456 ab
1239 401 1476 473 specula,
1506 411 1635 466 etc.,
1671 419 1832 474 usque
1859 403 1929 457 ad
1967 411 2226 473 tanquam
2256 410 2304 468 Α
2332 419 2497 493 utqui
2549 405 2619 459 ad
2666 404 2791 460 audi
2840 406 3127 463 dicentem.
3179 409 3199 482 (
3220 410 3322 478 ld.,
3369 422 3516 471 tract.
3555 416 3709 493 Eam.
3737 445 3792 482 ια,

635 506 667 544 a
703 491 918 546 Domini
961 490 1188 562 Spiritu.
1243 493 1379 564 (Id.,
1409 493 1502 548 lib.
1536 492 1681 549 Sent.
1714 491 2012 565 Prosperi.,
2043 494 2135 549 lib.
2166 493 2231 550 de

641 579 791 636 Trin.
822 597 914 649 xv,
945 591 1074 638 tom.
1107 582 1235 647 Vill,
1268 583 1375 639 col.
1409 584 1592 654 1068.)

704 672 838 730 Cum
874 690 1003 746 ergo
1032 677 1131 731 hac
1163 675 1656 739 transformatione,
1687 677 1755 732 ad
1785 676 2085 747 perfectum
2116 678 2230 734 fue-

637 763 710 819 rit
752 763 872 820 hrec
922 765 1099 835 imago
1129 775 1403 830 renovata,
1439 766 1649 821 similes
1690 766 1798 821 Deo
1841 768 2065 830 erimus,
2098 783 2235 837 quo-

635 855 784 910 niam
812 856 1112 911 videbimus
1140 872 1262 911 eum
1291 873 1398 911 non
1442 873 1540 927 per
1581 858 1856 929 speculum
1882 898 1897 924 ,
1944 860 2040 913 sed
2071 858 2231 914 sicuti

636 958 741 1015 est,
768 949 908 1020 quod
938 949 1068 1005 dicit
1096 950 1297 1007 Paulus
1324 952 1623 1024 apostolus,
1657 950 1796 1008 facie
1824 953 1890 1008 ad
1922 950 2136 1007 faciem.
2169 951 2228 1007 In

636 1056 742 1109 qua
785 1056 904 1096 eum
945 1040 1083 1096 facie
1112 1041 1379 1108 velamen,
1418 1052 1549 1108 etc.,
1592 1059 1755 1114 usque
1795 1043 1864 1096 ad
1896 1044 1974 1122 “ad
2013 1042 2228 1099 faciem.

637 1129 759 1200 (Id.,
780 1130 870 1184 lib.
908 1129 979 1184 ad
1004 1128 1290 1185 Paulinam
1323 1133 1387 1186 de
1408 1133 1509 1187 vid.
1544 1132 1679 1199 Deo,
1706 1141 1837 1188 tom.
1863 1132 1928 1200 Il,
1951 1132 2055 1188 col.
2080 1133 2231 1207 620.)

1266 1221 1493 1278 CAPUT
1529 1221 1618 1278 IV.

702 1308 833 1363 Ideo
852 1309 1102 1365 habentes
1119 1311 1256 1365 hanc
1277 1313 1809 1381 administrationem,
1829 1324 1952 1379 etc.,
1973 1330 2142 1386 usque
2162 1316 2230 1372 ad

633 1415 737 1453 non
785 1399 1115 1454 ambulantes
1158 1402 1213 1454 in
1256 1403 1471 1456 astutia.
1510 1402 1659 1458 IIanc
1706 1404 2228 1461 administrationem

632 1508 739 1546 non
772 1505 837 1545 ex
867 1491 1079 1546 meritis
1106 1493 1328 1559 nostris,
1374 1494 1468 1549 sed
1494 1508 1558 1547 ex
1593 1495 1687 1550 Dei
1715 1495 2086 1551 misericordia
2107 1511 2231 1553 esse

637 1580 795 1634 dixit.
822 1580 1051 1650 Propter
1072 1582 1213 1651 quod
1239 1583 1499 1638 habentes
1529 1584 2073 1653 administrationem,
2095 1595 2227 1654 etc.,

636 1689 799 1742 usque
821 1674 889 1727 ad
921 1688 1039 1729 esse
1054 1673 1194 1742 quod
1218 1690 1322 1728 non
1346 1682 1488 1727 sunt.
1516 1674 1636 1746 (Id.,
1659 1675 1749 1729 lib.
1774 1676 1838 1729 de
1860 1675 2062 1747 Baptis.
2084 1678 2226 1750 par.)

2334 482 2497 551 Joan'.
2519 513 2643 563 XLV,
2673 507 2803 555 tom.
2834 498 2924 567 III,
2952 510 3096 570 part.
3122 518 3185 569 ιι,
3210 503 3315 559 col.
3344 505 3479 560 1722
3501 519 3551 562 et
3571 482 3684 582 seq.)

2409 586 2674 644 Habentes
2708 598 2881 645 autem
2910 592 3147 647 eumdem
3176 595 3418 665 spiritum
3439 598 3572 666 ﬁdei,
3590 613 3796 679 etc.,usqm

2335 678 2402 732 ad
2424 677 2707 747 loquimur.
2728 679 2843 735 Non
2867 682 3072 737 diceret
3094 687 3342 741 eumdem
3372 690 3601 758 spiritum
3623 677 3796 761 fidei,nisi

2334 768 2631 823 admonens
2658 770 2818 825 etiam
2849 772 3116 840 antiquos,
3149 782 3279 840 etc.,
3312 793 3473 848 usque
3502 779 3566 833 ad
3590 784 3797 839 servitutem

2334 866 2578 928 generat.
2607 858 2731 929 (Id.,
2755 859 2844 914 lib.
2865 861 2935 915 ad
2949 858 3106 918 Cons.
3132 861 3311 919 Hilar.
3352 868 3522 937 epist.,
3543 870 3604 922 ad
3628 868 3798 928 Valeriis

2334 945 2635 1021 Comitem.)

2401 1038 2669 1109 Antiquos
2708 1039 2886 1109 justos
2931 1058 3039 1100 non
3077 1044 3255 1102 salvos
3294 1045 3427 1103 fecit
3464 1047 3560 1105 nisi
3587 1049 3703 1118 fides,
3726 1064 3798 1115 etc.,

2332 1144 2496 1201 usque
2518 1130 2589 1185 ad
2615 1132 2817 1188 dictum
2847 1132 2951 1189 est.
2985 1134 3111 1206 (Id.,
3141 1135 3228 1192 Ea:
3255 1137 3351 1193 lib.
3375 1139 3445 1193 ad
3475 1138 3799 1214 Bonifacisups

2330 1235 2452 1289 pam
2477 1232 2660 1283 contra
2682 1220 3020 1295 Pelagianos,
3059 1235 3190 1282 tom.
3219 1226 3287 1294 Χ,
3314 1239 3456 1299 part.
3488 1247 3526 1297 ι,
3549 1233 3636 1288 col.
3655 1235 3756 1306 569.)

2402 1312 2641 1380 Credidi,
2673 1324 2897 1386 propter
2918 1318 3061 1387 quod
3087 1319 3304 1376 locutus
3334 1338 3478 1390 sum,
3501 1332 3614 1387 etc.,
3638 1344 3749 1395 usqu
3765 1331 3801 1381 ii

2332 1402 2398 1456 ad
2430 1403 2678 1459 salutem.
2713 1404 2839 1476 (Id.,
2870 1415 3029 1462 tract.
3073 1409 3211 1479 psal.
3244 1425 3370 1477 cxv,
3406 1421 3532 1468 tom.
3559 1413 3637 1481 IV,
3656 1427 3752 1487 part.
3769 1434 3801 1480 ιι,

2330 1491 2434 1548 col.
2466 1494 2594 1549 1491
2624 1504 2680 1550 et
2702 1496 2847 1568 seq.)

706 1763 890 1835 Neque
913 1765 1269 1820 adulterantes
1299 1764 1522 1821 Verbum
1549 1767 1683 1823 Dei:
1703 1769 1794 1823 sed
1817 1770 1892 1836 in,
1914 1779 2038 1837 etc.,
2058 1786 2219 1842 usque

2330 1771 2427 1825 est,
2471 1774 2769 1832 renovatur,
2812 1778 2938 1835 etc.,
2978 1786 3151 1841 usque
3178 1772 3247 1828 ad
3278 1785 3477 1830 (eterna
3513 1787 3637 1830 sunt.
3673 1776 3800 1832 Nemini

636 1856 705 1910 ad
738 1873 914 1911 coram
948 1858 1074 1912 Deo.
1130 1857 1269 1926 Quid
1298 1858 1458 1914 faciet
1487 1861 1700 1916 animus
1729 1871 1927 1918 nutans
1948 1903 1964 1927 ,
2014 1878 2138 1919 cum
2169 1878 2229 1920 se

635 1949 1034 2021 obtemperare,
1073 1960 1205 2017 etc.,
1242 1969 1405 2022 usque
1445 1954 1513 2007 ad
1565 1964 1648 2009 est
1690 1954 2052 2012 manifestius.
2104 1958 2226 2028 (Id.,

640 2058 798 2097 serm.
840 2043 904 2096 de
934 2059 1037 2096 rer.
1087 2041 1290 2114 Evang.
1331 2060 1392 2110 ιι,
1427 2053 1558 2099 ιοιιι.
1595 2044 1663 2110 V,
1706 2055 1847 2115 part.
1877 2063 1917 2114 ι,
1943 2048 2047 2102 col.
2080 2048 2229 2122 372.)

706 2130 864 2197 Quod
886 2132 932 2185 si
962 2132 1120 2185 etiam
1146 2144 1381 2201 opertum
1407 2144 1483 2189 est
1512 2134 1857 2207 Evangelium
1891 2147 2146 2206 nostrum,
2173 2141 2229 2195 in

634 2220 716 2275 his
756 2222 845 2291 qui
883 2232 1097 2292 pereunt
1136 2233 1213 2277 est
1251 2236 1511 2294 opertum.
1562 2226 1627 2281 Et
1667 2243 1790 2283 cum
1829 2229 2076 2298 dixisset,
2111 2232 2230 2289 aliis

635 2313 852 2381 quidem
882 2329 1069 2367 smnus
1090 2314 1248 2378 odor,
1270 2327 1403 2382 etc.,
1444 2333 1605 2388 usque
1626 2320 1694 2372 ad
1718 2319 1792 2373 illi
1811 2320 1946 2375 fuit?
1986 2321 2109 2390 (Id.,
2135 2323 2226 2379 lib.

636 2402 703 2456 de
730 2400 996 2457 Consensu
1022 2403 1223 2474 Evang.
1254 2421 1344 2470 ιιι,
1372 2414 1504 2461 tom.
1535 2408 1631 2474 Ill,
1665 2419 1806 2480 part.
1841 2426 1882 2476 ι,
1915 2410 2017 2467 col.
2046 2412 2228 2485 1188.)

708 2494 777 2548 In
837 2495 1021 2565 quibus
1084 2495 1224 2550 Deus
1281 2497 1439 2568 hujus
1495 2501 1675 2555 saeculi
1715 2504 1992 2557 excircavit
2035 2515 2229 2560 mentes

632 2585 951 2655 inﬁdelium,
979 2597 1102 2653 etc.,
1136 2602 1309 2659 usque
1338 2591 1403 2644 ad
1432 2591 1521 2660 qui
1550 2602 1624 2646 est
1656 2594 1828 2664 imago
1856 2594 1971 2648 Dei.
2007 2593 2225 2650 Utinam

629 2683 688 2731 et
712 2675 803 2731 isti
829 2677 960 2732 caci
994 2689 1393 2750 Oppugnatores
1417 2680 1574 2752 legis,
1602 2694 1656 2738 et
1684 2686 2068 2753 prophetarum
2098 2704 2111 2741 :
2146 2688 2228 2744 sic

631 2776 910 2824 transeant
944 2769 1012 2824 ad
1049 2767 1347 2837 Christum,
1407 2781 1468 2827 ut
1506 2789 1612 2829 non
1639 2775 1768 2841 sint,
1800 2786 1932 2842 etc.,
1963 2794 2125 2849 usque
2156 2779 2228 2833 ad

629 2860 995 2930 pertinebant.
1044 2861 1169 2931 (Id.,
1202 2862 1295 2915 lib.
1328 2878 1342 2917 ι
1375 2874 1540 2920 contr.
1573 2866 1843 2921 inimicum
1873 2868 2001 2940 legis
2030 2880 2077 2925 et
2105 2888 2227 2941 pro-

627 2950 928 3019 phetarum,
961 2960 1093 3005 tom.
1124 2950 1260 3017 VIII,
1291 2952 1391 3009 col.
1427 2953 1578 3026 655.)

700 3039 853 3095 Hanc
866 3042 1188 3096 sententiam
1202 3042 1444 3115 plerique
1459 3054 1703 3101 nostrum
1717 3047 1815 3111 ita,
1831 3055 1938 3103 etc.
1949 3089 1963 3113 ,
1977 3065 2138 3121 usque
2153 3052 2223 3105 ad

2332 1850 2553 1907 dubium
2592 1863 2695 1920 est,
2742 1856 2883 1913 sicut
2916 1861 3233 1917 interiorem
3277 1865 3551 1922 hominem
3599 1867 3801 1939 intelliges

2332 1939 2429 2006 tia,
2457 1952 2584 2007 etc.,
2618 1962 2781 2016 usque
2813 1949 2882 2002 ad
2911 1951 3224 2009 similitudo.
3262 1955 3389 2027 (Id.,
3431 1957 3520 2013 lib.
3545 1959 3602 2013 de
3624 1958 3800 2023 Trinitut,

2331 2040 2464 2087 tom.
2504 2033 2635 2100 VIII,
2660 2038 2763 2093 col.
2794 2040 2899 2096 985
2920 2050 2974 2096 et
3005 2046 3146 2116 seq.)

2400 2128 2514 2201 Age
2535 2147 2697 2200 nunc,
2722 2134 3000 2203 videamus
3025 2139 3114 2194 ubi
3160 2141 3232 2196 sit
3277 2143 3437 2212 quasi
3464 2146 3707 2215 quoddam,
3728 2155 3801 2209 etc.

2331 2234 2494 2291 usque
2517 2223 2589 2275 ad
2617 2230 2768 2280 m‘ens
2794 2228 2961 2283 novit.
3007 2230 3130 2302 (Id.,
3157 2231 3250 2287 lib.
3275 2251 3375 2301 xu,
3402 2237 3504 2292 col.
3535 2237 3626 2293 997
3645 2247 3688 2294 et
3701 2242 3785 2308 seq.)

2400 2311 2602 2370 Paulus
2636 2319 2910 2385 apostolus
2933 2320 3247 2380 interiorem
3283 2328 3553 2384 hominem
3574 2346 3656 2400 pro
3669 2331 3799 2398 spirit".

2332 2409 2464 2468 etc.,
2515 2419 2680 2476 usque
2719 2409 2790 2462 ad
2828 2410 2919 2478 qui
2966 2410 3115 2468 fecit.
3165 2414 3291 2485 (Id.,
3332 2416 3427 2472 lib.
3475 2429 3626 2475 contr.
3668 2417 3798 2480 Γοιιισ,

2332 2499 2460 2547 tom.
2492 2492 2627 2562 VIII,
2657 2495 2749 2552 lib.
2780 2515 2931 2567 XXIV,
2959 2503 3065 2557 col.
3098 2502 3205 2558 475
3230 2514 3286 2561 et
3309 2507 3452 2580 seq.)

2399 2585 2456 2640 In
2486 2601 2711 2657 corpore
2741 2591 2917 2648 adhuc
2941 2595 3156 2650 mortali
3186 2600 3488 2666 renovatio,
3509 2606 3798 2671 etc.,usqmt

2329 2677 2382 2732 in
2411 2679 2583 2736 nobis.
2601 2680 2725 2750 (Id.,
2749 2682 2925 2739 lib.de
2952 2685 3209 2743 Trinitate
3238 2706 3318 2757 tv,
3344 2700 3474 2747 tom.
3493 2691 3796 2758 Vlll,col.890.)

2396 2769 2505 2825 Ista
2531 2775 2811 2829 renovatio
2839 2791 2945 2832 non
2972 2789 3248 2836 momento
3276 2798 3386 2837 uno
3414 2782 3470 2838 fit
3493 2785 3638 2853 ipsius
3657 2795 3797 2838 conver-

2326 2859 2517 2927 sionis,
2543 2870 2680 2929 etc.,
2699 2881 2867 2935 usque
2895 2868 2965 2921 ad
2990 2869 3273 2925 visionem.
3310 2870 3435 2944 (Id.,
3455 2873 3543 2929 lib.
3564 2873 3619 2928 de
3641 2872 3795 2927 Tnuitu.

2326 2965 2439 3016 xiv,
2470 2960 2600 3007 tom.
2634 2952 2766 3019 VIII,
2795 2956 2900 3011 col.
2932 2957 3071 3012 1054
3097 2968 3153 3015 et
3180 2963 3329 3034 seq.)

2397 3040 2456 3094 In
2484 3042 2751 3112 baptismo
2770 3049 3018 3115 quamvis
3045 3058 3158 3105 tota
3193 3061 3247 3106 et
3265 3053 3427 3122 plena
3458 3053 3563 3121 fiat,
3582 3062 3795 3120 etc.,uqu

633 3131 923 3187 exclamat.
951 3132 1073 3203 (Id.,
1096 3132 1189 3188 tib.
1215 3111 1382 3190 contr’.
1400 3135 1613 3203 Faust.,
1640 3148 1768 3194 tom.
1786 3138 1917 3205 vut,
1936 3111 2219 3212 col.'589.)

2325 3132 2394 3185 ad
2416 3111 2619 3188 factum
2641 3143 2742 3190 est.
2769 3111 2893 3207 (Id.,
2917 3135 3007 3193 lib.
3032 3139 3096 3194 de
3116 3111 3285 3213 Bapt:
3300 3160 3444 3215 ματ..
3469 3111 3657 3207 tom.X,
3671 3111 3794 3213 ita...

700 3220 1030 3277 Illuminatio
1058 3223 1328 3296 Evangelii
1356 3227 1538 3298 gloria:
1575 3226 1793 3296 Christi,
1825 3231 1913 3300 qui
1941 3241 2017 3284 est
2047 3233 2218 3304 imago

628 3312 744 3367 Dei.
788 3312 970 3385 Imago
995 3322 1050 3370 et
1076 3316 1359 3386 aequalitas
1380 3359 1395 3384 ,
1429 3327 1486 3375 et
1512 3320 1807 3378 similitudo
1840 3322 2218 3394 distinguenda

628 3409 753 3456 sunt
789 3418 805 3456 :
848 3403 993 3471 quia,
1030 3413 1160 3471 etc.,
1202 3423 1364 3477 usque
1409 3408 1478 3462 ad
1522 3409 1911 3480 impedimento
1956 3414 2046 3469 sit.
2095 3415 2215 3487 (Id.,

629 3492 720 3546 lib.
752 3509 957 3549 Lxxxm
990 3494 1219 3562 Quwst.,
1246 3504 1378 3551 tom.
1411 3498 1496 3564 Vl,
1528 3499 1632 3554 col.
1668 3500 1737 3556 85
1765 3510 1822 3558 et
1854 3504 1997 3576 seq.)

653 3594 655 3597 ‘
698 3581 820 3638 Non
872 3587 1011 3638 enim
1059 3587 1399 3656 nosmetipsos
1448 3590 1797 3658 prwdicamus
1839 3606 1857 3644 :
1900 3593 1992 3648 sed
2032 3594 2215 3650 Jesum

626 3671 891 3728 Christum
937 3675 1220 3730 Dominum
1257 3689 1513 3733 nostrum.
1561 3680 1675 3736 Nos
1718 3693 1892 3739 autem
1926 3702 2099 3741 servos
2129 3704 2215 3742 ve-

622 3771 780 3827 stros,
808 3772 931 3828 etc.,
956 3779 1129 3834 usque
1157 3765 1224 3819 ad
1251 3766 1307 3820 in
1329 3766 1463 3836 [acie
1484 3767 1614 3823 Iesu
1636 3767 1852 3826 Christi.
1884 3772 2023 3841 Quin
2052 3776 2213 3831 etiam

623 3852 868 3908 stultitiae
906 3854 1195 3909 scribentis
1224 3857 1482 3927 assignat,
1523 3862 1666 3929 quod
1704 3861 1920 3925 dixerit.
1964 3874 2094 3930 etc.,
2126 3884 2216 3921 us-

621 3960 723 4012 que
772 3943 841 3995 ad
892 3942 1126 3999 affectio.
1183 3945 1281 4017 (Id.
1308 3987 1323 4013 ,
1363 3947 1454 4001 lib.
1487 3961 1654 4005 contr.
1696 3951 1965 4007 inimicum
1999 3955 2128 4026 legis
2164 3966 2213 4010 et

622 4033 1019 4101 prophetarum,
1052 4042 1181 4088 tom.
1213 4035 1348 4102 VIII,
1378 4038 1483 4092 col.
1513 4039 1661 4111 609.)

695 4119 860 4174 Porro
910 4122 951 4175 si
1000 4122 1126 4179 huic
1155 4125 1420 4195 displicet,
1453 4138 1582 4195 etc.,
1625 4148 1789 4203 usque
1829 4133 1899 4187 ad
1943 4138 2217 4205 expressit

624 4211 829 4265 dicens.
860 4210 1049 4282 (lbid.,
1080 4215 1180 4269 col.
1214 4217 1363 4289 611.)

693 4302 774 4358 Ad
818 4303 1285 4373 illuminationem,
1319 4317 1450 4375 etc.,
1497 4328 1659 4383 usque
1687 4312 1756 4366 ad
1801 4313 2052 4370 inculcet.
2085 4315 2209 4387 (Id.,

622 4391 715 4447 lib.
746 4392 809 4446 de
835 4391 992 4464 Bnpt.
1014 4412 1153 4465 par.,
1184 4409 1316 4451 tom.
1346 4396 1412 4464 Χ,
1442 4409 1580 4469 part.
1613 4417 1649 4466 ι,
1682 4401 1786 4456 col.
1817 4402 1965 4474 129.)

692 4485 960 4542 Habemus
983 4499 1156 4543 autem
1182 4491 1484 4544 thesaurum
1510 4493 1667 4547 istum
1693 4495 1746 4548 in
1774 4496 1911 4549 vasis
1937 4495 2204 4567 ﬁctilibus,

622 4587 677 4632 ut
696 4579 987 4633 sublimitas
1013 4581 1078 4634 sit
1100 4581 1307 4635 virtutis
1323 4581 1441 4646 Dei,
1471 4593 1516 4635 et
1542 4601 1643 4637 non
1674 4601 1738 4638 ex
1763 4586 1929 4641 nobis.
1954 4586 2021 4642 In
2044 4592 2213 4645 omni-

620 4669 714 4722 bus
737 4669 1126 4724 tribulationem
1148 4673 1400 4741 patimur,
1418 4674 1508 4727 sed
1535 4691 1637 4728 non
1660 4677 2045 4746 angustiamur.
2070 4681 2211 4751 Apo-

621 4758 840 4822 riamur,
868 4768 991 4825 etc.,
1019 4775 1189 4829 usque
1214 4764 1282 4815 ad
1317 4763 1371 4815 in
1398 4763 1563 4817 vobis.
1594 4763 1889 4823 Adlnerens
1912 4769 2043 4836 Deo,
2073 4781 2204 4840 etc.,

620 4864 782 4918 usque
804 4850 871 4901 ad
892 4851 1171 4918 probatur.
1199 4850 1322 4921 (Id.,
1351 4851 1440 4906 lib.
1473 4853 1537 4908 de
1562 4851 1707 4909 Sent.
1734 4854 1949 4930 Prosp.,
1976 4871 2108 4917 tom.
2133 4863 2204 4930 Χ,

615 4946 759 5006 part.
789 4953 849 5000 ιι,
875 4938 979 4992 col.
1014 4938 1197 5005 1867.)

691 5023 952 5080 [labentes
987 5037 1158 5080 autem
1183 5030 1420 5085 eumdem
1466 5033 1707 5103 spiritum
1747 5036 1873 5106 ﬁdei
1907 5040 2043 5094 sicut
2078 5041 2210 5095 scri-

2322 3225 2428 3278 col.
2461 3224 2563 3280 156
2596 3235 2652 3281 et
2675 3228 2817 3299 seq.)
3363 3277 3366 3280 .

2390 3313 2572 3372 Novus
2600 3317 2762 3374 homo
2798 3328 2852 3375 et
2896 3320 3123 3379 interior
3164 3332 3219 3380 et
3267 3327 3510 3384 ctelestis
3548 3327 3691 3387 habet.
3720 3332 3793 3383 εια.

2320 3424 2484 3479 usque
2520 3409 2589 3463 ad
2617 3410 2920 3483 pollicetur.
2946 3415 3071 3486 (Id.,
3098 3417 3189 3473 lib.
3214 3419 3280 3474 de
3310 3438 3430 3476 uera
3453 3420 3699 3492 Religione,
3718 3427 3791 3470 tom.

2318 3498 2402 3565 Ill,
2426 3510 2567 3569 part.
2596 3515 2633 3569 ι,
2662 3504 2767 3561 col.
2795 3506 2897 3562 145
2919 3517 2974 3564 et
3000 3512 3142 3583 seq.)

2389 3590 2622 3650 Attende
2645 3604 2696 3652 te
2714 3597 2801 3653 hic
2818 3600 3019 3657 habere
3033 3602 3297 3671 laborem,
3324 3608 3419 3663 sed
3446 3605 3639 3662 attende
3660 3600 3793 3674 qualem

2320 3681 2407 3737 ille
2421 3685 2683 3754 requiem,
2700 3697 2830 3756 etc.,
2846 3706 3006 3762 usque
3026 3694 3095 3746 ad
3116 3696 3359 3765 requiem
3373 3689 3793 3759 incvedibilem.(|l,
3856 3688 3857 3691 “

2318 3785 2470 3830 tract.
2500 3779 2635 3848 psal.
2665 3795 2818 3846 ιοιιι,
2849 3791 2981 3838 tom.
3010 3784 3097 3847 IV,
3124 3796 3265 3856 part.
3294 3804 3357 3855 ιι,
3386 3790 3487 3845 col.
3523 3779 3793 3848 12l1ctseq-l

2388 3864 2696 3922 Christiano
2721 3884 2884 3926 causa
2929 3883 3077 3928 recte
3123 3876 3413 3946 gaudendi,
3460 3890 3579 3943 etc.,
3621 3868 3791 3945 ⁸³1⁸ιά

2316 3957 2381 4010 ad
2407 3958 2658 4028 patriam.
2686 3960 2809 4032 (Id.,
2839 3961 2929 4017 lib.
2956 3961 3102 4019 Sent.
3131 3972 3390 4040 prosperi,
3417 3980 3540 4028 tom.
3567 3968 3626 4035 Χ,
3643 3973 3791 4039 part".

2318 4047 2424 4103 col.
2460 4048 2645 4120 1868.)

2930 4144 3159 4203 CAPUT
3205 4150 3270 4207 V.

2389 4229 2598 4287 Scimus
2640 4234 2777 4289 enim
2821 4240 3068 4307 quoniam
3117 4243 3163 4296 si
3192 4248 3451 4301 terrestris
3486 4245 3647 4299 domus
3680 4244 3790 4293 nostra

2315 4321 2471 4394 hyjus
2520 4324 2860 4382 habitationis
2908 4330 3244 4400 dissolvatur,
3294 4338 3436 4407 quod
3468 4331 3788 4404 wdiﬁcatiomi

2315 4422 2447 4479 etc.,
2499 4430 2659 4485 usque
2698 4418 2766 4470 ad
2805 4436 2907 4475 non
2962 4424 3094 4477 nudi
3142 4425 3487 4483 inveniamur.
3529 4427 3663 4481 Prior
3701 4418 3789 4474 enim

2317 4507 2554 4562 omnium
2590 4518 2777 4564 creata
2817 4522 2901 4567 est
2936 4517 3182 4584 quaedam
3231 4522 3515 4589 sapientia,
3551 4529 3659 4584 etc.,
3692 4524 3789 4579 ⁸⁸1³⁸

2316 4605 2384 4658 ad
2414 4605 2613 4659 bonum
2646 4614 2747 4660 est.
2776 4606 2899 4679 (Id.,
2931 4608 3021 4664 lib.
3071 4610 3228 4684 Conf.
3270 4632 3369 4682 xu,
3404 4625 3527 4673 tom.
3550 4615 3585 4679 I,
3619 4611 3697 4667 col.
3726 4604 3788 4661 835

2315 4693 2762 4834 elgiaqussemus
2800 4767 2956 4823 aliter
2982 4774 3267 4841 pervenire
3295 4776 3362 4831 ad
3411 4776 3672 4834 Christum,
3705 4776 3785 4823 ειεοο

2314 4869 2478 4924 usque
2498 4854 2568 4907 ad
2594 4864 2748 4911 aceto
2773 4866 3116 4927 potaverunt.
3169 4862 3292 4935 (Id.,
3339 4877 3488 4921 tract.
3523 4863 3640 4938 psal.
3660 4869 3785 4916 una.

2311 4957 2442 5001 tom.
2471 4945 2559 5012 IV,
2592 4959 2732 5019 part.
2761 4966 2800 5014 ι,
2833 4951 2936 5006 col.
2964 4953 3071 5009 842
3096 4966 3150 5011 et
3175 4960 3314 5029 seq.)

2386 5036 2525 5093 Nam
2553 5048 2602 5093 et
2626 5041 2715 5110 qui
2742 5058 2925 5097 sumus
2949 5047 3005 5100 in
3025 5047 3121 5101 hoc
3142 5049 3474 5105 tabernaculo
3494 5041 3782 5119 ingenuit-int!

614 5127 760 5188 ptum
786 5116 1147 5185 est:Credidi,
1177 5135 1386 5193 propter
1405 5127 1544 5196 quod
1585 5127 1790 5184 locutus
1816 5148 1953 5185 sum.
2004 5132 2071 5186 Et
2113 5150 2208 5189 nos
2308 5132 2543 5201 gravati,
2585 5141 2715 5198 etc.,
2743 5149 2917 5206 usque
2946 5138 3015 5193 ad
3042 5140 3264 5196 mortale
3304 5153 3378 5196 est
3421 5160 3453 5197 α
3496 5116 3605 5197 rlla-
3644 5137 3783 5203 Α88Γ²⁸

615 5212 897 5275 credimus,
938 5222 1061 5276 etc.,
1094 5228 1262 5283 usque
1308 5217 1376 5270 ad
1418 5219 1469 5270 in
1508 5218 1731 5288 gloriam
1768 5221 1885 5275 Dei.
1936 5221 2207 5279 Habentes
2310 5238 2503 5278 vamur
2530 5238 2663 5295 ergo
2692 5229 3037 5299 corruptibili
3084 5247 3312 5304 corpore
3361 5245 3452 5301 et,
3504 5241 3635 5295 etc.,
3678 5233 3781 5290 κειιι
3856 5212 3857 5285 Ῡ

616 5311 796 5355 autem
819 5303 1065 5358 eumdem
1098 5305 1344 5374 spiritum
1394 5307 1538 5363 fidei.
1583 5311 1697 5365 Non
1730 5312 1873 5365 enim
1917 5315 1992 5366 ait
2027 5314 2202 5369 scien-

617 5394 747 5448 tiam
786 5394 929 5461 fidei,
961 5398 1053 5453 sed
1083 5398 1329 5469 spiritum
1360 5400 1504 5457 fidei.
1535 5403 1686 5470 Quod
1727 5412 2010 5474 propterea
2040 5405 2197 5473 dixit,

614 5493 675 5537 ut
705 5484 1119 5557 intelligeremus
1141 5491 1267 5560 quia
1296 5492 1450 5559 fides,
1471 5503 1602 5559 etc.,
1626 5511 1788 5564 usque
1812 5496 1880 5549 ad
1906 5495 2197 5565 loquimur.

621 5574 748 5646 (Id.,
779 5575 869 5631 lib.
902 5579 966 5633 de
992 5578 1177 5635 Gratia
1194 5594 1241 5637 et
1265 5585 1428 5638 libero
1450 5586 1633 5655 arbit.)

679 5667 819 5724 Ante
856 5671 1141 5728 adventum
1184 5675 1395 5729 Domini
1444 5678 1610 5732 nostri
1646 5677 1771 5734 Jesu
1807 5680 2027 5751 Christi,
2065 5696 2193 5752 etc.,

2308 5318 2377 5370 ad
2405 5329 2592 5373 errore
2620 5327 2763 5373 sunt.
2802 5320 2901 5392 (Id.
2923 5362 2938 5387 ,
2965 5322 3057 5377 lib.
3091 5324 3157 5379 de
3202 5325 3354 5382 Civit.
3396 5326 3491 5382 Dei
3516 5338 3622 5387 xlv,
3653 5334 3689 5373 c.
3709 5318 3780 5366 ιιεί

2303 5425 2384 5473 ιιι,
2420 5417 2551 5465 tom.
2586 5410 2695 5478 VII,
2719 5411 2822 5467 col.
2855 5413 3003 5484 406.)

2302 5693 2433 5739 tom.
2465 5684 2531 5751 V,
2573 5691 2714 5754 part.
2753 5699 2794 5751 ι,
2823 5685 2926 5741 col.
2964 5685 3102 5740 1574
3130 5696 3184 5743 et
3209 5687 3351 5757 seq.)

2371 5488 2777 5573 Ingemiséimus
2819 5505 3025 5574 gravati
3063 5524 3077 5560 :
3109 5506 3212 5562 sub
3249 5508 3457 5564 sarcina
3485 5496 3776 5560 sciliccl,clc~i
3856 5536 3857 5574 ‘

2301 5609 2463 5664 usque
2491 5593 2560 5645 ad
2591 5609 2696 5647 non
2728 5604 2904 5648 extra.
2929 5595 3056 5662 (Id.,
3086 5614 3242 5651 serm.
3267 5599 3330 5653 de
3351 5595 3509 5653 natali
3548 5581 3772 5662 apOSlOl°"'
3856 5581 3857 5655 l
