  <div class='ocr_page' id='page_1' title='image "/cluster/home/n/w/nwhite01/storage/ocr_20150623/119/hvd.32044015466915/184.png"; bbox 0 0 3970 6306; ppageno 0'>
   <div class='ocr_carea' id='block_1_1' title="bbox 232 287 346 344">
    <p class='ocr_par' dir='ltr' id='par_1_1' title="bbox 232 287 346 344">
     <span class='ocr_line' id='line_1_1' title="bbox 232 287 346 344; baseline 0 -1"><span class='ocrx_word' id='word_1_1' title='bbox 232 287 346 344; x_wconf 78' lang='grc'><strong>55⁸7</strong></span> 
     </span>
    </p>
   </div>
   <div class='ocr_carea' id='block_1_2' title="bbox 1090 275 2668 337">
    <p class='ocr_par' dir='ltr' id='par_1_2' title="bbox 1090 275 2668 337">
     <span class='ocr_line' id='line_1_2' title="bbox 1090 275 2668 337; baseline -0.003 -1"><span class='ocrx_word' id='word_1_2' title='bbox 1090 279 1451 337; x_wconf 84' lang='lat' dir='ltr'><strong>EXPOSITIO</strong></span> <span class='ocrx_word' id='word_1_3' title='bbox 1490 278 1557 333; x_wconf 85' lang='lat' dir='ltr'><strong>IN</strong></span> <span class='ocrx_word' id='word_1_4' title='bbox 1596 275 1745 332; x_wconf 86' lang='lat' dir='ltr'><strong>EPP.</strong></span> <span class='ocrx_word' id='word_1_5' title='bbox 1786 275 2012 334; x_wconf 80' lang='lat' dir='ltr'><strong>PAULI.</strong></span> <span class='ocrx_word' id='word_1_6' title='bbox 2053 304 2119 316; x_wconf 90' lang='lat'><strong>—-</strong></span> <span class='ocrx_word' id='word_1_7' title='bbox 2158 275 2262 332; x_wconf 84' lang='lat' dir='ltr'><strong>EP.</strong></span> <span class='ocrx_word' id='word_1_8' title='bbox 2304 275 2348 331; x_wconf 85' lang='lat' dir='ltr'><strong>Il</strong></span> <span class='ocrx_word' id='word_1_9' title='bbox 2385 276 2476 332; x_wconf 83' lang='lat' dir='ltr'><strong>AD</strong></span> <span class='ocrx_word' id='word_1_10' title='bbox 2508 277 2668 334; x_wconf 82' lang='lat' dir='ltr'><strong>COR.</strong></span> 
     </span>
    </p>
   </div>
   <div class='ocr_carea' id='block_1_3' title="bbox 3406 281 3512 341">
    <p class='ocr_par' dir='ltr' id='par_1_3' title="bbox 3406 281 3512 341">
     <span class='ocr_line' id='line_1_3' title="bbox 3406 281 3512 341; baseline 0.047 -5"><span class='ocrx_word' id='word_1_11' title='bbox 3406 281 3512 341; x_wconf 78' lang='lat'><strong>358</strong></span> 
     </span>
    </p>
   </div>
   <div class='ocr_carea' id='block_1_4' title="bbox 310 386 3509 464">
    <p class='ocr_par' dir='ltr' id='par_1_4' title="bbox 310 386 3509 464">
     <span class='ocr_line' id='line_1_4' title="bbox 310 386 3509 464; baseline -0.002 -8"><span class='ocrx_word' id='word_1_12' title='bbox 310 386 529 456; x_wconf 83' lang='lat' dir='ltr'><strong>Salvam</strong></span> <span class='ocrx_word' id='word_1_13' title='bbox 559 396 734 453; x_wconf 77' lang='lat' dir='ltr'><strong>fecisti</strong></span> <span class='ocrx_word' id='word_1_14' title='bbox 763 395 829 452; x_wconf 91' lang='lat' dir='ltr'><strong>de</strong></span> <span class='ocrx_word' id='word_1_15' title='bbox 874 392 1289 449; x_wconf 74' lang='lat' dir='ltr'><strong>necessitatibus</strong></span> <span class='ocrx_word' id='word_1_16' title='bbox 1337 391 1570 446; x_wconf 89' lang='lat' dir='ltr'><strong>animam</strong></span> <span class='ocrx_word' id='word_1_17' title='bbox 1614 405 1812 446; x_wconf 84' lang='lat' dir='ltr'><strong>meam.</strong></span> <span class='ocrx_word' id='word_1_18' title='bbox 1844 408 1891 464; x_wconf 68' lang='grc' dir='ltr'><strong>Α</strong></span> <span class='ocrx_word' id='word_1_19' title='bbox 1921 389 2031 444; x_wconf 86' lang='lat' dir='ltr'><strong>Deo</strong></span> <span class='ocrx_word' id='word_1_20' title='bbox 2077 399 2250 444; x_wconf 87' lang='lat' dir='ltr'><strong>autem</strong></span> <span class='ocrx_word' id='word_1_21' title='bbox 2293 391 2557 460; x_wconf 78' lang='lat' dir='ltr'><strong>manifesti</strong></span> <span class='ocrx_word' id='word_1_22' title='bbox 2610 408 2812 447; x_wconf 87' lang='lat' dir='ltr'><strong>sumus.</strong></span> <span class='ocrx_word' id='word_1_23' title='bbox 2884 392 3049 462; x_wconf 88' lang='lat' dir='ltr'><strong>Spero</strong></span> <span class='ocrx_word' id='word_1_24' title='bbox 3099 401 3273 448; x_wconf 83' lang='lat' dir='ltr'><strong>autem</strong></span> <span class='ocrx_word' id='word_1_25' title='bbox 3302 436 3317 461; x_wconf 90' lang='lat'><strong>,</strong></span> <span class='ocrx_word' id='word_1_26' title='bbox 3372 404 3509 462; x_wconf 88' lang='lat' dir='ltr'><strong>etc.,</strong></span> 
     </span>
    </p>
   </div>
   <div class='ocr_carea' id='block_1_5' title="bbox 227 481 3511 560">
    <p class='ocr_par' dir='ltr' id='par_1_5' title="bbox 227 481 3511 560">
     <span class='ocr_line' id='line_1_5' title="bbox 227 481 3511 560; baseline -0.002 -13"><span class='ocrx_word' id='word_1_27' title='bbox 227 492 378 560; x_wconf 85' lang='lat' dir='ltr'><strong>Quid</strong></span> <span class='ocrx_word' id='word_1_28' title='bbox 402 489 516 560; x_wconf 87' lang='lat' dir='ltr'><strong>jam</strong></span> <span class='ocrx_word' id='word_1_29' title='bbox 547 488 722 544; x_wconf 90' lang='lat' dir='ltr'><strong>dicam</strong></span> <span class='ocrx_word' id='word_1_30' title='bbox 747 486 813 541; x_wconf 91' lang='lat' dir='ltr'><strong>de</strong></span> <span class='ocrx_word' id='word_1_31' title='bbox 841 485 1184 550; x_wconf 80' lang='lat' dir='ltr'><strong>necessitate,</strong></span> <span class='ocrx_word' id='word_1_32' title='bbox 1219 496 1350 549; x_wconf 89' lang='lat' dir='ltr'><strong>etc.,</strong></span> <span class='ocrx_word' id='word_1_33' title='bbox 1376 500 1538 555; x_wconf 88' lang='lat' dir='ltr'><strong>usque</strong></span> <span class='ocrx_word' id='word_1_34' title='bbox 1570 482 1640 536; x_wconf 91' lang='lat' dir='ltr'><strong>ad</strong></span> <span class='ocrx_word' id='word_1_35' title='bbox 1678 496 1825 536; x_wconf 86' lang='lat' dir='ltr'><strong>mor—</strong></span> <span class='ocrx_word' id='word_1_36' title='bbox 1923 495 2095 550; x_wconf 89' lang='lat' dir='ltr'><strong>usque</strong></span> <span class='ocrx_word' id='word_1_37' title='bbox 2122 481 2188 535; x_wconf 91' lang='lat' dir='ltr'><strong>ad</strong></span> <span class='ocrx_word' id='word_1_38' title='bbox 2219 497 2322 535; x_wconf 87' lang='lat' dir='ltr'><strong>non</strong></span> <span class='ocrx_word' id='word_1_39' title='bbox 2342 482 2399 536; x_wconf 85' lang='lat' dir='ltr'><strong>in</strong></span> <span class='ocrx_word' id='word_1_40' title='bbox 2422 483 2598 536; x_wconf 84' lang='lat' dir='ltr'><strong>corde.</strong></span> <span class='ocrx_word' id='word_1_41' title='bbox 2631 482 2801 538; x_wconf 84' lang='lat' dir='ltr'><strong>Nemo</strong></span> <span class='ocrx_word' id='word_1_42' title='bbox 2825 483 2936 538; x_wconf 89' lang='lat' dir='ltr'><strong>Deo</strong></span> <span class='ocrx_word' id='word_1_43' title='bbox 2963 484 3317 552; x_wconf 86' lang='lat' dir='ltr'><strong>suadet,etc.,</strong></span> <span class='ocrx_word' id='word_1_44' title='bbox 3346 503 3511 557; x_wconf 86' lang='lat' dir='ltr'><strong>usque</strong></span> 
     </span>
    </p>
   </div>
   <div class='ocr_carea' id='block_1_6' title="bbox 225 571 1820 647">
    <p class='ocr_par' dir='ltr' id='par_1_6' title="bbox 225 571 1820 647">
     <span class='ocr_line' id='line_1_6' title="bbox 225 571 1820 647; baseline -0.007 -11"><span class='ocrx_word' id='word_1_45' title='bbox 225 591 348 638; x_wconf 84' lang='lat' dir='ltr'><strong>tem</strong></span> <span class='ocrx_word' id='word_1_46' title='bbox 378 579 643 636; x_wconf 87' lang='lat' dir='ltr'><strong>uolumus.</strong></span> <span class='ocrx_word' id='word_1_47' title='bbox 677 576 802 647; x_wconf 89' lang='lat' dir='ltr'><strong>(ld.,</strong></span> <span class='ocrx_word' id='word_1_48' title='bbox 830 585 984 630; x_wconf 86' lang='lat' dir='ltr'><strong>tract.</strong></span> <span class='ocrx_word' id='word_1_49' title='bbox 1010 574 1148 646; x_wconf 89' lang='lat' dir='ltr'><strong>psal.</strong></span> <span class='ocrx_word' id='word_1_50' title='bbox 1178 590 1307 641; x_wconf 79' lang='lat' dir='ltr'><strong>xxx,</strong></span> <span class='ocrx_word' id='word_1_51' title='bbox 1343 584 1473 630; x_wconf 92' lang='lat' dir='ltr'><strong>tom.</strong></span> <span class='ocrx_word' id='word_1_52' title='bbox 1505 571 1598 639; x_wconf 87' lang='lat' dir='ltr'><strong>IV,</strong></span> <span class='ocrx_word' id='word_1_53' title='bbox 1620 580 1820 644; x_wconf 88' lang='lat' dir='ltr'><strong>part.1,</strong></span> 
     </span>
    </p>
   </div>
   <div class='ocr_carea' id='block_1_7' title="bbox 222 670 526 741">
    <p class='ocr_par' dir='ltr' id='par_1_7' title="bbox 222 670 526 741">
     <span class='ocr_line' id='line_1_7' title="bbox 222 670 526 741; baseline -0.016 -12"><span class='ocrx_word' id='word_1_54' title='bbox 222 674 343 729; x_wconf 79' lang='lat' dir='ltr'><strong>col.</strong></span> <span class='ocrx_word' id='word_1_55' title='bbox 373 670 526 741; x_wconf 85' lang='grc'><strong>258.)</strong></span> 
     </span>
    </p>
   </div>
   <div class='ocr_carea' id='block_1_8' title="bbox 303 755 1822 829">
    <p class='ocr_par' dir='ltr' id='par_1_8' title="bbox 303 755 1822 829">
     <span class='ocr_line' id='line_1_8' title="bbox 303 755 1822 829; baseline -0.005 -11"><span class='ocrx_word' id='word_1_56' title='bbox 303 763 499 818; x_wconf 79' lang='lat' dir='ltr'><strong>Mortis</strong></span> <span class='ocrx_word' id='word_1_57' title='bbox 542 761 686 817; x_wconf 89' lang='lat' dir='ltr'><strong>diem</strong></span> <span class='ocrx_word' id='word_1_58' title='bbox 732 775 924 817; x_wconf 92' lang='lat' dir='ltr'><strong>omnes</strong></span> <span class='ocrx_word' id='word_1_59' title='bbox 967 758 1184 829; x_wconf 86' lang='lat' dir='ltr'><strong>quidem</strong></span> <span class='ocrx_word' id='word_1_60' title='bbox 1226 756 1517 812; x_wconf 71' lang='lat' dir='ltr'><strong>allaturum</strong></span> <span class='ocrx_word' id='word_1_61' title='bbox 1542 755 1738 823; x_wconf 89' lang='lat' dir='ltr'><strong>sciunt,</strong></span> <span class='ocrx_word' id='word_1_62' title='bbox 1766 765 1822 810; x_wconf 90' lang='lat' dir='ltr'><strong>et</strong></span> 
     </span>
    </p>
   </div>
   <div class='ocr_carea' id='block_1_9' title="bbox 218 845 1820 925">
    <p class='ocr_par' dir='ltr' id='par_1_9' title="bbox 218 845 1820 925">
     <span class='ocr_line' id='line_1_9' title="bbox 218 845 1820 925; baseline -0.005 -13"><span class='ocrx_word' id='word_1_63' title='bbox 218 870 382 921; x_wconf 84' lang='lat' dir='ltr'><strong>eum,</strong></span> <span class='ocrx_word' id='word_1_64' title='bbox 407 864 535 919; x_wconf 89' lang='lat' dir='ltr'><strong>etc.,</strong></span> <span class='ocrx_word' id='word_1_65' title='bbox 569 871 732 925; x_wconf 90' lang='lat' dir='ltr'><strong>usque</strong></span> <span class='ocrx_word' id='word_1_66' title='bbox 761 853 831 907; x_wconf 88' lang='lat' dir='ltr'><strong>ad</strong></span> <span class='ocrx_word' id='word_1_67' title='bbox 853 852 1230 907; x_wconf 82' lang='lat' dir='ltr'><strong>transferatur.</strong></span> <span class='ocrx_word' id='word_1_68' title='bbox 1257 850 1382 919; x_wconf 90' lang='lat' dir='ltr'><strong>(ld.,</strong></span> <span class='ocrx_word' id='word_1_69' title='bbox 1410 847 1500 903; x_wconf 87' lang='lat' dir='ltr'><strong>lib.</strong></span> <span class='ocrx_word' id='word_1_70' title='bbox 1528 849 1593 904; x_wconf 89' lang='lat' dir='ltr'><strong>de</strong></span> <span class='ocrx_word' id='word_1_71' title='bbox 1635 845 1820 904; x_wconf 78' lang='lat' dir='ltr'><strong>Gratia</strong></span> 
     </span>
    </p>
   </div>
   <div class='ocr_carea' id='block_1_10' title="bbox 220 943 1322 1015">
    <p class='ocr_par' dir='ltr' id='par_1_10' title="bbox 220 943 1322 1015">
     <span class='ocr_line' id='line_1_10' title="bbox 220 943 1322 1015; baseline -0.004 -13"><span class='ocrx_word' id='word_1_72' title='bbox 220 945 285 1002; x_wconf 85' lang='grc' dir='ltr'><em>Ν</em></span> <span class='ocrx_word' id='word_1_73' title='bbox 291 949 377 1003; x_wconf 78' lang='lat' dir='ltr'><strong>ovi</strong></span> <span class='ocrx_word' id='word_1_74' title='bbox 406 946 740 1011; x_wconf 85' lang='lat' dir='ltr'><strong>Testamenti,</strong></span> <span class='ocrx_word' id='word_1_75' title='bbox 780 957 912 1002; x_wconf 92' lang='lat' dir='ltr'><strong>tom.</strong></span> <span class='ocrx_word' id='word_1_76' title='bbox 940 944 1005 1010; x_wconf 86' lang='lat' dir='ltr'><strong>II,</strong></span> <span class='ocrx_word' id='word_1_77' title='bbox 1036 944 1139 1000; x_wconf 89' lang='lat' dir='ltr'><strong>col.</strong></span> <span class='ocrx_word' id='word_1_78' title='bbox 1172 943 1322 1015; x_wconf 76' lang='grc'><strong>544.)</strong></span> 
     </span>
    </p>
   </div>
   <div class='ocr_carea' id='block_1_11' title="bbox 304 1037 1821 1109">
    <p class='ocr_par' dir='ltr' id='par_1_11' title="bbox 304 1037 1821 1109">
     <span class='ocr_line' id='line_1_11' title="bbox 304 1037 1821 1109; baseline 0.001 -18"><span class='ocrx_word' id='word_1_79' title='bbox 304 1040 443 1094; x_wconf 74' lang='lat' dir='ltr'><strong>Vide</strong></span> <span class='ocrx_word' id='word_1_80' title='bbox 472 1041 605 1094; x_wconf 91' lang='lat' dir='ltr'><strong>duas</strong></span> <span class='ocrx_word' id='word_1_81' title='bbox 635 1049 856 1104; x_wconf 86' lang='lat' dir='ltr'><strong>mortes,</strong></span> <span class='ocrx_word' id='word_1_82' title='bbox 893 1054 1056 1092; x_wconf 89' lang='lat' dir='ltr'><strong>uuam</strong></span> <span class='ocrx_word' id='word_1_83' title='bbox 1083 1037 1453 1108; x_wconf 71' lang='lat' dir='ltr'><strong>temporalem,</strong></span> <span class='ocrx_word' id='word_1_84' title='bbox 1485 1046 1618 1102; x_wconf 86' lang='lat' dir='ltr'><strong>etc.,</strong></span> <span class='ocrx_word' id='word_1_85' title='bbox 1658 1054 1821 1109; x_wconf 81' lang='lat' dir='ltr'><strong>usque</strong></span> 
     </span>
    </p>
   </div>
   <div class='ocr_carea' id='block_1_12' title="bbox 217 1127 1820 1200">
    <p class='ocr_par' dir='ltr' id='par_1_12' title="bbox 217 1127 1820 1200">
     <span class='ocr_line' id='line_1_12' title="bbox 217 1127 1820 1200; baseline 0.001 -20"><span class='ocrx_word' id='word_1_86' title='bbox 217 1128 301 1181; x_wconf 86' lang='lat' dir='ltr'><strong>ad</strong></span> <span class='ocrx_word' id='word_1_87' title='bbox 338 1127 666 1198; x_wconf 89' lang='lat' dir='ltr'><strong>recipienda.</strong></span> <span class='ocrx_word' id='word_1_88' title='bbox 717 1128 838 1200; x_wconf 90' lang='lat' dir='ltr'><strong>(ld.,</strong></span> <span class='ocrx_word' id='word_1_89' title='bbox 885 1144 1043 1182; x_wconf 89' lang='lat' dir='ltr'><strong>serm.</strong></span> <span class='ocrx_word' id='word_1_90' title='bbox 1077 1132 1140 1181; x_wconf 88' lang='lat' dir='ltr'><strong>de</strong></span> <span class='ocrx_word' id='word_1_91' title='bbox 1172 1144 1351 1181; x_wconf 85' lang='lat' dir='ltr'><strong>amore</strong></span> <span class='ocrx_word' id='word_1_92' title='bbox 1388 1127 1506 1193; x_wconf 91' lang='lat' dir='ltr'><strong>Dei,</strong></span> <span class='ocrx_word' id='word_1_93' title='bbox 1547 1137 1594 1183; x_wconf 87' lang='lat' dir='ltr'><strong>et</strong></span> <span class='ocrx_word' id='word_1_94' title='bbox 1642 1144 1820 1182; x_wconf 89' lang='lat' dir='ltr'><strong>amore</strong></span> 
     </span>
    </p>
   </div>
   <div class='ocr_carea' id='block_1_13' title="bbox 215 1217 1313 1289">
    <p class='ocr_par' dir='ltr' id='par_1_13' title="bbox 215 1217 1313 1289">
     <span class='ocr_line' id='line_1_13' title="bbox 215 1217 1313 1289; baseline 0 -19"><span class='ocrx_word' id='word_1_95' title='bbox 215 1218 434 1279; x_wconf 69' lang='lat' dir='ltr'><strong>smculi.</strong></span> <span class='ocrx_word' id='word_1_96' title='bbox 469 1226 599 1273; x_wconf 93' lang='lat' dir='ltr'><strong>tom.</strong></span> <span class='ocrx_word' id='word_1_97' title='bbox 632 1218 699 1282; x_wconf 89' lang='lat' dir='ltr'><strong>V,</strong></span> <span class='ocrx_word' id='word_1_98' title='bbox 728 1227 872 1289; x_wconf 82' lang='lat' dir='ltr'><strong>part.</strong></span> <span class='ocrx_word' id='word_1_99' title='bbox 909 1233 969 1283; x_wconf 92' lang='grc' dir='ltr'><strong>ιι,</strong></span> <span class='ocrx_word' id='word_1_100' title='bbox 998 1217 1103 1272; x_wconf 88' lang='lat' dir='ltr'><strong>col.</strong></span> <span class='ocrx_word' id='word_1_101' title='bbox 1130 1217 1313 1288; x_wconf 83' lang='grc'><strong>1714.)</strong></span> 
     </span>
    </p>
   </div>
   <div class='ocr_carea' id='block_1_14' title="bbox 300 1308 1818 1382">
    <p class='ocr_par' dir='ltr' id='par_1_14' title="bbox 300 1308 1818 1382">
     <span class='ocr_line' id='line_1_14' title="bbox 300 1308 1818 1382; baseline -0.003 -14"><span class='ocrx_word' id='word_1_102' title='bbox 300 1311 441 1368; x_wconf 88' lang='lat' dir='ltr'><strong>Cum</strong></span> <span class='ocrx_word' id='word_1_103' title='bbox 468 1312 696 1382; x_wconf 76' lang='lat' dir='ltr'><strong>gratiam</strong></span> <span class='ocrx_word' id='word_1_104' title='bbox 720 1311 941 1367; x_wconf 87' lang='lat' dir='ltr'><strong>uberius</strong></span> <span class='ocrx_word' id='word_1_105' title='bbox 959 1312 1011 1364; x_wconf 87' lang='lat' dir='ltr'><strong>in</strong></span> <span class='ocrx_word' id='word_1_106' title='bbox 1028 1310 1255 1365; x_wconf 91' lang='lat' dir='ltr'><strong>Domino</strong></span> <span class='ocrx_word' id='word_1_107' title='bbox 1276 1308 1402 1365; x_wconf 82' lang='lat' dir='ltr'><strong>Jesu</strong></span> <span class='ocrx_word' id='word_1_108' title='bbox 1431 1309 1645 1365; x_wconf 83' lang='lat' dir='ltr'><strong>Christo</strong></span> <span class='ocrx_word' id='word_1_109' title='bbox 1670 1325 1818 1366; x_wconf 91' lang='lat' dir='ltr'><strong>com-</strong></span> 
     </span>
    </p>
   </div>
   <div class='ocr_carea' id='block_1_15' title="bbox 215 1400 1818 1472">
    <p class='ocr_par' dir='ltr' id='par_1_15' title="bbox 215 1400 1818 1472">
     <span class='ocr_line' id='line_1_15' title="bbox 215 1400 1818 1472; baseline 0 -16"><span class='ocrx_word' id='word_1_110' title='bbox 215 1405 519 1467; x_wconf 85' lang='lat' dir='ltr'><strong>mendans,</strong></span> <span class='ocrx_word' id='word_1_111' title='bbox 549 1411 676 1467; x_wconf 92' lang='lat' dir='ltr'><strong>etc.,</strong></span> <span class='ocrx_word' id='word_1_112' title='bbox 710 1418 872 1471; x_wconf 88' lang='lat' dir='ltr'><strong>usque</strong></span> <span class='ocrx_word' id='word_1_113' title='bbox 896 1402 965 1455; x_wconf 90' lang='lat' dir='ltr'><strong>ad</strong></span> <span class='ocrx_word' id='word_1_114' title='bbox 999 1402 1265 1471; x_wconf 89' lang='lat' dir='ltr'><strong>meipsum</strong></span> <span class='ocrx_word' id='word_1_115' title='bbox 1298 1400 1393 1455; x_wconf 86' lang='lat' dir='ltr'><strong>illi.</strong></span> <span class='ocrx_word' id='word_1_116' title='bbox 1429 1401 1526 1472; x_wconf 88' lang='lat' dir='ltr'><strong>(Id.</strong></span> <span class='ocrx_word' id='word_1_117' title='bbox 1549 1442 1565 1466; x_wconf 91' lang='lat'><strong>,</strong></span> <span class='ocrx_word' id='word_1_118' title='bbox 1614 1400 1706 1455; x_wconf 89' lang='lat' dir='ltr'><strong>lib.</strong></span> <span class='ocrx_word' id='word_1_119' title='bbox 1754 1401 1818 1456; x_wconf 89' lang='lat' dir='ltr'><strong>de</strong></span> 
     </span>
    </p>
   </div>
   <div class='ocr_carea' id='block_1_16' title="bbox 210 1492 1626 1566">
    <p class='ocr_par' dir='ltr' id='par_1_16' title="bbox 210 1492 1626 1566">
     <span class='ocr_line' id='line_1_16' title="bbox 210 1492 1626 1566; baseline -0.001 -19"><span class='ocrx_word' id='word_1_120' title='bbox 210 1492 439 1565; x_wconf 80' lang='lat' dir='ltr'><strong>Baptis.</strong></span> <span class='ocrx_word' id='word_1_121' title='bbox 467 1511 608 1565; x_wconf 88' lang='lat' dir='ltr'><strong>par.,</strong></span> <span class='ocrx_word' id='word_1_122' title='bbox 638 1503 769 1547; x_wconf 91' lang='lat' dir='ltr'><strong>tom.</strong></span> <span class='ocrx_word' id='word_1_123' title='bbox 796 1492 863 1560; x_wconf 86' lang='lat' dir='ltr'><strong>X,</strong></span> <span class='ocrx_word' id='word_1_124' title='bbox 894 1503 1034 1562; x_wconf 85' lang='lat' dir='ltr'><strong>part.</strong></span> <span class='ocrx_word' id='word_1_125' title='bbox 1068 1510 1107 1558; x_wconf 90' lang='lat'><strong>1,</strong></span> <span class='ocrx_word' id='word_1_126' title='bbox 1136 1493 1241 1548; x_wconf 88' lang='lat' dir='ltr'><strong>col.</strong></span> <span class='ocrx_word' id='word_1_127' title='bbox 1271 1492 1373 1548; x_wconf 89' lang='grc'><strong>110</strong></span> <span class='ocrx_word' id='word_1_128' title='bbox 1400 1504 1455 1548; x_wconf 89' lang='lat' dir='ltr'><strong>et</strong></span> <span class='ocrx_word' id='word_1_129' title='bbox 1485 1493 1626 1566; x_wconf 87' lang='lat' dir='ltr'><strong>seq.)</strong></span> 
     </span>
    </p>
   </div>
   <div class='ocr_carea' id='block_1_17' title="bbox 302 1585 1817 1655">
    <p class='ocr_par' dir='ltr' id='par_1_17' title="bbox 302 1585 1817 1655">
     <span class='ocr_line' id='line_1_17' title="bbox 302 1585 1817 1655; baseline 0 -16"><span class='ocrx_word' id='word_1_130' title='bbox 302 1586 558 1652; x_wconf 81' lang='lat' dir='ltr'><strong>Quandiu</strong></span> <span class='ocrx_word' id='word_1_131' title='bbox 605 1587 741 1640; x_wconf 85' lang='lat' dir='ltr'><strong>enim</strong></span> <span class='ocrx_word' id='word_1_132' title='bbox 787 1601 966 1638; x_wconf 88' lang='lat' dir='ltr'><strong>sumus</strong></span> <span class='ocrx_word' id='word_1_133' title='bbox 1010 1585 1065 1637; x_wconf 90' lang='lat' dir='ltr'><strong>in</strong></span> <span class='ocrx_word' id='word_1_134' title='bbox 1103 1600 1338 1654; x_wconf 86' lang='lat' dir='ltr'><strong>corpore,</strong></span> <span class='ocrx_word' id='word_1_135' title='bbox 1366 1586 1817 1655; x_wconf 84' lang='lat' dir='ltr'><strong>peregrinamura</strong></span> 
     </span>
    </p>
   </div>
   <div class='ocr_carea' id='block_1_18' title="bbox 210 1675 1817 1745">
    <p class='ocr_par' dir='ltr' id='par_1_18' title="bbox 210 1675 1817 1745">
     <span class='ocr_line' id='line_1_18' title="bbox 210 1675 1817 1745; baseline -0.001 -13"><span class='ocrx_word' id='word_1_136' title='bbox 210 1676 479 1733; x_wconf 83' lang='lat' dir='ltr'><strong>Domino.</strong></span> <span class='ocrx_word' id='word_1_137' title='bbox 526 1675 632 1730; x_wconf 90' lang='lat' dir='ltr'><strong>Per</strong></span> <span class='ocrx_word' id='word_1_138' title='bbox 679 1675 839 1730; x_wconf 82' lang='lat' dir='ltr'><strong>tidem</strong></span> <span class='ocrx_word' id='word_1_139' title='bbox 891 1675 1038 1730; x_wconf 90' lang='lat' dir='ltr'><strong>enim</strong></span> <span class='ocrx_word' id='word_1_140' title='bbox 1084 1676 1673 1731; x_wconf 88' lang='lat' dir='ltr'><strong>ambulamus:etnon</strong></span> <span class='ocrx_word' id='word_1_141' title='bbox 1719 1691 1817 1745; x_wconf 92' lang='lat' dir='ltr'><strong>per</strong></span> 
     </span>
    </p>
   </div>
   <div class='ocr_carea' id='block_1_19' title="bbox 1922 572 3508 648">
    <p class='ocr_par' dir='ltr' id='par_1_19' title="bbox 1922 572 3508 648">
     <span class='ocr_line' id='line_1_19' title="bbox 1922 572 3508 648; baseline 0.004 -22"><span class='ocrx_word' id='word_1_142' title='bbox 1922 572 1992 626; x_wconf 88' lang='lat' dir='ltr'><strong>ad</strong></span> <span class='ocrx_word' id='word_1_143' title='bbox 2020 573 2211 628; x_wconf 79' lang='lat' dir='ltr'><strong>suadet</strong></span> <span class='ocrx_word' id='word_1_144' title='bbox 2252 575 2555 630; x_wconf 80' lang='lat' dir='ltr'><strong>veritatem.</strong></span> <span class='ocrx_word' id='word_1_145' title='bbox 2618 575 2742 641; x_wconf 86' lang='lat' dir='ltr'><strong>(ld.,</strong></span> <span class='ocrx_word' id='word_1_146' title='bbox 2771 577 2827 630; x_wconf 88' lang='lat' dir='ltr'><strong>in</strong></span> <span class='ocrx_word' id='word_1_147' title='bbox 2851 576 3052 648; x_wconf 72' lang='lat' dir='ltr'><strong>Expos.</strong></span> <span class='ocrx_word' id='word_1_148' title='bbox 3078 577 3232 647; x_wconf 83' lang='lat' dir='ltr'><strong>epist.</strong></span> <span class='ocrx_word' id='word_1_149' title='bbox 3259 578 3329 632; x_wconf 90' lang='lat' dir='ltr'><strong>ad</strong></span> <span class='ocrx_word' id='word_1_150' title='bbox 3359 578 3508 647; x_wconf 82' lang='lat' dir='ltr'><strong>Gal.,</strong></span> 
     </span>
    </p>
   </div>
   <div class='ocr_carea' id='block_1_20' title="bbox 1926 664 2841 740">
    <p class='ocr_par' dir='ltr' id='par_1_20' title="bbox 1926 664 2841 740">
     <span class='ocr_line' id='line_1_20' title="bbox 1926 664 2841 740; baseline 0.002 -21"><span class='ocrx_word' id='word_1_151' title='bbox 1926 673 2055 719; x_wconf 92' lang='lat' dir='ltr'><strong>tom.</strong></span> <span class='ocrx_word' id='word_1_152' title='bbox 2089 664 2157 719; x_wconf 92' lang='lat' dir='ltr'><strong>IIl</strong></span> <span class='ocrx_word' id='word_1_153' title='bbox 2178 705 2193 731; x_wconf 94' lang='lat'><strong>,</strong></span> <span class='ocrx_word' id='word_1_154' title='bbox 2237 675 2380 736; x_wconf 87' lang='lat' dir='ltr'><strong>part.</strong></span> <span class='ocrx_word' id='word_1_155' title='bbox 2426 683 2490 732; x_wconf 88' lang='lat'><strong>11,</strong></span> <span class='ocrx_word' id='word_1_156' title='bbox 2521 667 2624 722; x_wconf 92' lang='lat' dir='ltr'><strong>col.</strong></span> <span class='ocrx_word' id='word_1_157' title='bbox 2650 667 2841 740; x_wconf 90' lang='grc'><strong>2109.)</strong></span> 
     </span>
    </p>
   </div>
   <div class='ocr_carea' id='block_1_21' title="bbox 1993 744 3511 833">
    <p class='ocr_par' dir='ltr' id='par_1_21' title="bbox 1993 744 3511 833">
     <span class='ocr_line' id='line_1_21' title="bbox 1993 744 3511 833; baseline 0.005 -24"><span class='ocrx_word' id='word_1_158' title='bbox 1993 744 2114 810; x_wconf 78' lang='lat' dir='ltr'><strong>Sive</strong></span> <span class='ocrx_word' id='word_1_159' title='bbox 2152 756 2291 809; x_wconf 85' lang='lat' dir='ltr'><strong>enim</strong></span> <span class='ocrx_word' id='word_1_160' title='bbox 2325 758 2495 811; x_wconf 76' lang='lat' dir='ltr'><strong>mente</strong></span> <span class='ocrx_word' id='word_1_161' title='bbox 2531 760 2849 825; x_wconf 74' lang='lat' dir='ltr'><strong>exeedimus,</strong></span> <span class='ocrx_word' id='word_1_162' title='bbox 2894 766 3026 824; x_wconf 90' lang='lat' dir='ltr'><strong>etc.,</strong></span> <span class='ocrx_word' id='word_1_163' title='bbox 3064 775 3237 831; x_wconf 90' lang='lat' dir='ltr'><strong>usque</strong></span> <span class='ocrx_word' id='word_1_164' title='bbox 3263 762 3331 819; x_wconf 76' lang='lat' dir='ltr'><strong>ad</strong></span> <span class='ocrx_word' id='word_1_165' title='bbox 3362 772 3511 833; x_wconf 79' lang='lat' dir='ltr'><strong>urget</strong></span> 
     </span>
    </p>
   </div>
   <div class='ocr_carea' id='block_1_22' title="bbox 1920 847 3510 922">
    <p class='ocr_par' dir='ltr' id='par_1_22' title="bbox 1920 847 3510 922">
     <span class='ocr_line' id='line_1_22' title="bbox 1920 847 3510 922; baseline 0.004 -21"><span class='ocrx_word' id='word_1_166' title='bbox 1920 864 2031 902; x_wconf 87' lang='lat' dir='ltr'><strong>nos.</strong></span> <span class='ocrx_word' id='word_1_167' title='bbox 2090 847 2353 903; x_wconf 74' lang='lat' dir='ltr'><strong>Videbitis</strong></span> <span class='ocrx_word' id='word_1_168' title='bbox 2415 850 2610 904; x_wconf 67' lang='lat' dir='ltr'><strong>caelum</strong></span> <span class='ocrx_word' id='word_1_169' title='bbox 2654 859 2898 921; x_wconf 86' lang='lat' dir='ltr'><strong>apertum</strong></span> <span class='ocrx_word' id='word_1_170' title='bbox 2927 868 2940 905; x_wconf 90' lang='lat'><strong>:</strong></span> <span class='ocrx_word' id='word_1_171' title='bbox 2967 858 3022 906; x_wconf 89' lang='lat' dir='ltr'><strong>et</strong></span> <span class='ocrx_word' id='word_1_172' title='bbox 3050 851 3269 922; x_wconf 78' lang='lat' dir='ltr'><strong>angelos</strong></span> <span class='ocrx_word' id='word_1_173' title='bbox 3311 867 3510 909; x_wconf 82' lang='lat' dir='ltr'><strong>ascen-</strong></span> 
     </span>
    </p>
   </div>
   <div class='ocr_carea' id='block_1_23' title="bbox 1920 935 3511 1010">
    <p class='ocr_par' dir='ltr' id='par_1_23' title="bbox 1920 935 3511 1010">
     <span class='ocr_line' id='line_1_23' title="bbox 1920 935 3511 1010; baseline 0.005 -20"><span class='ocrx_word' id='word_1_174' title='bbox 1920 935 2112 991; x_wconf 88' lang='lat' dir='ltr'><strong>dentes</strong></span> <span class='ocrx_word' id='word_1_175' title='bbox 2146 944 2201 991; x_wconf 90' lang='lat' dir='ltr'><strong>et</strong></span> <span class='ocrx_word' id='word_1_176' title='bbox 2243 938 2631 995; x_wconf 85' lang='lat' dir='ltr'><strong>descendentes</strong></span> <span class='ocrx_word' id='word_1_177' title='bbox 2675 954 2834 1010; x_wconf 89' lang='lat' dir='ltr'><strong>supra</strong></span> <span class='ocrx_word' id='word_1_178' title='bbox 2865 939 3032 994; x_wconf 82' lang='lat' dir='ltr'><strong>tilium</strong></span> <span class='ocrx_word' id='word_1_179' title='bbox 3082 941 3337 997; x_wconf 83' lang='lat' dir='ltr'><strong>hominis.</strong></span> <span class='ocrx_word' id='word_1_180' title='bbox 3369 942 3511 999; x_wconf 82' lang='lat' dir='ltr'><strong>Audi</strong></span> 
     </span>
    </p>
   </div>
   <div class='ocr_carea' id='block_1_24' title="bbox 1919 1026 3509 1102">
    <p class='ocr_par' dir='ltr' id='par_1_24' title="bbox 1919 1026 3509 1102">
     <span class='ocr_line' id='line_1_24' title="bbox 1919 1026 3509 1102; baseline 0.006 -23"><span class='ocrx_word' id='word_1_181' title='bbox 1919 1041 2028 1080; x_wconf 89' lang='lat' dir='ltr'><strong>uno</strong></span> <span class='ocrx_word' id='word_1_182' title='bbox 2046 1026 2183 1092; x_wconf 93' lang='lat' dir='ltr'><strong>Ioco,</strong></span> <span class='ocrx_word' id='word_1_183' title='bbox 2209 1036 2339 1092; x_wconf 91' lang='lat' dir='ltr'><strong>etc.,</strong></span> <span class='ocrx_word' id='word_1_184' title='bbox 2370 1044 2532 1100; x_wconf 83' lang='lat' dir='ltr'><strong>usque</strong></span> <span class='ocrx_word' id='word_1_185' title='bbox 2557 1029 2627 1082; x_wconf 83' lang='lat' dir='ltr'><strong>ad</strong></span> <span class='ocrx_word' id='word_1_186' title='bbox 2647 1030 3055 1099; x_wconf 59' lang='lat' dir='ltr'><strong>praedicatione.</strong></span> <span class='ocrx_word' id='word_1_187' title='bbox 3093 1030 3217 1102; x_wconf 83' lang='lat' dir='ltr'><strong>(ld.,</strong></span> <span class='ocrx_word' id='word_1_188' title='bbox 3249 1043 3406 1088; x_wconf 85' lang='lat' dir='ltr'><strong>tract.</strong></span> <span class='ocrx_word' id='word_1_189' title='bbox 3434 1050 3509 1089; x_wconf 85' lang='lat' dir='ltr'><strong>vn</strong></span> 
     </span>
    </p>
   </div>
   <div class='ocr_carea' id='block_1_25' title="bbox 1919 1118 3508 1196">
    <p class='ocr_par' dir='ltr' id='par_1_25' title="bbox 1919 1118 3508 1196">
     <span class='ocr_line' id='line_1_25' title="bbox 1919 1118 3508 1196; baseline 0.005 -26"><span class='ocrx_word' id='word_1_190' title='bbox 1919 1118 2220 1184; x_wconf 74' lang='lat' dir='ltr'><strong>eban1.sec.</strong></span> <span class='ocrx_word' id='word_1_191' title='bbox 2239 1118 2396 1171; x_wconf 87' lang='lat' dir='ltr'><strong>Joan.</strong></span> <span class='ocrx_word' id='word_1_192' title='bbox 2417 1135 2456 1182; x_wconf 89' lang='lat'><strong>1,</strong></span> <span class='ocrx_word' id='word_1_193' title='bbox 2483 1127 2611 1173; x_wconf 92' lang='lat' dir='ltr'><strong>tom.</strong></span> <span class='ocrx_word' id='word_1_194' title='bbox 2631 1119 2714 1184; x_wconf 93' lang='lat' dir='ltr'><strong>III,</strong></span> <span class='ocrx_word' id='word_1_195' title='bbox 2738 1129 2879 1191; x_wconf 85' lang='lat' dir='ltr'><strong>part.</strong></span> <span class='ocrx_word' id='word_1_196' title='bbox 2906 1138 2943 1186; x_wconf 89' lang='lat'><strong>1,</strong></span> <span class='ocrx_word' id='word_1_197' title='bbox 2973 1122 3076 1177; x_wconf 91' lang='lat' dir='ltr'><strong>col.</strong></span> <span class='ocrx_word' id='word_1_198' title='bbox 3107 1122 3245 1177; x_wconf 78' lang='grc'><strong>1449</strong></span> <span class='ocrx_word' id='word_1_199' title='bbox 3275 1132 3330 1179; x_wconf 88' lang='lat' dir='ltr'><strong>et</strong></span> <span class='ocrx_word' id='word_1_200' title='bbox 3361 1124 3508 1196; x_wconf 87' lang='lat' dir='ltr'><strong>seq.)</strong></span> 
     </span>
    </p>
   </div>
   <div class='ocr_carea' id='block_1_26' title="bbox 1987 1205 3507 1281">
    <p class='ocr_par' dir='ltr' id='par_1_26' title="bbox 1987 1205 3507 1281">
     <span class='ocr_line' id='line_1_26' title="bbox 1987 1205 3507 1281; baseline 0.007 -22"><span class='ocrx_word' id='word_1_201' title='bbox 1987 1205 2205 1261; x_wconf 79' lang='lat' dir='ltr'><strong>Extasis</strong></span> <span class='ocrx_word' id='word_1_202' title='bbox 2233 1208 2453 1262; x_wconf 89' lang='lat' dir='ltr'><strong>verbum</strong></span> <span class='ocrx_word' id='word_1_203' title='bbox 2465 1218 2549 1263; x_wconf 90' lang='lat' dir='ltr'><strong>est</strong></span> <span class='ocrx_word' id='word_1_204' title='bbox 2569 1207 2838 1276; x_wconf 76' lang='lat' dir='ltr'><strong>Gneeum,</strong></span> <span class='ocrx_word' id='word_1_205' title='bbox 2859 1210 3072 1277; x_wconf 87' lang='lat' dir='ltr'><strong>Latine,</strong></span> <span class='ocrx_word' id='word_1_206' title='bbox 3088 1222 3507 1281; x_wconf 87' lang='lat' dir='ltr'><strong>quantum,etc.,</strong></span> 
     </span>
    </p>
   </div>
   <div class='ocr_carea' id='block_1_27' title="bbox 1918 1299 3506 1375">
    <p class='ocr_par' dir='ltr' id='par_1_27' title="bbox 1918 1299 3506 1375">
     <span class='ocr_line' id='line_1_27' title="bbox 1918 1299 3506 1375; baseline 0.008 -25"><span class='ocrx_word' id='word_1_207' title='bbox 1918 1314 2080 1369; x_wconf 87' lang='lat' dir='ltr'><strong>usque</strong></span> <span class='ocrx_word' id='word_1_208' title='bbox 2107 1299 2176 1352; x_wconf 87' lang='lat' dir='ltr'><strong>ad</strong></span> <span class='ocrx_word' id='word_1_209' title='bbox 2201 1300 2507 1355; x_wconf 88' lang='lat' dir='ltr'><strong>utdiceret.</strong></span> <span class='ocrx_word' id='word_1_210' title='bbox 2549 1300 2676 1371; x_wconf 90' lang='lat' dir='ltr'><strong>(ld.,</strong></span> <span class='ocrx_word' id='word_1_211' title='bbox 2702 1313 2858 1359; x_wconf 84' lang='lat' dir='ltr'><strong>tract.</strong></span> <span class='ocrx_word' id='word_1_212' title='bbox 2897 1304 3031 1375; x_wconf 86' lang='lat' dir='ltr'><strong>psal.</strong></span> <span class='ocrx_word' id='word_1_213' title='bbox 3076 1321 3209 1372; x_wconf 80' lang='lat' dir='ltr'><strong>xxx,</strong></span> <span class='ocrx_word' id='word_1_214' title='bbox 3243 1316 3374 1362; x_wconf 91' lang='lat' dir='ltr'><strong>tom.</strong></span> <span class='ocrx_word' id='word_1_215' title='bbox 3416 1307 3506 1375; x_wconf 82' lang='lat' dir='ltr'><strong>IV,</strong></span> 
     </span>
    </p>
   </div>
   <div class='ocr_carea' id='block_1_28' title="bbox 1916 1390 2463 1464">
    <p class='ocr_par' dir='ltr' id='par_1_28' title="bbox 1916 1390 2463 1464">
     <span class='ocr_line' id='line_1_28' title="bbox 1916 1390 2463 1464; baseline 0.005 -21"><span class='ocrx_word' id='word_1_216' title='bbox 1916 1398 2059 1461; x_wconf 86' lang='lat' dir='ltr'><strong>part.</strong></span> <span class='ocrx_word' id='word_1_217' title='bbox 2094 1406 2144 1454; x_wconf 89' lang='lat'><strong>1,</strong></span> <span class='ocrx_word' id='word_1_218' title='bbox 2172 1390 2274 1444; x_wconf 90' lang='lat' dir='ltr'><strong>col.</strong></span> <span class='ocrx_word' id='word_1_219' title='bbox 2310 1391 2463 1464; x_wconf 93' lang='grc'><strong>250.)</strong></span> 
     </span>
    </p>
   </div>
   <div class='ocr_carea' id='block_1_29' title="bbox 1991 1480 3505 1564">
    <p class='ocr_par' dir='ltr' id='par_1_29' title="bbox 1991 1480 3505 1564">
     <span class='ocr_line' id='line_1_29' title="bbox 1991 1480 3505 1564; baseline 0.009 -28"><span class='ocrx_word' id='word_1_220' title='bbox 1991 1480 2136 1547; x_wconf 85' lang='lat' dir='ltr'><strong>Sive,</strong></span> <span class='ocrx_word' id='word_1_221' title='bbox 2162 1483 2355 1553; x_wconf 86' lang='lat' dir='ltr'><strong>inquit,</strong></span> <span class='ocrx_word' id='word_1_222' title='bbox 2382 1493 2564 1541; x_wconf 89' lang='lat' dir='ltr'><strong>mente</strong></span> <span class='ocrx_word' id='word_1_223' title='bbox 2589 1488 2958 1552; x_wconf 86' lang='lat' dir='ltr'><strong>excessimus,</strong></span> <span class='ocrx_word' id='word_1_224' title='bbox 2986 1499 3092 1546; x_wconf 88' lang='lat' dir='ltr'><strong>etc.</strong></span> <span class='ocrx_word' id='word_1_225' title='bbox 3112 1532 3128 1558; x_wconf 95' lang='lat'><strong>,</strong></span> <span class='ocrx_word' id='word_1_226' title='bbox 3166 1508 3329 1564; x_wconf 86' lang='lat' dir='ltr'><strong>usque</strong></span> <span class='ocrx_word' id='word_1_227' title='bbox 3355 1495 3426 1548; x_wconf 86' lang='lat' dir='ltr'><strong>ad</strong></span> <span class='ocrx_word' id='word_1_228' title='bbox 3453 1496 3505 1550; x_wconf 89' lang='lat' dir='ltr'><strong>in</strong></span> 
     </span>
    </p>
   </div>
   <div class='ocr_carea' id='block_1_30' title="bbox 1917 1574 3506 1660">
    <p class='ocr_par' dir='ltr' id='par_1_30' title="bbox 1917 1574 3506 1660">
     <span class='ocr_line' id='line_1_30' title="bbox 1917 1574 3506 1660; baseline 0.008 -31"><span class='ocrx_word' id='word_1_229' title='bbox 1917 1574 2093 1629; x_wconf 82' lang='lat' dir='ltr'><strong>nobis.</strong></span> <span class='ocrx_word' id='word_1_230' title='bbox 2115 1576 2407 1646; x_wconf 87' lang='lat' dir='ltr'><strong>(ld.,tracl.</strong></span> <span class='ocrx_word' id='word_1_231' title='bbox 2440 1579 2492 1631; x_wconf 83' lang='lat' dir='ltr'><strong>in</strong></span> <span class='ocrx_word' id='word_1_232' title='bbox 2517 1579 2651 1648; x_wconf 84' lang='lat' dir='ltr'><strong>psal.</strong></span> <span class='ocrx_word' id='word_1_233' title='bbox 2671 1596 2791 1646; x_wconf 87' lang='lat' dir='ltr'><strong>cm,</strong></span> <span class='ocrx_word' id='word_1_234' title='bbox 2809 1590 2846 1635; x_wconf 93' lang='lat' dir='ltr'><strong>t.</strong></span> <span class='ocrx_word' id='word_1_235' title='bbox 2873 1581 2959 1647; x_wconf 87' lang='lat' dir='ltr'><strong>IV,</strong></span> <span class='ocrx_word' id='word_1_236' title='bbox 2985 1595 3128 1654; x_wconf 88' lang='lat' dir='ltr'><strong>part.</strong></span> <span class='ocrx_word' id='word_1_237' title='bbox 3161 1600 3223 1651; x_wconf 92' lang='grc' dir='ltr'><strong>ιι,</strong></span> <span class='ocrx_word' id='word_1_238' title='bbox 3250 1587 3506 1660; x_wconf 66' lang='lat' dir='ltr'><strong>c.1364.)</strong></span> 
     </span>
    </p>
   </div>
   <div class='ocr_carea' id='block_1_31' title="bbox 1988 1666 3506 1745">
    <p class='ocr_par' dir='ltr' id='par_1_31' title="bbox 1988 1666 3506 1745">
     <span class='ocr_line' id='line_1_31' title="bbox 1988 1666 3506 1745; baseline 0.008 -23"><span class='ocrx_word' id='word_1_239' title='bbox 1988 1666 2302 1740; x_wconf 80' lang='lat' dir='ltr'><strong>Cogitemus</strong></span> <span class='ocrx_word' id='word_1_240' title='bbox 2328 1670 2457 1740; x_wconf 88' lang='lat' dir='ltr'><strong>quid</strong></span> <span class='ocrx_word' id='word_1_241' title='bbox 2491 1673 2645 1727; x_wconf 88' lang='lat' dir='ltr'><strong>nobis</strong></span> <span class='ocrx_word' id='word_1_242' title='bbox 2672 1684 3059 1745; x_wconf 79' lang='lat' dir='ltr'><strong>praerogatum,</strong></span> <span class='ocrx_word' id='word_1_243' title='bbox 3089 1686 3222 1744; x_wconf 91' lang='lat' dir='ltr'><strong>etc.,</strong></span> <span class='ocrx_word' id='word_1_244' title='bbox 3252 1695 3414 1741; x_wconf 89' lang='lat' dir='ltr'><strong>usque</strong></span> <span class='ocrx_word' id='word_1_245' title='bbox 3434 1681 3506 1734; x_wconf 86' lang='lat' dir='ltr'><strong>ad</strong></span> 
     </span>
    </p>
   </div>
   <div class='ocr_carea' id='block_1_32' title="bbox 211 1757 3491 1838">
    <p class='ocr_par' dir='ltr' id='par_1_32' title="bbox 211 1757 3491 1838">
     <span class='ocr_line' id='line_1_32' title="bbox 211 1757 3491 1838; baseline 0.013 -53"><span class='ocrx_word' id='word_1_246' title='bbox 211 1768 489 1838; x_wconf 50' lang='lat' dir='ltr'><strong>speciem.</strong></span> <span class='ocrx_word' id='word_1_247' title='bbox 517 1767 793 1821; x_wconf 69' lang='lat' dir='ltr'><strong>Audemus</strong></span> <span class='ocrx_word' id='word_1_248' title='bbox 821 1775 1000 1820; x_wconf 52' lang='lat' dir='ltr'><strong>autem</strong></span> <span class='ocrx_word' id='word_1_249' title='bbox 1023 1776 1077 1819; x_wconf 67' lang='grc' dir='ltr'><strong>ει</strong></span> <span class='ocrx_word' id='word_1_250' title='bbox 1100 1766 1296 1820; x_wconf 63' lang='lat' dir='ltr'><strong>bonam</strong></span> <span class='ocrx_word' id='word_1_251' title='bbox 1316 1765 1810 1831; x_wconf 61' lang='lat' dir='ltr'><strong>v01unmwm,elc,,</strong></span> <span class='ocrx_word' id='word_1_252' title='bbox 1846 1769 1889 1827; x_wconf 82' lang='grc' dir='ltr'><strong>Β</strong></span> <span class='ocrx_word' id='word_1_253' title='bbox 1919 1757 2164 1812; x_wconf 86' lang='lat' dir='ltr'><strong>salutem.</strong></span> <span class='ocrx_word' id='word_1_254' title='bbox 2199 1759 2321 1831; x_wconf 88' lang='lat' dir='ltr'><strong>(ld.,</strong></span> <span class='ocrx_word' id='word_1_255' title='bbox 2351 1760 2440 1815; x_wconf 90' lang='lat' dir='ltr'><strong>lib.</strong></span> <span class='ocrx_word' id='word_1_256' title='bbox 2469 1763 2532 1816; x_wconf 89' lang='lat' dir='ltr'><strong>de</strong></span> <span class='ocrx_word' id='word_1_257' title='bbox 2554 1762 2953 1821; x_wconf 77' lang='lat' dir='ltr'><strong>Catechizandis</strong></span> <span class='ocrx_word' id='word_1_258' title='bbox 2981 1769 3221 1835; x_wconf 78' lang='lat' dir='ltr'><strong>rudibus,</strong></span> <span class='ocrx_word' id='word_1_259' title='bbox 3249 1779 3379 1825; x_wconf 91' lang='lat' dir='ltr'><strong>tom.</strong></span> <span class='ocrx_word' id='word_1_260' title='bbox 3404 1770 3491 1835; x_wconf 90' lang='lat' dir='ltr'><strong>VI,</strong></span> 
     </span>
    </p>
   </div>
   <div class='ocr_carea' id='block_1_33' title="bbox 208 1854 1810 1926">
    <p class='ocr_par' dir='ltr' id='par_1_33' title="bbox 208 1854 1810 1926">
     <span class='ocr_line' id='line_1_33' title="bbox 208 1854 1810 1926; baseline 0 -15"><span class='ocrx_word' id='word_1_261' title='bbox 208 1874 393 1925; x_wconf 75' lang='lat' dir='ltr'><strong>usque</strong></span> <span class='ocrx_word' id='word_1_262' title='bbox 418 1856 488 1910; x_wconf 86' lang='lat' dir='ltr'><strong>ad</strong></span> <span class='ocrx_word' id='word_1_263' title='bbox 518 1858 570 1910; x_wconf 91' lang='lat' dir='ltr'><strong>in</strong></span> <span class='ocrx_word' id='word_1_264' title='bbox 602 1856 845 1926; x_wconf 87' lang='lat' dir='ltr'><strong>psalmis.</strong></span> <span class='ocrx_word' id='word_1_265' title='bbox 891 1855 1014 1925; x_wconf 84' lang='lat' dir='ltr'><strong>(ld.,</strong></span> <span class='ocrx_word' id='word_1_266' title='bbox 1041 1854 1132 1910; x_wconf 88' lang='lat' dir='ltr'><strong>lib.</strong></span> <span class='ocrx_word' id='word_1_267' title='bbox 1155 1856 1220 1910; x_wconf 87' lang='lat' dir='ltr'><strong>de</strong></span> <span class='ocrx_word' id='word_1_268' title='bbox 1251 1855 1441 1910; x_wconf 84' lang='lat' dir='ltr'><strong>Trinit.</strong></span> <span class='ocrx_word' id='word_1_269' title='bbox 1474 1858 1698 1910; x_wconf 79' lang='lat' dir='ltr'><strong>Actuum</strong></span> <span class='ocrx_word' id='word_1_270' title='bbox 1718 1872 1810 1924; x_wconf 77' lang='lat' dir='ltr'><strong>xv,</strong></span> 
     </span>
    </p>
   </div>
   <div class='ocr_carea' id='block_1_34' title="bbox 210 1946 825 2018">
    <p class='ocr_par' dir='ltr' id='par_1_34' title="bbox 210 1946 825 2018">
     <span class='ocr_line' id='line_1_34' title="bbox 210 1946 825 2018; baseline -0.002 -17"><span class='ocrx_word' id='word_1_271' title='bbox 210 1946 427 2001; x_wconf 77' lang='lat' dir='ltr'><strong>Matth.</strong></span> <span class='ocrx_word' id='word_1_272' title='bbox 457 1963 511 2013; x_wconf 89' lang='lat' dir='ltr'><strong>v,</strong></span> <span class='ocrx_word' id='word_1_273' title='bbox 541 1947 673 2018; x_wconf 86' lang='lat' dir='ltr'><strong>psal.</strong></span> <span class='ocrx_word' id='word_1_274' title='bbox 709 1946 825 2018; x_wconf 88' lang='lat'><strong>90.)</strong></span> 
     </span>
    </p>
   </div>
   <div class='ocr_carea' id='block_1_35' title="bbox 216 2036 1807 2109">
    <p class='ocr_par' dir='ltr' id='par_1_35' title="bbox 216 2036 1807 2109">
     <span class='ocr_line' id='line_1_35' title="bbox 216 2036 1807 2109; baseline 0.002 -18"><span class='ocrx_word' id='word_1_275' title='bbox 216 2050 221 2053; x_wconf 75' lang='lat'><strong>&#39;</strong></span> <span class='ocrx_word' id='word_1_276' title='bbox 294 2037 565 2107; x_wconf 84' lang='lat' dir='ltr'><strong>Agnosco,</strong></span> <span class='ocrx_word' id='word_1_277' title='bbox 590 2037 837 2102; x_wconf 85' lang='lat' dir='ltr'><strong>Domine,</strong></span> <span class='ocrx_word' id='word_1_278' title='bbox 864 2046 923 2092; x_wconf 95' lang='lat' dir='ltr'><strong>ut</strong></span> <span class='ocrx_word' id='word_1_279' title='bbox 942 2052 1181 2109; x_wconf 91' lang='lat' dir='ltr'><strong>possum.</strong></span> <span class='ocrx_word' id='word_1_280' title='bbox 1208 2036 1476 2092; x_wconf 83' lang='lat' dir='ltr'><strong>Nimirum</strong></span> <span class='ocrx_word' id='word_1_281' title='bbox 1502 2038 1653 2103; x_wconf 88' lang='lat' dir='ltr'><strong>illud,</strong></span> <span class='ocrx_word' id='word_1_282' title='bbox 1677 2048 1807 2107; x_wconf 83' lang='lat' dir='ltr'><strong>etc.,</strong></span> 
     </span>
    </p>
   </div>
   <div class='ocr_carea' id='block_1_36' title="bbox 206 2129 1807 2203">
    <p class='ocr_par' dir='ltr' id='par_1_36' title="bbox 206 2129 1807 2203">
     <span class='ocr_line' id='line_1_36' title="bbox 206 2129 1807 2203; baseline 0.002 -20"><span class='ocrx_word' id='word_1_283' title='bbox 206 2146 391 2201; x_wconf 86' lang='lat' dir='ltr'><strong>usque</strong></span> <span class='ocrx_word' id='word_1_284' title='bbox 411 2130 479 2184; x_wconf 89' lang='lat' dir='ltr'><strong>ad</strong></span> <span class='ocrx_word' id='word_1_285' title='bbox 499 2130 553 2184; x_wconf 89' lang='lat' dir='ltr'><strong>in</strong></span> <span class='ocrx_word' id='word_1_286' title='bbox 576 2129 754 2186; x_wconf 87' lang='lat' dir='ltr'><strong>nobis.</strong></span> <span class='ocrx_word' id='word_1_287' title='bbox 774 2130 898 2203; x_wconf 89' lang='lat' dir='ltr'><strong>(ld.,</strong></span> <span class='ocrx_word' id='word_1_288' title='bbox 916 2139 1070 2183; x_wconf 88' lang='lat' dir='ltr'><strong>tract.</strong></span> <span class='ocrx_word' id='word_1_289' title='bbox 1097 2129 1298 2201; x_wconf 83' lang='lat' dir='ltr'><strong>Evang.</strong></span> <span class='ocrx_word' id='word_1_290' title='bbox 1316 2146 1419 2184; x_wconf 85' lang='lat' dir='ltr'><strong>sec.</strong></span> <span class='ocrx_word' id='word_1_291' title='bbox 1437 2129 1595 2185; x_wconf 78' lang='lat' dir='ltr'><strong>Joan.</strong></span> <span class='ocrx_word' id='word_1_292' title='bbox 1617 2148 1807 2199; x_wconf 75' lang='lat' dir='ltr'><strong>vam,</strong></span> 
     </span>
    </p>
   </div>
   <div class='ocr_carea' id='block_1_37' title="bbox 209 2220 1073 2293">
    <p class='ocr_par' dir='ltr' id='par_1_37' title="bbox 209 2220 1073 2293">
     <span class='ocr_line' id='line_1_37' title="bbox 209 2220 1073 2293; baseline -0.001 -19"><span class='ocrx_word' id='word_1_293' title='bbox 209 2228 354 2275; x_wconf 86' lang='lat' dir='ltr'><strong>tom.</strong></span> <span class='ocrx_word' id='word_1_294' title='bbox 388 2220 473 2282; x_wconf 88' lang='lat' dir='ltr'><strong>III.</strong></span> <span class='ocrx_word' id='word_1_295' title='bbox 501 2230 642 2290; x_wconf 89' lang='lat' dir='ltr'><strong>part.</strong></span> <span class='ocrx_word' id='word_1_296' title='bbox 670 2236 732 2287; x_wconf 91' lang='grc' dir='ltr'><strong>ιι,</strong></span> <span class='ocrx_word' id='word_1_297' title='bbox 757 2220 859 2276; x_wconf 90' lang='lat' dir='ltr'><strong>col.</strong></span> <span class='ocrx_word' id='word_1_298' title='bbox 892 2220 1073 2293; x_wconf 81' lang='grc'><strong>1815.)</strong></span> 
     </span>
    </p>
   </div>
   <div class='ocr_carea' id='block_1_38' title="bbox 292 2309 1807 2386">
    <p class='ocr_par' dir='ltr' id='par_1_38' title="bbox 292 2309 1807 2386">
     <span class='ocr_line' id='line_1_38' title="bbox 292 2309 1807 2386; baseline 0.004 -23"><span class='ocrx_word' id='word_1_299' title='bbox 292 2309 393 2363; x_wconf 85' lang='lat' dir='ltr'><strong>Est</strong></span> <span class='ocrx_word' id='word_1_300' title='bbox 420 2309 736 2365; x_wconf 90' lang='lat' dir='ltr'><strong>illuminatio</strong></span> <span class='ocrx_word' id='word_1_301' title='bbox 761 2326 860 2381; x_wconf 90' lang='lat' dir='ltr'><strong>per</strong></span> <span class='ocrx_word' id='word_1_302' title='bbox 888 2312 1046 2366; x_wconf 81' lang='lat' dir='ltr'><strong>tidem</strong></span> <span class='ocrx_word' id='word_1_303' title='bbox 1071 2352 1085 2378; x_wconf 88' lang='lat'><strong>,</strong></span> <span class='ocrx_word' id='word_1_304' title='bbox 1112 2323 1243 2379; x_wconf 91' lang='lat' dir='ltr'><strong>etc.,</strong></span> <span class='ocrx_word' id='word_1_305' title='bbox 1275 2330 1440 2385; x_wconf 90' lang='lat' dir='ltr'><strong>usque</strong></span> <span class='ocrx_word' id='word_1_306' title='bbox 1467 2314 1536 2367; x_wconf 91' lang='lat' dir='ltr'><strong>ad</strong></span> <span class='ocrx_word' id='word_1_307' title='bbox 1563 2315 1640 2368; x_wconf 87' lang='lat' dir='ltr'><strong>ait</strong></span> <span class='ocrx_word' id='word_1_308' title='bbox 1665 2315 1807 2386; x_wconf 84' lang='lat' dir='ltr'><strong>Apo-</strong></span> 
     </span>
    </p>
   </div>
   <div class='ocr_carea' id='block_1_39' title="bbox 207 2401 1805 2478">
    <p class='ocr_par' dir='ltr' id='par_1_39' title="bbox 207 2401 1805 2478">
     <span class='ocr_line' id='line_1_39' title="bbox 207 2401 1805 2478; baseline 0.006 -25"><span class='ocrx_word' id='word_1_309' title='bbox 207 2401 416 2457; x_wconf 89' lang='lat' dir='ltr'><strong>stolus.</strong></span> <span class='ocrx_word' id='word_1_310' title='bbox 449 2402 570 2473; x_wconf 90' lang='lat' dir='ltr'><strong>(ld.,</strong></span> <span class='ocrx_word' id='word_1_311' title='bbox 600 2412 754 2459; x_wconf 85' lang='lat' dir='ltr'><strong>tract.</strong></span> <span class='ocrx_word' id='word_1_312' title='bbox 782 2402 817 2457; x_wconf 83' lang='grc'><strong>4</strong></span> <span class='ocrx_word' id='word_1_313' title='bbox 851 2402 1021 2474; x_wconf 85' lang='lat' dir='ltr'><strong>Epist.</strong></span> <span class='ocrx_word' id='word_1_314' title='bbox 1054 2402 1242 2471; x_wconf 83' lang='lat' dir='ltr'><strong>Joan.,</strong></span> <span class='ocrx_word' id='word_1_315' title='bbox 1280 2417 1410 2460; x_wconf 89' lang='lat' dir='ltr'><strong>tom.</strong></span> <span class='ocrx_word' id='word_1_316' title='bbox 1460 2406 1548 2472; x_wconf 87' lang='lat' dir='ltr'><strong>III,</strong></span> <span class='ocrx_word' id='word_1_317' title='bbox 1576 2416 1715 2478; x_wconf 89' lang='lat' dir='ltr'><strong>part.</strong></span> <span class='ocrx_word' id='word_1_318' title='bbox 1742 2424 1805 2473; x_wconf 89' lang='grc' dir='ltr'><strong>ιι,</strong></span> 
     </span>
    </p>
   </div>
   <div class='ocr_carea' id='block_1_40' title="bbox 207 2489 553 2563">
    <p class='ocr_par' dir='ltr' id='par_1_40' title="bbox 207 2489 553 2563">
     <span class='ocr_line' id='line_1_40' title="bbox 207 2489 553 2563; baseline -0.009 -16"><span class='ocrx_word' id='word_1_319' title='bbox 207 2491 327 2547; x_wconf 85' lang='lat' dir='ltr'><strong>col.</strong></span> <span class='ocrx_word' id='word_1_320' title='bbox 366 2489 553 2563; x_wconf 81' lang='lat'><strong>2010.)</strong></span> 
     </span>
    </p>
   </div>
   <div class='ocr_carea' id='block_1_41' title="bbox 289 2581 1802 2656">
    <p class='ocr_par' dir='ltr' id='par_1_41' title="bbox 289 2581 1802 2656">
     <span class='ocr_line' id='line_1_41' title="bbox 289 2581 1802 2656; baseline 0.004 -19"><span class='ocrx_word' id='word_1_321' title='bbox 289 2581 397 2638; x_wconf 89' lang='lat' dir='ltr'><strong>Per</strong></span> <span class='ocrx_word' id='word_1_322' title='bbox 426 2584 584 2639; x_wconf 86' lang='lat' dir='ltr'><strong>tidem</strong></span> <span class='ocrx_word' id='word_1_323' title='bbox 612 2584 790 2640; x_wconf 91' lang='lat' dir='ltr'><strong>adhuc</strong></span> <span class='ocrx_word' id='word_1_324' title='bbox 815 2584 1154 2640; x_wconf 88' lang='lat' dir='ltr'><strong>ambulamus</strong></span> <span class='ocrx_word' id='word_1_325' title='bbox 1174 2627 1189 2650; x_wconf 94' lang='lat'><strong>,</strong></span> <span class='ocrx_word' id='word_1_326' title='bbox 1237 2595 1344 2641; x_wconf 89' lang='lat' dir='ltr'><strong>etc.</strong></span> <span class='ocrx_word' id='word_1_327' title='bbox 1366 2627 1381 2653; x_wconf 93' lang='lat'><strong>,</strong></span> <span class='ocrx_word' id='word_1_328' title='bbox 1414 2603 1576 2656; x_wconf 90' lang='lat' dir='ltr'><strong>usque</strong></span> <span class='ocrx_word' id='word_1_329' title='bbox 1607 2588 1676 2642; x_wconf 90' lang='lat' dir='ltr'><strong>ad</strong></span> <span class='ocrx_word' id='word_1_330' title='bbox 1705 2604 1802 2644; x_wconf 79' lang='lat' dir='ltr'><strong>ex-</strong></span> 
     </span>
    </p>
   </div>
   <div class='ocr_carea' id='block_1_42' title="bbox 205 2675 1798 2749">
    <p class='ocr_par' dir='ltr' id='par_1_42' title="bbox 205 2675 1798 2749">
     <span class='ocr_line' id='line_1_42' title="bbox 205 2675 1798 2749; baseline 0.003 -18"><span class='ocrx_word' id='word_1_331' title='bbox 205 2684 548 2746; x_wconf 86' lang='lat' dir='ltr'><strong>spectamus.</strong></span> <span class='ocrx_word' id='word_1_332' title='bbox 581 2675 701 2747; x_wconf 89' lang='lat' dir='ltr'><strong>(ld.,</strong></span> <span class='ocrx_word' id='word_1_333' title='bbox 732 2685 886 2730; x_wconf 87' lang='lat' dir='ltr'><strong>tract.</strong></span> <span class='ocrx_word' id='word_1_334' title='bbox 914 2676 1050 2748; x_wconf 88' lang='lat' dir='ltr'><strong>psal.</strong></span> <span class='ocrx_word' id='word_1_335' title='bbox 1077 2691 1188 2732; x_wconf 81' lang='lat' dir='ltr'><strong>xvu</strong></span> <span class='ocrx_word' id='word_1_336' title='bbox 1209 2718 1225 2743; x_wconf 95' lang='lat'><strong>,</strong></span> <span class='ocrx_word' id='word_1_337' title='bbox 1254 2685 1385 2733; x_wconf 92' lang='lat' dir='ltr'><strong>tom.</strong></span> <span class='ocrx_word' id='word_1_338' title='bbox 1416 2678 1485 2735; x_wconf 89' lang='lat' dir='ltr'><strong>IV</strong></span> <span class='ocrx_word' id='word_1_339' title='bbox 1505 2719 1519 2743; x_wconf 94' lang='lat'><strong>,</strong></span> <span class='ocrx_word' id='word_1_340' title='bbox 1565 2687 1706 2749; x_wconf 87' lang='lat' dir='ltr'><strong>part.</strong></span> <span class='ocrx_word' id='word_1_341' title='bbox 1738 2695 1756 2735; x_wconf 89' lang='lat'><strong>1</strong></span> <span class='ocrx_word' id='word_1_342' title='bbox 1782 2719 1798 2745; x_wconf 90' lang='lat'><strong>,</strong></span> 
     </span>
    </p>
   </div>
   <div class='ocr_carea' id='block_1_43' title="bbox 204 2765 503 2839">
    <p class='ocr_par' dir='ltr' id='par_1_43' title="bbox 204 2765 503 2839">
     <span class='ocr_line' id='line_1_43' title="bbox 204 2765 503 2839; baseline -0.013 -15"><span class='ocrx_word' id='word_1_343' title='bbox 204 2765 322 2824; x_wconf 87' lang='lat' dir='ltr'><strong>col.</strong></span> <span class='ocrx_word' id='word_1_344' title='bbox 356 2766 503 2839; x_wconf 79' lang='grc'><strong>151.)</strong></span> 
     </span>
    </p>
   </div>
   <div class='ocr_carea' id='block_1_44' title="bbox 284 2858 1801 2932">
    <p class='ocr_par' dir='ltr' id='par_1_44' title="bbox 284 2858 1801 2932">
     <span class='ocr_line' id='line_1_44' title="bbox 284 2858 1801 2932; baseline 0.001 -20"><span class='ocrx_word' id='word_1_345' title='bbox 284 2858 535 2923; x_wconf 80' lang='lat' dir='ltr'><strong>Quandiu</strong></span> <span class='ocrx_word' id='word_1_346' title='bbox 565 2858 711 2913; x_wconf 90' lang='lat' dir='ltr'><strong>enim</strong></span> <span class='ocrx_word' id='word_1_347' title='bbox 742 2873 929 2915; x_wconf 92' lang='lat' dir='ltr'><strong>sumus</strong></span> <span class='ocrx_word' id='word_1_348' title='bbox 972 2859 1025 2914; x_wconf 88' lang='lat' dir='ltr'><strong>in</strong></span> <span class='ocrx_word' id='word_1_349' title='bbox 1068 2875 1299 2930; x_wconf 89' lang='lat' dir='ltr'><strong>corpore</strong></span> <span class='ocrx_word' id='word_1_350' title='bbox 1320 2900 1336 2927; x_wconf 92' lang='lat'><strong>,</strong></span> <span class='ocrx_word' id='word_1_351' title='bbox 1364 2869 1497 2927; x_wconf 92' lang='lat' dir='ltr'><strong>etc.,</strong></span> <span class='ocrx_word' id='word_1_352' title='bbox 1536 2877 1699 2932; x_wconf 86' lang='lat' dir='ltr'><strong>usque</strong></span> <span class='ocrx_word' id='word_1_353' title='bbox 1731 2860 1801 2914; x_wconf 93' lang='lat' dir='ltr'><strong>ad</strong></span> 
     </span>
    </p>
   </div>
   <div class='ocr_carea' id='block_1_45' title="bbox 203 2950 1796 3024">
    <p class='ocr_par' dir='ltr' id='par_1_45' title="bbox 203 2950 1796 3024">
     <span class='ocr_line' id='line_1_45' title="bbox 203 2950 1796 3024; baseline 0.003 -20"><span class='ocrx_word' id='word_1_354' title='bbox 203 2950 437 3021; x_wconf 78' lang='lat' dir='ltr'><strong>regione</strong></span> <span class='ocrx_word' id='word_1_355' title='bbox 472 2950 736 3006; x_wconf 84' lang='lat' dir='ltr'><strong>vivorum.</strong></span> <span class='ocrx_word' id='word_1_356' title='bbox 790 2951 933 3024; x_wconf 91' lang='lat' dir='ltr'><strong>(ld.,</strong></span> <span class='ocrx_word' id='word_1_357' title='bbox 981 2960 1135 3006; x_wconf 87' lang='lat' dir='ltr'><strong>tract.</strong></span> <span class='ocrx_word' id='word_1_358' title='bbox 1187 2951 1323 3022; x_wconf 86' lang='lat' dir='ltr'><strong>psal.</strong></span> <span class='ocrx_word' id='word_1_359' title='bbox 1347 2968 1493 3017; x_wconf 59' lang='grc' dir='ltr'><strong>σειν,</strong></span> <span class='ocrx_word' id='word_1_360' title='bbox 1525 2962 1657 3008; x_wconf 94' lang='lat' dir='ltr'><strong>tom.</strong></span> <span class='ocrx_word' id='word_1_361' title='bbox 1691 2951 1757 3008; x_wconf 89' lang='lat' dir='ltr'><strong>IV</strong></span> <span class='ocrx_word' id='word_1_362' title='bbox 1780 2992 1796 3019; x_wconf 96' lang='lat'><strong>,</strong></span> 
     </span>
    </p>
   </div>
   <div class='ocr_carea' id='block_1_46' title="bbox 201 3042 777 3113">
    <p class='ocr_par' dir='ltr' id='par_1_46' title="bbox 201 3042 777 3113">
     <span class='ocr_line' id='line_1_46' title="bbox 201 3042 777 3113; baseline 0 -18"><span class='ocrx_word' id='word_1_363' title='bbox 201 3053 357 3112; x_wconf 86' lang='lat' dir='ltr'><strong>part.</strong></span> <span class='ocrx_word' id='word_1_364' title='bbox 385 3058 422 3106; x_wconf 88' lang='lat'><strong>1,</strong></span> <span class='ocrx_word' id='word_1_365' title='bbox 450 3042 557 3099; x_wconf 90' lang='lat' dir='ltr'><strong>col.</strong></span> <span class='ocrx_word' id='word_1_366' title='bbox 590 3042 777 3113; x_wconf 84' lang='grc'><strong>1490.)</strong></span> 
     </span>
    </p>
   </div>
   <div class='ocr_carea' id='block_1_47' title="bbox 1916 1849 2195 1922">
    <p class='ocr_par' dir='ltr' id='par_1_47' title="bbox 1916 1849 2195 1922">
     <span class='ocr_line' id='line_1_47' title="bbox 1916 1849 2195 1922; baseline -0.004 -18"><span class='ocrx_word' id='word_1_367' title='bbox 1916 1849 2018 1904; x_wconf 89' lang='lat' dir='ltr'><strong>col.</strong></span> <span class='ocrx_word' id='word_1_368' title='bbox 2043 1850 2195 1922; x_wconf 74' lang='lat'><strong>522.)</strong></span> 
     </span>
    </p>
   </div>
   <div class='ocr_carea' id='block_1_48' title="bbox 1987 1938 3502 2016">
    <p class='ocr_par' dir='ltr' id='par_1_48' title="bbox 1987 1938 3502 2016">
     <span class='ocr_line' id='line_1_48' title="bbox 1987 1938 3502 2016; baseline 0.008 -23"><span class='ocrx_word' id='word_1_369' title='bbox 1987 1938 2469 2007; x_wconf 66' lang='lat' dir='ltr'><strong>IEstimanteshoc,</strong></span> <span class='ocrx_word' id='word_1_370' title='bbox 2490 1945 2738 2013; x_wconf 87' lang='lat' dir='ltr'><strong>quoniam</strong></span> <span class='ocrx_word' id='word_1_371' title='bbox 2758 1947 2804 1999; x_wconf 89' lang='lat' dir='ltr'><strong>si</strong></span> <span class='ocrx_word' id='word_1_372' title='bbox 2824 1962 2958 2001; x_wconf 87' lang='lat' dir='ltr'><strong>unus</strong></span> <span class='ocrx_word' id='word_1_373' title='bbox 2972 1964 3066 2016; x_wconf 83' lang='lat' dir='ltr'><strong>pro</strong></span> <span class='ocrx_word' id='word_1_374' title='bbox 3092 1950 3332 2005; x_wconf 89' lang='lat' dir='ltr'><strong>omnibus</strong></span> <span class='ocrx_word' id='word_1_375' title='bbox 3360 1967 3502 2007; x_wconf 87' lang='lat' dir='ltr'><strong>mor-</strong></span> 
     </span>
    </p>
   </div>
   <div class='ocr_carea' id='block_1_49' title="bbox 1913 2038 3498 2108">
    <p class='ocr_par' dir='ltr' id='par_1_49' title="bbox 1913 2038 3498 2108">
     <span class='ocr_line' id='line_1_49' title="bbox 1913 2038 3498 2108; baseline 0.009 -25"><span class='ocrx_word' id='word_1_376' title='bbox 1913 2039 2034 2085; x_wconf 89' lang='lat' dir='ltr'><strong>tuus</strong></span> <span class='ocrx_word' id='word_1_377' title='bbox 2046 2041 2270 2101; x_wconf 87' lang='lat' dir='ltr'><strong>est,ergo</strong></span> <span class='ocrx_word' id='word_1_378' title='bbox 2291 2050 2466 2088; x_wconf 84' lang='lat' dir='ltr'><strong>omnes</strong></span> <span class='ocrx_word' id='word_1_379' title='bbox 2494 2038 2686 2090; x_wconf 86' lang='lat' dir='ltr'><strong>mortui</strong></span> <span class='ocrx_word' id='word_1_380' title='bbox 2695 2047 3021 2108; x_wconf 88' lang='lat' dir='ltr'><strong>,etc.,usqne</strong></span> <span class='ocrx_word' id='word_1_381' title='bbox 3035 2039 3100 2093; x_wconf 90' lang='lat' dir='ltr'><strong>ad</strong></span> <span class='ocrx_word' id='word_1_382' title='bbox 3119 2049 3166 2093; x_wconf 91' lang='lat' dir='ltr'><strong>et</strong></span> <span class='ocrx_word' id='word_1_383' title='bbox 3194 2042 3498 2097; x_wconf 68' lang='lat' dir='ltr'><strong>resurrexit.</strong></span> 
     </span>
    </p>
   </div>
   <div class='ocr_carea' id='block_1_50' title="bbox 1912 2120 3501 2205">
    <p class='ocr_par' dir='ltr' id='par_1_50' title="bbox 1912 2120 3501 2205">
     <span class='ocr_line' id='line_1_50' title="bbox 1912 2120 3501 2205; baseline 0.009 -28"><span class='ocrx_word' id='word_1_384' title='bbox 1912 2120 2111 2177; x_wconf 86' lang='lat' dir='ltr'><strong>Omnes</strong></span> <span class='ocrx_word' id='word_1_385' title='bbox 2130 2123 2307 2192; x_wconf 90' lang='lat' dir='ltr'><strong>itaque</strong></span> <span class='ocrx_word' id='word_1_386' title='bbox 2330 2126 2527 2180; x_wconf 88' lang='lat' dir='ltr'><strong>mortui</strong></span> <span class='ocrx_word' id='word_1_387' title='bbox 2555 2135 2683 2182; x_wconf 89' lang='lat' dir='ltr'><strong>sunt</strong></span> <span class='ocrx_word' id='word_1_388' title='bbox 2717 2129 2771 2184; x_wconf 90' lang='lat' dir='ltr'><strong>in</strong></span> <span class='ocrx_word' id='word_1_389' title='bbox 2798 2132 3203 2199; x_wconf 86' lang='lat' dir='ltr'><strong>peecatis,etc.,</strong></span> <span class='ocrx_word' id='word_1_390' title='bbox 3233 2152 3394 2205; x_wconf 89' lang='lat' dir='ltr'><strong>usque</strong></span> <span class='ocrx_word' id='word_1_391' title='bbox 3429 2137 3501 2190; x_wconf 91' lang='lat' dir='ltr'><strong>ad</strong></span> 
     </span>
    </p>
   </div>
   <div class='ocr_carea' id='block_1_51' title="bbox 1908 2213 3498 2299">
    <p class='ocr_par' dir='ltr' id='par_1_51' title="bbox 1908 2213 3498 2299">
     <span class='ocr_line' id='line_1_51' title="bbox 1908 2213 3498 2299; baseline 0.008 -33"><span class='ocrx_word' id='word_1_392' title='bbox 1908 2213 2198 2283; x_wconf 89' lang='lat' dir='ltr'><strong>possimus.</strong></span> <span class='ocrx_word' id='word_1_393' title='bbox 2228 2214 2349 2282; x_wconf 92' lang='lat' dir='ltr'><strong>(ld.,</strong></span> <span class='ocrx_word' id='word_1_394' title='bbox 2381 2215 2471 2270; x_wconf 86' lang='lat' dir='ltr'><strong>lib.</strong></span> <span class='ocrx_word' id='word_1_395' title='bbox 2496 2233 2563 2271; x_wconf 73' lang='lat' dir='ltr'><strong>xx</strong></span> <span class='ocrx_word' id='word_1_396' title='bbox 2586 2219 2650 2271; x_wconf 88' lang='lat' dir='ltr'><strong>de</strong></span> <span class='ocrx_word' id='word_1_397' title='bbox 2671 2218 2780 2275; x_wconf 85' lang='lat' dir='ltr'><strong>Civ.</strong></span> <span class='ocrx_word' id='word_1_398' title='bbox 2810 2220 2921 2287; x_wconf 88' lang='lat' dir='ltr'><strong>Dei,</strong></span> <span class='ocrx_word' id='word_1_399' title='bbox 2945 2223 3189 2285; x_wconf 82' lang='lat' dir='ltr'><strong>tom.VII,</strong></span> <span class='ocrx_word' id='word_1_400' title='bbox 3215 2226 3318 2280; x_wconf 84' lang='lat' dir='ltr'><strong>col.</strong></span> <span class='ocrx_word' id='word_1_401' title='bbox 3348 2227 3498 2299; x_wconf 81' lang='lat'><strong>665.)</strong></span> 
     </span>
    </p>
   </div>
   <div class='ocr_carea' id='block_1_52' title="bbox 1980 2304 3497 2386">
    <p class='ocr_par' dir='ltr' id='par_1_52' title="bbox 1980 2304 3497 2386">
     <span class='ocr_line' id='line_1_52' title="bbox 1980 2304 3497 2386; baseline 0.011 -28"><span class='ocrx_word' id='word_1_402' title='bbox 1980 2304 2279 2360; x_wconf 86' lang='lat' dir='ltr'><strong>Charitatis</strong></span> <span class='ocrx_word' id='word_1_403' title='bbox 2331 2322 2457 2378; x_wconf 82' lang='lat' dir='ltr'><strong>erga</strong></span> <span class='ocrx_word' id='word_1_404' title='bbox 2512 2324 2611 2365; x_wconf 85' lang='lat' dir='ltr'><strong>nos</strong></span> <span class='ocrx_word' id='word_1_405' title='bbox 2647 2310 2741 2366; x_wconf 89' lang='lat' dir='ltr'><strong>Dei</strong></span> <span class='ocrx_word' id='word_1_406' title='bbox 2794 2319 3000 2367; x_wconf 87' lang='lat' dir='ltr'><strong>tantum</strong></span> <span class='ocrx_word' id='word_1_407' title='bbox 3047 2318 3317 2386; x_wconf 85' lang='lat' dir='ltr'><strong>apparuit,</strong></span> <span class='ocrx_word' id='word_1_408' title='bbox 3365 2329 3497 2385; x_wconf 84' lang='lat' dir='ltr'><strong>etc.,</strong></span> 
     </span>
    </p>
   </div>
   <div class='ocr_carea' id='block_1_53' title="bbox 1910 2399 3499 2474">
    <p class='ocr_par' dir='ltr' id='par_1_53' title="bbox 1910 2399 3499 2474">
     <span class='ocr_line' id='line_1_53' title="bbox 1910 2399 3499 2474; baseline 0.009 -24"><span class='ocrx_word' id='word_1_409' title='bbox 1910 2414 2072 2467; x_wconf 86' lang='lat' dir='ltr'><strong>usque</strong></span> <span class='ocrx_word' id='word_1_410' title='bbox 2099 2399 2169 2453; x_wconf 90' lang='lat' dir='ltr'><strong>ad</strong></span> <span class='ocrx_word' id='word_1_411' title='bbox 2196 2409 2249 2453; x_wconf 93' lang='lat' dir='ltr'><strong>et</strong></span> <span class='ocrx_word' id='word_1_412' title='bbox 2282 2402 2602 2457; x_wconf 79' lang='lat' dir='ltr'><strong>resurrexit.</strong></span> <span class='ocrx_word' id='word_1_413' title='bbox 2634 2402 2735 2472; x_wconf 94' lang='lat' dir='ltr'><strong>(Id.</strong></span> <span class='ocrx_word' id='word_1_414' title='bbox 2763 2445 2779 2471; x_wconf 92' lang='lat'><strong>,</strong></span> <span class='ocrx_word' id='word_1_415' title='bbox 2810 2407 2968 2474; x_wconf 80' lang='lat' dir='ltr'><strong>epist.</strong></span> <span class='ocrx_word' id='word_1_416' title='bbox 3000 2409 3069 2462; x_wconf 86' lang='lat' dir='ltr'><strong>ad</strong></span> <span class='ocrx_word' id='word_1_417' title='bbox 3106 2409 3499 2465; x_wconf 84' lang='lat' dir='ltr'><strong>Armentarium</strong></span> 
     </span>
    </p>
   </div>
   <div class='ocr_carea' id='block_1_54' title="bbox 1910 2486 2861 2566">
    <p class='ocr_par' dir='ltr' id='par_1_54' title="bbox 1910 2486 2861 2566">
     <span class='ocr_line' id='line_1_54' title="bbox 1910 2486 2861 2566; baseline 0.007 -25"><span class='ocrx_word' id='word_1_418' title='bbox 1910 2498 1959 2541; x_wconf 91' lang='lat' dir='ltr'><strong>et</strong></span> <span class='ocrx_word' id='word_1_419' title='bbox 1989 2486 2298 2553; x_wconf 87' lang='lat' dir='ltr'><strong>Paulinum,</strong></span> <span class='ocrx_word' id='word_1_420' title='bbox 2326 2498 2459 2544; x_wconf 92' lang='lat' dir='ltr'><strong>tom.</strong></span> <span class='ocrx_word' id='word_1_421' title='bbox 2487 2491 2553 2556; x_wconf 89' lang='lat' dir='ltr'><strong>Il,</strong></span> <span class='ocrx_word' id='word_1_422' title='bbox 2579 2493 2683 2547; x_wconf 93' lang='lat' dir='ltr'><strong>col.</strong></span> <span class='ocrx_word' id='word_1_423' title='bbox 2707 2493 2861 2566; x_wconf 75' lang='grc'><strong>485.)</strong></span> 
     </span>
    </p>
   </div>
   <div class='ocr_carea' id='block_1_55' title="bbox 1978 2579 3498 2653">
    <p class='ocr_par' dir='ltr' id='par_1_55' title="bbox 1978 2579 3498 2653">
     <span class='ocr_line' id='line_1_55' title="bbox 1978 2579 3498 2653; baseline 0.009 -20"><span class='ocrx_word' id='word_1_424' title='bbox 1978 2579 2151 2634; x_wconf 89' lang='lat' dir='ltr'><strong>Debet</strong></span> <span class='ocrx_word' id='word_1_425' title='bbox 2175 2583 2320 2635; x_wconf 90' lang='lat' dir='ltr'><strong>enim</strong></span> <span class='ocrx_word' id='word_1_426' title='bbox 2354 2583 2459 2636; x_wconf 87' lang='lat' dir='ltr'><strong>vita</strong></span> <span class='ocrx_word' id='word_1_427' title='bbox 2491 2583 2725 2639; x_wconf 91' lang='lat' dir='ltr'><strong>humana</strong></span> <span class='ocrx_word' id='word_1_428' title='bbox 2748 2585 2802 2640; x_wconf 92' lang='lat' dir='ltr'><strong>in</strong></span> <span class='ocrx_word' id='word_1_429' title='bbox 2832 2602 2892 2642; x_wconf 91' lang='lat' dir='ltr'><strong>se</strong></span> <span class='ocrx_word' id='word_1_430' title='bbox 2913 2586 3167 2653; x_wconf 80' lang='lat' dir='ltr'><strong>deﬁcere,</strong></span> <span class='ocrx_word' id='word_1_431' title='bbox 3194 2589 3246 2643; x_wconf 94' lang='lat' dir='ltr'><strong>in</strong></span> <span class='ocrx_word' id='word_1_432' title='bbox 3276 2590 3498 2647; x_wconf 90' lang='lat' dir='ltr'><strong>Christo</strong></span> 
     </span>
    </p>
   </div>
   <div class='ocr_carea' id='block_1_56' title="bbox 1904 2670 3496 2745">
    <p class='ocr_par' dir='ltr' id='par_1_56' title="bbox 1904 2670 3496 2745">
     <span class='ocr_line' id='line_1_56' title="bbox 1904 2670 3496 2745; baseline 0.008 -20"><span class='ocrx_word' id='word_1_433' title='bbox 1904 2670 2209 2740; x_wconf 83' lang='lat' dir='ltr'><strong>prolicere:</strong></span> <span class='ocrx_word' id='word_1_434' title='bbox 2242 2681 2301 2726; x_wconf 92' lang='lat' dir='ltr'><strong>ut</strong></span> <span class='ocrx_word' id='word_1_435' title='bbox 2331 2674 2421 2743; x_wconf 85' lang='lat' dir='ltr'><strong>qui</strong></span> <span class='ocrx_word' id='word_1_436' title='bbox 2460 2673 2665 2740; x_wconf 92' lang='lat' dir='ltr'><strong>vivunt,</strong></span> <span class='ocrx_word' id='word_1_437' title='bbox 2687 2673 2799 2743; x_wconf 87' lang='lat' dir='ltr'><strong>jam</strong></span> <span class='ocrx_word' id='word_1_438' title='bbox 2833 2692 2940 2731; x_wconf 92' lang='lat' dir='ltr'><strong>nou</strong></span> <span class='ocrx_word' id='word_1_439' title='bbox 2982 2677 3083 2732; x_wconf 85' lang='lat' dir='ltr'><strong>sibi</strong></span> <span class='ocrx_word' id='word_1_440' title='bbox 3113 2679 3340 2745; x_wconf 89' lang='lat' dir='ltr'><strong>vivant,</strong></span> <span class='ocrx_word' id='word_1_441' title='bbox 3394 2683 3496 2737; x_wconf 86' lang='lat' dir='ltr'><strong>sed</strong></span> 
     </span>
    </p>
   </div>
   <div class='ocr_carea' id='block_1_57' title="bbox 1905 2760 3497 2834">
    <p class='ocr_par' dir='ltr' id='par_1_57' title="bbox 1905 2760 3497 2834">
     <span class='ocr_line' id='line_1_57' title="bbox 1905 2760 3497 2834; baseline 0.007 -20"><span class='ocrx_word' id='word_1_442' title='bbox 1905 2760 1955 2815; x_wconf 91' lang='lat' dir='ltr'><strong>ei</strong></span> <span class='ocrx_word' id='word_1_443' title='bbox 1987 2762 2074 2830; x_wconf 90' lang='lat' dir='ltr'><strong>qui</strong></span> <span class='ocrx_word' id='word_1_444' title='bbox 2110 2776 2209 2830; x_wconf 88' lang='lat' dir='ltr'><strong>pro</strong></span> <span class='ocrx_word' id='word_1_445' title='bbox 2247 2763 2503 2819; x_wconf 88' lang='lat' dir='ltr'><strong>omnibus</strong></span> <span class='ocrx_word' id='word_1_446' title='bbox 2532 2774 2778 2821; x_wconf 85' lang='lat' dir='ltr'><strong>mortuus</strong></span> <span class='ocrx_word' id='word_1_447' title='bbox 2814 2773 2932 2831; x_wconf 91' lang='lat' dir='ltr'><strong>est,</strong></span> <span class='ocrx_word' id='word_1_448' title='bbox 2986 2775 3042 2821; x_wconf 94' lang='lat' dir='ltr'><strong>et</strong></span> <span class='ocrx_word' id='word_1_449' title='bbox 3089 2770 3408 2834; x_wconf 82' lang='lat' dir='ltr'><strong>resurrexit,</strong></span> <span class='ocrx_word' id='word_1_450' title='bbox 3439 2780 3497 2826; x_wconf 90' lang='lat' dir='ltr'><strong>et</strong></span> 
     </span>
    </p>
   </div>
   <div class='ocr_carea' id='block_1_58' title="bbox 1905 2840 3489 2930">
    <p class='ocr_par' dir='ltr' id='par_1_58' title="bbox 1905 2840 3489 2930">
     <span class='ocr_line' id='line_1_58' title="bbox 1905 2840 3489 2930; baseline 0.006 -23"><span class='ocrx_word' id='word_1_451' title='bbox 1905 2852 2070 2918; x_wconf 86' lang='lat' dir='ltr'><strong>dicat,</strong></span> <span class='ocrx_word' id='word_1_452' title='bbox 2103 2840 2241 2919; x_wconf 83' lang='lat' dir='ltr'><strong>etc.,</strong></span> <span class='ocrx_word' id='word_1_453' title='bbox 2266 2869 2427 2922; x_wconf 83' lang='lat' dir='ltr'><strong>usque</strong></span> <span class='ocrx_word' id='word_1_454' title='bbox 2448 2855 2518 2908; x_wconf 89' lang='lat' dir='ltr'><strong>ad</strong></span> <span class='ocrx_word' id='word_1_455' title='bbox 2548 2864 2608 2910; x_wconf 92' lang='lat' dir='ltr'><strong>ut</strong></span> <span class='ocrx_word' id='word_1_456' title='bbox 2631 2856 2811 2910; x_wconf 88' lang='lat' dir='ltr'><strong>anima</strong></span> <span class='ocrx_word' id='word_1_457' title='bbox 2834 2866 3023 2912; x_wconf 86' lang='lat' dir='ltr'><strong>nostra</strong></span> <span class='ocrx_word' id='word_1_458' title='bbox 3049 2858 3150 2929; x_wconf 86' lang='lat' dir='ltr'><strong>ipsi</strong></span> <span class='ocrx_word' id='word_1_459' title='bbox 3178 2859 3339 2914; x_wconf 87' lang='lat' dir='ltr'><strong>vivat.</strong></span> <span class='ocrx_word' id='word_1_460' title='bbox 3368 2860 3489 2930; x_wconf 89' lang='lat' dir='ltr'><strong>(ld.,</strong></span> 
     </span>
    </p>
   </div>
   <div class='ocr_carea' id='block_1_59' title="bbox 1903 2940 3489 3018">
    <p class='ocr_par' dir='ltr' id='par_1_59' title="bbox 1903 2940 3489 3018">
     <span class='ocr_line' id='line_1_59' title="bbox 1903 2940 3489 3018; baseline 0.006 -22"><span class='ocrx_word' id='word_1_461' title='bbox 1903 2959 2061 2996; x_wconf 87' lang='lat' dir='ltr'><strong>serm.</strong></span> <span class='ocrx_word' id='word_1_462' title='bbox 2108 2943 2172 2997; x_wconf 86' lang='lat' dir='ltr'><strong>de</strong></span> <span class='ocrx_word' id='word_1_463' title='bbox 2222 2940 2523 3016; x_wconf 86' lang='lat' dir='ltr'><strong>Epiphania</strong></span> <span class='ocrx_word' id='word_1_464' title='bbox 2582 2960 2647 3001; x_wconf 69' lang='lat' dir='ltr'><strong>ex</strong></span> <span class='ocrx_word' id='word_1_465' title='bbox 2693 2946 2785 3001; x_wconf 85' lang='lat' dir='ltr'><strong>lib.</strong></span> <span class='ocrx_word' id='word_1_466' title='bbox 2836 2947 2902 3002; x_wconf 87' lang='lat' dir='ltr'><strong>de</strong></span> <span class='ocrx_word' id='word_1_467' title='bbox 2954 2957 3094 3018; x_wconf 86' lang='lat' dir='ltr'><strong>grat.</strong></span> <span class='ocrx_word' id='word_1_468' title='bbox 3154 2947 3294 3004; x_wconf 80' lang='lat' dir='ltr'><strong>Nov.</strong></span> <span class='ocrx_word' id='word_1_469' title='bbox 3350 2949 3489 3006; x_wconf 85' lang='lat' dir='ltr'><strong>Test.</strong></span> 
     </span>
    </p>
   </div>
   <div class='ocr_carea' id='block_1_60' title="bbox 1842 3033 2221 3105">
    <p class='ocr_par' dir='ltr' id='par_1_60' title="bbox 1842 3033 2221 3105">
     <span class='ocr_line' id='line_1_60' title="bbox 1842 3033 2221 3105; baseline 0.003 -19"><span class='ocrx_word' id='word_1_470' title='bbox 1842 3052 1845 3053; x_wconf 48' lang='grc' dir='ltr'><em>ν</em></span> <span class='ocrx_word' id='word_1_471' title='bbox 1904 3033 2107 3088; x_wconf 82' lang='lat' dir='ltr'><strong>Eccles.</strong></span> <span class='ocrx_word' id='word_1_472' title='bbox 2139 3033 2221 3105; x_wconf 74' lang='grc' dir='ltr'><strong>χ.)</strong></span> 
     </span>
    </p>
   </div>
   <div class='ocr_carea' id='block_1_61' title="bbox 281 3123 3495 3205">
    <p class='ocr_par' dir='ltr' id='par_1_61' title="bbox 281 3123 3495 3205">
     <span class='ocr_line' id='line_1_61' title="bbox 281 3123 3495 3205; baseline 0.002 -27"><span class='ocrx_word' id='word_1_473' title='bbox 281 3132 532 3200; x_wconf 78' lang='lat' dir='ltr'><strong>Quandiu</strong></span> <span class='ocrx_word' id='word_1_474' title='bbox 567 3148 751 3188; x_wconf 80' lang='lat' dir='ltr'><strong>sumus</strong></span> <span class='ocrx_word' id='word_1_475' title='bbox 778 3131 834 3187; x_wconf 80' lang='lat' dir='ltr'><strong>in</strong></span> <span class='ocrx_word' id='word_1_476' title='bbox 864 3147 1090 3204; x_wconf 68' lang='lat' dir='ltr'><strong>corpore</strong></span> <span class='ocrx_word' id='word_1_477' title='bbox 1120 3175 1135 3201; x_wconf 72' lang='grc'><strong>,</strong></span> <span class='ocrx_word' id='word_1_478' title='bbox 1188 3134 1600 3205; x_wconf 68' lang='lat' dir='ltr'><strong>peregrinamur</strong></span> <span class='ocrx_word' id='word_1_479' title='bbox 1629 3150 1658 3189; x_wconf 60' lang='grc' dir='ltr'>α</span> <span class='ocrx_word' id='word_1_480' title='bbox 1688 3132 1794 3189; x_wconf 79' lang='grc' dir='ltr'><strong>[ιο-</strong></span> <span class='ocrx_word' id='word_1_481' title='bbox 1827 3129 1872 3192; x_wconf 85' lang='lat' dir='ltr'><strong>C</strong></span> <span class='ocrx_word' id='word_1_482' title='bbox 1973 3123 2163 3195; x_wconf 84' lang='lat' dir='ltr'><strong>Itaque</strong></span> <span class='ocrx_word' id='word_1_483' title='bbox 2184 3142 2249 3180; x_wconf 79' lang='lat' dir='ltr'><strong>ea:</strong></span> <span class='ocrx_word' id='word_1_484' title='bbox 2277 3127 2375 3180; x_wconf 86' lang='lat' dir='ltr'><strong>hoc</strong></span> <span class='ocrx_word' id='word_1_485' title='bbox 2403 3143 2499 3182; x_wconf 90' lang='lat' dir='ltr'><strong>nos</strong></span> <span class='ocrx_word' id='word_1_486' title='bbox 2525 3129 2782 3183; x_wconf 81' lang='lat' dir='ltr'><strong>neminem</strong></span> <span class='ocrx_word' id='word_1_487' title='bbox 2807 3130 3042 3185; x_wconf 81' lang='lat' dir='ltr'><strong>novimus</strong></span> <span class='ocrx_word' id='word_1_488' title='bbox 3064 3131 3350 3187; x_wconf 85' lang='lat' dir='ltr'><strong>secundum</strong></span> <span class='ocrx_word' id='word_1_489' title='bbox 3374 3149 3495 3187; x_wconf 83' lang='lat' dir='ltr'><strong>ear—</strong></span> 
     </span>
    </p>
   </div>
   <div class='ocr_carea' id='block_1_62' title="bbox 201 3225 1793 3297">
    <p class='ocr_par' dir='ltr' id='par_1_62' title="bbox 201 3225 1793 3297">
     <span class='ocr_line' id='line_1_62' title="bbox 201 3225 1793 3297; baseline -0.001 -16"><span class='ocrx_word' id='word_1_490' title='bbox 201 3225 382 3292; x_wconf 87' lang='lat' dir='ltr'><strong>mino,</strong></span> <span class='ocrx_word' id='word_1_491' title='bbox 420 3235 552 3292; x_wconf 92' lang='lat' dir='ltr'><strong>etc.,</strong></span> <span class='ocrx_word' id='word_1_492' title='bbox 578 3228 739 3297; x_wconf 78' lang='lat' dir='ltr'><strong>usque</strong></span> <span class='ocrx_word' id='word_1_493' title='bbox 766 3226 835 3280; x_wconf 84' lang='lat' dir='ltr'><strong>ad</strong></span> <span class='ocrx_word' id='word_1_494' title='bbox 862 3242 959 3297; x_wconf 88' lang='lat' dir='ltr'><strong>per</strong></span> <span class='ocrx_word' id='word_1_495' title='bbox 989 3226 1285 3281; x_wconf 90' lang='lat' dir='ltr'><strong>Christum.</strong></span> <span class='ocrx_word' id='word_1_496' title='bbox 1325 3227 1447 3297; x_wconf 91' lang='lat' dir='ltr'><strong>(ld.,</strong></span> <span class='ocrx_word' id='word_1_497' title='bbox 1477 3225 1613 3296; x_wconf 89' lang='lat' dir='ltr'><strong>psal.</strong></span> <span class='ocrx_word' id='word_1_498' title='bbox 1646 3241 1793 3291; x_wconf 77' lang='lat' dir='ltr'><strong>cxw,</strong></span> 
     </span>
    </p>
   </div>
   <div class='ocr_carea' id='block_1_63' title="bbox 200 3316 1496 3387">
    <p class='ocr_par' dir='ltr' id='par_1_63' title="bbox 200 3316 1496 3387">
     <span class='ocr_line' id='line_1_63' title="bbox 200 3316 1496 3387; baseline 0 -17"><span class='ocrx_word' id='word_1_499' title='bbox 200 3327 372 3371; x_wconf 85' lang='lat' dir='ltr'><strong>tract.</strong></span> <span class='ocrx_word' id='word_1_500' title='bbox 398 3316 532 3387; x_wconf 83' lang='lat' dir='ltr'><strong>psal.</strong></span> <span class='ocrx_word' id='word_1_501' title='bbox 559 3333 671 3383; x_wconf 82' lang='lat' dir='ltr'><strong>xw,</strong></span> <span class='ocrx_word' id='word_1_502' title='bbox 705 3326 837 3372; x_wconf 91' lang='lat' dir='ltr'><strong>tom.</strong></span> <span class='ocrx_word' id='word_1_503' title='bbox 868 3318 956 3384; x_wconf 88' lang='lat' dir='ltr'><strong>IV,</strong></span> <span class='ocrx_word' id='word_1_504' title='bbox 982 3325 1120 3387; x_wconf 90' lang='lat' dir='ltr'><strong>part.</strong></span> <span class='ocrx_word' id='word_1_505' title='bbox 1149 3333 1187 3382; x_wconf 90' lang='lat'><strong>1,</strong></span> <span class='ocrx_word' id='word_1_506' title='bbox 1214 3316 1317 3373; x_wconf 87' lang='lat' dir='ltr'><strong>col.</strong></span> <span class='ocrx_word' id='word_1_507' title='bbox 1348 3316 1496 3387; x_wconf 80' lang='grc'><strong>145.)</strong></span> 
     </span>
    </p>
   </div>
   <div class='ocr_carea' id='block_1_64' title="bbox 279 3406 1792 3478">
    <p class='ocr_par' dir='ltr' id='par_1_64' title="bbox 279 3406 1792 3478">
     <span class='ocr_line' id='line_1_64' title="bbox 279 3406 1792 3478; baseline -0.001 -18"><span class='ocrx_word' id='word_1_508' title='bbox 279 3406 342 3461; x_wconf 91' lang='lat' dir='ltr'><strong>In</strong></span> <span class='ocrx_word' id='word_1_509' title='bbox 360 3417 776 3477; x_wconf 87' lang='lat' dir='ltr'><strong>quantacunque</strong></span> <span class='ocrx_word' id='word_1_510' title='bbox 796 3407 1072 3478; x_wconf 87' lang='lat' dir='ltr'><strong>temporali</strong></span> <span class='ocrx_word' id='word_1_511' title='bbox 1090 3407 1346 3463; x_wconf 82' lang='lat' dir='ltr'><strong>felicitate</strong></span> <span class='ocrx_word' id='word_1_512' title='bbox 1360 3415 1792 3472; x_wconf 88' lang='lat' dir='ltr'><strong>versemur,etc.,</strong></span> 
     </span>
    </p>
   </div>
   <div class='ocr_carea' id='block_1_65' title="bbox 200 3496 1792 3571">
    <p class='ocr_par' dir='ltr' id='par_1_65' title="bbox 200 3496 1792 3571">
     <span class='ocr_line' id='line_1_65' title="bbox 200 3496 1792 3571; baseline -0.001 -20"><span class='ocrx_word' id='word_1_513' title='bbox 200 3513 377 3568; x_wconf 83' lang='lat' dir='ltr'><strong>usque</strong></span> <span class='ocrx_word' id='word_1_514' title='bbox 422 3499 491 3552; x_wconf 91' lang='lat' dir='ltr'><strong>ad</strong></span> <span class='ocrx_word' id='word_1_515' title='bbox 526 3499 644 3554; x_wconf 69' lang='lat' dir='ltr'><strong>htec</strong></span> <span class='ocrx_word' id='word_1_516' title='bbox 673 3500 837 3554; x_wconf 90' lang='lat' dir='ltr'><strong>verba</strong></span> <span class='ocrx_word' id='word_1_517' title='bbox 889 3509 1033 3554; x_wconf 90' lang='lat' dir='ltr'><strong>sunt.</strong></span> <span class='ocrx_word' id='word_1_518' title='bbox 1067 3498 1188 3571; x_wconf 85' lang='lat' dir='ltr'><strong>(ld.,</strong></span> <span class='ocrx_word' id='word_1_519' title='bbox 1219 3498 1311 3553; x_wconf 89' lang='lat' dir='ltr'><strong>lib.</strong></span> <span class='ocrx_word' id='word_1_520' title='bbox 1350 3500 1415 3553; x_wconf 88' lang='lat' dir='ltr'><strong>de</strong></span> <span class='ocrx_word' id='word_1_521' title='bbox 1450 3496 1792 3563; x_wconf 72' lang='lat' dir='ltr'><strong>Pwnitentia,</strong></span> 
     </span>
    </p>
   </div>
   <div class='ocr_carea' id='block_1_66' title="bbox 204 3588 1057 3667">
    <p class='ocr_par' dir='ltr' id='par_1_66' title="bbox 204 3588 1057 3667">
     <span class='ocr_line' id='line_1_66' title="bbox 204 3588 1057 3667; baseline 0.002 -25"><span class='ocrx_word' id='word_1_522' title='bbox 204 3596 346 3667; x_wconf 76' lang='lat' dir='ltr'><strong>tom.</strong></span> <span class='ocrx_word' id='word_1_523' title='bbox 378 3588 446 3655; x_wconf 90' lang='lat' dir='ltr'><strong>V,</strong></span> <span class='ocrx_word' id='word_1_524' title='bbox 477 3598 621 3659; x_wconf 87' lang='lat' dir='ltr'><strong>part.</strong></span> <span class='ocrx_word' id='word_1_525' title='bbox 655 3607 714 3656; x_wconf 88' lang='grc' dir='ltr'><strong>ιι,</strong></span> <span class='ocrx_word' id='word_1_526' title='bbox 741 3590 846 3646; x_wconf 92' lang='lat' dir='ltr'><strong>col.</strong></span> <span class='ocrx_word' id='word_1_527' title='bbox 873 3590 1057 3661; x_wconf 83' lang='grc'><strong>1558.)</strong></span> 
     </span>
    </p>
   </div>
   <div class='ocr_carea' id='block_1_67' title="bbox 282 3678 1796 3752">
    <p class='ocr_par' dir='ltr' id='par_1_67' title="bbox 282 3678 1796 3752">
     <span class='ocr_line' id='line_1_67' title="bbox 282 3678 1796 3752; baseline 0.001 -19"><span class='ocrx_word' id='word_1_528' title='bbox 282 3678 437 3736; x_wconf 89' lang='lat' dir='ltr'><strong>Tunc</strong></span> <span class='ocrx_word' id='word_1_529' title='bbox 487 3696 617 3752; x_wconf 83' lang='lat' dir='ltr'><strong>ergo</strong></span> <span class='ocrx_word' id='word_1_530' title='bbox 666 3697 857 3751; x_wconf 84' lang='lat' dir='ltr'><strong>magna</strong></span> <span class='ocrx_word' id='word_1_531' title='bbox 898 3691 952 3736; x_wconf 89' lang='lat' dir='ltr'><strong>et</strong></span> <span class='ocrx_word' id='word_1_532' title='bbox 990 3679 1225 3752; x_wconf 79' lang='lat' dir='ltr'><strong>perlecta</strong></span> <span class='ocrx_word' id='word_1_533' title='bbox 1269 3679 1583 3749; x_wconf 72' lang='lat' dir='ltr'><strong>iucunditas</strong></span> <span class='ocrx_word' id='word_1_534' title='bbox 1621 3694 1635 3733; x_wconf 90' lang='lat'><strong>:</strong></span> <span class='ocrx_word' id='word_1_535' title='bbox 1669 3689 1796 3734; x_wconf 89' lang='lat' dir='ltr'><strong>tunc</strong></span> 
     </span>
    </p>
   </div>
   <div class='ocr_carea' id='block_1_68' title="bbox 200 3768 1796 3841">
    <p class='ocr_par' dir='ltr' id='par_1_68' title="bbox 200 3768 1796 3841">
     <span class='ocr_line' id='line_1_68' title="bbox 200 3768 1796 3841; baseline -0.002 -18"><span class='ocrx_word' id='word_1_536' title='bbox 200 3768 428 3840; x_wconf 91' lang='lat' dir='ltr'><strong>plenum</strong></span> <span class='ocrx_word' id='word_1_537' title='bbox 456 3770 709 3841; x_wconf 74' lang='lat' dir='ltr'><strong>gaudium</strong></span> <span class='ocrx_word' id='word_1_538' title='bbox 742 3788 755 3824; x_wconf 91' lang='lat'><strong>:</strong></span> <span class='ocrx_word' id='word_1_539' title='bbox 790 3770 878 3824; x_wconf 92' lang='lat' dir='ltr'><strong>ubi</strong></span> <span class='ocrx_word' id='word_1_540' title='bbox 906 3769 1021 3838; x_wconf 88' lang='lat' dir='ltr'><strong>jam</strong></span> <span class='ocrx_word' id='word_1_541' title='bbox 1066 3785 1171 3824; x_wconf 90' lang='lat' dir='ltr'><strong>non</strong></span> <span class='ocrx_word' id='word_1_542' title='bbox 1205 3785 1329 3840; x_wconf 90' lang='lat' dir='ltr'><strong>spes</strong></span> <span class='ocrx_word' id='word_1_543' title='bbox 1364 3769 1551 3833; x_wconf 89' lang='lat' dir='ltr'><strong>lactat,</strong></span> <span class='ocrx_word' id='word_1_544' title='bbox 1579 3769 1673 3823; x_wconf 90' lang='lat' dir='ltr'><strong>sed</strong></span> <span class='ocrx_word' id='word_1_545' title='bbox 1706 3783 1796 3821; x_wconf 82' lang='lat' dir='ltr'><strong>res</strong></span> 
     </span>
    </p>
   </div>
   <div class='ocr_carea' id='block_1_69' title="bbox 202 3861 1797 3932">
    <p class='ocr_par' dir='ltr' id='par_1_69' title="bbox 202 3861 1797 3932">
     <span class='ocr_line' id='line_1_69' title="bbox 202 3861 1797 3932; baseline -0.002 -15"><span class='ocrx_word' id='word_1_546' title='bbox 202 3863 404 3917; x_wconf 87' lang='lat' dir='ltr'><strong>nutrit.</strong></span> <span class='ocrx_word' id='word_1_547' title='bbox 435 3861 639 3917; x_wconf 90' lang='lat' dir='ltr'><strong>Tamen</strong></span> <span class='ocrx_word' id='word_1_548' title='bbox 670 3865 832 3917; x_wconf 88' lang='lat' dir='ltr'><strong>etiam</strong></span> <span class='ocrx_word' id='word_1_549' title='bbox 866 3879 1007 3917; x_wconf 90' lang='lat' dir='ltr'><strong>nunc</strong></span> <span class='ocrx_word' id='word_1_550' title='bbox 1034 3871 1322 3932; x_wconf 84' lang='lat' dir='ltr'><strong>antequam</strong></span> <span class='ocrx_word' id='word_1_551' title='bbox 1355 3878 1441 3916; x_wconf 91' lang='lat' dir='ltr'><strong>res</strong></span> <span class='ocrx_word' id='word_1_552' title='bbox 1474 3863 1587 3931; x_wconf 91' lang='lat' dir='ltr'><strong>ipsa</strong></span> <span class='ocrx_word' id='word_1_553' title='bbox 1615 3862 1797 3915; x_wconf 82' lang='lat' dir='ltr'><strong>veniat</strong></span> 
     </span>
    </p>
   </div>
   <div class='ocr_carea' id='block_1_70' title="bbox 201 3951 1792 4022">
    <p class='ocr_par' dir='ltr' id='par_1_70' title="bbox 201 3951 1792 4022">
     <span class='ocr_line' id='line_1_70' title="bbox 201 3951 1792 4022; baseline -0.002 -16"><span class='ocrx_word' id='word_1_554' title='bbox 201 3951 370 4006; x_wconf 86' lang='lat' dir='ltr'><strong>nobis</strong></span> <span class='ocrx_word' id='word_1_555' title='bbox 402 3970 416 4004; x_wconf 91' lang='lat'><strong>:</strong></span> <span class='ocrx_word' id='word_1_556' title='bbox 449 3959 736 4022; x_wconf 86' lang='lat' dir='ltr'><strong>antequam</strong></span> <span class='ocrx_word' id='word_1_557' title='bbox 768 3968 864 4007; x_wconf 93' lang='lat' dir='ltr'><strong>nos</strong></span> <span class='ocrx_word' id='word_1_558' title='bbox 894 3953 960 4007; x_wconf 88' lang='lat' dir='ltr'><strong>ad</strong></span> <span class='ocrx_word' id='word_1_559' title='bbox 991 3968 1103 4007; x_wconf 90' lang='lat' dir='ltr'><strong>rem</strong></span> <span class='ocrx_word' id='word_1_560' title='bbox 1131 3952 1301 4021; x_wconf 84' lang='lat' dir='ltr'><strong>ipsam</strong></span> <span class='ocrx_word' id='word_1_561' title='bbox 1329 3951 1631 4015; x_wconf 76' lang='lat' dir='ltr'><strong>veniamus,</strong></span> <span class='ocrx_word' id='word_1_562' title='bbox 1662 3958 1792 4013; x_wconf 84' lang='lat' dir='ltr'><strong>etc.,</strong></span> 
     </span>
    </p>
   </div>
   <div class='ocr_carea' id='block_1_71' title="bbox 198 4037 1795 4110">
    <p class='ocr_par' dir='ltr' id='par_1_71' title="bbox 198 4037 1795 4110">
     <span class='ocr_line' id='line_1_71' title="bbox 198 4037 1795 4110; baseline -0.001 -18"><span class='ocrx_word' id='word_1_563' title='bbox 198 4039 465 4104; x_wconf 81' lang='lat' dir='ltr'><strong>usquead</strong></span> <span class='ocrx_word' id='word_1_564' title='bbox 488 4049 776 4110; x_wconf 88' lang='lat' dir='ltr'><strong>antequam</strong></span> <span class='ocrx_word' id='word_1_565' title='bbox 808 4041 1131 4096; x_wconf 83' lang='lat' dir='ltr'><strong>videremus.</strong></span> <span class='ocrx_word' id='word_1_566' title='bbox 1157 4038 1255 4110; x_wconf 93' lang='lat' dir='ltr'><strong>(Id.</strong></span> <span class='ocrx_word' id='word_1_567' title='bbox 1279 4079 1294 4105; x_wconf 93' lang='lat'><strong>,</strong></span> <span class='ocrx_word' id='word_1_568' title='bbox 1330 4055 1485 4092; x_wconf 87' lang='lat' dir='ltr'><strong>serm.</strong></span> <span class='ocrx_word' id='word_1_569' title='bbox 1516 4038 1581 4093; x_wconf 85' lang='lat' dir='ltr'><strong>de</strong></span> <span class='ocrx_word' id='word_1_570' title='bbox 1621 4037 1795 4093; x_wconf 81' lang='lat' dir='ltr'><strong>Verbis</strong></span> 
     </span>
    </p>
   </div>
   <div class='ocr_carea' id='block_1_72' title="bbox 200 4132 404 4204">
    <p class='ocr_par' dir='ltr' id='par_1_72' title="bbox 200 4132 404 4204">
     <span class='ocr_line' id='line_1_72' title="bbox 200 4132 404 4204; baseline 0 -18"><span class='ocrx_word' id='word_1_571' title='bbox 200 4132 404 4204; x_wconf 89' lang='lat' dir='ltr'><strong>apost.)</strong></span> 
     </span>
    </p>
   </div>
   <div class='ocr_carea' id='block_1_73' title="bbox 279 4220 1791 4293">
    <p class='ocr_par' dir='ltr' id='par_1_73' title="bbox 279 4220 1791 4293">
     <span class='ocr_line' id='line_1_73' title="bbox 279 4220 1791 4293; baseline -0.001 -17"><span class='ocrx_word' id='word_1_572' title='bbox 279 4220 427 4277; x_wconf 91' lang='lat' dir='ltr'><strong>Laus</strong></span> <span class='ocrx_word' id='word_1_573' title='bbox 453 4222 573 4277; x_wconf 86' lang='lat' dir='ltr'><strong>ﬁdei</strong></span> <span class='ocrx_word' id='word_1_574' title='bbox 604 4231 706 4288; x_wconf 87' lang='lat' dir='ltr'><strong>est,</strong></span> <span class='ocrx_word' id='word_1_575' title='bbox 731 4230 861 4288; x_wconf 92' lang='lat' dir='ltr'><strong>etc.,</strong></span> <span class='ocrx_word' id='word_1_576' title='bbox 895 4239 1057 4293; x_wconf 87' lang='lat' dir='ltr'><strong>usque</strong></span> <span class='ocrx_word' id='word_1_577' title='bbox 1087 4223 1156 4275; x_wconf 87' lang='lat' dir='ltr'><strong>ad</strong></span> <span class='ocrx_word' id='word_1_578' title='bbox 1182 4236 1305 4292; x_wconf 89' lang='lat' dir='ltr'><strong>spes</strong></span> <span class='ocrx_word' id='word_1_579' title='bbox 1349 4220 1636 4276; x_wconf 89' lang='lat' dir='ltr'><strong>desiderat.</strong></span> <span class='ocrx_word' id='word_1_580' title='bbox 1667 4221 1791 4291; x_wconf 89' lang='lat' dir='ltr'><strong>(ld.,</strong></span> 
     </span>
    </p>
   </div>
   <div class='ocr_carea' id='block_1_74' title="bbox 199 4311 1796 4384">
    <p class='ocr_par' dir='ltr' id='par_1_74' title="bbox 199 4311 1796 4384">
     <span class='ocr_line' id='line_1_74' title="bbox 199 4311 1796 4384; baseline 0 -18"><span class='ocrx_word' id='word_1_581' title='bbox 199 4312 300 4366; x_wconf 83' lang='lat' dir='ltr'><strong>lib.</strong></span> <span class='ocrx_word' id='word_1_582' title='bbox 344 4312 579 4368; x_wconf 87' lang='lat' dir='ltr'><strong>Sentent.</strong></span> <span class='ocrx_word' id='word_1_583' title='bbox 615 4313 882 4384; x_wconf 84' lang='lat' dir='ltr'><strong>Prospcri,</strong></span> <span class='ocrx_word' id='word_1_584' title='bbox 912 4322 1042 4368; x_wconf 90' lang='lat' dir='ltr'><strong>tom.</strong></span> <span class='ocrx_word' id='word_1_585' title='bbox 1077 4312 1146 4381; x_wconf 86' lang='lat' dir='ltr'><strong>X,</strong></span> <span class='ocrx_word' id='word_1_586' title='bbox 1180 4320 1319 4384; x_wconf 90' lang='lat' dir='ltr'><strong>part.</strong></span> <span class='ocrx_word' id='word_1_587' title='bbox 1347 4327 1419 4380; x_wconf 85' lang='lat' dir='ltr'><strong>tt,</strong></span> <span class='ocrx_word' id='word_1_588' title='bbox 1444 4311 1550 4367; x_wconf 90' lang='lat' dir='ltr'><strong>col.</strong></span> <span class='ocrx_word' id='word_1_589' title='bbox 1580 4311 1718 4368; x_wconf 86' lang='grc'><strong>1880</strong></span> <span class='ocrx_word' id='word_1_590' title='bbox 1740 4322 1796 4367; x_wconf 88' lang='lat' dir='ltr'><strong>et</strong></span> 
     </span>
    </p>
   </div>
   <div class='ocr_carea' id='block_1_75' title="bbox 200 4402 355 4475">
    <p class='ocr_par' dir='ltr' id='par_1_75' title="bbox 200 4402 355 4475">
     <span class='ocr_line' id='line_1_75' title="bbox 200 4402 355 4475; baseline -0.013 -17"><span class='ocrx_word' id='word_1_591' title='bbox 200 4402 355 4475; x_wconf 89' lang='lat' dir='ltr'><strong>seq.)</strong></span> 
     </span>
    </p>
   </div>
   <div class='ocr_carea' id='block_1_76' title="bbox 1900 3218 3493 3288">
    <p class='ocr_par' dir='ltr' id='par_1_76' title="bbox 1900 3218 3493 3288">
     <span class='ocr_line' id='line_1_76' title="bbox 1900 3218 3493 3288; baseline 0.006 -19"><span class='ocrx_word' id='word_1_592' title='bbox 1900 3232 2039 3282; x_wconf 88' lang='lat' dir='ltr'><strong>nem,</strong></span> <span class='ocrx_word' id='word_1_593' title='bbox 2063 3224 2192 3281; x_wconf 88' lang='lat' dir='ltr'><strong>etc.,</strong></span> <span class='ocrx_word' id='word_1_594' title='bbox 2219 3232 2391 3288; x_wconf 88' lang='lat' dir='ltr'><strong>usque</strong></span> <span class='ocrx_word' id='word_1_595' title='bbox 2413 3218 2478 3272; x_wconf 88' lang='lat' dir='ltr'><strong>ad</strong></span> <span class='ocrx_word' id='word_1_596' title='bbox 2493 3218 2611 3287; x_wconf 88' lang='lat' dir='ltr'><strong>jam</strong></span> <span class='ocrx_word' id='word_1_597' title='bbox 2642 3237 2746 3274; x_wconf 86' lang='lat' dir='ltr'><strong>non</strong></span> <span class='ocrx_word' id='word_1_598' title='bbox 2776 3221 3033 3276; x_wconf 83' lang='lat' dir='ltr'><strong>novimus.</strong></span> <span class='ocrx_word' id='word_1_599' title='bbox 3061 3219 3213 3288; x_wconf 86' lang='lat' dir='ltr'><strong>Quod</strong></span> <span class='ocrx_word' id='word_1_600' title='bbox 3245 3222 3405 3287; x_wconf 90' lang='lat' dir='ltr'><strong>dicit,</strong></span> <span class='ocrx_word' id='word_1_601' title='bbox 3435 3229 3493 3278; x_wconf 81' lang='lat' dir='ltr'><strong>et</strong></span> 
     </span>
    </p>
   </div>
   <div class='ocr_carea' id='block_1_77' title="bbox 1899 3305 3492 3381">
    <p class='ocr_par' dir='ltr' id='par_1_77' title="bbox 1899 3305 3492 3381">
     <span class='ocr_line' id='line_1_77' title="bbox 1899 3305 3492 3381; baseline 0.005 -24"><span class='ocrx_word' id='word_1_602' title='bbox 1899 3305 1945 3358; x_wconf 91' lang='lat' dir='ltr'><strong>si</strong></span> <span class='ocrx_word' id='word_1_603' title='bbox 1972 3320 2295 3361; x_wconf 78' lang='lat' dir='ltr'><strong>noveramus</strong></span> <span class='ocrx_word' id='word_1_604' title='bbox 2322 3305 2597 3362; x_wconf 89' lang='lat' dir='ltr'><strong>Christum</strong></span> <span class='ocrx_word' id='word_1_605' title='bbox 2621 3309 2940 3375; x_wconf 85' lang='lat' dir='ltr'><strong>secundum,</strong></span> <span class='ocrx_word' id='word_1_606' title='bbox 2964 3320 3275 3381; x_wconf 87' lang='lat' dir='ltr'><strong>etc.,usque</strong></span> <span class='ocrx_word' id='word_1_607' title='bbox 3300 3312 3368 3364; x_wconf 86' lang='lat' dir='ltr'><strong>ad</strong></span> <span class='ocrx_word' id='word_1_608' title='bbox 3397 3325 3492 3381; x_wconf 88' lang='lat' dir='ltr'><strong>spe</strong></span> 
     </span>
    </p>
   </div>
   <div class='ocr_carea' id='block_1_78' title="bbox 1898 3395 3485 3467">
    <p class='ocr_par' dir='ltr' id='par_1_78' title="bbox 1898 3395 3485 3467">
     <span class='ocr_line' id='line_1_78' title="bbox 1898 3395 3485 3467; baseline 0.003 -18"><span class='ocrx_word' id='word_1_609' title='bbox 1898 3396 2002 3450; x_wconf 91' lang='lat' dir='ltr'><strong>hoc</strong></span> <span class='ocrx_word' id='word_1_610' title='bbox 2043 3411 2251 3450; x_wconf 89' lang='lat' dir='ltr'><strong>sumus.</strong></span> <span class='ocrx_word' id='word_1_611' title='bbox 2285 3395 2408 3467; x_wconf 89' lang='lat' dir='ltr'><strong>(ld.,</strong></span> <span class='ocrx_word' id='word_1_612' title='bbox 2438 3397 2527 3452; x_wconf 87' lang='lat' dir='ltr'><strong>lib.</strong></span> <span class='ocrx_word' id='word_1_613' title='bbox 2557 3408 2724 3454; x_wconf 84' lang='lat' dir='ltr'><strong>contr.</strong></span> <span class='ocrx_word' id='word_1_614' title='bbox 2750 3398 3038 3467; x_wconf 81' lang='lat' dir='ltr'><strong>Faustum,</strong></span> <span class='ocrx_word' id='word_1_615' title='bbox 3067 3412 3199 3456; x_wconf 92' lang='lat' dir='ltr'><strong>tom.</strong></span> <span class='ocrx_word' id='word_1_616' title='bbox 3226 3400 3359 3466; x_wconf 89' lang='lat' dir='ltr'><strong>VIII,</strong></span> <span class='ocrx_word' id='word_1_617' title='bbox 3382 3400 3485 3456; x_wconf 91' lang='lat' dir='ltr'><strong>col.</strong></span> 
     </span>
    </p>
   </div>
   <div class='ocr_carea' id='block_1_79' title="bbox 1897 3488 3013 3561">
    <p class='ocr_par' dir='ltr' id='par_1_79' title="bbox 1897 3488 3013 3561">
     <span class='ocr_line' id='line_1_79' title="bbox 1897 3488 3013 3561; baseline 0.001 -19"><span class='ocrx_word' id='word_1_618' title='bbox 1897 3488 2004 3543; x_wconf 81' lang='grc'><strong>249</strong></span> <span class='ocrx_word' id='word_1_619' title='bbox 2026 3497 2082 3544; x_wconf 90' lang='lat' dir='ltr'><strong>et</strong></span> <span class='ocrx_word' id='word_1_620' title='bbox 2109 3488 2253 3561; x_wconf 81' lang='lat' dir='ltr'><strong>seq.)</strong></span> <span class='ocrx_word' id='word_1_621' title='bbox 2581 3496 2593 3507; x_wconf 89' lang='lat'><strong><em>‘</em></strong></span> <span class='ocrx_word' id='word_1_622' title='bbox 3008 3500 3013 3503; x_wconf 87' lang='lat'>‘</span> 
     </span>
    </p>
   </div>
   <div class='ocr_carea' id='block_1_80' title="bbox 1968 3579 3486 3653">
    <p class='ocr_par' dir='ltr' id='par_1_80' title="bbox 1968 3579 3486 3653">
     <span class='ocr_line' id='line_1_80' title="bbox 1968 3579 3486 3653; baseline 0.003 -19"><span class='ocrx_word' id='word_1_623' title='bbox 1968 3579 2027 3634; x_wconf 88' lang='lat' dir='ltr'><strong>Si</strong></span> <span class='ocrx_word' id='word_1_624' title='bbox 2048 3597 2153 3652; x_wconf 89' lang='lat' dir='ltr'><strong>qua</strong></span> <span class='ocrx_word' id='word_1_625' title='bbox 2177 3597 2298 3650; x_wconf 89' lang='lat' dir='ltr'><strong>ergo</strong></span> <span class='ocrx_word' id='word_1_626' title='bbox 2320 3583 2372 3635; x_wconf 90' lang='lat' dir='ltr'><strong>in</strong></span> <span class='ocrx_word' id='word_1_627' title='bbox 2394 3579 2602 3637; x_wconf 82' lang='lat' dir='ltr'><strong>Christo</strong></span> <span class='ocrx_word' id='word_1_628' title='bbox 2628 3600 2759 3638; x_wconf 85' lang='lat' dir='ltr'><strong>nova</strong></span> <span class='ocrx_word' id='word_1_629' title='bbox 2783 3594 3047 3648; x_wconf 87' lang='lat' dir='ltr'><strong>creatura,</strong></span> <span class='ocrx_word' id='word_1_630' title='bbox 3073 3592 3203 3649; x_wconf 90' lang='lat' dir='ltr'><strong>etc.,</strong></span> <span class='ocrx_word' id='word_1_631' title='bbox 3227 3598 3397 3653; x_wconf 84' lang='lat' dir='ltr'><strong>usque</strong></span> <span class='ocrx_word' id='word_1_632' title='bbox 3419 3584 3486 3639; x_wconf 88' lang='lat' dir='ltr'><strong>ad</strong></span> 
     </span>
    </p>
   </div>
   <div class='ocr_carea' id='block_1_81' title="bbox 1896 3670 3484 3744">
    <p class='ocr_par' dir='ltr' id='par_1_81' title="bbox 1896 3670 3484 3744">
     <span class='ocr_line' id='line_1_81' title="bbox 1896 3670 3484 3744; baseline 0.004 -20"><span class='ocrx_word' id='word_1_633' title='bbox 1896 3686 1988 3741; x_wconf 90' lang='lat' dir='ltr'><strong>per</strong></span> <span class='ocrx_word' id='word_1_634' title='bbox 2025 3670 2310 3732; x_wconf 82' lang='lat' dir='ltr'><strong>Christum.</strong></span> <span class='ocrx_word' id='word_1_635' title='bbox 2374 3675 2526 3730; x_wconf 88' lang='lat' dir='ltr'><strong>Unde</strong></span> <span class='ocrx_word' id='word_1_636' title='bbox 2555 3676 3004 3744; x_wconf 89' lang='lat' dir='ltr'><strong>quemadmodum</strong></span> <span class='ocrx_word' id='word_1_637' title='bbox 3048 3690 3168 3729; x_wconf 88' lang='lat' dir='ltr'><strong>cum</strong></span> <span class='ocrx_word' id='word_1_638' title='bbox 3200 3676 3313 3744; x_wconf 88' lang='lat' dir='ltr'><strong>ipsa</strong></span> <span class='ocrx_word' id='word_1_639' title='bbox 3339 3677 3484 3731; x_wconf 88' lang='lat' dir='ltr'><strong>veri-</strong></span> 
     </span>
    </p>
   </div>
   <div class='ocr_carea' id='block_1_82' title="bbox 1900 3764 3482 3836">
    <p class='ocr_par' dir='ltr' id='par_1_82' title="bbox 1900 3764 3482 3836">
     <span class='ocr_line' id='line_1_82' title="bbox 1900 3764 3482 3836; baseline 0.003 -22"><span class='ocrx_word' id='word_1_640' title='bbox 1900 3770 1998 3824; x_wconf 91' lang='lat' dir='ltr'><strong>tas,</strong></span> <span class='ocrx_word' id='word_1_641' title='bbox 2046 3770 2150 3817; x_wconf 88' lang='lat' dir='ltr'><strong>etc.</strong></span> <span class='ocrx_word' id='word_1_642' title='bbox 2179 3803 2193 3828; x_wconf 92' lang='lat'><strong>,</strong></span> <span class='ocrx_word' id='word_1_643' title='bbox 2226 3779 2386 3833; x_wconf 81' lang='lat' dir='ltr'><strong>usque</strong></span> <span class='ocrx_word' id='word_1_644' title='bbox 2436 3764 2504 3816; x_wconf 89' lang='lat' dir='ltr'><strong>ad</strong></span> <span class='ocrx_word' id='word_1_645' title='bbox 2551 3779 2876 3819; x_wconf 87' lang='lat' dir='ltr'><strong>mereamur.</strong></span> <span class='ocrx_word' id='word_1_646' title='bbox 2905 3764 3045 3836; x_wconf 87' lang='lat' dir='ltr'><strong>|(Id.,</strong></span> <span class='ocrx_word' id='word_1_647' title='bbox 3088 3764 3182 3818; x_wconf 88' lang='lat' dir='ltr'><strong>lib.</strong></span> <span class='ocrx_word' id='word_1_648' title='bbox 3223 3765 3287 3819; x_wconf 88' lang='lat' dir='ltr'><strong>de</strong></span> <span class='ocrx_word' id='word_1_649' title='bbox 3330 3765 3482 3820; x_wconf 85' lang='lat' dir='ltr'><strong>Doct.</strong></span> 
     </span>
    </p>
   </div>
   <div class='ocr_carea' id='block_1_83' title="bbox 1899 3849 3116 3926">
    <p class='ocr_par' dir='ltr' id='par_1_83' title="bbox 1899 3849 3116 3926">
     <span class='ocr_line' id='line_1_83' title="bbox 1899 3849 3116 3926; baseline -0.001 -21"><span class='ocrx_word' id='word_1_650' title='bbox 1899 3849 2093 3905; x_wconf 84' lang='lat' dir='ltr'><strong>Christ.</strong></span> <span class='ocrx_word' id='word_1_651' title='bbox 2119 3892 2132 3915; x_wconf 92' lang='lat'><strong>,</strong></span> <span class='ocrx_word' id='word_1_652' title='bbox 2166 3861 2295 3907; x_wconf 90' lang='lat' dir='ltr'><strong>tom.</strong></span> <span class='ocrx_word' id='word_1_653' title='bbox 2331 3852 2630 3922; x_wconf 88' lang='lat' dir='ltr'><strong>III,part.t,</strong></span> <span class='ocrx_word' id='word_1_654' title='bbox 2663 3853 2765 3908; x_wconf 92' lang='lat' dir='ltr'><strong>col.</strong></span> <span class='ocrx_word' id='word_1_655' title='bbox 2799 3852 2869 3907; x_wconf 84' lang='grc'><strong>55</strong></span> <span class='ocrx_word' id='word_1_656' title='bbox 2898 3862 2954 3908; x_wconf 91' lang='lat' dir='ltr'><strong>et</strong></span> <span class='ocrx_word' id='word_1_657' title='bbox 2975 3853 3116 3926; x_wconf 88' lang='lat' dir='ltr'><strong>seq.)</strong></span> 
     </span>
    </p>
   </div>
   <div class='ocr_carea' id='block_1_84' title="bbox 1968 3944 3485 4018">
    <p class='ocr_par' dir='ltr' id='par_1_84' title="bbox 1968 3944 3485 4018">
     <span class='ocr_line' id='line_1_84' title="bbox 1968 3944 3485 4018; baseline 0.007 -22"><span class='ocrx_word' id='word_1_658' title='bbox 1968 3944 2105 4011; x_wconf 86' lang='lat' dir='ltr'><strong>Quid</strong></span> <span class='ocrx_word' id='word_1_659' title='bbox 2131 3956 2236 4009; x_wconf 89' lang='lat' dir='ltr'><strong>est,</strong></span> <span class='ocrx_word' id='word_1_660' title='bbox 2274 3946 2318 4000; x_wconf 88' lang='lat' dir='ltr'><strong>si</strong></span> <span class='ocrx_word' id='word_1_661' title='bbox 2349 3961 2451 4000; x_wconf 91' lang='lat' dir='ltr'><strong>non</strong></span> <span class='ocrx_word' id='word_1_662' title='bbox 2480 3945 2682 4009; x_wconf 86' lang='lat' dir='ltr'><strong>abiero,</strong></span> <span class='ocrx_word' id='word_1_663' title='bbox 2713 3954 2846 4012; x_wconf 89' lang='lat' dir='ltr'><strong>etc.,</strong></span> <span class='ocrx_word' id='word_1_664' title='bbox 2877 3964 3040 4018; x_wconf 87' lang='lat' dir='ltr'><strong>usque</strong></span> <span class='ocrx_word' id='word_1_665' title='bbox 3066 3948 3135 4002; x_wconf 87' lang='lat' dir='ltr'><strong>ad</strong></span> <span class='ocrx_word' id='word_1_666' title='bbox 3164 3949 3485 4018; x_wconf 88' lang='lat' dir='ltr'><strong>spiritaliter</strong></span> 
     </span>
    </p>
   </div>
   <div class='ocr_carea' id='block_1_85' title="bbox 1898 4038 3480 4113">
    <p class='ocr_par' dir='ltr' id='par_1_85' title="bbox 1898 4038 3480 4113">
     <span class='ocr_line' id='line_1_85' title="bbox 1898 4038 3480 4113; baseline 0.006 -22"><span class='ocrx_word' id='word_1_667' title='bbox 1898 4038 2067 4093; x_wconf 91' lang='lat' dir='ltr'><strong>novit.</strong></span> <span class='ocrx_word' id='word_1_668' title='bbox 2110 4038 2231 4110; x_wconf 86' lang='lat' dir='ltr'><strong>(ld.,</strong></span> <span class='ocrx_word' id='word_1_669' title='bbox 2282 4050 2437 4094; x_wconf 86' lang='lat' dir='ltr'><strong>tract.</strong></span> <span class='ocrx_word' id='word_1_670' title='bbox 2483 4040 2685 4111; x_wconf 81' lang='lat' dir='ltr'><strong>Evang.</strong></span> <span class='ocrx_word' id='word_1_671' title='bbox 2728 4058 2832 4096; x_wconf 84' lang='lat' dir='ltr'><strong>sec.</strong></span> <span class='ocrx_word' id='word_1_672' title='bbox 2872 4041 3012 4097; x_wconf 83' lang='lat' dir='ltr'><strong>Joan</strong></span> <span class='ocrx_word' id='word_1_673' title='bbox 3062 4060 3171 4108; x_wconf 75' lang='lat' dir='ltr'><strong>XCI,</strong></span> <span class='ocrx_word' id='word_1_674' title='bbox 3216 4056 3347 4100; x_wconf 88' lang='lat' dir='ltr'><strong>tom.</strong></span> <span class='ocrx_word' id='word_1_675' title='bbox 3393 4044 3480 4113; x_wconf 86' lang='lat' dir='ltr'><strong>III,</strong></span> 
     </span>
    </p>
   </div>
   <div class='ocr_carea' id='block_1_86' title="bbox 1864 4113 2482 4202">
    <p class='ocr_par' dir='ltr' id='par_1_86' title="bbox 1864 4113 2482 4202">
     <span class='ocr_line' id='line_1_86' title="bbox 1864 4113 2482 4202; baseline 0.006 -20"><span class='ocrx_word' id='word_1_676' title='bbox 1864 4113 1870 4135; x_wconf 75' lang='lat'><strong>’</strong></span> <span class='ocrx_word' id='word_1_677' title='bbox 1895 4139 2039 4198; x_wconf 86' lang='lat' dir='ltr'><strong>part.</strong></span> <span class='ocrx_word' id='word_1_678' title='bbox 2068 4146 2128 4197; x_wconf 86' lang='grc' dir='ltr'><strong>ιι,</strong></span> <span class='ocrx_word' id='word_1_679' title='bbox 2161 4132 2263 4186; x_wconf 90' lang='lat' dir='ltr'><strong>col.</strong></span> <span class='ocrx_word' id='word_1_680' title='bbox 2297 4132 2482 4202; x_wconf 78' lang='grc'><strong>1869.)</strong></span> 
     </span>
    </p>
   </div>
   <div class='ocr_carea' id='block_1_87' title="bbox 1970 4220 3482 4302">
    <p class='ocr_par' dir='ltr' id='par_1_87' title="bbox 1970 4220 3482 4302">
     <span class='ocr_line' id='line_1_87' title="bbox 1970 4220 3482 4302; baseline 0.007 -27"><span class='ocrx_word' id='word_1_681' title='bbox 1970 4220 2076 4281; x_wconf 87' lang='lat' dir='ltr'><strong>Sed</strong></span> <span class='ocrx_word' id='word_1_682' title='bbox 2105 4223 2234 4292; x_wconf 88' lang='lat' dir='ltr'><strong>quid</strong></span> <span class='ocrx_word' id='word_1_683' title='bbox 2259 4232 2362 4289; x_wconf 90' lang='lat' dir='ltr'><strong>est,</strong></span> <span class='ocrx_word' id='word_1_684' title='bbox 2380 4224 2490 4294; x_wconf 81' lang='lat' dir='ltr'><strong>jam</strong></span> <span class='ocrx_word' id='word_1_685' title='bbox 2517 4239 2622 4279; x_wconf 92' lang='lat' dir='ltr'><strong>non</strong></span> <span class='ocrx_word' id='word_1_686' title='bbox 2651 4226 2901 4282; x_wconf 90' lang='lat' dir='ltr'><strong>videbitis</strong></span> <span class='ocrx_word' id='word_1_687' title='bbox 2928 4243 3035 4293; x_wconf 90' lang='lat' dir='ltr'><strong>me,</strong></span> <span class='ocrx_word' id='word_1_688' title='bbox 3063 4238 3194 4296; x_wconf 83' lang='lat' dir='ltr'><strong>etc.,</strong></span> <span class='ocrx_word' id='word_1_689' title='bbox 3220 4247 3382 4302; x_wconf 76' lang='lat' dir='ltr'><strong>usque</strong></span> <span class='ocrx_word' id='word_1_690' title='bbox 3411 4233 3482 4285; x_wconf 88' lang='lat' dir='ltr'><strong>ad</strong></span> 
     </span>
    </p>
   </div>
   <div class='ocr_carea' id='block_1_88' title="bbox 1896 4317 3021 4391">
    <p class='ocr_par' dir='ltr' id='par_1_88' title="bbox 1896 4317 3021 4391">
     <span class='ocr_line' id='line_1_88' title="bbox 1896 4317 3021 4391; baseline 0.005 -23"><span class='ocrx_word' id='word_1_691' title='bbox 1896 4317 2176 4370; x_wconf 85' lang='lat' dir='ltr'><strong>mundum.</strong></span> <span class='ocrx_word' id='word_1_692' title='bbox 2211 4317 2335 4388; x_wconf 86' lang='lat' dir='ltr'><strong>(ld.,</strong></span> <span class='ocrx_word' id='word_1_693' title='bbox 2368 4328 2521 4371; x_wconf 84' lang='lat' dir='ltr'><strong>tract.</strong></span> <span class='ocrx_word' id='word_1_694' title='bbox 2553 4334 2672 4383; x_wconf 79' lang='lat' dir='ltr'><strong>xcv,</strong></span> <span class='ocrx_word' id='word_1_695' title='bbox 2704 4320 2808 4375; x_wconf 88' lang='lat' dir='ltr'><strong>col.</strong></span> <span class='ocrx_word' id='word_1_696' title='bbox 2836 4320 3021 4391; x_wconf 81' lang='grc'><strong>1872.)</strong></span> 
     </span>
    </p>
   </div>
   <div class='ocr_carea' id='block_1_89' title="bbox 1968 4407 3477 4482">
    <p class='ocr_par' dir='ltr' id='par_1_89' title="bbox 1968 4407 3477 4482">
     <span class='ocr_line' id='line_1_89' title="bbox 1968 4407 3477 4482; baseline 0.001 -18"><span class='ocrx_word' id='word_1_697' title='bbox 1968 4407 2156 4464; x_wconf 90' lang='lat' dir='ltr'><strong>Omnis</strong></span> <span class='ocrx_word' id='word_1_698' title='bbox 2185 4424 2313 4478; x_wconf 81' lang='lat' dir='ltr'><strong>ergo</strong></span> <span class='ocrx_word' id='word_1_699' title='bbox 2346 4425 2481 4463; x_wconf 82' lang='lat' dir='ltr'><strong>nova</strong></span> <span class='ocrx_word' id='word_1_700' title='bbox 2512 4419 2786 4477; x_wconf 88' lang='lat' dir='ltr'><strong>creatura,</strong></span> <span class='ocrx_word' id='word_1_701' title='bbox 2836 4411 2888 4465; x_wconf 94' lang='lat' dir='ltr'><strong>id</strong></span> <span class='ocrx_word' id='word_1_702' title='bbox 2932 4420 3016 4466; x_wconf 88' lang='lat' dir='ltr'><strong>est</strong></span> <span class='ocrx_word' id='word_1_703' title='bbox 3047 4411 3272 4482; x_wconf 87' lang='lat' dir='ltr'><strong>populus</strong></span> <span class='ocrx_word' id='word_1_704' title='bbox 3318 4414 3477 4466; x_wconf 89' lang='lat' dir='ltr'><strong>inno-</strong></span> 
     </span>
    </p>
   </div>
   <div class='ocr_carea' id='block_1_90' title="bbox 277 4480 3479 4571">
    <p class='ocr_par' dir='ltr' id='par_1_90' title="bbox 277 4480 3479 4571">
     <span class='ocr_line' id='line_1_90' title="bbox 277 4480 3479 4571; baseline 0.001 -25"><span class='ocrx_word' id='word_1_705' title='bbox 277 4493 475 4549; x_wconf 82' lang='lat' dir='ltr'><strong>Omnes</strong></span> <span class='ocrx_word' id='word_1_706' title='bbox 503 4496 640 4549; x_wconf 85' lang='lat' dir='ltr'><strong>enim</strong></span> <span class='ocrx_word' id='word_1_707' title='bbox 673 4511 766 4549; x_wconf 88' lang='lat' dir='ltr'><strong>nos</strong></span> <span class='ocrx_word' id='word_1_708' title='bbox 794 4494 1126 4565; x_wconf 74' lang='lat' dir='ltr'><strong>manifestari</strong></span> <span class='ocrx_word' id='word_1_709' title='bbox 1160 4504 1360 4565; x_wconf 82' lang='lat' dir='ltr'><strong>Oportet</strong></span> <span class='ocrx_word' id='word_1_710' title='bbox 1403 4503 1523 4548; x_wconf 86' lang='lat' dir='ltr'><strong>ante</strong></span> <span class='ocrx_word' id='word_1_711' title='bbox 1556 4493 1789 4547; x_wconf 75' lang='lat' dir='ltr'><strong>tribunal</strong></span> <span class='ocrx_word' id='word_1_712' title='bbox 1820 4480 1869 4539; x_wconf 83' lang='lat' dir='ltr'><strong>D</strong></span> <span class='ocrx_word' id='word_1_713' title='bbox 1894 4508 2053 4556; x_wconf 77' lang='lat' dir='ltr'><strong>vatus</strong></span> <span class='ocrx_word' id='word_1_714' title='bbox 2095 4515 2195 4568; x_wconf 81' lang='lat' dir='ltr'><strong>per</strong></span> <span class='ocrx_word' id='word_1_715' title='bbox 2238 4500 2419 4565; x_wconf 79' lang='lat' dir='ltr'><strong>ﬁdem,</strong></span> <span class='ocrx_word' id='word_1_716' title='bbox 2451 4511 2509 4554; x_wconf 85' lang='lat' dir='ltr'><strong>ut</strong></span> <span class='ocrx_word' id='word_1_717' title='bbox 2546 4501 2743 4556; x_wconf 78' lang='lat' dir='ltr'><strong>habeat</strong></span> <span class='ocrx_word' id='word_1_718' title='bbox 2774 4501 2987 4555; x_wconf 84' lang='lat' dir='ltr'><strong>interim</strong></span> <span class='ocrx_word' id='word_1_719' title='bbox 3013 4480 3068 4555; x_wconf 72' lang='lat' dir='ltr'><strong>in</strong></span> <span class='ocrx_word' id='word_1_720' title='bbox 3092 4480 3208 4571; x_wconf 77' lang='lat' dir='ltr'><strong>spe,</strong></span> <span class='ocrx_word' id='word_1_721' title='bbox 3240 4503 3383 4570; x_wconf 82' lang='lat' dir='ltr'><strong>quod</strong></span> <span class='ocrx_word' id='word_1_722' title='bbox 3422 4502 3479 4557; x_wconf 86' lang='lat' dir='ltr'><strong>in</strong></span> 
     </span>
    </p>
   </div>
   <div class='ocr_carea' id='block_1_91' title="bbox 198 4583 1791 4653">
    <p class='ocr_par' dir='ltr' id='par_1_91' title="bbox 198 4583 1791 4653">
     <span class='ocr_line' id='line_1_91' title="bbox 198 4583 1791 4653; baseline 0 -15"><span class='ocrx_word' id='word_1_723' title='bbox 198 4583 404 4638; x_wconf 86' lang='lat' dir='ltr'><strong>Christi</strong></span> <span class='ocrx_word' id='word_1_724' title='bbox 439 4595 534 4638; x_wconf 87' lang='lat' dir='ltr'><strong>:ut</strong></span> <span class='ocrx_word' id='word_1_725' title='bbox 566 4585 756 4653; x_wconf 79' lang='lat' dir='ltr'><strong>referat</strong></span> <span class='ocrx_word' id='word_1_726' title='bbox 782 4585 1157 4653; x_wconf 79' lang='lat' dir='ltr'><strong>unusquisque.</strong></span> <span class='ocrx_word' id='word_1_727' title='bbox 1188 4592 1321 4648; x_wconf 91' lang='lat' dir='ltr'><strong>etc.,</strong></span> <span class='ocrx_word' id='word_1_728' title='bbox 1371 4599 1541 4653; x_wconf 90' lang='lat' dir='ltr'><strong>usque</strong></span> <span class='ocrx_word' id='word_1_729' title='bbox 1582 4584 1647 4638; x_wconf 90' lang='lat' dir='ltr'><strong>ad</strong></span> <span class='ocrx_word' id='word_1_730' title='bbox 1684 4585 1791 4638; x_wconf 85' lang='lat' dir='ltr'><strong>sive</strong></span> 
     </span>
    </p>
   </div>
   <div class='ocr_carea' id='block_1_92' title="bbox 197 4674 1788 4747">
    <p class='ocr_par' dir='ltr' id='par_1_92' title="bbox 197 4674 1788 4747">
     <span class='ocr_line' id='line_1_92' title="bbox 197 4674 1788 4747; baseline -0.001 -19"><span class='ocrx_word' id='word_1_731' title='bbox 197 4676 427 4729; x_wconf 87' lang='lat' dir='ltr'><strong>malum.</strong></span> <span class='ocrx_word' id='word_1_732' title='bbox 458 4675 727 4731; x_wconf 85' lang='lat' dir='ltr'><strong>Facienda</strong></span> <span class='ocrx_word' id='word_1_733' title='bbox 757 4684 839 4730; x_wconf 91' lang='lat' dir='ltr'><strong>est</strong></span> <span class='ocrx_word' id='word_1_734' title='bbox 868 4691 997 4747; x_wconf 76' lang='lat' dir='ltr'><strong>ergo</strong></span> <span class='ocrx_word' id='word_1_735' title='bbox 1023 4674 1232 4743; x_wconf 88' lang='lat' dir='ltr'><strong>jnstitia</strong></span> <span class='ocrx_word' id='word_1_736' title='bbox 1274 4691 1394 4745; x_wconf 76' lang='lat' dir='ltr'><strong>qua:</strong></span> <span class='ocrx_word' id='word_1_737' title='bbox 1439 4675 1592 4730; x_wconf 92' lang='lat' dir='ltr'><strong>nobis</strong></span> <span class='ocrx_word' id='word_1_738' title='bbox 1612 4714 1628 4740; x_wconf 92' lang='lat'><strong>,</strong></span> <span class='ocrx_word' id='word_1_739' title='bbox 1654 4683 1788 4741; x_wconf 90' lang='lat' dir='ltr'><strong>etc.,</strong></span> 
     </span>
    </p>
   </div>
   <div class='ocr_carea' id='block_1_93' title="bbox 198 4762 1785 4838">
    <p class='ocr_par' dir='ltr' id='par_1_93' title="bbox 198 4762 1785 4838">
     <span class='ocr_line' id='line_1_93' title="bbox 198 4762 1785 4838; baseline -0.001 -19"><span class='ocrx_word' id='word_1_740' title='bbox 198 4783 368 4837; x_wconf 86' lang='lat' dir='ltr'><strong>usque</strong></span> <span class='ocrx_word' id='word_1_741' title='bbox 399 4765 468 4819; x_wconf 86' lang='lat' dir='ltr'><strong>ad</strong></span> <span class='ocrx_word' id='word_1_742' title='bbox 491 4772 544 4821; x_wconf 91' lang='lat' dir='ltr'><strong>et</strong></span> <span class='ocrx_word' id='word_1_743' title='bbox 564 4781 780 4836; x_wconf 88' lang='lat' dir='ltr'><strong>corpus.</strong></span> <span class='ocrx_word' id='word_1_744' title='bbox 802 4764 923 4838; x_wconf 88' lang='lat' dir='ltr'><strong>(ld.,</strong></span> <span class='ocrx_word' id='word_1_745' title='bbox 951 4764 1040 4818; x_wconf 89' lang='lat' dir='ltr'><strong>lib.</strong></span> <span class='ocrx_word' id='word_1_746' title='bbox 1058 4766 1122 4818; x_wconf 88' lang='lat' dir='ltr'><strong>de</strong></span> <span class='ocrx_word' id='word_1_747' title='bbox 1143 4762 1252 4819; x_wconf 87' lang='lat' dir='ltr'><strong>Civ.</strong></span> <span class='ocrx_word' id='word_1_748' title='bbox 1274 4764 1367 4818; x_wconf 88' lang='lat' dir='ltr'><strong>Dei</strong></span> <span class='ocrx_word' id='word_1_749' title='bbox 1399 4763 1785 4833; x_wconf 85' lang='lat' dir='ltr'><strong>xv11,tom.VII,</strong></span> 
     </span>
    </p>
   </div>
   <div class='ocr_carea' id='block_1_94' title="bbox 199 4854 676 4927">
    <p class='ocr_par' dir='ltr' id='par_1_94' title="bbox 199 4854 676 4927">
     <span class='ocr_line' id='line_1_94' title="bbox 199 4854 676 4927; baseline -0.006 -13"><span class='ocrx_word' id='word_1_750' title='bbox 199 4859 314 4914; x_wconf 89' lang='lat' dir='ltr'><strong>col.</strong></span> <span class='ocrx_word' id='word_1_751' title='bbox 347 4856 498 4927; x_wconf 84' lang='grc'><strong>551.)</strong></span> <span class='ocrx_word' id='word_1_752' title='bbox 656 4854 676 4871; x_wconf 87' lang='grc'><strong><em>⁸</em></strong></span> 
     </span>
    </p>
   </div>
   <div class='ocr_carea' id='block_1_95' title="bbox 274 4947 1783 5018">
    <p class='ocr_par' dir='ltr' id='par_1_95' title="bbox 274 4947 1783 5018">
     <span class='ocr_line' id='line_1_95' title="bbox 274 4947 1783 5018; baseline 0.001 -17"><span class='ocrx_word' id='word_1_753' title='bbox 274 4947 379 5002; x_wconf 83' lang='lat' dir='ltr'><strong>llic</strong></span> <span class='ocrx_word' id='word_1_754' title='bbox 410 4964 571 5004; x_wconf 90' lang='lat' dir='ltr'><strong>omne</strong></span> <span class='ocrx_word' id='word_1_755' title='bbox 604 4949 858 5004; x_wconf 89' lang='lat' dir='ltr'><strong>meritum</strong></span> <span class='ocrx_word' id='word_1_756' title='bbox 890 4957 1235 5018; x_wconf 88' lang='lat' dir='ltr'><strong>comparatur</strong></span> <span class='ocrx_word' id='word_1_757' title='bbox 1267 4963 1414 5018; x_wconf 92' lang='lat' dir='ltr'><strong>:quo</strong></span> <span class='ocrx_word' id='word_1_758' title='bbox 1434 4949 1627 5017; x_wconf 88' lang='lat' dir='ltr'><strong>possit,</strong></span> <span class='ocrx_word' id='word_1_759' title='bbox 1650 4958 1783 5015; x_wconf 88' lang='lat' dir='ltr'><strong>etc.,</strong></span> 
     </span>
    </p>
   </div>
   <div class='ocr_carea' id='block_1_96' title="bbox 198 5037 1784 5112">
    <p class='ocr_par' dir='ltr' id='par_1_96' title="bbox 198 5037 1784 5112">
     <span class='ocr_line' id='line_1_96' title="bbox 198 5037 1784 5112; baseline -0.001 -18"><span class='ocrx_word' id='word_1_760' title='bbox 198 5057 371 5111; x_wconf 86' lang='lat' dir='ltr'><strong>usque</strong></span> <span class='ocrx_word' id='word_1_761' title='bbox 421 5039 491 5094; x_wconf 90' lang='lat' dir='ltr'><strong>ad</strong></span> <span class='ocrx_word' id='word_1_762' title='bbox 544 5041 840 5096; x_wconf 89' lang='lat' dir='ltr'><strong>damnatio.</strong></span> <span class='ocrx_word' id='word_1_763' title='bbox 894 5040 1027 5112; x_wconf 91' lang='lat' dir='ltr'><strong>(ld.,</strong></span> <span class='ocrx_word' id='word_1_764' title='bbox 1083 5039 1173 5093; x_wconf 90' lang='lat' dir='ltr'><strong>lib.</strong></span> <span class='ocrx_word' id='word_1_765' title='bbox 1218 5037 1437 5093; x_wconf 87' lang='lat' dir='ltr'><strong>Enchir.</strong></span> <span class='ocrx_word' id='word_1_766' title='bbox 1466 5079 1480 5103; x_wconf 93' lang='lat'><strong>,</strong></span> <span class='ocrx_word' id='word_1_767' title='bbox 1517 5048 1645 5093; x_wconf 89' lang='lat' dir='ltr'><strong>tom.</strong></span> <span class='ocrx_word' id='word_1_768' title='bbox 1679 5040 1784 5106; x_wconf 91' lang='lat' dir='ltr'><strong>III,</strong></span> 
     </span>
    </p>
   </div>
   <div class='ocr_carea' id='block_1_97' title="bbox 199 5132 487 5202">
    <p class='ocr_par' dir='ltr' id='par_1_97' title="bbox 199 5132 487 5202">
     <span class='ocr_line' id='line_1_97' title="bbox 199 5132 487 5202; baseline 0.003 -15"><span class='ocrx_word' id='word_1_769' title='bbox 199 5132 307 5187; x_wconf 90' lang='lat' dir='ltr'><strong>col.</strong></span> <span class='ocrx_word' id='word_1_770' title='bbox 335 5132 487 5202; x_wconf 79' lang='grc'><strong>285.)</strong></span> 
     </span>
    </p>
   </div>
   <div class='ocr_carea' id='block_1_98' title="bbox 276 5219 1787 5287">
    <p class='ocr_par' dir='ltr' id='par_1_98' title="bbox 276 5219 1787 5287">
     <span class='ocr_line' id='line_1_98' title="bbox 276 5219 1787 5287; baseline -0.001 -10"><span class='ocrx_word' id='word_1_771' title='bbox 276 5221 479 5277; x_wconf 82' lang='lat' dir='ltr'><strong>Omnes</strong></span> <span class='ocrx_word' id='word_1_772' title='bbox 508 5221 806 5277; x_wconf 87' lang='lat' dir='ltr'><strong>astabimus</strong></span> <span class='ocrx_word' id='word_1_773' title='bbox 840 5230 966 5277; x_wconf 90' lang='lat' dir='ltr'><strong>ante</strong></span> <span class='ocrx_word' id='word_1_774' title='bbox 1004 5220 1240 5277; x_wconf 89' lang='lat' dir='ltr'><strong>tribunal</strong></span> <span class='ocrx_word' id='word_1_775' title='bbox 1269 5220 1493 5287; x_wconf 88' lang='lat' dir='ltr'><strong>Christi,</strong></span> <span class='ocrx_word' id='word_1_776' title='bbox 1535 5228 1593 5274; x_wconf 91' lang='lat' dir='ltr'><strong>ut</strong></span> <span class='ocrx_word' id='word_1_777' title='bbox 1645 5219 1787 5275; x_wconf 78' lang='lat' dir='ltr'><strong>refe-</strong></span> 
     </span>
    </p>
   </div>
   <div class='ocr_carea' id='block_1_99' title="bbox 202 5308 1785 5383">
    <p class='ocr_par' dir='ltr' id='par_1_99' title="bbox 202 5308 1785 5383">
     <span class='ocr_line' id='line_1_99' title="bbox 202 5308 1785 5383; baseline -0.003 -18"><span class='ocrx_word' id='word_1_778' title='bbox 202 5318 312 5375; x_wconf 88' lang='lat' dir='ltr'><strong>rat,</strong></span> <span class='ocrx_word' id='word_1_779' title='bbox 340 5319 470 5376; x_wconf 90' lang='lat' dir='ltr'><strong>ete.,</strong></span> <span class='ocrx_word' id='word_1_780' title='bbox 501 5328 663 5383; x_wconf 86' lang='lat' dir='ltr'><strong>usque</strong></span> <span class='ocrx_word' id='word_1_781' title='bbox 688 5311 757 5365; x_wconf 88' lang='lat' dir='ltr'><strong>ad</strong></span> <span class='ocrx_word' id='word_1_782' title='bbox 778 5311 1104 5382; x_wconf 85' lang='lat' dir='ltr'><strong>judicantur.</strong></span> <span class='ocrx_word' id='word_1_783' title='bbox 1133 5311 1256 5381; x_wconf 83' lang='lat' dir='ltr'><strong>(ld.,</strong></span> <span class='ocrx_word' id='word_1_784' title='bbox 1274 5312 1418 5381; x_wconf 87' lang='lat' dir='ltr'><strong>epist.</strong></span> <span class='ocrx_word' id='word_1_785' title='bbox 1445 5311 1513 5364; x_wconf 87' lang='lat' dir='ltr'><strong>ad</strong></span> <span class='ocrx_word' id='word_1_786' title='bbox 1545 5308 1785 5373; x_wconf 82' lang='lat' dir='ltr'><strong>Vitalem,</strong></span> 
     </span>
    </p>
   </div>
   <div class='ocr_carea' id='block_1_100' title="bbox 203 5403 955 5476">
    <p class='ocr_par' dir='ltr' id='par_1_100' title="bbox 203 5403 955 5476">
     <span class='ocr_line' id='line_1_100' title="bbox 203 5403 955 5476; baseline -0.001 -18"><span class='ocrx_word' id='word_1_787' title='bbox 203 5414 339 5458; x_wconf 85' lang='lat' dir='ltr'><strong>tom.</strong></span> <span class='ocrx_word' id='word_1_788' title='bbox 371 5403 435 5468; x_wconf 89' lang='lat' dir='ltr'><strong>II,</strong></span> <span class='ocrx_word' id='word_1_789' title='bbox 459 5404 561 5459; x_wconf 90' lang='lat' dir='ltr'><strong>col.</strong></span> <span class='ocrx_word' id='word_1_790' title='bbox 597 5404 702 5461; x_wconf 86' lang='grc'><strong>984</strong></span> <span class='ocrx_word' id='word_1_791' title='bbox 730 5414 786 5460; x_wconf 90' lang='lat' dir='ltr'><strong>et</strong></span> <span class='ocrx_word' id='word_1_792' title='bbox 814 5404 955 5476; x_wconf 92' lang='lat' dir='ltr'><strong>seq.)</strong></span> 
     </span>
    </p>
   </div>
   <div class='ocr_carea' id='block_1_101' title="bbox 278 5491 1783 5565">
    <p class='ocr_par' dir='ltr' id='par_1_101' title="bbox 278 5491 1783 5565">
     <span class='ocr_line' id='line_1_101' title="bbox 278 5491 1783 5565; baseline -0.001 -18"><span class='ocrx_word' id='word_1_793' title='bbox 278 5492 502 5548; x_wconf 84' lang='lat' dir='ltr'><strong>Frustra</strong></span> <span class='ocrx_word' id='word_1_794' title='bbox 536 5495 637 5550; x_wconf 88' lang='lat' dir='ltr'><strong>sibi</strong></span> <span class='ocrx_word' id='word_1_795' title='bbox 666 5497 849 5560; x_wconf 91' lang='lat' dir='ltr'><strong>homo,</strong></span> <span class='ocrx_word' id='word_1_796' title='bbox 891 5503 995 5549; x_wconf 88' lang='lat' dir='ltr'><strong>etc.</strong></span> <span class='ocrx_word' id='word_1_797' title='bbox 1018 5534 1037 5563; x_wconf 93' lang='lat'><strong>,</strong></span> <span class='ocrx_word' id='word_1_798' title='bbox 1086 5510 1244 5565; x_wconf 88' lang='lat' dir='ltr'><strong>usque</strong></span> <span class='ocrx_word' id='word_1_799' title='bbox 1270 5493 1339 5546; x_wconf 84' lang='lat' dir='ltr'><strong>ad</strong></span> <span class='ocrx_word' id='word_1_800' title='bbox 1371 5493 1625 5564; x_wconf 76' lang='lat' dir='ltr'><strong>neglexit.</strong></span> <span class='ocrx_word' id='word_1_801' title='bbox 1658 5491 1783 5561; x_wconf 87' lang='lat' dir='ltr'><strong>(ld.,</strong></span> 
     </span>
    </p>
   </div>
   <div class='ocr_carea' id='block_1_102' title="bbox 203 5581 1713 5657">
    <p class='ocr_par' dir='ltr' id='par_1_102' title="bbox 203 5581 1713 5657">
     <span class='ocr_line' id='line_1_102' title="bbox 203 5581 1713 5657; baseline 0.001 -21"><span class='ocrx_word' id='word_1_802' title='bbox 203 5581 296 5637; x_wconf 90' lang='lat' dir='ltr'><strong>lib.</strong></span> <span class='ocrx_word' id='word_1_803' title='bbox 333 5581 568 5639; x_wconf 84' lang='lat' dir='ltr'><strong>Sentent.</strong></span> <span class='ocrx_word' id='word_1_804' title='bbox 599 5583 863 5657; x_wconf 78' lang='lat' dir='ltr'><strong>Prosperi,</strong></span> <span class='ocrx_word' id='word_1_805' title='bbox 890 5594 1015 5639; x_wconf 91' lang='lat' dir='ltr'><strong>tom.</strong></span> <span class='ocrx_word' id='word_1_806' title='bbox 1053 5584 1120 5649; x_wconf 83' lang='lat' dir='ltr'><strong>X,</strong></span> <span class='ocrx_word' id='word_1_807' title='bbox 1144 5595 1286 5653; x_wconf 89' lang='lat' dir='ltr'><strong>part.</strong></span> <span class='ocrx_word' id='word_1_808' title='bbox 1312 5585 1486 5643; x_wconf 77' lang='grc' dir='ltr'><strong>ιι.ςοΙ.</strong></span> <span class='ocrx_word' id='word_1_809' title='bbox 1528 5583 1713 5653; x_wconf 79' lang='grc'><strong>1875.)</strong></span> 
     </span>
    </p>
   </div>
   <div class='ocr_carea' id='block_1_103' title="bbox 276 5675 1783 5748">
    <p class='ocr_par' dir='ltr' id='par_1_103' title="bbox 276 5675 1783 5748">
     <span class='ocr_line' id='line_1_103' title="bbox 276 5675 1783 5748; baseline 0.002 -18"><span class='ocrx_word' id='word_1_810' title='bbox 276 5675 510 5732; x_wconf 83' lang='lat' dir='ltr'><strong>Seientes</strong></span> <span class='ocrx_word' id='word_1_811' title='bbox 528 5694 649 5748; x_wconf 80' lang='lat' dir='ltr'><strong>ergo</strong></span> <span class='ocrx_word' id='word_1_812' title='bbox 662 5681 898 5733; x_wconf 85' lang='lat' dir='ltr'><strong>timorem</strong></span> <span class='ocrx_word' id='word_1_813' title='bbox 916 5678 1126 5732; x_wconf 85' lang='lat' dir='ltr'><strong>Domini</strong></span> <span class='ocrx_word' id='word_1_814' title='bbox 1140 5677 1436 5732; x_wconf 83' lang='lat' dir='ltr'><strong>hominibus</strong></span> <span class='ocrx_word' id='word_1_815' title='bbox 1460 5680 1673 5733; x_wconf 81' lang='lat' dir='ltr'><strong>suadent</strong></span> <span class='ocrx_word' id='word_1_816' title='bbox 1687 5696 1741 5734; x_wconf 69' lang='grc' dir='ltr'><strong>σω</strong></span> <span class='ocrx_word' id='word_1_817' title='bbox 1765 5696 1783 5733; x_wconf 89' lang='lat'><strong><em>:</em></strong></span> 
     </span>
    </p>
   </div>
   <div class='ocr_carea' id='block_1_104' title="bbox 1894 4590 3477 4661">
    <p class='ocr_par' dir='ltr' id='par_1_104' title="bbox 1894 4590 3477 4661">
     <span class='ocr_line' id='line_1_104' title="bbox 1894 4590 3477 4661; baseline 0.003 -18"><span class='ocrx_word' id='word_1_818' title='bbox 1894 4605 1953 4644; x_wconf 92' lang='lat' dir='ltr'><strong>re</strong></span> <span class='ocrx_word' id='word_1_819' title='bbox 1980 4598 2165 4660; x_wconf 83' lang='lat' dir='ltr'><strong>postea</strong></span> <span class='ocrx_word' id='word_1_820' title='bbox 2214 4590 2529 4660; x_wconf 78' lang='lat' dir='ltr'><strong>perficiatur</strong></span> <span class='ocrx_word' id='word_1_821' title='bbox 2550 4631 2566 4656; x_wconf 95' lang='lat'><strong>,</strong></span> <span class='ocrx_word' id='word_1_822' title='bbox 2622 4592 2674 4645; x_wconf 91' lang='lat' dir='ltr'><strong>in</strong></span> <span class='ocrx_word' id='word_1_823' title='bbox 2710 4590 2929 4646; x_wconf 88' lang='lat' dir='ltr'><strong>Christo</strong></span> <span class='ocrx_word' id='word_1_824' title='bbox 2955 4592 3114 4645; x_wconf 87' lang='lat' dir='ltr'><strong>habet</strong></span> <span class='ocrx_word' id='word_1_825' title='bbox 3138 4592 3303 4645; x_wconf 90' lang='lat' dir='ltr'><strong>etiam</strong></span> <span class='ocrx_word' id='word_1_826' title='bbox 3334 4594 3477 4661; x_wconf 89' lang='lat' dir='ltr'><strong>quod</strong></span> 
     </span>
    </p>
   </div>
   <div class='ocr_carea' id='block_1_105' title="bbox 1892 4681 3476 4752">
    <p class='ocr_par' dir='ltr' id='par_1_105' title="bbox 1892 4681 3476 4752">
     <span class='ocr_line' id='line_1_105' title="bbox 1892 4681 3476 4752; baseline 0.002 -16"><span class='ocrx_word' id='word_1_827' title='bbox 1892 4682 1946 4736; x_wconf 91' lang='lat' dir='ltr'><strong>in</strong></span> <span class='ocrx_word' id='word_1_828' title='bbox 1978 4696 2035 4736; x_wconf 88' lang='lat' dir='ltr'><strong>se</strong></span> <span class='ocrx_word' id='word_1_829' title='bbox 2064 4690 2266 4752; x_wconf 89' lang='lat' dir='ltr'><strong>sperat.</strong></span> <span class='ocrx_word' id='word_1_830' title='bbox 2298 4681 2486 4752; x_wconf 87' lang='lat' dir='ltr'><strong>Itaque</strong></span> <span class='ocrx_word' id='word_1_831' title='bbox 2510 4697 2653 4736; x_wconf 89' lang='lat' dir='ltr'><strong>nunc</strong></span> <span class='ocrx_word' id='word_1_832' title='bbox 2682 4691 2863 4736; x_wconf 86' lang='lat' dir='ltr'><strong>vetera</strong></span> <span class='ocrx_word' id='word_1_833' title='bbox 2889 4722 2903 4745; x_wconf 92' lang='lat'><strong>,</strong></span> <span class='ocrx_word' id='word_1_834' title='bbox 2927 4689 3059 4745; x_wconf 83' lang='lat' dir='ltr'><strong>etc.,</strong></span> <span class='ocrx_word' id='word_1_835' title='bbox 3087 4698 3248 4752; x_wconf 88' lang='lat' dir='ltr'><strong>usque</strong></span> <span class='ocrx_word' id='word_1_836' title='bbox 3278 4683 3346 4735; x_wconf 90' lang='lat' dir='ltr'><strong>ad</strong></span> <span class='ocrx_word' id='word_1_837' title='bbox 3389 4698 3476 4739; x_wconf 81' lang='lat' dir='ltr'><strong>se-</strong></span> 
     </span>
    </p>
   </div>
   <div class='ocr_carea' id='block_1_106' title="bbox 1892 4769 3475 4838">
    <p class='ocr_par' dir='ltr' id='par_1_106' title="bbox 1892 4769 3475 4838">
     <span class='ocr_line' id='line_1_106' title="bbox 1892 4769 3475 4838; baseline 0.001 -11"><span class='ocrx_word' id='word_1_838' title='bbox 1892 4773 2125 4829; x_wconf 90' lang='lat' dir='ltr'><strong>cundum</strong></span> <span class='ocrx_word' id='word_1_839' title='bbox 2148 4788 2387 4827; x_wconf 88' lang='lat' dir='ltr'><strong>carnem.</strong></span> <span class='ocrx_word' id='word_1_840' title='bbox 2405 4773 2527 4838; x_wconf 86' lang='lat' dir='ltr'><strong>(ld.,</strong></span> <span class='ocrx_word' id='word_1_841' title='bbox 2550 4772 2640 4825; x_wconf 88' lang='lat' dir='ltr'><strong>lib.</strong></span> <span class='ocrx_word' id='word_1_842' title='bbox 2656 4781 2824 4825; x_wconf 87' lang='lat' dir='ltr'><strong>contr.</strong></span> <span class='ocrx_word' id='word_1_843' title='bbox 2850 4769 3104 4824; x_wconf 79' lang='lat' dir='ltr'><strong>Faustum</strong></span> <span class='ocrx_word' id='word_1_844' title='bbox 3122 4770 3475 4828; x_wconf 75' lang='lat' dir='ltr'><strong>Maniclueum</strong></span> 
     </span>
    </p>
   </div>
   <div class='ocr_carea' id='block_1_107' title="bbox 1889 4862 2494 4934">
    <p class='ocr_par' dir='ltr' id='par_1_107' title="bbox 1889 4862 2494 4934">
     <span class='ocr_line' id='line_1_107' title="bbox 1889 4862 2494 4934; baseline -0.003 -17"><span class='ocrx_word' id='word_1_845' title='bbox 1889 4865 2013 4934; x_wconf 87' lang='lat' dir='ltr'><strong>quia</strong></span> <span class='ocrx_word' id='word_1_846' title='bbox 2042 4864 2217 4916; x_wconf 83' lang='lat' dir='ltr'><strong>omnia</strong></span> <span class='ocrx_word' id='word_1_847' title='bbox 2246 4879 2311 4916; x_wconf 84' lang='lat' dir='ltr'><strong>ea:</strong></span> <span class='ocrx_word' id='word_1_848' title='bbox 2344 4862 2494 4933; x_wconf 88' lang='lat' dir='ltr'><strong>Deo.)</strong></span> 
     </span>
    </p>
   </div>
   <div class='ocr_carea' id='block_1_108' title="bbox 1962 4951 3474 5024">
    <p class='ocr_par' dir='ltr' id='par_1_108' title="bbox 1962 4951 3474 5024">
     <span class='ocr_line' id='line_1_108' title="bbox 1962 4951 3474 5024; baseline 0 -16"><span class='ocrx_word' id='word_1_849' title='bbox 1962 4953 2016 5008; x_wconf 88' lang='lat' dir='ltr'><strong>Si</strong></span> <span class='ocrx_word' id='word_1_850' title='bbox 2050 4968 2158 5024; x_wconf 87' lang='lat' dir='ltr'><strong>qua</strong></span> <span class='ocrx_word' id='word_1_851' title='bbox 2189 4953 2356 5023; x_wconf 78' lang='lat' dir='ltr'><strong>igitur</strong></span> <span class='ocrx_word' id='word_1_852' title='bbox 2395 4954 2447 5006; x_wconf 93' lang='lat' dir='ltr'><strong>in</strong></span> <span class='ocrx_word' id='word_1_853' title='bbox 2493 4951 2712 5007; x_wconf 89' lang='lat' dir='ltr'><strong>Christo</strong></span> <span class='ocrx_word' id='word_1_854' title='bbox 2750 4967 2888 5006; x_wconf 88' lang='lat' dir='ltr'><strong>nova</strong></span> <span class='ocrx_word' id='word_1_855' title='bbox 2940 4961 3189 5007; x_wconf 81' lang='lat' dir='ltr'><strong>creatura</strong></span> <span class='ocrx_word' id='word_1_856' title='bbox 3222 4994 3236 5017; x_wconf 90' lang='lat'><strong>,</strong></span> <span class='ocrx_word' id='word_1_857' title='bbox 3291 4963 3474 5008; x_wconf 87' lang='lat' dir='ltr'><strong>vetera</strong></span> 
     </span>
    </p>
   </div>
   <div class='ocr_carea' id='block_1_109' title="bbox 1890 5032 3472 5110">
    <p class='ocr_par' dir='ltr' id='par_1_109' title="bbox 1890 5032 3472 5110">
     <span class='ocr_line' id='line_1_109' title="bbox 1890 5032 3472 5110; baseline 0.001 -13"><span class='ocrx_word' id='word_1_858' title='bbox 1890 5032 2255 5106; x_wconf 87' lang='lat' dir='ltr'><strong>transierunt,</strong></span> <span class='ocrx_word' id='word_1_859' title='bbox 2294 5051 2349 5098; x_wconf 91' lang='lat' dir='ltr'><strong>et</strong></span> <span class='ocrx_word' id='word_1_860' title='bbox 2373 5057 2500 5097; x_wconf 76' lang='lat' dir='ltr'><strong>ecce</strong></span> <span class='ocrx_word' id='word_1_861' title='bbox 2530 5040 2673 5097; x_wconf 84' lang='lat' dir='ltr'><strong>facta</strong></span> <span class='ocrx_word' id='word_1_862' title='bbox 2721 5050 2848 5097; x_wconf 89' lang='lat' dir='ltr'><strong>sunt</strong></span> <span class='ocrx_word' id='word_1_863' title='bbox 2895 5057 3053 5096; x_wconf 90' lang='lat' dir='ltr'><strong>nova.</strong></span> <span class='ocrx_word' id='word_1_864' title='bbox 3105 5042 3235 5110; x_wconf 78' lang='lat' dir='ltr'><strong>Qua:</strong></span> <span class='ocrx_word' id='word_1_865' title='bbox 3285 5052 3472 5099; x_wconf 89' lang='lat' dir='ltr'><strong>vetera</strong></span> 
     </span>
    </p>
   </div>
   <div class='ocr_carea' id='block_1_110' title="bbox 1892 5132 3474 5203">
    <p class='ocr_par' dir='ltr' id='par_1_110' title="bbox 1892 5132 3474 5203">
     <span class='ocr_line' id='line_1_110' title="bbox 1892 5132 3474 5203; baseline -0.001 -14"><span class='ocrx_word' id='word_1_866' title='bbox 1892 5134 2259 5189; x_wconf 89' lang='lat' dir='ltr'><strong>transierunt?</strong></span> <span class='ocrx_word' id='word_1_867' title='bbox 2306 5132 2365 5187; x_wconf 92' lang='lat' dir='ltr'><strong>In</strong></span> <span class='ocrx_word' id='word_1_868' title='bbox 2405 5132 2656 5203; x_wconf 78' lang='lat' dir='ltr'><strong>gentibus</strong></span> <span class='ocrx_word' id='word_1_869' title='bbox 2696 5132 2980 5196; x_wconf 83' lang='lat' dir='ltr'><strong>omnibus,</strong></span> <span class='ocrx_word' id='word_1_870' title='bbox 3031 5142 3174 5197; x_wconf 90' lang='lat' dir='ltr'><strong>etc.,</strong></span> <span class='ocrx_word' id='word_1_871' title='bbox 3206 5150 3368 5203; x_wconf 84' lang='lat' dir='ltr'><strong>usque</strong></span> <span class='ocrx_word' id='word_1_872' title='bbox 3404 5133 3474 5187; x_wconf 89' lang='lat' dir='ltr'><strong>ad</strong></span> 
     </span>
    </p>
   </div>
   <div class='ocr_carea' id='block_1_111' title="bbox 1890 5222 3469 5296">
    <p class='ocr_par' dir='ltr' id='par_1_111' title="bbox 1890 5222 3469 5296">
     <span class='ocr_line' id='line_1_111' title="bbox 1890 5222 3469 5296; baseline 0.001 -17"><span class='ocrx_word' id='word_1_873' title='bbox 1890 5226 2085 5296; x_wconf 73' lang='lat' dir='ltr'><strong>gaudio</strong></span> <span class='ocrx_word' id='word_1_874' title='bbox 2106 5225 2356 5280; x_wconf 91' lang='lat' dir='ltr'><strong>dicimus.</strong></span> <span class='ocrx_word' id='word_1_875' title='bbox 2382 5224 2505 5296; x_wconf 88' lang='lat' dir='ltr'><strong>(ld.,</strong></span> <span class='ocrx_word' id='word_1_876' title='bbox 2524 5233 2679 5278; x_wconf 87' lang='lat' dir='ltr'><strong>tract.</strong></span> <span class='ocrx_word' id='word_1_877' title='bbox 2706 5222 2840 5294; x_wconf 88' lang='lat' dir='ltr'><strong>psal.</strong></span> <span class='ocrx_word' id='word_1_878' title='bbox 2861 5240 2976 5291; x_wconf 83' lang='lat' dir='ltr'><strong>c111,</strong></span> <span class='ocrx_word' id='word_1_879' title='bbox 2999 5234 3128 5280; x_wconf 90' lang='lat' dir='ltr'><strong>tom.</strong></span> <span class='ocrx_word' id='word_1_880' title='bbox 3146 5223 3234 5290; x_wconf 85' lang='lat' dir='ltr'><strong>IV,</strong></span> <span class='ocrx_word' id='word_1_881' title='bbox 3251 5236 3389 5296; x_wconf 89' lang='lat' dir='ltr'><strong>part.</strong></span> <span class='ocrx_word' id='word_1_882' title='bbox 3409 5240 3469 5280; x_wconf 91' lang='grc' dir='ltr'><strong>ιι.</strong></span> 
     </span>
    </p>
   </div>
   <div class='ocr_carea' id='block_1_112' title="bbox 1893 5316 2589 5399">
    <p class='ocr_par' dir='ltr' id='par_1_112' title="bbox 1893 5316 2589 5399">
     <span class='ocr_line' id='line_1_112' title="bbox 1893 5316 2589 5399; baseline -0.009 -25"><span class='ocrx_word' id='word_1_883' title='bbox 1893 5317 1994 5373; x_wconf 90' lang='lat' dir='ltr'><strong>col.</strong></span> <span class='ocrx_word' id='word_1_884' title='bbox 2028 5317 2168 5371; x_wconf 80' lang='grc'><strong>1579</strong></span> <span class='ocrx_word' id='word_1_885' title='bbox 2192 5326 2246 5372; x_wconf 89' lang='lat' dir='ltr'><strong>et</strong></span> <span class='ocrx_word' id='word_1_886' title='bbox 2275 5316 2419 5387; x_wconf 88' lang='lat' dir='ltr'><strong>seq.)</strong></span> <span class='ocrx_word' id='word_1_887' title='bbox 2578 5384 2589 5399; x_wconf 39' lang='grc' dir='ltr'><strong><em>ο</em></strong></span> 
     </span>
    </p>
   </div>
   <div class='ocr_carea' id='block_1_113' title="bbox 1962 5406 3468 5473">
    <p class='ocr_par' dir='ltr' id='par_1_113' title="bbox 1962 5406 3468 5473">
     <span class='ocr_line' id='line_1_113' title="bbox 1962 5406 3468 5473; baseline -0.005 -8"><span class='ocrx_word' id='word_1_888' title='bbox 1962 5410 2157 5465; x_wconf 83' lang='lat' dir='ltr'><strong>Vetera</strong></span> <span class='ocrx_word' id='word_1_889' title='bbox 2175 5410 2526 5473; x_wconf 87' lang='lat' dir='ltr'><strong>transierunt,</strong></span> <span class='ocrx_word' id='word_1_890' title='bbox 2543 5423 2672 5464; x_wconf 87' lang='lat' dir='ltr'><strong>ecce</strong></span> <span class='ocrx_word' id='word_1_891' title='bbox 2685 5406 2825 5464; x_wconf 79' lang='lat' dir='ltr'><strong>facta</strong></span> <span class='ocrx_word' id='word_1_892' title='bbox 2840 5418 2969 5464; x_wconf 87' lang='lat' dir='ltr'><strong>sunt</strong></span> <span class='ocrx_word' id='word_1_893' title='bbox 2980 5408 3161 5464; x_wconf 89' lang='lat' dir='ltr'><strong>omnia</strong></span> <span class='ocrx_word' id='word_1_894' title='bbox 3177 5415 3442 5468; x_wconf 82' lang='lat' dir='ltr'><strong>nova,etc.</strong></span> <span class='ocrx_word' id='word_1_895' title='bbox 3453 5447 3468 5470; x_wconf 87' lang='lat'><strong>,</strong></span> 
     </span>
    </p>
   </div>
   <div class='ocr_carea' id='block_1_114' title="bbox 1890 5497 3467 5570">
    <p class='ocr_par' dir='ltr' id='par_1_114' title="bbox 1890 5497 3467 5570">
     <span class='ocr_line' id='line_1_114' title="bbox 1890 5497 3467 5570; baseline -0.003 -16"><span class='ocrx_word' id='word_1_896' title='bbox 1890 5517 2052 5570; x_wconf 87' lang='lat' dir='ltr'><strong>usque</strong></span> <span class='ocrx_word' id='word_1_897' title='bbox 2079 5500 2147 5552; x_wconf 88' lang='lat' dir='ltr'><strong>ad</strong></span> <span class='ocrx_word' id='word_1_898' title='bbox 2180 5500 2231 5552; x_wconf 92' lang='lat' dir='ltr'><strong>in</strong></span> <span class='ocrx_word' id='word_1_899' title='bbox 2265 5515 2403 5554; x_wconf 89' lang='lat' dir='ltr'><strong>nova</strong></span> <span class='ocrx_word' id='word_1_900' title='bbox 2427 5500 2717 5555; x_wconf 83' lang='lat' dir='ltr'><strong>currendo.</strong></span> <span class='ocrx_word' id='word_1_901' title='bbox 2759 5499 2891 5570; x_wconf 85' lang='lat' dir='ltr'><strong>(ld.,</strong></span> <span class='ocrx_word' id='word_1_902' title='bbox 2919 5508 3074 5554; x_wconf 87' lang='lat' dir='ltr'><strong>tract.</strong></span> <span class='ocrx_word' id='word_1_903' title='bbox 3105 5497 3242 5568; x_wconf 71' lang='lat' dir='ltr'><strong>psal.</strong></span> <span class='ocrx_word' id='word_1_904' title='bbox 3273 5513 3467 5559; x_wconf 78' lang='lat' dir='ltr'><strong>xxvm,</strong></span> 
     </span>
    </p>
   </div>
   <div class='ocr_carea' id='block_1_115' title="bbox 1892 5588 2703 5662">
    <p class='ocr_par' dir='ltr' id='par_1_115' title="bbox 1892 5588 2703 5662">
     <span class='ocr_line' id='line_1_115' title="bbox 1892 5588 2703 5662; baseline 0.001 -19"><span class='ocrx_word' id='word_1_905' title='bbox 1892 5599 2018 5643; x_wconf 89' lang='lat' dir='ltr'><strong>tom.</strong></span> <span class='ocrx_word' id='word_1_906' title='bbox 2059 5589 2151 5652; x_wconf 83' lang='lat' dir='ltr'><strong>IV,</strong></span> <span class='ocrx_word' id='word_1_907' title='bbox 2176 5597 2318 5658; x_wconf 90' lang='lat' dir='ltr'><strong>part.</strong></span> <span class='ocrx_word' id='word_1_908' title='bbox 2352 5605 2387 5650; x_wconf 87' lang='grc' dir='ltr'><strong>ι.</strong></span> <span class='ocrx_word' id='word_1_909' title='bbox 2424 5588 2528 5645; x_wconf 91' lang='lat' dir='ltr'><strong>col.</strong></span> <span class='ocrx_word' id='word_1_910' title='bbox 2553 5589 2703 5662; x_wconf 87' lang='grc'><strong>420.)</strong></span> 
     </span>
    </p>
   </div>
   <div class='ocr_carea' id='block_1_116' title="bbox 1961 5675 3471 5752">
    <p class='ocr_par' dir='ltr' id='par_1_116' title="bbox 1961 5675 3471 5752">
     <span class='ocr_line' id='line_1_116' title="bbox 1961 5675 3471 5752; baseline -0.002 -20"><span class='ocrx_word' id='word_1_911' title='bbox 1961 5678 2162 5734; x_wconf 80' lang='lat' dir='ltr'><strong>Novam</strong></span> <span class='ocrx_word' id='word_1_912' title='bbox 2186 5689 2489 5736; x_wconf 86' lang='lat' dir='ltr'><strong>creaturam</strong></span> <span class='ocrx_word' id='word_1_913' title='bbox 2518 5681 2649 5738; x_wconf 89' lang='lat' dir='ltr'><strong>dicit</strong></span> <span class='ocrx_word' id='word_1_914' title='bbox 2679 5681 2879 5748; x_wconf 86' lang='lat' dir='ltr'><strong>vitam,</strong></span> <span class='ocrx_word' id='word_1_915' title='bbox 2902 5689 3007 5737; x_wconf 88' lang='lat' dir='ltr'><strong>etc.</strong></span> <span class='ocrx_word' id='word_1_916' title='bbox 3033 5721 3046 5747; x_wconf 91' lang='lat'><strong>,</strong></span> <span class='ocrx_word' id='word_1_917' title='bbox 3074 5695 3237 5752; x_wconf 77' lang='lat' dir='ltr'><strong>usque</strong></span> <span class='ocrx_word' id='word_1_918' title='bbox 3273 5677 3341 5731; x_wconf 87' lang='lat' dir='ltr'><strong>ad</strong></span> <span class='ocrx_word' id='word_1_919' title='bbox 3379 5675 3471 5731; x_wconf 86' lang='lat' dir='ltr'><strong>ubi</strong></span> 
     </span>
    </p>
   </div>
  </div>
