3902 6300
566 309 674 366 359

1783 302 1989 360 FLOR!
2024 302 2300 360 DIACONI
2337 303 2645 360 MONAClll
3681 317 3746 372 ιω

567 424 662 480 ait.
697 422 820 492 (Id.,
848 421 905 475 in
933 420 1252 490 expositione
1275 419 1424 490 epist.
1451 419 1520 472 ad
1551 416 1696 483 ϐαι,
1723 426 1854 474 tom.
1879 417 1968 486 Ill,
1995 426 2137 490 part.
2175 421 2224 482 Α
2247 416 2570 496 morti/irati.
2603 417 2704 472 Alii
2753 417 3005 473 dicebant
3056 418 3228 475 bonus
3273 429 3363 475 est
3388 462 3404 487 ,
3449 421 3532 478 alii
3570 425 3748 484 dicebam

567 528 629 578 ιι,
655 512 762 567 col.
785 510 927 565 214'!
957 518 1013 564 et
1033 508 1186 579 .seq.)

638 605 706 658 Et
735 605 876 658 dedit
925 603 1072 658 nobis
1119 603 1464 658 ministerium
1510 601 1993 657 reconciliationis:
2024 619 2150 673 quo-

566 698 709 749 niam
733 696 941 762 quidem
970 694 1111 748 Deus
1138 703 1580 763 erat,elc.,usque
1603 695 1670 748 ad
1685 693 2145 747 reconciliationis.

566 784 638 840 Ut
663 785 1112 848 munduscredat,
1128 785 1251 854 quia
1284 793 1338 838 tu
1367 799 1454 839 me
1474 783 1691 838 misisti.
1712 783 1846 839 Ecce
1868 785 1984 852 qui,
2016 793 2144 845 etc.,

565 891 727 944 usque
751 877 820 928 ad
835 891 864 929 a
891 877 1016 929 Deo.
1043 873 1556 944 (ld.,tract.Evang.
1574 891 1676 928 sec.
1699 871 1885 937 Joan.,
1905 882 2034 928 tom.
2059 873 2146 939 Ill,

564 976 709 1035 part.
736 983 797 1032 ιι,
821 967 924 1021 col.
943 965 1079 1020 1920
1102 974 1156 1020 et
1185 966 1326 1036 seq.)

635 1056 691 1110 Si
715 1065 893 1111 autem
922 1057 1146 1120 diceret,
1175 1066 1235 1111 ut
1268 1066 1596 1127 cognoscant
1622 1057 1748 1127 quia
1787 1065 1841 1111 tu
1880 1072 1986 1123 me,
2015 1067 2147 1125 etc.,

561 1166 724 1220 usque
751 1150 819 1202 ad
845 1164 942 1218 per
973 1165 1078 1205 me.
1117 1148 1248 1221 (1b.,
1273 1150 1380 1204 col.
1413 1150 1596 1221 19:25.)

633 1241 772 1296 Deus
823 1251 962 1306 erat,
1007 1242 1207 1312 inquit,
1252 1243 1307 1296 in
1337 1241 1556 1297 Christo
1606 1242 1864 1297 mundum
1906 1243 2151 1298 reconci-

557 1335 696 1388 lians
746 1333 886 1397 sibi,
941 1341 1050 1388 etc.
1078 1374 1094 1399 ,
1148 1350 1310 1404 usque
1340 1334 1410 1388 ad
1440 1334 1582 1388 Deus
1605 1344 1772 1389 esset.
1811 1333 1948 1404 (Id.,
1993 1345 2145 1388 tract.

557 1424 696 1493 psal.
722 1441 912 1490 vam,
938 1435 1070 1478 tom.
1096 1423 1185 1488 lV,
1207 1432 1348 1494 part.
1379 1441 1419 1490 ι,
1445 1424 1549 1480 col.
1580 1425 1685 1479 8350
1711 1433 1765 1479 et
1786 1426 1925 1493 seq.)

627 1513 735 1568 Pro
759 1515 969 1570 Christo
991 1533 1113 1585 ergo
1137 1516 1414 1588 legatione,
1453 1525 1584 1580 etc.,
1615 1531 1785 1585 usque
1818 1516 1883 1570 ad
1913 1517 2149 1570 reconci‘

554 1605 759 1660 liamini
799 1605 932 1661 Deo.
963 1606 1194 1662 Venient
1228 1606 1389 1677 legati
1421 1620 1487 1660 ex
1519 1605 1774 1677 Egypto,
1813 1615 1941 1667 etc.,
1986 1622 2148 1677 usque

554 1693 623 1746 ad
665 1695 1042 1764 prophetatum
1083 1705 1184 1750 est.
1241 1695 1364 1765 (Id.,
1402 1704 1558 1748 tract.
1589 1695 1725 1765 psal.
1768 1710 1910 1749 xcvn
1938 1735 1953 1760 ,
2011 1703 2142 1749 tom.

554 1781 645 1847 lV,
675 1793 815 1854 part.
851 1801 912 1847 It,
940 1785 1045 1840 col.
1077 1785 1216 1841 1254
1241 1795 1298 1840 et
1322 1785 1464 1856 seq.)

626 1875 701 1931 De
729 1887 954 1946 peccato
982 1877 1127 1932 solus
1155 1877 1392 1933 liberare
1421 1885 1604 1948 potest
1629 1917 1644 1942 ,
1686 1884 1792 1931 etc.
1821 1917 1836 1940 ,
1870 1893 2030 1946 usque
2071 1876 2142 1930 ad

556 1969 936 2024 reconciliari?
966 1969 1089 2039 (ld.,
1123 1979 1278 2024 tract.
1309 1986 1496 2040 evang.
1522 1986 1626 2024 sec.
1651 1969 1812 2024 Joan.
1833 2008 1850 2034 ,
1883 1977 2012 2023 tom.
2044 1967 2140 2034 Ill,

556 2066 700 2128 part.
735 2075 796 2124 ιι,
819 2059 924 2114 col.
960 2059 1145 2130 1695.)

627 2150 763 2204 Eum
783 2192 796 2213 ,
847 2151 1033 2220 inquit,
1069 2152 1159 2221 qui
1198 2167 1305 2205 non
1330 2159 1565 2216 noverat,
1596 2160 1730 2214 etc.,
1756 2163 1929 2220 usque
1951 2148 2018 2204 ad
2046 2148 2144 2204 Dei

553 2243 610 2295 in
643 2243 775 2311 ipso.
813 2242 943 2308 Qua:
974 2242 1310 2313 ignorabam,
1334 2242 1741 2314 interrogabant
1779 2257 1885 2296 me.
1914 2241 2142 2312 Ignora-

553 2332 647 2386 bat
668 2339 1114 2401 peccatum,etc.,
1133 2349 1294 2403 usque
1319 2333 1388 2386 ad
1418 2331 1597 2388 facere
1611 2332 1818 2386 vitium.
1840 2331 1967 2396 (Id.,
1984 2340 2138 2384 tract.

551 2425 688 2496 psal.
718 2441 904 2490 xxnv,
930 2436 1061 2480 tom.
1086 2425 1176 2489 IV,
1209 2434 1349 2496 part.
1383 2442 1426 2490 ι,
1456 2425 1558 2480 col.
1592 2425 1697 2480 555
1723 2433 1778 2479 et
1813 2426 1954 2494 seq.)

622 2515 755 2582 Quis
777 2516 984 2571 dubitet
1010 2515 1210 2569 malum
1236 2531 1354 2571 esse
1380 2526 1686 2585 peccatum,
1711 2524 1846 2578 etc.,
1870 2531 2032 2584 usque
2071 2515 2142 2568 ad

550 2620 650 2675 per
683 2606 1097 2677 experientiam.
1131 2608 1256 2679 (ld.,
1285 2609 1375 2662 lib.
1415 2619 1584 2662 contr.
1615 2609 1887 2662 inimicum
1927 2607 2054 2680 legis
2093 2618 2142 2664 et

547 2699 758 2767 proph.,
783 2706 914 2752 tom.
948 2697 1078 2764 Vlll,
1109 2699 1211 2755 col.
1236 2699 1386 2771 615.)

618 2786 687 2841 Ει
709 2786 899 2843 oll'eret
939 2805 1135 2843 munus
1167 2805 1322 2844 suum
1346 2790 1564 2845 domino
1585 2805 1781 2860 agnum
1807 2789 2138 2854 anniculum,

547 2891 677 2946 etc.,
711 2900 874 2953 usque
899 2884 967 2936 ad
1000 2883 1052 2938 in
1085 2883 1341 2939 salutare.
1367 2885 1493 2955 (Id.,
1518 2884 1609 2937 lib.
1637 2885 1839 2950 Quwst.
1865 2900 2011 2936 num.
2038 2899 2137 2950 xu,

552 2984 685 3030 tom.
717 2977 803 3040 Ill,
822 2977 926 3032 col.
960 2977 1108 3048 721.)

616 3070 768 3136 Quod
796 3071 940 3125 enim
965 3071 1284 3141 Apostolum
1309 3070 1514 3126 dixisse
1537 3085 1953 3136 commemoras,
1997 3081 2134 3140 quo—

546 3160 725 3226 niam,
757 3169 863 3216 etc.
889 3201 904 3226 ,
953 3179 1115 3232 usque
1144 3162 1213 3215 ad
1245 3178 1352 3218 non
1384 3161 1544 3218 ﬁcta?
1575 3161 1670 3232 (ld.
1703 3202 1718 3227 ,
1758 3160 1851 3214 lib.
1904 3177 1923 3214 ι
1963 3169 2131 3216 contr.

547 3249 799 3314 Maxim.,
826 3260 958 3306 tom.
986 3251 1120 3316 Vlll,
1148 3252 1255 3307 col.
1278 3253 1383 3306 7M
1410 3262 1469 3307 'et
1498 3251 1639 3322 seq.)

622 3341 853 3412 Propter
867 3344 1272 3399 similitudinem
1286 3345 1468 3399 carnis
1483 3346 1710 3414 peccati,
1736 3353 1864 3410 etc.,
1888 3361 2048 3414 usque
2068 3344 2137 3397 ad

550 3430 967 3487 demonstravit.
995 3432 1118 3501 (ld.,
1149 3432 1240 3486 lib.
1273 3430 1518 3499 Enchir.,
1545 3442 1674 3488 tom.
1703 3432 1790 3494 Vl,
1822 3433 1924 3488 col.
1947 3433 2101 3505 255.)

616 3518 706 3573 Illa
736 3535 968 3590 namque
985 3522 1194 3591 justitia
1217 3522 1338 3586 Dei,
1360 3524 1800 3592 commendatur,
1825 3533 1953 3586 etc.,
1977 3540 2138 3594 usque

546 3611 616 3663 ad
637 3611 848 3680 justitia
867 3612 978 3667 Dei.
1011 3611 1136 3685 (Id.,
1165 3613 1254 3668 lib.
1281 3614 1344 3668 de
1364 3614 1514 3670 Crat.
1550 3615 1683 3671 Nov.
1716 3615 1879 3682 Test.,
1909 3627 2038 3672 tom.
2070 3618 2133 3683 ll,

547 3700 652 3755 col.
677 3701 782 3758 569
804 3711 858 3757 et
883 3703 1026 3774 seq.)

1163 3796 1392 3854 CAPUT
1426 3798 1511 3854 Vl.

613 3882 694 3936 Ad
688 3883 718 3953 j
724 3901 817 3938 uva
826 3893 936 3939 ntes
953 3896 1126 3940 autem
1142 3887 1504 3953 exhortamur,
1520 3905 1582 3943 ne
1601 3890 1654 3944 in
1671 3906 1889 3945 vacuum
1909 3892 2133 3962 gratiam

542 3971 676 4039 Dei,
704 3985 799 4028 etc.
825 4016 841 4039 ,
873 3992 1040 4046 usque
1069 3978 1133 4031 ad
1161 3995 1277 4032 ecce
1313 3995 1450 4032 nunc
1492 3980 1602 4034 dies
1628 3981 1835 4034 salutis.
1869 3981 2006 4048 Quid
2051 3991 2137 4037 est

543 4078 726 4132 quaeso
747 4065 888 4133 quod
910 4068 1336 4136 exardescimus,
1360 4079 1492 4136 etc.,
1517 4088 1679 4141 usque
1695 4074 1764 4126 ad
1789 4074 2126 4129 charitatem.

544 4157 672 4226 (Id.,
705 4156 793 4210 lib.
820 4174 916 4212 vm
943 4159 1008 4213 de
1039 4160 1314 4227 Trinitate,
1349 4171 1475 4218 tom.
1515 4163 1648 4229 VIII,
1673 4164 1776 4219 col.
1806 4165 1955 4236 959.)

625 4247 841 4304 Nemini
867 4250 1049 4306 dantes
1071 4252 1253 4330 Iuliam
1302 4256 1637 4324 o/fensionem
1659 4297 1673 4322 ,
1715 4267 1768 4310 ut
1800 4275 1902 4311 non
1931 4259 2132 4329 vitupe-

546 4344 1046 4400 returministerium
1066 4357 1322 4413 nostrum,
1349 4350 1440 4402 sed
1463 4351 1515 4403 in
1542 4350 1780 4405 omnibus
1801 4351 2133 4408 exhibeamus

2250 525 2381 576 non,
2412 520 2540 575 etc.,
2570 527 2730 582 usque
2757 511 2827 564 ad
2849 519 2905 566 et
2930 512 3118 566 simus.
3161 511 3280 581 (Id.,
3308 521 3461 568 tract.
3493 512 3648 587 Evang
3682 537 3745 575 set.

2247 600 2443 656 Joann.
2473 617 2624 666 nix,
2658 611 2787 656 tom.
2820 602 2904 668 ιιι,
2934 612 3076 672 part.
3107 621 3168 669 ιι,
3200 605 3304 658 col.
3335 604 3514 676 1628.)

2320 689 2436 746 Non
2464 692 2687 757 moriar,
2713 693 2806 747 sed
2836 693 3034 761 vivam,
3064 701 3118 747 et
3146 693 3381 750 narrabo
3407 710 3559 765 opera
3583 696 3746 756 Domini.

2248 781 2327 836 Illi
2357 791 2625 854 stragem,
2657 791 2764 838 etc.
2788 824 2803 849 ,
2828 801 2992 855 usque
3019 786 3088 838 ad
3112 785 3336 840 tradidit
3365 802 3469 842 me.
3498 787 3585 858 (ld.
3603 829 3617 854 ,
3649 801 3748 845 tract.

2247 873 2382 943 psal.
2416 890 2584 938 cxvu,
2616 883 2745 928 tom.
2773 874 2865 939 IV,
2901 884 3042 946 part.
3075 892 3138 940 ιι,
3165 877 3264 932 col.
3303 877 3443 934 1498
3470 888 3520 934 et
3539 882 3658 951 seq.)

2323 962 2488 1029 Quasi
2509 966 2680 1018 tristes
2703 982 2903 1036 semper
2924 977 3097 1020 autem
3121 969 3433 1038 gaudentes,
3455 971 3576 1025 sicut
3594 985 3749 1042 egentes,

2249 1062 2370 1120 etc.,
2404 1070 2576 1124 usque
2601 1055 2668 1109 ad
2692 1057 2867 1110 omnia
2890 1058 3230 1125 possidentes.
3254 1058 3352 1114 Est
3373 1060 3604 1129 quaedam
3621 1063 3751 1118 anima

2252 1145 2479 1200 interior
2514 1146 2765 1211 ﬁrmitas,
2797 1157 2903 1204 etc.
2929 1189 2944 1216 ,
2989 1166 3152 1215 usque
3191 1153 3262 1204 ad
3298 1151 3351 1205 in
3381 1152 3747 1211 tribulationibus.

2250 1236 2360 1308 (Ib.
2383 1277 2397 1302 ,
2429 1237 2535 1293 col.
2567 1239 2704 1294 1796
2735 1247 2790 1295 et
2816 1240 2957 1311 seq.)

2319 1325 2439 1383 Vox
2466 1328 2665 1384 lmtitiaa
2694 1339 2748 1384 et
2777 1329 2996 1396 salutis,
3035 1331 3089 1387 in
3135 1334 3504 1389 tabernaculis
3535 1335 3748 1406 justorum.

2252 1417 2352 1474 Ubi
2379 1434 2584 1484 vocem,
2626 1428 2753 1487 etc.,
2779 1438 2941 1492 usque
2979 1422 3049 1476 ad
3091 1423 3541 1479 tribulationibus.
3565 1422 3749 1495 (Id.,ml.

2250 1513 2433 1579 M98.)

2322 1602 2485 1661 Millia
2511 1603 2827 1660 laetantium.
2874 1603 2981 1676 Spe
3008 1605 3150 1660 enim
3182 1617 3310 1661 sunt
3333 1610 3748 1680 gaudentes,etc.,

2249 1709 2412 1763 usque
2436 1694 2504 1747 ad
2529 1694 2815 1764 patientes.
2849 1694 2981 1760 (Id.,
3011 1705 3151 1766 part.
3199 1712 3235 1762 ι,
3261 1697 3367 1751 col.
3393 1697 3535 1768 829.)

2178 1773 2226 1834 Β
2327 1781 2426 1836 Hic
2454 1798 2584 1851 ergo
2615 1783 2776 1855 quid?
2806 1783 2978 1849 labor,
3009 1799 3296 1854 pressura,
3343 1787 3624 1849 tribulatio,
3655 1795 3748 1850 etc.,

2247 1887 2408 1942 usque
2437 1872 2505 1925 ad
2534 1873 2864 1942 possidebat.
2899 1873 3043 1944 (Id.,
3079 1885 3222 1944 part.
3252 1892 3294 1942 ι,
3345 1877 3448 1932 col.
3479 1876 3574 1932 559
3589 1885 3633 1930 et
3659 1877 3748 1945 seq.)

2314 1962 2373 2017 ιιι
2415 1977 2480 2016 ea
2523 1963 2783 2020 societate
2825 1965 3016 2020 beatus
3058 1964 3329 2028 Joannes,
3376 1975 3514 2029 etc.,
3559 1982 3682 2036 usque
3706 1967 3748 2017 at

2244 2054 2424 2111 omnia
2447 2055 2804 2124 possidentes.
2844 2055 2967 2128 (Id.,
2992 2066 3145 2111 tract.
3164 2056 3371 2130 Evang.
3396 2073 3498 2112 sec.
3518 2055 3745 2120 10mm,

2247 2153 2377 2200 tom.
2401 2145 2490 2212 lll,
2521 2156 2660 2218 part.
2692 2163 2752 2213 ιι,
2782 2148 2884 2203 col.
2919 2147 3101 2220 1951.)

2315 2237 2387 2293 0s
2417 2250 2650 2295 nostrum
2671 2251 2811 2312 patet
2835 2241 2904 2295 ad
2925 2258 3033 2308 vos,
3057 2259 3087 2297 ο
3114 2240 3403 2308 Corinthii,
3426 2252 3544 2308 etc.,
3567 2239 3748 2313 usquead

2243 2329 2523 2384 visceribus
2546 2333 2744 2386 vestris.
2773 2331 3026 2388 Latitudo
3051 2335 3292 2389 mandati
3316 2335 3547 2390 charitas
3569 2342 3651 2397 est,
3667 2332 3744 2401 quia

2243 2422 2334 2476 ubi
2363 2463 2377 2488 ,
2413 2433 2518 2477 etc.
2538 2464 2553 2488 ,
2581 2440 2744 2494 usque
2773 2425 2844 2478 ad
2870 2442 2977 2481 non
3003 2436 3162 2482 nocet
3187 2427 3374 2482 homo.
3406 2427 3525 2498 (Id.,
3553 2436 3675 2480 tract.
3694 2424 3744 2490 10,

2242 2511 2413 2583 Epist.
2443 2515 2630 2582 Joan.,
2660 2526 2791 2571 tom.
2823 2517 2909 2582 Ill,
2938 2526 3078 2588 part.
3109 2535 3173 2584 ιι,
3205 2520 3315 2576 col.
3348 2520 3527 2590 2058.)

2317 2605 2569 2660 Eamdem
2589 2617 2762 2661 autem
2791 2608 3036 2662 habentes
3060 2612 3553 2673 remunerationem,
3572 2618 3745 2675 tanquam

2240 2698 2364 2767 ﬁliis
2379 2698 2811 2753 dico-dilatamini
2826 2710 2872 2754 et
2892 2717 2996 2754 vos.
3014 2701 3205 2756 Cordis
3221 2696 3487 2766 dilatatio,
3503 2699 3683 2768 iustitia:
3695 2705 3744 2749 est

2239 2797 2316 2854 et,
2350 2798 2482 2855 etc.,
2523 2807 2685 2860 usque
2705 2791 2775 2844 ad
2802 2799 2886 2846 est
2912 2791 3085 2846 nobis.
3121 2791 3243 2863 (Id.,
3276 2803 3434 2848 tract.
3473 2790 3592 2863 psal.
3617 2802 3742 2850 cum,

2241 2891 2374 2937 tom.
2404 2882 2491 2945 IV,
2525 2892 2668 2953 part.
2698 2899 2761 2949 ιι,
2784 2884 2888 2938 col.
2917 2883 3100 2954 1527.)

2314 2975 2493 3030 Nolite
2521 2975 2713 3046 jugum
2755 2976 2944 3032 ducere
2985 2994 3102 3032 cum
3152 2978 3475 3048 inﬁdelibus.
3517 2975 3627 3043 Quae
3657 2973 3742 3026 €1th

2239 3068 2572 3138 participatio
2591 3067 2839 3138 justitiar,
2865 3077 2985 3134 etc.,
3016 3084 3187 3140 usque
3217 3070 3287 3125 ad
3308 3068 3500 3124 Christi
3524 3067 3584 3120 ad
3601 3061 3742 3118 Belial?

2242 3159 2396 3214 Nulla
2432 3159 2776 3230 participatio
2805 3169 2888 3214 est
2909 3159 3133 3229 justitiae
3152 3202 3167 3228 ,
3206 3171 3342 3228 etc.,
3373 3177 3526 3232 usque
3545 3159 3603 3214 ad
3633 3167 3742 3223 usque

2239 3250 2434 3304 adhuc.
2465 3251 2482 3319 (
2506 3249 2579 3305 Id.
2595 3289 2611 3317 ,
2632 3249 2727 3304 lib.
2746 3251 2810 3304 de
2832 3249 3100 3322 Baptismo
3124 3262 3294 3306 contr.
3318 3253 3532 3317 Donat.,
3555 3258 3658 3304 tom.
3684 3243 3739 3307 1X.

2238 3340 2343 3396 col.
2370 3341 2516 3410 166.)

2310 3431 2366 3486 Si
2383 3433 2702 3499 dixerimus,
2719 3434 2845 3504 quia
2869 3435 3184 3490 societatem
3208 3435 3490 3501 habemus,
3516 3443 3739 3500 etc.,usqtt

2237 3522 2306 3574 ad
2331 3522 2480 3577 dedit
2517 3523 2680 3579 Deus.
2715 3523 2838 3594 (Id.,
2862 3534 3016 3579 tract.
3045 3527 3070 3580 1
3103 3525 3278 3597 Epist.
3307 3527 3498 3592 Joan.,
3535 3534 3642 3580 tom.
3673 3517 3735 3580 ill.

2236 3617 2341 3672 col.
2372 3617 2554 3688 1981.)

2315 3708 2418 3764 Vos
2437 3710 2572 3764 enim
2587 3711 2709 3764 estis
2725 3709 2970 3780 templum
2989 3710 3086 3767 Dei
3100 3712 3195 3768 vivi
3207 3715 3342 3769 sicut
3363 3715 3484 3770 dicit
3501 3714 3633 3768 Deus.
3653 3707 3734 3775 Otto

2236 3801 2378 3854 niam
2405 3800 2730 3868 inhabitabo,
2757 3811 2880 3868 etc.,
2909 3817 3079 3873 usque
3109 3805 3176 3860 ad
3201 3807 3330 3859 mihi
3349 3805 3575 3878 populus.
3601 3802 3644 3856 Si
3661 3813 3734 3855 coni

2235 3891 2535 3947 sideremus
2574 3901 2698 3948 ante
2742 3894 2971 3964 gratiam
3013 3895 3107 3949 Dei
3149 3897 3277 3965 quid
3325 3897 3600 3957 fuerimus,
3637 3900 3736 3950 etc.

2234 4001 2396 4055 usque
2434 3984 2503 4037 ad
2532 3983 2897 4038 deambulabit
2923 3984 3085 4040 Deus.
3119 3985 3244 4057 (Id.,
3277 4005 3436 4042 serm.
3473 3989 3531 4041 de
3553 3996 3736 4049 senape-

2233 4077 2373 4140 stali,
2407 4085 2534 4130 tom.
2566 4075 2629 4139 V,
2660 4084 2802 4146 part.
2840 4092 2879 4141 ι,
2903 4077 3007 4131 col.
3032 4077 3183 4149 889.)

2307 4166 2533 4236 Propter
2561 4168 2658 4221 hoc
2691 4169 2824 4222 exite
2859 4167 2923 4222 de
2957 4169 3127 4223 medio
3165 4187 3379 4237 eorum,
3421 4183 3466 4225 et
3498 4161 3736 4240 separamisi

2233 4259 2358 4312 dicit
2389 4257 2648 4313 Dominus
2674 4275 2693 4313 :
2724 4269 2772 4312 et
2801 4259 3155 4325 immundum,
3183 4270 3313 4327 etc.,
3345 4277 3507 4332 usque
3531 4261 3587 4315 ad
3612 4252 3734 4311 Domi-

2235 4365 2333 4401 nus
2363 4349 2710 4418 omnipotens.
2735 4348 2894 4413 Ecce,
2924 4350 3195 4420 inquiunt,
3228 4352 3359 4407 dicit
3379 4351 3626 4423 prepheta,
3648 4357 3732 4404 etc.,

543 4433 879 4503 nosmetipsos
907 4436 1038 4488 sicut
1071 4436 1169 4490 Dei
1203 4438 1501 4501 ministras,
1533 4440 1587 4492 in
1624 4438 1790 4492 multa
1840 4443 2089 4509 patientia
2113 4483 2128 4507 ,
2159 4474 2210 4534 Β
2238 4457 2398 4509 usque
2444 4441 2513 4492 ad
2563 4456 2669 4494 non
2717 4455 2962 4510 parcere.
2993 4442 3116 4508 (Id.,
3145 4461 3304 4498 serm.
3331 4447 3396 4499 de
3421 4444 3543 4499 verb.
3575 4439 3732 4506 Erant.

540 4530 638 4575 etc.
666 4562 680 4586 ,
739 4539 909 4593 usque
958 4525 1025 4579 ad
1065 4526 1252 4580 virtute
1298 4525 1414 4581 Dei.
1461 4527 1574 4583 Sub
1613 4529 1704 4584 illo
1737 4529 1866 4600 jugo
1906 4531 2038 4594 levi.
2076 4543 2133 4589 et
2159 4525 2200 4534 ’⁷
2237 4540 2366 4584 tom.
2396 4529 2464 4595 V,
2492 4538 2634 4601 part.
2665 4549 2706 4595 ι,
2735 4531 2839 4586 col.
2867 4532 2964 4587 551
2995 4541 3051 4588 et
3075 4533 3215 4606 seq.)

542 4611 755 4666 sarcina
785 4612 886 4667 lcvi
909 4655 924 4679 ,
947 4614 1196 4670 audimus
1216 4616 1531 4685 Apostolum
1557 4619 1737 4674 dicere
1763 4637 1775 4672 :
1807 4620 1860 4675 ln
1881 4623 2130 4680 omnibus

541 4702 983 4758 commendantes
1019 4705 1407 4774 nosmetipsos,
1442 4706 1581 4760 sicut
1609 4707 1700 4761 Dei
1734 4709 2031 4779 ministros,
2075 4713 2130 4768 in

543 4789 711 4844 multa
761 4792 1062 4862 patientia,
1114 4795 1166 4849 in
1218 4796 1686 4864 tribulationibus,
1734 4801 1786 4854 in
1832 4806 2127 4860 necessita-

542 4881 728 4946 tibus,
785 4883 842 4938 in
891 4886 1192 4955 angustiis,
1243 4885 1297 4939 in
1359 4887 1574 4957 plagis,
1623 4898 1772 4955 etc.,
1832 4909 1993 4964 usque
2051 4896 2121 4950 ad

542 4974 870 5030 revelabitur
893 4977 946 5030 in
977 4975 1153 5031 nobis.
1179 4976 1304 5044 (Id.,
1329 4995 1484 5033 serm.
1518 4986 1582 5035 de
1611 4999 1713 5036 rer.
1749 4984 1943 5056 Evang.
1971 4986 2049 5057 9.)

616 5065 720 5118 I’er
733 5083 880 5119 arma
893 5067 1112 5134 justitiw
1125 5086 1156 5121 a
1172 5069 1421 5137 dexteris,
1444 5081 1488 5125 et
1507 5091 1535 5126 a
1551 5075 1794 5138 sinistris,
1812 5087 1931 5144 etc.,
1950 5095 2121 5149 usque

2302 4621 2460 4677 Certe
2491 4621 2838 4677 manifestum
2868 4633 2951 4678 est
2975 4623 3087 4692 jam
3120 4625 3418 4696 prudentia:
3438 4633 3622 4684 vestrm.
3643 4631 3732 4690 (1υο-

2233 4715 2392 4768 modo
2415 4714 2726 4786 accipienda
2751 4724 2878 4770 sunt
2900 4717 3078 4771 omnia
3105 4717 3228 4773 talia
3251 4719 3542 4775 testimonia
3558 4712 3732 4781 Scriptu-

2232 4821 2414 4859 rarum
2437 4824 2448 4858 :
2475 4815 2533 4860 ut
2551 4806 2765 4875 quando
2789 4806 3057 4876 scriptura
3081 4819 3400 4876 sonat,etc.,
3427 4824 3571 4880 usque
3588 4805 3642 4859 ad
3660 4811 3728 4854 non

2232 4895 2485 4965 tangatis.
2511 4894 2631 4966 (Id.,
2658 4896 2751 4960 25,
2777 4913 2828 4966 q.
2853 4896 2908 4962 ι,
2941 4895 3338 4972 Tolerandum.)

2829 4997 3055 5055 CAPUT
3095 4998 3202 5054 Vll.

2295 5083 2411 5138 Has
2434 5101 2554 5155 ergo
2578 5085 2823 5139 habentes
2849 5088 3214 5156 promissiones
3245 5087 3545 5150 charissimi,
3563 5077 3723 5138 munde-

541 5156 609 5210 ad
637 5157 822 5209 bonam
855 5158 1074 5226 famam.
1108 5159 1370 5217 Dominus
1407 5174 1593 5220 noster
1626 5183 1749 5222 cum
1795 5170 2028 5226 venisset
2066 5171 2120 5226 in
2224 5189 2340 5227 mus
2367 5191 2459 5227 nos
2483 5174 2546 5226 ab
2568 5176 2708 5228 omni
2738 5175 3129 5245 inquinamento
3152 5180 3324 5231 carnis
3349 5189 3396 5232 et
3418 5177 3722 5247 spiritanett»

537 5261 724 5310 carne,
754 5254 884 5312 etc.,
909 5264 1072 5318 usque
1095 5250 1164 5304 ad
1187 5251 1341 5309 fortis
1363 5264 1465 5309 est.
1492 5257 1614 5326 (Id.,
1639 5269 1794 5314 tract.
1818 5261 1953 5328 psal.
1990 5279 2117 5329 XCII,

540 5347 670 5392 tom.
707 5337 796 5403 IV,
828 5349 966 5407 part.
998 5356 1058 5406 ιι,
1084 5343 1188 5398 col.
1227 5345 1362 5401 1182
1389 5357 1443 5402 et
1469 5351 1610 5420 seq.)

615 5427 812 5482 Malitia
839 5430 980 5485 enim
1006 5432 1332 5503 iniquorum,
1359 5439 1580 5496 sinistra
1605 5452 1732 5497 sunt
1757 5459 1904 5498 arma
1923 5485 1938 5509 ,
1983 5455 2087 5501 etc.
2107 5488 2120 5508 ,

2225 5280 2396 5335 usque
2425 5265 2491 5318 ad
2516 5265 2591 5317 ita
2620 5274 2674 5318 ut
2703 5265 2868 5334 magis
2893 5266 3193 5336 gauderem.
3226 5267 3389 5323 Judas
3416 5267 3541 5321 Illius
3563 5254 3719 5332 εροῦείε

2229 5370 2559 5425 persequens
2589 5372 2869 5426 sponsum,
2900 5360 3021 5426 hoc,
3048 5369 3175 5423 etc.,
3209 5379 3366 5432 usque
3395 5362 3460 5416 ad
3490 5350 3720 5414 tolerabiles

2229 5449 2310 5519 (S.
2343 5449 2506 5521 Aug,
2552 5450 2729 5505 Tract.
2802 5452 2938 5523 psal.
2984 5469 3126 5509 CXLII
3157 5495 3172 5521 ,
3225 5465 3355 5513 ton).
3383 5453 3467 5520 ιν,
3518 5456 3631 5522 part.
3673 5453 3717 5498 II.

541 5535 703 5612 usque
739 5520 809 5574 ad
836 5522 903 5576 ad
946 5523 1194 5583 salutem.
1234 5527 1379 5597 (Id.,
1428 5532 1562 5601 psal.
1611 5550 1776 5599 xcttt,
1805 5536 1907 5590 col.
1941 5536 2124 5607 1215.)
2226 5541 2329 5596 col.
2363 5520 2540 5612 1847).

613 5607 680 5662 Ut
701 5612 996 5670 seductores
1035 5626 1081 5670 et
1113 5636 1339 5686 veraces,
1365 5623 1500 5676 sicut
1523 5626 1611 5695 qui
1637 5627 1802 5696 ignoti
1822 5637 1868 5680 et
1905 5629 2116 5697 cogniti.

538 5698 706 5762 Quasi
733 5705 1006 5762 morientes
1031 5748 1045 5772 ,
1082 5720 1131 5762 et
1153 5727 1270 5766 ecce
1296 5713 1510 5768 vivimus
1530 5754 1545 5780 ,
1577 5725 1631 5768 ut
1662 5717 1900 5786 castigati
1925 5728 1973 5772 et
2018 5736 2118 5773 non

2299 5631 2560 5698 Quoniam
2593 5645 2642 5690 et
2692 5637 2738 5689 si
2765 5638 3071 5694 contristavi
3098 5658 3184 5696 vos
3219 5643 3273 5694 in
3305 5639 3524 5711 epistola,
3558 5647 3639 5686 non
3664 5635 3716 5674 πιι

2223 5724 2449 5791 pmnitet.
2508 5723 2575 5778 Et
2624 5727 2669 5780 si
2715 5729 2982 5797 paeniteret
3022 5730 3198 5785 videns
3227 5732 3364 5802 quod
3391 5723 3598 5800 epistola:
3623 5723 3712 5771 ac"
