3902 6300
143 303 254 360 361

1009 297 1372 354 EXPOSITIO
1409 297 1474 352 IN
1517 296 1665 351 EPP.
1707 294 1933 350 PAULI.
1964 326 2028 335 --
2057 293 2162 348 ΕΡ.
2204 295 2245 349 Il
2286 295 2376 349 AD
2413 294 2568 350 COR.

3319 291 3428 351 563
3489 381 3494 388 ἡ

85 432 115 474 1
141 435 328 492 usque
350 418 414 474 ad
432 434 496 472 ex
512 416 679 472 nobis.
701 415 815 486 Ipsa
837 415 1052 470 tristitia
1076 414 1346 485 reperitur
1365 415 1417 467 in
1439 414 1595 475 bono,
1613 421 1746 475 etc.,
1776 417 1824 473 Α
1924 410 2028 464 Iste
2080 419 2164 465 est
2207 412 2367 476 Deus,
2410 421 2542 476 etc.,
2596 427 2754 480 usque
2793 412 2860 463 ad
2897 407 3249 465 Christianos.
3301 409 3426 478 (ld.,

105 517 110 532 '
143 530 320 586 usque
346 512 414 566 ad
443 526 474 564 a
502 509 659 565 nobis
684 505 808 579 (ld.,
847 507 939 562 lib.
968 508 1031 562 de
1057 507 1168 562 Civ.
1199 506 1290 562 Dei
1320 522 1429 571 xlv,
1469 514 1602 560 tom.
1629 502 1742 570 VII,

141 605 262 660 col.
290 601 441 674 tis).

225 695 362 762 Quae
379 693 519 748 enim
539 691 824 747 secundum
847 690 1013 745 Deum
1039 689 1252 743 tristitia
1273 697 1372 755 est,
1391 687 1745 758 paenitentiam

137 791 202 842 in
245 787 467 842 salutem
504 783 742 839 stabilem
777 791 1042 854 operatur,
1089 780 1269 854 saeculi
1314 790 1486 834 autem
1530 779 1746 833 tristitia

137 890 373 935 rnortem
395 887 660 948 operatur.
681 873 817 929 Ecce
835 875 970 929 enim
992 875 1088 927 hoc
1104 873 1273 942 ipsum
1289 871 1597 936 secundum,
1614 881 1716 926 etc.
1729 912 1744 936 ,

138 987 328 1042 usque
361 969 429 1024 ad
458 966 676 1023 Gaudeo
710 966 850 1038 quod
886 966 940 1019 in
971 964 1214 1018 omnibus
1245 963 1454 1032 conﬁdo
1492 964 1546 1018 in
1580 962 1742 1016 vobis.

138 1061 295 1117 Ecce
316 1062 458 1117 enim
481 1060 534 1115 id
559 1060 733 1130 ipsum
755 1058 1048 1113 secundum
1073 1056 1240 1111 Deum
1263 1055 1594 1121 contristari,
1613 1063 1746 1119 etc.,

139 1168 317 1223 usque
340 1151 408 1205 ad
430 1158 606 1205 rectas
626 1149 833 1204 habent
853 1146 974 1218 (ld.,
999 1144 1090 1199 tib.
1118 1145 1182 1199 de
1204 1143 1318 1200 Civ.
1338 1144 1459 1211 Dei,
1483 1153 1614 1200 tom.
1634 1143 1744 1210 VII,

139 1243 264 1299 col.
289 1242 440 1314 Its).
511 1308 514 1311 1

755 1310 886 1366 CAP
895 1308 984 1365 UT
1021 1307 1153 1366 VIII.

221 1425 429 1481 Notam
453 1432 627 1479 autem
651 1423 875 1494 facimus
919 1423 1081 1486 vobis,
1128 1421 1339 1490 fratres,
1382 1419 1608 1490 gratiam
1651 1417 1748 1472 Dei

136 1535 274 1589 qua:
298 1517 426 1571 data
452 1523 526 1570 est
555 1515 611 1569 in
638 1514 868 1569 ecclesiis
894 1495 1241 1577 Macedoniae,
1264 1520 1312 1565 et
1338 1510 1477 1581 quod
1503 1511 1558 1564 in
1583 1509 1748 1564 multo

137 1609 507 1679 experimento
531 1603 908 1670 tribulationis,
933 1613 1067 1669 etc.,
1090 1617 1262 1672 usque
1289 1600 1355 1655 ad
1383 1599 1506 1655 Non
1531 1601 1670 1655 enim
1693 1609 1750 1654 ut

136 1698 279 1752 aliis
306 1699 372 1752 sit
399 1695 658 1762 remissio,
687 1694 826 1750 vobis
852 1704 1026 1748 autem
1053 1693 1343 1747 tribulatio.
1374 1691 1602 1762 Propter
1628 1706 1746 1758 nos,

1847 499 1936 552 lib.
1967 499 2032 552 de
2067 497 2335 554 Consertsu
2356 501 2744 572 evangelistar.,
2785 511 2912 557 tom.
2944 500 3030 567 III,
3068 509 3207 572 part.
3248 517 3285 567 I,
3320 500 3425 560 col.

1847 588 1987 645 1055
2015 598 2070 645 et
2090 589 2228 659 seq.)
2779 647 2793 658 ,

2130 745 2133 748 ,
2460 682 2687 739 CAPUT
2725 683 2815 738 XI.

1921 771 2135 828 Utinam
2172 776 2516 842 sustineretis,
2550 785 2677 840 etc.,
2726 792 2897 847 usque
2955 778 3022 833 ad
3072 777 3426 833 aemulatione.

1849 863 2086 920 Dicendo
2124 866 2350 922 aemulor
2394 882 2512 933 vos,
2553 868 2681 937 quid
2705 868 2809 923 nisi
2839 869 3256 933 aemulationem,
3297 877 3431 933 etc.,

1847 971 2019 1025 usque
2055 955 2122 1009 ad
2149 965 2324 1011 etnon
2348 959 2560 1012 mirum.
2588 957 2668 1029 (S.
2694 957 2856 1030 Aug.,
2885 968 3040 1014 tract.
3071 958 3206 1031 psal.
3237 974 3428 1025 CXVIII,

1852 1053 1982 1100 tom.
2012 1043 2106 1110 IV,
2133 1053 2272 1116 part.
2309 1062 2372 1112 II,
2398 1046 2500 1102 col.
2528 1047 2666 1102 1585
2687 1056 2743 1103 et
2771 1047 2911 1118 seq.)

1917 1134 2057 1190 Audi
2087 1150 2276 1191 vocem
2302 1135 2547 1192 zelantis.
2580 1136 2706 1192 Zelo
2737 1137 2832 1192 Dei
2859 1153 2974 1201 vos,
2998 1146 3134 1204 etc.,
3166 1155 3328 1209 usque
3360 1137 3433 1194 ad

1849 1245 2020 1300 quare
2048 1230 2233 1287 telas!
2265 1231 2390 1302 (ld.,
2415 1239 2568 1286 tract.
2597 1228 2797 1302 Evang.
2821 1249 2922 1286 sec.
2953 1231 3113 1288 Joan.
3140 1247 3258 1298 XIII,
3293 1241 3430 1290 tom.

1848 1322 1936 1389 III,
1964 1330 2110 1392 part.
2141 1338 2183 1386 I,
2214 1321 2317 1378 col.
2353 1321 2537 1392 M98.)

1924 1410 2120 1478 Timeo,
2149 1412 2339 1483 inquit,
2367 1427 2430 1466 ne
2458 1411 2594 1466 sicut
2643 1427 2850 1482 serpens
2878 1409 3064 1475 Evam,
3096 1420 3230 1477 etc.,
3260 1424 3437 1480 usque

1850 1502 1919 1557 ad
1947 1502 2188 1557 exhibere
2226 1501 2454 1556 Christo.
2501 1500 2676 1555 Habet
2699 1516 2828 1572 ergo
2848 1501 2938 1556 hic
2960 1517 3214 1572 sponsam
3243 1515 3433 1572 quam,

1850 1600 1982 1658 etc.,
2005 1607 2166 1662 usque
2189 1590 2258 1644 ad
2288 1590 2559 1661 prtedixit.
2593 1590 2715 1661 (ld.,
2737 1599 2889 1644 tract.
2909 1589 3109 1662 Evang.
3140 1608 3242 1646 sec.
3266 1591 3432 1647 Joan.

1851 1700 1972 1750 VIII,
2007 1692 2140 1738 tom.
2165 1681 2255 1750 III,
2279 1691 2423 1754 part.
2462 1698 2521 1748 II,
2552 1683 2657 1738 col.
2692 1681 2877 1754 1452.)

140 1791 354 1861 inquit,
378 1805 583 1860 pauper
608 1788 784 1844 Iactus
807 1796 892 1842 est
917 1803 1040 1842 cum
1068 1793 1212 1842 esset
1235 1786 1406 1848 dives,
1429 1795 1559 1850 etc.,
1587 1801 1748 1854 usque

1917 1775 2113 1857 Omnis
2140 1775 2382 1831 Ecclesia
2406 1777 2560 1847 virgo
2579 1775 2848 1846 appellata
2877 1783 2980 1830 est.
3011 1775 3237 1831 Diversa
3257 1789 3432 1830 mem-

140 1881 224 1937 ad
251 1895 350 1936 nos
373 1879 564 1934 ditavit
587 1877 844 1951 (S.Aug.,
873 1887 1027 1931 tract.
1048 1874 1222 1940 Psal..,
1251 1884 1379 1930 tom.
1401 1874 1491 1941 IV,
1508 1884 1653 1945 part.
1686 1891 1747 1942 II,

140 1971 264 2026 col.
292 1971 472 2042 I295).

225 2054 364 2130 Quis
395 2061 541 2116 enim
573 2060 854 2116 hominum
884 2074 1072 2115 omnes
1103 2059 1410 2123 thesauros,
1435 2065 1566 2120 etc.,
1589 2072 1751 2128 usque

79 2163 97 2172 ’
141 2154 222 2207 ad
254 2152 462 2208 ablatas
497 2152 696 2206 amisit.
733 2151 920 2223 (Idem,
947 2167 1104 2204 serm.
1128 2149 1196 2203 de
1225 2147 1568 2219 Epiphania.)

225 2241 345 2297 Non
375 2242 452 2296 ait
479 2256 683 2312 pauper
715 2239 891 2295 factus
920 2247 1005 2295 est
1033 2257 1047 2294 :
1080 2254 1205 2294 cum
1232 2238 1405 2303 dives,
1434 2247 1564 2302 etc.,
1591 2253 1751 2318 usque

144 2335 224 2389 ad
246 2335 340 2405 qui
367 2333 532 2389 dedit.
553 2333 917 2404 (ldem,serm.
945 2331 1009 2386 de
1034 2330 1172 2386 verb.
1198 2329 1316 2383 libri
1335 2327 1596 2392 Salomo.,
1617 2338 1746 2383 tom.

153 2425 223 2492 V,
253 2433 388 2497 part.
424 2440 466 2491 ι,
492 2424 592 2480 col.
623 2422 778 2493 216.)

226 2514 334 2570 Sed
360 2531 424 2568 ex
449 2513 749 2586 aequalitate
779 2513 833 2566 in
870 2511 1114 2582 prtesenti
1143 2520 1391 2580 tempore,
1421 2520 1549 2574 etc.,
1581 2524 1750 2580 usque

146 2608 224 2663 ad
258 2623 362 2661 non
396 2607 694 2662 minoravit.
742 2604 821 2658 Illi
860 2603 1177 2672 judicabunt
1215 2601 1282 2655 de
1311 2601 1508 2671 quibus
1548 2601 1750 2655 dictum

143 2705 274 2764 est,
310 2714 471 2768 usque
505 2698 573 2751 ad
610 2697 811 2751 virtute
852 2705 960 2750 tua.
993 2694 1194 2766 (Idem,
1224 2704 1378 2748 tract.
1414 2692 1550 2763 psal.
1585 2709 1709 2748 cm
1732 2733 1748 2760 ,

145 2799 290 2846 tom.
322 2788 409 2854 IV,
444 2799 582 2859 part.
613 2804 697 2853 ιιι,
729 2787 832 2842 col.
861 2786 998 2841 1626
1022 2795 1076 2840 et
1102 2784 1244 2855 seq.)
1609 2851 1621 2859 .

228 2879 443 2935 Gratias
457 2889 627 2933 autem
656 2896 753 2950 ago
779 2878 910 2941 Deo,
941 2878 1030 2948 qui
1063 2877 1203 2930 dedit
1234 2877 1468 2930 eamdem
1493 2875 1754 2930 sollicitu-

141 2973 333 3026 dinem
355 2988 448 3042 pro
468 2970 610 3024 vobis
634 2970 688 3023 in
711 2969 865 3023 corde
883 2967 1017 3022 Titi:
1038 2967 1289 3037 quoniam
1313 2966 1750 3052 exhortationem,

143 3076 298 3130 etc.,
327 3079 496 3134 usque
526 3064 593 3118 ad
623 3063 939 3118 voluntatem
967 3071 1218 3116 nostram.
1250 3061 1307 3115 In
1336 3061 1422 3116 bis
1449 3061 1632 3117 verbis
1657 3076 1754 3132 ap-

1851 1869 1968 1932 bra,
2003 1876 2133 1931 etc.,
2165 1883 2328 1938 usque
2351 1867 2420 1921 ad
2464 1866 2852 1938 virginitatem.
2883 1867 3010 1938 (ld.,
3033 1876 3186 1920 tract.
3228 1866 3432 1936 Evang.

1847 1974 1954 2012 sec.
1986 1956 2151 2012 Joan.
2184 1958 2272 2023 15,
2306 1965 2439 2012 ῑοιιι.
2469 1957 2556 2021 III,
2589 1963 2731 2027 part.
2758 1971 2799 2020 ι,
2827 1956 2936 2011 col.
2961 1955 3145 2026 1499.)

1920 2047 2226 2103 Paucarum
2274 2055 2359 2103 est
2384 2047 2668 2118 virginitas
2694 2046 2750 2101 in
2778 2061 2962 2112 carne,
3007 2054 3136 2113 etc.,
3179 2062 3340 2115 usque
3367 2048 3437 2101 ad
3495 2097 3503 2102 .

1851 2135 2110 2192 Ecclesia.
2147 2136 2267 2208 (ld.,
2299 2146 2454 2190 tract.
2483 2135 2618 2206 psal.
2647 2143 2783 2191 tom.
2822 2134 2912 2200 IV,
2943 2152 2996 2207 p.
3025 2152 3090 2203 II,
3117 2137 3220 2192 col.
3253 2135 3438 2209 1990.)

1921 2226 2074 2284 Nunc
2123 2227 2450 2299 desponsata
2499 2234 2586 2282 est
2632 2225 2907 2292 Ecclesia,
2959 2236 3015 2283 et
3058 2227 3233 2297 virgo,
3283 2235 3390 2283 etc.
3419 2267 3436 2288 ,

1854 2335 2018 2389 usque
2066 2319 2134 2373 ad
2183 2319 2491 2390 Apostolus.
2544 2319 2668 2394 (ld.,
2695 2318 2786 2373 lib.
2815 2318 3014 2385 Quaest.
3049 2328 3181 2377 tom.
3215 2318 3303 2387 VI,
3328 2319 3434 2376 col.

1851 2410 1919 2464 47
1952 2419 2007 2466 et
2031 2411 2171 2483 seq.)
2233 2399 2238 2401 ’

1925 2500 2167 2572 Sponsus
2197 2501 2398 2567 infans,
2428 2502 2494 2556 de
2533 2501 2772 2558 thalamo
2809 2518 2930 2568 suo,
2978 2512 3110 2569 etc.,
3155 2519 3317 2574 usque
3366 2505 3436 2556 ad

1852 2591 2223 2662 mentes.(ld.,
2253 2608 2408 2646 serm.
2435 2593 2500 2646 de
2520 2592 2725 2648 nativit.
2755 2592 2937 2659 Dom.,
2970 2604 3099 2649 tom.
3132 2593 3198 2659 V,
3220 2602 3358 2664 part.
3391 2610 3430 2658 I,

1852 2682 1955 2737 col.
1993 2682 2180 2754 IOI5.)

1927 2773 2103 2828 Timeo
2132 2783 2306 2830 autem
2347 2791 2409 2829 ne
2444 2775 2579 2830 sicut
2604 2791 2813 2847 serpens
2845 2775 3034 2841 Evam,
3084 2787 3215 2846 etc.,
3269 2795 3441 2851 usque

1852 2869 1922 2925 ad
1945 2869 1998 2924 in
2029 2868 2237 2924 Christo
2258 2869 2410 2926 Iesu.
2433 2870 2574 2937 Quid
2599 2880 2682 2926 est
2711 2873 2856 2942 quod
2884 2873 3079 2928 timet?
3106 2872 3185 2929 Ne
3214 2875 3441 2946 virgini-

1856 2970 1938 3018 tas
1978 2977 2189 3031 sponsa:
2217 2961 2442 3029 Christi,
2475 2979 2570 3033 per
2598 2965 2854 3019 astutiam
2884 2965 3083 3021 diaboli
3117 2982 3437 3037 corrumpa-

1857 3062 1963 3108 tur.
1989 3053 2199 3122 Timeo,
2229 3055 2422 3125 inquit,
2454 3071 2524 3110 ne
2553 3055 2713 3120 sicut,
2738 3066 2867 3122 etc.,
2900 3073 3063 3128 usque
3093 3059 3162 3111 ad
3193 3073 3442 3114 remane-

146 3167 315 3229 paret
343 3163 629 3227 quantam,
666 3162 772 3210 etc.
793 3195 808 3221 ,
840 3170 1004 3225 usque
1042 3153 1109 3206 ad
1141 3151 1524 3222 indigentibus.
1555 3153 1744 3222 (Idem,
1771 3142 1820 3207 (Ξ
1847 3143 1948 3229 ωε.
1976 3143 2100 3214 (ld.,
2122 3153 2273 3198 tract.
2290 3145 2491 3216 Evang.
2515 3162 2616 3200 sec.
2639 3145 2798 3200 Joan.
2816 3162 2936 3212 VIII,
2960 3155 3089 3202 tom.
3107 3148 3193 3213 IV,
3217 3157 3358 3219 part.
3378 3165 3440 3215 II,

147 3249 250 3304 lib.
272 3265 335 3302 se
365 3247 532 3317 Opere
561 3246 962 3307 Monachorum,
990 3253 1116 3299 tom.
1138 3243 1224 3308 VI,
1257 3243 1357 3298 col.
1385 3242 1535 3314 565.)

227 3339 532 3392 Devitantes
561 3337 656 3390 hoc
686 3353 748 3390 ne
769 3337 887 3406 quis
918 3352 1011 3389 nos
1041 3338 1291 3405 vituperet
1315 3335 1371 3388 in
1395 3335 1495 3388 hac
1523 3334 1754 3405 plenitu-

150 3431 313 3494 dine,
356 3444 473 3499 qum
513 3428 847 3482 ministratur
892 3443 924 3480 a
967 3426 1112 3479 nobis
1159 3426 1215 3478 in
1256 3424 1470 3478 Domini
1511 3425 1751 3495 gloriam.

151 3517 506 3570 Providemus
539 3517 674 3570 enim
704 3515 838 3570 bona
859 3556 873 3580 ,
905 3525 1036 3578 etc.,
1068 3529 1239 3584 usque
1269 3516 1337 3570 ad
1374 3515 1429 3569 in
1457 3515 1646 3583 faciem
1673 3532 1757 3570 ec-

152 3607 460 3661 elesiarum.
486 3606 778 3661 Vobiscum
815 3606 902 3660 hic
926 3606 1176 3670 vivimus,
1202 3613 1257 3660 et
1295 3615 1517 3675 propter
1550 3621 1646 3660 vos
1671 3605 1754 3659 vi-

147 3697 373 3761 vimus,
403 3704 546 3760 etc.,
584 3713 745 3766 usque
787 3695 855 3748 ad
898 3695 1225 3763 exemplum.
1269 3695 1468 3765 (Idem,
1493 3711 1650 3748 serm.
1691 3697 1755 3750 de

161 3786 290 3840 Vita
317 3797 364 3841 et
387 3804 522 3842 mor.
552 3786 883 3852 clericorum,
909 3784 1120 3849 tom.V,
1151 3793 1290 3855 part.
1317 3800 1376 3851 II,
1407 3783 1511 3840 col.
1543 3784 1680 3840 1568
1701 3793 1758 3840 et

151 3878 303 3949 se“
784 3948 1012 4005 CAPUT
1052 3947 1142 4002 IX.

231 4061 378 4114 Nam
407 4061 471 4115 de
503 4062 797 4116 ministerio
826 4062 966 4131 quod
997 4061 1056 4129 fit
1087 4063 1142 4114 in
1169 4070 1401 4125 sanctos,
1426 4069 1560 4126 etc.,
1585 4075 1757 4130 usque

152 4155 226 4210 ad
251 4157 307 4208 in
328 4173 477 4209 omne
509 4173 636 4226 Opus
660 4157 870 4210 bonum.
896 4157 970 4228 Ita
995 4156 1201 4227 jejuna,
1227 4167 1285 4211 ut
1312 4157 1363 4211 in
1388 4158 1493 4213 alio
1513 4167 1566 4214 te
1595 4175 1756 4229 pran-

155 4246 366 4302 didisse
421 4247 658 4317 gaudeas
688 4287 704 4313 ,
761 4259 902 4314 etc.,
952 4265 1115 4318 usque
1161 4249 1230 4301 ad
1275 4258 1324 4303 te
1361 4250 1506 4304 dicat
1556 4267 1570 4303 :
1616 4251 1756 4306 Ecce

152 4337 490 4410 adsum(ltl.,
509 4348 665 4393 tract.
692 4338 825 4409 psal.
845 4345 976 4403 xu‘t,
1003 4349 1131 4394 tom.
1148 4338 1238 4404 IV,
1259 4347 1396 4410 part.
1416 4357 1458 4407 ι,
1474 4340 1576 4396 col.
1601 4341 1753 4413 482.)

231 4427 410 4482 Habet
437 4429 724 4498 quamdam
752 4430 1157 4499 pinguedinem,
1183 4440 1313 4498 etc.,
1343 4449 1504 4504 usque
1530 4434 1598 4487 ad
1628 4434 1753 4488 dili-

156 4521 241 4591 git
273 4520 436 4574 Deus.
469 4519 659 4588 (Ibid.,
685 4519 789 4575 col.
814 4520 964 4590 756.)

231 4609 505 4681 Quidquid
541 4611 675 4666 I'acis
698 4652 712 4676 ,
748 4620 877 4676 etc.,
917 4628 1081 4683 usque
1117 4613 1185 4666 ad
1225 4628 1328 4667 non
1370 4613 1524 4669 facis.
1561 4614 1750 4684 (Idem,

151 4713 319 4758 tract.
342 4703 476 4774 psal.
508 4720 616 4769 XCI,
648 4706 789 4758 tom.
810 4702 901 4768 IV,
931 4713 1072 4773 part.
1101 4721 1166 4770 II,
1195 4705 1299 4759 col.
1327 4706 1394 4759 74
1416 4714 1472 4761 et
1501 4707 1643 4778 seq.)

231 4793 384 4848 Sicut
413 4794 662 4863 scriptum
689 4804 784 4848 est.
817 4794 1095 4865 Dispersit,
1124 4805 1251 4862 etc.,
1284 4813 1456 4866 usque
1489 4799 1557 4851 ad
1583 4799 1752 4853 actio-

153 4903 278 4942 nem
315 4885 444 4940 Deo.
484 4886 638 4954 Quod
678 4887 865 4942 oculus
895 4903 1000 4941 non
1030 4887 1195 4953 vidit,
1219 4897 1348 4953 etc.,
1373 4907 1532 4959 usque
1557 4889 1628 4943 ad
1659 4891 1751 4961 qui

151 4979 402 5034 condidit
432 4979 648 5036 saecula.
677 4979 873 5047 (Idem,
901 4979 1037 5050 psal.
1067 4995 1185 5046 cxt,
1222 4989 1351 5036 tom.
1384 4981 1472 5038 IV.
1505 4992 1644 5042 part.
1679 5000 1751 5050 II,

152 5070 263 5126 col.
295 5069 477 5142 I470.)

232 5161 498 5228 Quoniam
527 5163 871 5216 ministerium
901 5163 1094 5232 hujus,
1130 5170 1262 5225 etc.,
1296 5178 1467 5232 usque
1505 5163 1574 5217 ad
1613 5164 1749 5218 dono

153 5254 299 5325 ejus.
328 5253 536 5319 Quanta
572 5253 897 5324 pinguedine
932 5263 1133 5308 sanctze
1175 5254 1405 5318 laetitiae,
1433 5262 1562 5318 etc.,
1590 5272 1750 5324 usque

154 5347 232 5402 ad
262 5347 596 5420 dedicarem.
627 5346 814 5417 (Idem,
839 5349 932 5405 lib.
957 5350 1022 5402 de
1050 5349 1218 5420 Opere
1240 5348 1473 5417 Monam,
1507 5359 1636 5406 tom.
1661 5350 1746 5417 Vl,

154 5437 268 5493 col.
299 5436 449 5508 564.)
780 5509 1005 5565 CAPUT
1044 5509 1111 5565 Χ.

233 5617 357 5688 Ipse
384 5629 558 5675 autem
593 5637 685 5691 ego
714 5616 913 5693 Paulus
946 5617 1154 5678 obsecro
1183 5641 1290 5694 vos,
1322 5633 1453 5694 etc.,
1485 5641 1655 5698 usque
1685 5628 1750 5684 ad

157 5710 254 5764 sed
289 5727 440 5780 quem
470 5711 611 5767 Deus
643 5714 986 5769 commendat.

566 5805 820 5866 Pnnm.
894 5805 1134 5870 CXIX.

1805 3285 1810 3290 .
1847 3228 1965 3290 'col.
1997 3234 2136 3290 1452
2163 3243 2220 3290 et
2239 3235 2382 3307 seq.)

1931 3323 2168 3395 Serpens
2205 3341 2335 3398 ergo
2377 3326 2480 3382 iste
2509 3327 2838 3396 adulterans,
2871 3338 3004 3397 etc.,
3028 3349 3190 3404 usque
3209 3332 3277 3386 ad
3307 3329 3444 3387 diII‘I-

1857 3416 1961 3473 cile
1986 3418 2217 3474 videtur.
2247 3419 2372 3489 (ld.,
2399 3429 2556 3473 tract.
2579 3421 2714 3491 psal.
2742 3425 2997 3494 xxxvm.)

1929 3509 2032 3564 Per
2055 3510 2340 3566 haereticos
2369 3511 2566 3566 timens
2585 3511 2785 3568 Paulus
2807 3529 2877 3568 ne
2905 3515 2973 3569 ab
2994 3515 3097 3580 eis,
3123 3524 3252 3582 etc.,
3279 3533 3441 3587 usque

1858 3598 2264 3655 adambulabit.
2301 3600 2424 3672 (ld.,
2449 3611 2602 3656 tract.
2645 3603 2782 3673 psal.
2807 3619 2894 3670 xc,
2926 3613 3054 3660 tom.
3087 3605 3176 3672 IV,
3209 3615 3349 3678 part.
3381 3624 3440 3673 ιι,

1861 3690 1968 3745 col.
2005 3690 2188 3762 1168.)

1930 3780 2105 3836 Nolite
2143 3783 2474 3852 quaestiones
2494 3783 2682 3838 mirari
2713 3784 3014 3850 hominum,
3045 3802 3165 3858 quae
3191 3798 3440 3858 serpunt,

1857 3883 1988 3940 etc.,
2040 3890 2202 3944 usque
2244 3876 2314 3929 ad
2359 3884 2445 3930 est
2498 3875 2665 3931 Deus.
2713 3876 2892 3949 (Ibid.,
2924 3878 3060 3946 psal.
3088 3895 3174 3944 xc,
3202 3879 3259 3933 S.
3300 3879 3441 3951 Aug.

1863 3965 1946 4019 Ea:
1972 3981 2072 4020 ser.
2101 3966 2240 4035 quod
2265 3967 2431 4020 tribus
2472 3968 2642 4022 modis
2669 3967 2908 4024 Christus
2931 3969 3273 4042 intelligatur,
3308 3981 3441 4028 tom.

1860 4056 1924 4121 V,
1948 4065 2090 4126 part.
2120 4073 2180 4123 II,
2209 4057 2313 4112 col.
2339 4057 2522 4130 M93.)

1929 4148 2022 4204 Ille
2051 4149 2268 4219 quidem
2319 4164 2565 4220 serpens,
2597 4151 2653 4206 id
2682 4158 2766 4208 est
2793 4153 2882 4208 ille
2925 4169 3099 4220 error,
3131 4164 3260 4220 etc.,
3287 4171 3450 4226 usque

1859 4241 1928 4295 ad
1960 4241 2208 4312 angelum
2235 4241 2389 4298 lucis.
2423 4242 2547 4313 (ld.,
2577 4243 2672 4299 lib.
2705 4256 2887 4300 contra
2907 4246 3252 4312 Manicha'os,
3289 4247 3370 4319 9...)

1930 4332 1986 4386 In
2022 4332 2284 4388 societate
2305 4342 2618 4390 sanctorum
2645 4337 2987 4408 angelorum,
3017 4347 3146 4403 etc.,
3180 4357 3345 4408 usque
3371 4341 3442 4393 ad

1857 4433 2152 4495 quaeratur.
2183 4425 2312 4496 (ld.,
2333 4425 2426 4480 lib.
2451 4427 2515 4482 de
2534 4425 2646 4484 Civ.
2676 4427 2774 4484 Dei
2803 4430 2889 4498 I9,
2917 4439 3043 4485 tom.
3077 4430 3186 4496 VII,
3216 4431 3317 4486 col.
3341 4433 3448 4507 6⁸55

1777 4511 1832 4570 D
1857 4526 1910 4570 et
1937 4515 2078 4587 seq.)

1928 4605 2098 4679 Magis
2144 4623 2279 4679 opus
2328 4617 2413 4664 est
2444 4609 2711 4681 judicare,
2743 4619 2909 4682 atque
2934 4612 3253 4683 dignoscere
3305 4621 3438 4679 etc.,

1857 4713 2025 4768 usque
2075 4699 2144 4751 ad
2193 4700 2419 4771 ambigit
2461 4716 2620 4756 nemo
2667 4700 2789 4772 (ld.,
2838 4701 2928 4756 lib.
2956 4701 3256 4770 Enchirid.,
3307 4712 3437 4758 tom.

1857 4787 1923 4843 VI
1935 4830 1949 4854 ,
1991 4789 2100 4845 col.
2143 4790 2294 4862 260.)

1930 4880 2191 4937 Periculis
2213 4883 2267 4936 in
2292 4883 2441 4953 falsis
2465 4884 2718 4953 fratribus
2747 4899 2765 4938 :
2795 4886 2851 4940 in
2888 4885 3065 4940 labore
3087 4896 3132 4940 et
3161 4904 3397 4942 aerumna
3427 4930 3442 4954 ,

1853 4975 1911 5028 in
1931 4973 2122 5045 vigiliis
2149 4975 2344 5029 multis.
2388 4975 2792 5048 Intelligendum
2836 4987 2921 5032 est
2949 4976 3115 5033 fuisse
3155 4980 3442 5049 quosdam,

1854 5070 2094 5140 quicum
2119 5070 2338 5136 vellent,
2396 5078 2526 5136 etc.,
2579 5087 2740 5141 usque
2781 5072 2850 5124 ad
2883 5071 3211 5141 redigerent.
3244 5073 3343 5144 (Id.
3377 5072 3446 5126 In

1852 5164 2176 5234 expositione
2210 5163 2383 5236 Epist.
2417 5164 2486 5216 ad
2517 5161 2691 5220 Galat.
2749 5172 2880 5218 tom.
2914 5163 2999 5227 III,
3030 5173 3171 5236 part.
3209 5181 3280 5231 ιι,
3337 5164 3441 5220 col.

1855 5254 2043 5326 2135.)
3087 5274 3089 5276 -

1925 5347 1991 5400 In
2027 5346 2167 5415 fame
2194 5354 2241 5399 et
2279 5345 2365 5399 siti
2397 5362 2415 5399 :
2456 5347 2512 5400 in
2537 5347 2760 5417 jejuniis
2803 5348 2981 5402 multis
3009 5363 3027 5400 .'
3065 5349 3122 5402 in
3161 5347 3356 5419 frigore
3389 5359 3440 5402 et

1857 5437 2114 5490 nuditate.
2159 5436 2215 5490 In
2263 5439 2777 5493 commemoratione
2820 5439 3232 5495 tribulationum
3271 5454 3335 5493 ac
3363 5438 3442 5492 la-

1857 5527 2072 5594 borum,
2101 5537 2228 5594 etc.,
2259 5545 2421 5600 usque
2457 5530 2526 5584 ad
2554 5540 2610 5585 et
2636 5530 2840 5602 dirigit.
2889 5532 3054 5602 (Idem
3079 5572 3093 5596 ,
3137 5530 3229 5584 lib.
3279 5545 3316 5583 II
3375 5530 3440 5582 de

1863 5619 2029 5674 Serm.
2055 5619 2266 5673 Domini
2291 5621 2345 5672 in
2372 5631 2563 5687 monte,
2583 5630 2716 5678 tom.
2742 5622 2807 5676 III
2831 5664 2844 5686 ,
2874 5631 3014 5693 part.
3042 5639 3090 5687 ι,
3122 5621 3224 5676 col.
3258 5618 3436 5687 1996).

1937 5710 2141 5769 Prteter
2166 5711 2259 5767 illa
2280 5729 2398 5786 qua:
2420 5715 2776 5788 extrinsecus,
2805 5725 2936 5781 etc.,
2980 5730 3150 5784 usque
3190 5712 3256 5767 ad
3281 5707 3444 5770 e'ccleg

2933 5809 3008 5868 12
