3902 6300
497 314 507 339 ⁸
587 353 696 411 ass

1792 360 1995 417 FLORI
2031 360 2304 415 DIACONI
2342 361 2647 418 MONACHI
2810 396 2817 399 -
3678 382 3746 442 ειῶ

585 470 808 524 siarum.
858 466 959 535 Qui
1010 467 1230 539 apponit
1278 469 1577 533 scientiam,
1629 470 1849 539 apponit
1897 469 2154 523 dolorem.
2188 473 2235 532 Λ
2335 470 2410 525 De
2452 471 2649 528 diaboli
2692 487 2850 543 poena
2910 475 3088 532 futura
3140 496 3152 533 :
3200 482 3459 551 propheta
3503 499 3746 549 commemo.

587 559 728 615 Ecce
754 559 1009 625 abundet,
1039 568 1177 624 etc.,
1234 576 1393 628 usque
1435 559 1504 612 ad
1559 574 1665 629 quo
1713 569 1983 629 posuerat.
2034 560 2152 632 (ld.,

588 659 740 704 tract.
760 648 1356 719 psal.xcv1u,tom.IV,
1386 658 1527 720 part.
1556 667 1620 716 ιι,
1651 650 1755 706 col.
1784 651 1921 707 1268
1944 660 1997 707 et
2011 652 2151 723 seq.)

1184 781 1410 838 CAPUT
1450 781 1564 837 XII.

659 896 794 951 Cum
825 896 1070 952 homines
1094 910 1125 949 a
1153 895 1414 951 matribus
1438 896 1832 966 coneipiantur,
1879 907 1985 953 etc.
2007 938 2023 963 ,
2068 915 2158 953 us-

584 1002 686 1057 que
707 987 775 1040 ad
801 1001 906 1040 non
934 1000 1079 1040 uror.
1104 983 1163 1039 S.
1181 985 1316 1056 Aug.
1341 986 1397 1041 in
1422 986 1740 1052 expositione
1762 988 1931 1060 Epist.
1960 990 2029 1043 ad
2052 990 2159 1047 Ga-

593 1078 687 1131 lat.
713 1085 840 1132 tom.
873 1076 958 1142 III,
988 1086 1127 1147 part.
1167 1094 1239 1142 ιι,
1269 1078 1371 1134 col.
1398 1080 1588 1152 2152.)

660 1165 830 1219 Urunt
842 1166 1237 1235 quodammodo
1253 1181 1441 1222 omnes
1463 1170 1837 1225 tribulationes
1852 1188 1865 1223 :
1882 1171 1974 1225 sed
1989 1171 2153 1236 aliud,

581 1267 713 1321 etc.,
730 1272 890 1327 usque
909 1258 978 1312 ad
999 1259 1408 1315 humiliationis.
1437 1260 1627 1327 (Idem,
1657 1260 1745 1315 lib.
1767 1273 1949 1317 contra
1974 1262 2155 1317 Mani-

581 1348 798 1401 chamm.
827 1347 848 1417 )

653 1439 790 1493 Vasa
831 1439 977 1511 ﬁguli
1015 1440 1223 1510 probat,
1256 1450 1384 1505 etc.,
1418 1460 1578 1510 usque
1619 1445 1688 1497 ad
1717 1445 1962 1498 universa
1994 1445 2156 1498 ossa?

578 1527 770 1597 (Idem,
792 1537 947 1583 tract.
974 1531 1110 1600 psal.
1143 1546 1217 1595 cr,
1246 1540 1375 1586 tom.
1406 1531 1493 1598 IV,
1522 1544 1662 1604 part.
1699 1551 1769 1600 ιι,
1800 1535 1902 1590 col.
1934 1536 2115 1606 I297.)

649 1621 896 1677 Damasci
921 1625 1230 1694 prtepositus
1258 1626 1443 1695 gentis,
1475 1636 1603 1691 etc.,
1649 1643 1819 1696 usque
1854 1630 1921 1683 ad
1967 1644 2153 1681 manus

581 1712 719 1779 ejus.
754 1711 875 1767 Vidi
921 1713 975 1768 in
1023 1714 1250 1784 epistola
1277 1715 1499 1770 Paulum
1547 1716 1856 1789 fugientem.
1901 1718 2004 1773 Per
2032 1735 2152 1774 mu-

580 1814 723 1865 rum,
745 1808 881 1867 etc.,
908 1819 1069 1874 usque
1101 1805 1171 1856 ad
1197 1807 1475 1875 arguebat.
1511 1807 1635 1879 (ld.,
1657 1818 1810 1862 tract.
1849 1808 2048 1878 Evang.
2072 1825 2151 1863 se-

579 1891 990 1946 cundumloan.
1019 1909 1091 1959 ιν,
1109 1893 1163 1959 6,
1197 1904 1327 1950 tom.
1362 1896 1455 1962 111,
1478 1914 1532 1968 p.
1559 1898 1742 1963 u,col.
1776 1899 1905 1953 1751
1938 1907 1989 1953 et
2011 1902 2154 1969 seq.)
2188 1883 2232 1942 Β

649 1980 772 2036 Scio
792 1983 1049 2036 hominem
1082 1983 1136 2037 in
1160 1981 1387 2050 Christo,
1412 1995 1532 2051 etc.,
1557 2004 1725 2058 usque
1758 1989 1824 2043 ad
1861 1989 2057 2043 homini
2076 1989 2157 2044 lo-

574 2071 685 2135 qui.
734 2070 865 2125 Erat
907 2072 1052 2126 enim
1099 2073 1216 2129 htec
1269 2090 1454 2129 eorum
1502 2079 1875 2142 consuetudo.
1921 2080 2013 2148 qui
2067 2094 2157 2134 sa-

573 2175 714 2225 cras,
742 2169 869 2227 etc.,
894 2179 1054 2233 usque
1080 2164 1148 2217 ad
1169 2165 1488 2234 pertinebat.
1518 2167 1637 2239 (ld.,
1669 2178 1822 2223 tract.
1844 2169 2014 2224 Evan.
2050 2186 2153 2226 sec.

571 2247 734 2303 Joan.
765 2267 874 2316 ut,
902 2261 1031 2308 tom.
1058 2253 1290 2325 III,part.
1330 2272 1391 2323 ιι,
1423 2257 1526 2312 col.
1556 2258 1737 2332 1800.)

646 2344 788 2408 Scio,
827 2346 1021 2416 inquit,
1050 2349 1321 2406 hominem
1356 2352 1410 2406 in
1432 2348 1648 2408 Christo
1682 2364 1808 2410 ante
1828 2370 1999 2410 annos
2023 2371 2156 2427 qua-

575 2436 892 2501 tnordecim,
924 2447 1054 2503 etc.,
1085 2456 1245 2511 usque
1275 2443 1343 2496 ad
1369 2442 1505 2498 facta
1534 2452 1656 2499 sunt
1683 2431 1883 2500 omnia.
1911 2445 2029 2519 (ld.,
2058 2445 2150 2501 lib.

571 2524 636 2577 de
651 2521 835 2580 Genesi
855 2528 923 2580 ad
944 2529 1191 2596 litteram,
1209 2539 1338 2586 tom.
1362 2532 1448 2598 111,
1472 2542 1610 2603 part.
1631 2534 1787 2600 I,eol.
1810 2535 1917 2590 455
1929 2544 1985 2590 et
2008 2534 2151 2608 seq.)

642 2619 819 2675 Movet
844 2623 1114 2690 quomodo
1142 2624 1256 2694 ipsa
1306 2625 1400 2680 Dei
1442 2626 1740 2681 substantia
1787 2627 1980 2692 videri,
2019 2628 2146 2696 etc.,

570 2727 732 2780 usque
750 2714 821 2767 ad
861 2730 1197 2771 concessam.
1244 2717 1370 2786 (Id.,
1407 2717 1498 2772 lib.
1549 2719 1618 2773 ad
1649 2716 1933 2774 Paulinam
1974 2721 2039 2775 de
2077 2722 2152 2776 vi-

573 2800 744 2854 dendo
764 2800 899 2868 Deo,
929 2812 1060 2859 tom.
1088 2804 1152 2871 II,
1184 2807 1291 2861 col.
1324 2807 1471 2879 610.)
1917 2818 1924 2824 '

645 2890 710 2944 Et
736 2893 937 2949 audivit
974 2912 1173 2951 arcana
1200 2898 1377 2965 verba,
1403 2916 1521 2970 qute
1553 2917 1657 2956 non
1686 2900 1803 2956 licet
1839 2903 2040 2958 homini
2075 2902 2148 2957 lo.

568 2983 677 3051 qui.
709 2982 856 3039 Inter
884 2985 1028 3055 ipsos
1051 2988 1342 3056 spiritales,
1390 2999 1520 3054 etc.,
1546 3007 1708 3061 usque
1744 2994 1815 3047 ad
1863 2994 2141 3065 explicari.

571 3075 698 3145 (ld.,
721 3085 871 3131 tract.
900 3077 1072 3134 Evan.
1096 3096 1199 3135 sec.
1221 3080 1384 3138 Jaan.
1424 3085 1576 3157 xxv.)

643 3165 785 3221 Nam
809 3177 857 3222 et
893 3169 941 3223 si
966 3168 1194 3236 voluero,
1222 3182 1353 3238 etc.,
1385 3190 1552 3246 usque
1577 3176 1644 3231 ad
1667 3179 1858 3233 dicam.
1890 3179 2042 3234 Dicat
2084 3196 2142 3236 se

2266 572 2365 626 rat,
2415 573 2557 629 etc.,
2599 583 2761 637 usque
2803 569 2873 622 ad
2918 581 3219 627 sonantem.
3270 574 3404 645 (ld.,
3453 586 3586 632 tract.
3619 584 3743 650 ρωιι

2263 668 2426 721 xcvu,
2458 665 2587 710 tom.
2616 656 2707 723 IV,
2737 667 2875 729 part.
2908 676 2968 726 ιι,
3005 662 3108 716 col.
3144 664 3326 735 1255.)

2334 746 2557 812 Quando
2602 749 2879 817 in/irmor,
2925 762 3050 807 tunc
3093 765 3271 824 potens
3312 772 3445 811 sum.
3490 756 3629 814 Novit
3657 762 3747 819 Deus

2261 837 2386 905 quid
2423 839 2578 894 nobis
2609 840 2880 909 expediat,
2909 850 3036 907 etc.,
3069 859 3228 914 usque
3255 845 3327 899 ad
3372 855 3521 901 sanet
3543 860 3744 919 agrotuns

2260 928 2358 998 (Id.
2387 969 2401 994 ,
2453 939 2607 986 tract.
2656 930 2859 1002 Evang.
2919 949 3021 988 sec.
3093 934 3351 990 Joannem
3407 953 3514 1004 vu,
3556 948 3660 996 tom.
3692 943 3744 1007 111,

2258 1031 2396 1091 part.
2431 1037 2493 1088 ιι,
2525 1022 2627 1078 col.
2664 1022 2800 1078 1445
2829 1032 2884 1078 et
2912 1025 3052 1096 seq.)

2329 1112 2502 1167 Etiam
2551 1115 2880 1183 temporibus
2940 1115 3099 1183 hujus
3151 1118 3275 1172 vita:
3326 1119 3624 1189 laboriosas,
3662 1134 3743 1192 etc,

2257 1218 2419 1274 usque
2454 1206 2523 1259 ad
2561 1222 2656 1276 per
2684 1207 2947 1262 dolorem.
2999 1208 3117 1279 (ld.,
3150 1208 3243 1263 lib.
3272 1206 3454 1265 Cenes.
3486 1215 3547 1265 ad
3569 1214 3742 1282 litteram,

2225 1305 2388 1356 ,tom.
2426 1297 2510 1363 lII,
2546 1307 2689 1367 part.
2721 1314 2757 1364 ι,
2782 1298 2892 1379 pol.
2921 1299 3073 1370 289.)

2326 1389 2580 1444 Fideliter
2605 1391 2911 1461 supplicans
2944 1390 3073 1456 Deo,
3105 1401 3236 1457 etc.,
3270 1411 3432 1465 usque
3459 1397 3522 1448 ad
3553 1406 3744 1466 paratu-

2256 1480 2405 1534 ritas.
2440 1479 2559 1549 (ld.,
2585 1480 2675 1533 lib.
2702 1480 2938 1536 Sentent.
2982 1480 3249 1553 Prosperi,
3295 1493 3426 1539 tom.
3474 1484 3535 1550 Χ,
3566 1497 3672 1542 part.
3706 1507 3741 1552 ιι,

2256 1569 2355 1623 col.
2391 1568 2528 1623 1876
2557 1577 2611 1623 et
2637 1569 2777 1638 seq.)

2327 1660 2451 1715 Non
2475 1663 2610 1715 enim
2635 1679 2810 1730 qua’ro
2843 1680 2961 1732 qua:
2986 1674 3171 1729 vestra,
3190 1673 3324 1731 etc.,
3354 1681 3516 1735 usque
3535 1667 3600 1723 .ad
3616 1685 3743 1737 paren-

2254 1761 2329 1805 tes
2352 1752 2499 1819 ﬁliis.
2537 1752 2800 1808 Sindones
2835 1752 2962 1809 fecit
2985 1765 3040 1809 et
3071 1756 3326 1810 vendidit.
3362 1757 3500 1812 Bene
3524 1759 3643 1827 quia,
3661 1768 3742 1821 etc.,

2260 1858 2419 1911 usque
2446 1841 2515 1895 ad
2553 1842 2915 1897 amictorium.
2947 1844 3071 1911 (ld.,
3115 1844 3206 1898 lib.
3263 1843 3528 1911 Salomon,
3572 1856 3673 1901 tom.
3696 1846 3743 1911 l’,

2260 1939 2399 2002 part.
2430 1948 2468 1997 ι,
2494 1932 2597 1988 col.
2625 1934 2732 1988 250
2758 1943 2812 1987 et
2838 1934 2989 2005 seq.)
3488 1943 3493 1947 '

2333 2025 2443 2096 Ego
2471 2035 2642 2080 autent
2672 2024 3006 2079 libentissime
3041 2026 3341 2095 impendam
3382 2036 3429 2080 et
3458 2044 3595 2097 super
3614 2028 3745 2096 imptu-

2257 2116 2359 2171 dar
2385 2117 2511 2186 ipse,
2543 2125 2675 2181 etc.,
2702 2129 2871 2185 usque
2902 2115 2969 2169 ad
2996 2117 3098 2169 sint
3127 2118 3265 2170 inter
3292 2134 3401 2171 vos.
3430 2117 3638 2173 Perfecta
3660 2119 3740 2172 cha-

2256 2208 2390 2262 ritas
2419 2213 2541 2262 est:
2572 2213 2632 2259 ut
2658 2213 2878 2274 paratus
2903 2203 2979 2259 sis
3009 2205 3143 2258 mori
3170 2220 3268 2275 pro
3301 2206 3486 2270 fratre,
3510 2214 3618 2270 etc.,
3641 2222 3744 2274 usqu

2254 2300 2325 2354 ad
2352 2308 2482 2354 erat
2525 2298 2682 2354 mori.
2731 2298 2862 2369 (ld.,
2895 2307 3047 2352 tract.
3080 2296 3250 2367 Epist.
3287 2298 3450 2353 Joan.
3477 2314 3525 2364 v,
3550 2309 3653 2353 tom.
3688 2297 3738 2357 Ill.

2253 2399 2392 2462 part.
2426 2406 2488 2456 ιι,
2522 2389 2624 2446 col.
2655 2389 2842 2461 2014.)

2324 2481 2408 2537 Ne
2449 2483 2635 2537 iterum
2676 2496 2794 2535 cum
2836 2496 3018 2535 venero
3059 2480 3327 2546 humiliet,
3367 2488 3500 2545 etc.,
3544 2493 3676 2548 usque
3700 2476 3740 2529 ad

2251 2588 2408 2643 quam
2437 2581 2725 2642 gesserunt.
2761 2570 2817 2625 Si
2836 2568 2949 2638 iam
2974 2571 3041 2625 de
3071 2570 3307 2625 sanitate
3340 2570 3622 2638 desperans,
3643 2566 3740 2619 addis

2248 2672 2473 2733 peccata
2497 2661 2754 2732 peccatis,
2783 2671 2913 2726 etc.,
2942 2677 3103 2732 usque
3125 2661 3194 2714 ad
3219 2669 3429 2715 aeterna
3456 2659 3641 2713 vitatur.
3661 2655 3736 2727 (ld.,

2249 2753 2340 2808 lib.
2370 2754 2435 2808 de
2466 2754 2788 2824 paznitentia,
2815 2762 2943 2808 tom.
2962 2753 3027 2819 γ,
3047 2761 3187 2822 part.
3209 2769 3282 2818 ιι,
3314 2752 3416 2808 col.
3444 2752 3566 2806 1548
3587 2748 3736 2817 etseq.)

2315 2845 2495 2917 Agunt
2535 2843 2678 2899 enim
2724 2844 2970 2898 homines
3014 2852 3139 2898 ante
3185 2844 3509 2913 baptismum
3547 2838 3736 2912 pa‘niteu-

2247 2934 2400 2998 tiam,
2432 2943 2562 2999 etc.,
2598 2950 2759 3004 usque
2799 2934 2867 2987 ad
2905 2949 3012 2988 non
3053 2948 3353 2988 cessamus.
3394 2932 3508 3004 (ld.,
3550 2931 3663 3000 epist.
3693 2924 3734 2978 nl

2248 3025 2633 3091 Seleucianam,
2667 3022 2891 3090 tom.'II,
2924 3023 3027 3079 col.
3060 3024 3198 3082 1086
3229 3033 3285 3078 et
3313 3024 3450 3093 seq.)

2830 3164 3056 3222 CAPUT
3096 3165 3230 3243 χιιι.

568 3256 866 3323 dominum,
910 3268 1041 3326 etc.,
1085 3277 1246 3333 usque
1273 3265 1341 3318 ad
1391 3268 1570 3323 anima
1618 3271 1780 3326 servi.
1833 3271 1956 3342 (ld.,
1985 3284 2140 3330 tract.
2170 3241 2215 3324 β
2324 3278 2456 3333 Ecce
2482 3278 2632 3332 tertio
2660 3275 2756 3330 hoc
2784 3277 2930 3331 venio
2959 3276 3028 3329 ad
3054 3292 3165 3331 vos.
3205 3274 3276 3329 In
3304 3293 3393 3330 ore
3419 3275 3628 3333 duorum,
3649 3278 3731 3328 etc.

564 3342 737 3401 Euan.
769 3364 871 3404 sec.
899 3349 1060 3406 Joan.
1093 3368 1179 3418 Lv,
1210 3362 1339 3410 tom.
1365 3355 1449 3423 111,
1477 3369 1619 3429 part.
1650 3376 1708 3425 ιι,
1741 3361 1843 3416 col.
1877 3363 2060 3435 1795.)

638 3436 707 3491 Et
740 3456 803 3494 ne
823 3443 1127 3512 magnitudo
1163 3446 1552 3515 revelationum,
1583 3459 1713 3516 etc.,
1741 3467 1911 3523 usque
1933 3455 1998 3509 ad
2025 3472 2143 3509 car-

569 3530 650 3583 uis
677 3546 827 3585 ntere.
850 3531 1054 3604 Nempe
1080 3536 1167 3592 hic
1192 3540 1490 3609 agnoscitis
1513 3541 1853 3611 Apostolum,
1887 3555 2019 3612 etc.,
2060 3564 2146 3601 us-

566 3637 667 3689 que
727 3623 796 3677 ad
842 3626 1015 3694 patria
1074 3628 1488 3701 triumphantes.
1524 3634 1666 3705 (Id.,
1717 3654 1872 3691 serm.
1920 3640 1984 3693 de
2037 3657 2139 3694 rer.

565 3723 731 3781 apost.
765 3715 834 3769 ad
858 3715 1036 3784 Rom.,
1064 3729 1195 3774 tom.
1226 3720 1291 3787 V,
1324 3732 1463 3792 part.
1492 3742 1530 3790 ι,
1559 3727 1662 3781 col.
1687 3728 1792 3784 855
1830 3738 1884 3785 et
1907 3732 2048 3801 seq.)

635 3803 796 3871 Deus,
848 3806 1119 3878 inquiunt,
1162 3821 1340 3882 potest
1376 3819 1557 3870 omnia
1592 3833 1806 3874 sanare.
1840 3820 1976 3887 Il'oc,
2008 3832 2140 3888 etc.,

561 3908 724 3963 usque
744 3896 813 3949 ad
843 3898 985 3954 bona
1019 3900 1314 3958 voluntate.
1347 3904 1470 3976 (ld.,
1512 3906 1602 3962 lib.
1631 3910 1694 3964 de
1712 3909 1909 3967 Natur.
1935 3922 1983 3967 et
2002 3924 2137 3983 grai.

565 3992 697 4037 tom.
729 3983 794 4049 Χ,
825 3996 964 4055 part.
998 4004 1036 4053 ι,
1060 3990 1170 4045 col.
1196 3992 1345 4066 262.)

635 4076 1029 4136 Sollicitissime
1072 4086 1366 4141 cavendum
1419 4097 1502 4143 est
1550 4091 1603 4145 in
1657 4092 1901 4150 docendo
1951 4111 2142 4166 super-

560 4165 686 4231 biae,
716 4175 848 4234 etc.,
876 4185 1036 4242 usque
1064 4175 1134 4227 ad
1159 4176 1458 4233 humiliata.
1490 4179 1613 4250 (ld.,
1637 4184 1792 4251 epist.
1824 4184 1893 4237 ad
1918 4165 2141 4240 Floren-

560 4258 753 4324 tiuum,
789 4270 912 4315 tom.
947 4263 1010 4331 II,
1044 4266 1147 4320 col.
1182 4268 1362 4339 1090.)

628 4344 765 4403 Illud
801 4358 886 4404 est
919 4353 1108 4409 vitium
1138 4357 1390 4425 capitale,
1416 4362 1579 4429 quod,
1609 4372 1742 4429 etc.,
1791 4383 1953 4438 usque
1990 4370 2060 4424 ad
2082 4381 2139 4426 ut

559 4435 727 4493 dicat.
754 4439 884 4512 (ld.,
909 4452 1061 4499 tract.
1086 4446 1275 4515 psalm.
1306 4464 1455 4517 Lvm,
1477 4460 1516 4504 t.
1544 4451 1633 4516 IV,
1649 4464 1790 4523 part.
1814 4435 1969 4521 t,col.
1988 4458 2137 4533 709.)

632 4532 764 4588 Cum
797 4533 933 4590 eniiit
978 4536 1236 4608 inﬁrmat,
1268 4550 1397 4606 etc.,
1433 4559 1603 4614 usque
1643 4548 1710 4600 ad
1755 4550 1927 4618 gravis
1968 4532 2130 4609 nobis.

556 4618 691 4676 Nam
732 4623 833 4679 hoc
870 4625 1004 4681 vitio
1031 4643 1100 4684 ne
1135 4638 1191 4684 et
1216 4631 1329 4699 ipse
1356 4638 1679 4701 tentaretur,
1715 4648 1844 4704 etc.,
1880 4657 2042 4711 usque
2066 4644 2135 4698 ad

557 4715 844 4782 superbiae.
875 4716 1062 4789 (lbid.,
1093 4720 1196 4777 col.
1230 4722 1332 4780 709
1355 4734 1413 4780 et
1440 4727 1580 4799 seq.)

628 4806 897 4865 Exaltatio
947 4812 1013 4867 de
1061 4812 1389 4872 abundantia
1435 4822 1728 4889 gratiarum
1774 4841 1959 4895 quam,
2000 4838 2133 4895 etc.,

556 4909 735 4987 usque
767 4899 835 4951 ad
869 4899 1099 4971 lippiens
1148 4905 1357 4963 oculus.
1415 4910 1539 4983 (ld.,
1571 4922 1728 4975 tract.
1752 4917 1939 4986 psalm.
1972 4935 2132 4987 cxxx,

556 4991 687 5053 tom.
715 4985 806 5054 IV,
832 5000 973 5060 part.
1009 5009 1071 5063 ιι,
1105 4996 1210 5052 col.
1244 4998 1428 5073 1708.)

2248 3386 2419 3443 usque
2446 3369 2512 3425 ad
2545 3368 2635 3423 sed
2664 3377 2842 3438 potens
2869 3377 2945 3421 est
2973 3368 3027 3420 in
3051 3367 3216 3421 nobis.
3256 3367 3420 3423 Forte
3452 3364 3618 3433 aliquis
3641 3359 3733 3413 arbi-

2248 3471 2426 3516 tratur
2449 3461 2703 3531 quoniam
2730 3475 2836 3513 non
2863 3458 3001 3528 ipse,
3032 3466 3161 3522 etc.,
3205 3473 3371 3528 usque
3408 3456 3476 3510 ad
3514 3454 3612 3524 ejus
3629 3448 3731 3504 audi~

2249 3561 2358 3606 tur.
2411 3552 2535 3621 (ld.,
2578 3560 2732 3604 tract.
2784 3549 2990 3620 Evang.
3034 3564 3138 3603 sec.
3166 3548 3332 3604 Joan.
3364 3563 3503 3612 χιιι,
3542 3554 3644 3599 tom.
3670 3537 3711 3593 III

2245 3654 2386 3717 part.
2420 3661 2477 3710 ιι,
2509 3645 2613 3699 col.
2652 3644 2833 3714 1155.)

2317 3737 2479 3791 Moris
2503 3736 2802 3794 divinarum
2826 3734 3250 3804 Scripturarum,
3283 3744 3415 3798 etc.,
3446 3745 3587 3801 usque
3607 3725 3658 3779 ad
3680 3722 3731 3774 Ιο·

2247 3830 2527 3898 quebatur.
2561 3827 2679 3897 (ld.,
2713 3836 2866 3880 tract.
2897 3825 3031 3895 psal.
3063 3824 3164 3897 tv.)

2321 3919 2462 3974 Nam
2492 3920 2586 3973 etsi
2616 3918 2902 3987 cruci/imus
2929 3926 3005 3970 est
3042 3933 3105 3970 ea:
3134 3917 3460 3985 inﬁrmitate,
3484 3920 3594 3975 etc.,
3619 3914 3731 4001 usque

2245 4011 2311 4064 ad
2360 4027 2463 4063 non
2506 4025 2686 4063 sumus
2734 4007 2955 4078 reprobi.
3010 4007 3157 4062 Talis
3203 4008 3350 4061 enim
3392 4013 3503 4059 erat
3539 4004 3730 4064 suscepuo

2243 4116 2386 4171 quae,
2416 4110 2542 4164 etc.,
2591 4115 2751 4169 usque
2777 4098 2847 4151 ad
2895 4096 3210 4152 inﬁrmitate
3251 4096 3432 4151 carnis
3473 4092 3580 4163 (ld.,
3609 4080 3730 4139 lib.tlt

2247 4189 2436 4243 Trtnit.
2464 4206 2507 4253 ι,
2536 4197 2665 4243 tom.
2687 4186 2817 4249 VIII,
2844 4187 2947 4241 col.
2973 4187 3123 4257 840).

2315 4276 2542 4332 Oramus
2584 4288 2757 4331 autem
2780 4278 2949 4331 Deum
2989 4286 3045 4329 ut
3090 4275 3219 4331 nihil
3261 4275 3392 4329 ntali
3426 4268 3728 4342 faciatis,etc..

2240 4384 2412 4440 usque
2438 4371 2506 4425 ad
2532 4386 2650 4423 cum
2676 4369 2915 4423 omnibus
2945 4369 3105 4422 vobis.
3138 4370 3323 4421 Amen.
3365 4355 3661 4432 Intelligenda
3679 4357 3730 4405 es!

2241 4463 2385 4516 enim
2412 4463 2589 4533 gratia
2617 4462 2715 4516 Dei
2743 4476 2843 4531 per
2866 4460 3051 4516 Jesum
3079 4459 3376 4522 Christum,
3399 4468 3515 4515 etc.,
3542 4462 3667 4519 usqu
3684 4440 3727 4495 αδ

2244 4554 2335 4607 dat
2362 4554 2504 4608 Deus
2531 4552 2655 4624 (ld.,
2689 4551 2780 4605 lib.
2821 4552 2885 4606 de
2917 4551 3040 4607 Cor.
3077 4561 3125 4606 et
3162 4569 3301 4623 gra.,
3337 4560 3464 4606 tom.
3488 4546 3555 4609 Χ,
3584 4546 3725 4612 par“:

2241 4646 2345 4703 col.
2372 4648 2518 4717 917).

2310 4715 2589 4805 Quodvisti
2631 4737 2818 4792 dicunt
2855 4752 2955 4793 nos
2987 4751 3094 4791 non
3123 4736 3342 4801 debere,
3373 4744 3499 4795 etc.,
3536 4715 3726 4794 ιιιιιιιεαδ

2240 4827 2539 4898 Utrumque
2564 4829 2708 4883 enim
2736 4828 2790 4883 in
2817 4827 3113 4898 Scripturis
3134 4823 3594 4897 habes(1d.,smn.
3611 4816 3723 4866 contr.

2240 4917 2602 4990 Pelagianos).
2692 4992 2701 5007 ί

1415 5171 1526 5251 ΙΝ
1602 5172 2187 5256 EPISTOLAM
2264 5178 2397 5254 AD
2471 5179 2956 5259 GALATAS.

1960 5320 2396 5334 —————-——-

1087 5366 1589 5452 ARGUMENTUM.

2232 5406 2494 5462 cisioncm
2512 5411 2872 5459 verterentur.
2896 5401 3006 5457 Hos
3015 5401 3305 5473 Apostolus
3325 5404 3525 5457 revocat
3542 5389 3595 5447 ad
3613 5382 3718 5441 ﬁdem

2120 5552 2125 5559 ,
2230 5497 2497 5564 veritatis,
2526 5495 2772 5551 scribens
2800 5494 2881 5549 eis
2905 5493 2973 5548 ab
3002 5493 3234 5562 Epheso.

621 5558 825 5616 Galatas
861 5571 986 5617 sunt
1013 5562 1206 5621 Graeci.
1260 5567 1323 5622 Ili
1354 5570 1574 5625 verbum
1605 5575 1852 5630 veritatis
1890 5558 2125 5647 primum

552 5648 622 5700 ab
662 5649 919 5720 Apostolo
963 5666 1309 5724 acceperunt,
1359 5661 1451 5713 sed
1498 5672 1620 5730 post
1668 5663 1966 5719 discessum
2013 5665 2129 5734 ejus

553 5743 746 5798 tentati
776 5756 899 5801 sunt
926 5762 954 5800 a
982 5746 1129 5802 falsis
1158 5751 1432 5816 apostolis,
1462 5764 1516 5805 ut
1546 5752 1595 5806 in
1622 5753 1788 5823 legem
1820 5765 1871 5809 et
1899 5758 2130 5811 circnm-

2562 5714 2565 5717 ,
2741 5644 2968 5702 CAPUT
3004 5645 3294 5702 PRIMUM.

2306 5757 2508 5814 Paulus
2539 5759 2805 5831 apostolus
2835 5776 2939 5816 non
2965 5759 3030 5815 ab
3056 5757 3371 5823 hominibus,
3401 5761 3543 5820 neque
3562 5752 3635 5813 per
3649 5732 3714 5785 1⁸0·
