3902 6300
144 337 261 393 365

1002 332 1363 392 EXPOSITIO
1399 330 1467 387 IN
1504 330 1656 386 EPP.
1692 328 1916 384 PAULI.
1940 359 2012 372 -—
2035 330 2139 387 ΕΡ.
2174 332 2266 387 ΔΙ)
2304 332 2531 390 GALA'I'

3292 337 3397 396 568

145 455 366 516 minem,
390 452 481 506 sed
505 467 596 521 per
617 450 799 506 Jesum
825 450 1110 516 Christum,
1132 459 1261 514 etc.,
1285 464 1453 518 usque
1474 447 1541 501 ad
1556 445 1731 500 Evan-
1756 447 1807 506 Α
1903 443 1962 497 In
1992 444 2145 515 cujus
2171 447 2452 502 sententia:
2477 460 2583 502 non
2611 446 3016 503 consensionem
3049 450 3144 506 sed
3169 452 3395 508 simula-

100 531 347 612 'gelium
394 540 611 596 Christi.
675 540 890 596 Priores
940 549 1067 597 sunt
1115 540 1297 595 caeteri
1352 538 1578 607 apostoli
1630 551 1726 608 per
1829 534 2051 598 tionem,
2104 543 2236 603 etc.,
2271 553 2433 607 usque
2487 536 2555 590 ad
2594 536 2881 609 sepulturae
2918 539 3164 596 violator.
3209 541 3395 614 (lbid.,

145 628 431 684 Christum
461 630 662 692 adhue,
691 636 819 691 etc.,
852 646 1013 700 usque
1040 630 1108 685 ad
1141 629 1193 683 in
1229 628 1425 684 caelum
1455 628 1535 698 (S.
1559 630 1723 699 Aug.,

144 717 246 772 lib.
270 735 287 774 1
316 717 680 784 Retractatio.,
710 726 838 772 tom.
866 719 907 784 I,
934 718 1038 773 col.
1063 717 1167 772 622
1191 726 1246 772 et
1270 733 1382 787 seq.
1392 731 1434 790 ).

1829 622 1933 678 col.
1958 622 2109 695 282.)

1902 713 2308 768 Ascribentibus
2364 716 2674 772 auctoribus
2730 724 3039 773 sanctarum
3087 708 3396 791 Scriptura-

224 807 331 863 Sed
356 808 473 861 licet
506 824 599 862 nos
625 818 718 861 aut
750 807 990 878 angelus,
1019 816 1154 873 etc.,
1182 823 1354 877 usque
1381 807 1449 863 ad
1475 825 1545 862 an
1570 807 1679 864 Deo
1705 809 1729 862 ?
1832 818 1973 867 rum,
2000 812 2131 868 etc.,
2159 820 2319 876 usque
2340 806 2408 859 ad
2436 806 2789 863 Sacramenta
2817 818 3067 865 tractare.
3089 810 3396 882 (Ibid.,col.

144 900 390 957 Prorsus
437 900 734 955 admonitio
778 900 1076 955 beatissimi
1112 899 1377 969 Apostoli,
1406 909 1536 967 etc.,
1567 917 1729 970 usque
1831 895 1937 950 285
1966 905 2021 951 et
2050 896 2190 967 seq.)

145 993 225 1045 ad
253 990 455 1046 recedit
481 990 548 1045 de
580 990 665 1044 via
690 990 812 1059 (Id.,
829 999 983 1043 tract.
1005 988 1206 1060 Evang.
1233 1006 1332 1043 sec.
1355 988 1518 1044 Joan.
1543 1004 1728 1056 xcvm,

146 1092 286 1137 tom.
317 1081 404 1147 111,
427 1089 567 1150 part.
594 1096 655 1147 ιι,
684 1081 790 1136 col.
820 1081 999 1154 1884).

226 1171 340 1227 Nec
369 1171 483 1241 ipse
509 1169 797 1240 Apostolus
824 1170 994 1225 voluit
1026 1170 1080 1225 in
1115 1185 1174 1226 se
1211 1170 1371 1241 poni,
1399 1180 1532 1238 etc.,
1574 1188 1733 1241 usque

143 1262 224 1316 ad
258 1261 462 1316 Donato
492 1258 615 1332 (Id.,
643 1276 799 1315 serm.
829 1260 894 1315 de
919 1258 1044 1315 Kal.
1069 1261 1218 1331 jan.,
1256 1269 1390 1316 tom.
1418 1261 1483 1328 γ,
1517 1270 1658 1332 part.
1692 1277 1731 1327 1,

142 1353 265 1409 col.
301 1352 476 1423 109.3).

223 1445 382 1500 Licet
399 1445 445 1500 si
465 1458 584 1510 nos,
607 1444 799 1515 inquit.
822 1444 889 1499 Et
911 1452 989 1509 tu,
1011 1443 1197 1509 Paule,
1222 1452 1397 1513 potes,
1420 1453 1547 1507 etc.,
1572 1461 1735 1515 usque

144 1536 227 1591 ad
258 1536 557 1591 amiserunt
583 1534 707 1606 (Id.,
731 1543 885 1590 tract.
916 1534 1050 1607 psul.
1072 1550 1190 1601 c111,
1217 1543 1349 1589 tom.
1381 1533 1469 1601 IV,
1492 1544 1632 1606 part.
1670 1551 1731 1602 ιι,

143 1626 264 1682 col.
290 1626 470 1696 1587).
1344 1644 1349 1649 ι
1648 1693 1655 1700 ι

229 1718 300 1773 Et
323 1716 468 1772 vovit
494 1715 658 1771 Israel
683 1723 867 1771 votum
892 1716 1141 1781 Domino,
1167 1724 1298 1781 etc.,
1327 1732 1489 1786 usque
1514 1717 1582 1770 ad
1614 1731 1732 1772 sus-

143 1808 440 1880 pendendo
467 1806 589 1879 (Id.,
614 1806 705 1862 lib.
733 1806 958 1873 Quwst.,
983 1809 1063 1861 tit.
1086 1807 1178 1870 40,
1206 1823 1349 1861 num.
1373 1805 1487 1876 21).

226 1901 311 1954 An
334 1914 515 1970 quer
533 1897 827 1952 hominibus
853 1897 1098 1969 placere?
1119 1905 1224 1953 etc.
1247 1938 1261 1961 ,
1310 1912 1479 1968 usque
1514 1897 1581 1953 ad
1621 1897 1738 1969 [ra—

144 1998 290 2043 trem
320 1988 549 2042 Domini.
580 1987 718 2043 Sunt
746 1987 996 2042 homines
1024 1990 1118 2058 qui
1155 1995 1347 2057 putant
1375 1986 1477 2043 sibi
1516 1988 1572 2042 in
1602 1989 1740 2043 bene

145 2083 388 2139 vivendo
418 2079 680 2146 suIIicere,
704 2089 833 2147 etc.,
866 2097 1027 2152 usque
1054 2082 1124 2135 ad
1148 2081 1364 2137 inﬁrmo
1388 2081 1564 2136 fratri.
1602 2081 1701 2154 (Id.
1722 2119 1738 2147 ,

142 2175 250 2229 lib.
277 2175 339 2228 de
361 2171 569 2237 Ovibus,
596 2181 727 2228 tom.
751 2171 816 2236 V,
847 2181 986 2244 part.
1008 2189 1047 2239 ι,
1072 2172 1174 2227 col.
1200 2171 1298 2227 501
1324 2181 1379 2228 et
1405 2173 1544 2244 seq.)

224 2264 516 2336 Apostolus
555 2264 683 2320 dicit
717 2281 731 2318 :
769 2262 827 2319 Si
872 2264 1047 2320 adhuc
1092 2263 1400 2319 hominibus
1435 2265 1738 2334 placerem,

145 2366 290 2422 etc.,
309 2372 470 2427 usque
492 2354 561 2410 ad
583 2353 704 2410 ﬁeri
730 2353 870 2409 volo.
897 2353 1020 2424 (Id.,
1056 2370 1213 2408 serm.
1241 2352 1450 2407 Domini
1474 2354 1527 2408 in
1549 2363 1738 2419 monte,

149 2458 296 2505 tom.
327 2447 407 2512 III,
440 2457 581 2518 part.
616 2463 655 2513 1,
686 2446 789 2502 col.
815 2446 998 2519 1271.)

229 2542 366 2608 Qum
387 2551 558 2595 autem
578 2539 747 2594 scribo
769 2538 906 2594 vobis
927 2579 944 2605 ,
980 2555 1105 2593 ecce
1132 2553 1311 2592 coram
1337 2536 1444 2591 Deo
1488 2536 1610 2607 quia
1637 2553 1741 2590 non

146 2632 400 2688 mentior.
435 2628 551 2685 Non
584 2630 734 2685 vobis
765 2628 992 2684 dicimus
1026 2644 1133 2683 non
1159 2626 1473 2696 nosjurare.
1500 2625 1557 2681 Si
1597 2626 1742 2680 enim

147 2725 287 2787 hoc,
314 2729 444 2786 etc.,
472 2736 632 2791 usque
659 2720 727 2772 ad
756 2718 1068 2774 credebant.
1097 2717 1194 2789 (Id.
1214 2758 1228 2782 ,
1272 2733 1428 2770 serm.
1471 2716 1536 2770 de
1574 2715 1742 2770 verbis

148 2810 385 2884 apostoli
410 2808 615 2874 Jacobi,
643 2816 774 2863 tom.
801 2808 866 2872 V,
891 2815 1030 2877 part.
1057 2823 1097 2872 ι,
1127 2806 1229 2861 col.
1258 2805 1360 2861 977
1384 2813 1438 2859 et
1460 2803 1600 2876 seq.)

225 2901 433 2956 Deinde
446 2900 556 2955 veni
578 2902 632 2954 in
645 2909 819 2969 partes
833 2899 1007 2969 Syria:
1034 2907 1077 2953 et
1098 2896 1314 2961 Cilicite,
1340 2911 1469 2959 etc.,
1492 2910 1661 2965 usque
1677 2893 1744 2948 ad

145 2995 520 3061 clariﬁcabant
549 2992 733 3047 Deum.
759 2991 829 3046 L't
855 2991 983 3061 quid
1007 2989 1427 3061 magniﬁcabant
1454 2987 1623 3042 Deum
1649 3028 1664 3054 ,
1698 2987 1742 3043 si

147 3104 268 3143 non
316 3085 483 3148 Deus,
508 3093 638 3148 etc.,
670 3099 832 3152 usque
860 3082 927 3135 ad
952 3096 1056 3135 non
1087 3080 1308 3135 fecerat.
1339 3079 1465 3151 (Id.,
1489 3079 1641 3148 epist.
1674 3077 1743 3131 ad

161 3176 425 3241 Vitalem,
456 3186 584 3230 tom.
620 3174 713 3239 XI,
750 3172 855 3229 col.
885 3172 1035 3243 987.)

228 3266 493 3330 Luceant,
517 3264 691 3336 inquit
712 3263 989 3327 Dominus,
1014 3277 1177 3332 opera
1204 3268 1402 3325 vestra,
1428 3266 1556 3325 etc.,
1581 3275 1742 3331 usque

152 3358 230 3413 ad
262 3357 559 3412 viviﬁcavit
615 3355 859 3410 Paulum.
892 3355 1012 3426 (Id.,
1070 3370 1227 3409 serm.
1250 3352 1400 3424 epist.
1428 3351 1587 3406 Joan.
1621 3367 1739 3419 v111,

152 3459 295 3505 tom.
321 3445 407 3513 III,
432 3454 571 3517 part.
604 3462 664 3513 ιι,
690 3445 789 3501 col.
817 3444 1002 3516 2057.)

797 3556 1022 3613 CAPUT
1045 3555 1109 3611 II.

226 3651 435 3707 Deinde
450 3660 564 3722 post
586 3667 750 3707 annos
778 3649 1192 3722 quatuordecim,
1216 3656 1344 3714 etc.,
1370 3660 1539 3717 usque
1563 3645 1630 3700 ad
1650 3657 1742 3699 aut

150 3743 530 3797 cucurrissent.
557 3740 673 3811 Ipse
711 3739 986 3810 apostolus
1012 3739 1210 3794 Paulus
1230 3748 1352 3808 post
1373 3737 1742 3793 ascensionem

159 3832 380 3887 Domini
406 3833 471 3887 de
495 3832 664 3896 ccelo,
708 3840 845 3895 etc.,
898 3848 1059 3901 usque
1102 3831 1172 3884 ad
1216 3830 1428 3885 locutus
1471 3829 1740 3883 audiatur.

154 3923 247 3996 (S.
274 3924 433 3992 Aug.,
457 3922 550 3976 lib.
575 3931 740 3975 contr.
767 3919 1048 3985 Faustum,
1074 3920 1157 3975 tit.
1188 3918 1303 3993 51.)

234 4015 352 4071 Non
382 4029 478 4084 pro
514 4016 594 4069 his
623 4024 799 4070 autem
827 4015 963 4085 rogo"
987 4022 1212 4078 tantum,
1247 4014 1300 4067 id
1349 4022 1432 4067 est
1462 4027 1582 4083 pro,
1611 4021 1740 4076 etc.,

151 4124 329 4179 usque
351 4108 419 4161 ad
443 4108 633 4163 credit.
663 4108 782 4178 (Id.,
799 4117 951 4161 tract.
974 4107 1145 4161 Evan.
1166 4123 1270 4160 sec.
1294 4105 1454 4160 Joan.
1481 4121 1585 4169 cu,
1614 4113 1743 4161 tom.

154 4198 253 4263 Ill,
285 4208 428 4269 part.
456 4215 516 4262 ιι,
541 4200 645 4253 col.
676 4198 855 4267 1917.)

236 4288 471 4344 Proinde
524 4290 603 4344 sic
654 4290 1014 4360 intelligamus
1062 4290 1235 4361 quod,
1287 4299 1416 4355 etc.,
1470 4306 1632 4360 usque
1677 4290 1747 4343 ad

154 4399 197 4438 ει
228 4381 477 4435 mortuis.
504 4378 693 4453 (lbid.,
721 4380 824 4435 col.
852 4381 1006 4436 1919.

240 4472 317 4526 De
338 4470 523 4525 decem
567 4470 791 4540 leprosis
820 4486 957 4541 quos
1003 4472 1074 4525 ita
1108 4470 1406 4537 mundavit,
1435 4485 1578 4534 cum,
1608 4480 1738 4535 etc.,

155 4580 329 4634 usque
348 4563 418 4616 ad
445 4563 793 4618 monstrabat.
825 4564 945 4633 (Id.,
971 4564 1060 4617 lib.
1093 4564 1289 4630 Quwst.
1316 4581 1494 4635 evang.
1520 4579 1580 4630 ιι,
1610 4574 1738 4619 tom.

154 4657 252 4721 III,
283 4665 427 4726 part.
457 4672 518 4721 ιι,
543 4656 647 4710 col.
682 4657 818 4710 1554
847 4667 902 4712 et
928 4658 1069 4728 seq.)

238 4746 348 4800 Sed
375 4762 537 4817 neque
563 4745 707 4800 Titus
737 4748 827 4817 qui
864 4764 1065 4801 mecum
1105 4757 1215 4802 erat
1259 4765 1376 4801 cum
1413 4757 1562 4812 esset,
1619 4755 1748 4810 etc.,

159 4839 431 4908 usquead
459 4839 684 4892 hominis
727 4856 831 4893 non
882 4841 1088 4910 accipit.
1128 4839 1196 4894 Et
1239 4840 1578 4894 Timotheum
1627 4853 1751 4908 pro-

157 4941 358 5003 pterea
379 4931 739 4996 circumcidit,
765 4947 831 4986 ne
851 4931 1051 4986 Iudaeis
1076 4941 1151 4996 et,
1177 4942 1306 4996 etc.,
1332 4948 1491 5002 usque
1511 4932 1580 4984 ad
1600 4931 1753 4985 dam-

159 5021 313 5078 nari.
373 5020 495 5092 (Id.,
529 5021 677 5093 epist.
702 5024 770 5076 ad
793 5022 1171 5093 Hieronymum
1190 5062 1205 5086 ,
1232 5031 1359 5076 tom.
1386 5021 1447 5087 II,
1472 5021 1579 5076 col.
1602 5020 1753 5091 280.)

240 5112 377 5167 Mihi
411 5116 548 5167 enim
569 5115 659 5185 qui
688 5114 998 5169 videbantur
1036 5132 1146 5169 esse
1186 5114 1388 5185 aliquid
1418 5114 1550 5167 nihil
1570 5123 1756 5167 contu-

163 5203 365 5259 lerunt.
393 5203 499 5258 Sed
520 5216 730 5259 econtra
753 5223 871 5261 cum
894 5207 1159 5271 vidissent,
1187 5216 1319 5272 etc.,
1348 5219 1519 5275 usque
1552 5206 1619 5260 ad
1658 5205 1755 5259 hoc

169 5297 345 5365 ipsum
367 5295 562 5365 facere.
586 5296 728 5351 Dicit
748 5297 959 5353 venisse
983 5313 1041 5352 se
1063 5298 1508 5369 Hierosolymam,
1529 5307 1605 5362 et,
1624 5305 1754 5363 etc.,

174 5399 335 5457 usque
355 5387 424 5440 ad
449 5387 807 5458 discrepabat.
833 5390 954 5460 (Id.,
986 5390 1078 5445 lib.
1111 5390 1308 5457 Qua'st.
1338 5391 1545 5462 evang.)

239 5475 377 5532 Cum
402 5488 576 5533 autem
598 5482 817 5535 venisset
843 5479 1052 5548 Petrus,
1084 5492 1215 5548 etc.,
1245 5497 1414 5552 usque
1436 5482 1504 5536 ad
1539 5479 1759 5536 simula-

163 5571 389 5626 tionem.
427 5571 485 5626 Si
515 5572 618 5626 hoc
641 5570 770 5628 fecit
794 5572 987 5628 Petrus
1019 5574 1164 5644 quod
1183 5573 1366 5629 facere
1399 5572 1601 5639 debuit,
1624 5582 1754 5637 etc.,

164 5676 338 5732 usque
358 5661 427 5715 ad
454 5678 573 5718 esse
599 5679 705 5718 non
724 5679 897 5733 posse.
926 5664 1048 5737 (Id.,
1077 5665 1224 5738 epist.
1254 5665 1322 5719 ad
1353 5664 1754 5735 Hieronymum,

169 5761 311 5809 tom.
336 5752 400 5824 Il,
422 5753 525 5811 col.
557 5754 661 5812 278
687 5765 741 5812 et
777 5765 916 5827 seq.)

1770 4530 1821 4590 D

1904 985 2199 1041 Didicimus
2251 987 2549 1056 apostolum
2595 988 2810 1044 Petrum
2874 992 2927 1046 in
2975 1007 3081 1062 quo
3128 1009 3290 1065 usque
3335 994 3405 1049 ad

1834 1077 2166 1146 provehitur.
2209 1076 2416 1149 (Idem,
2455 1079 2544 1133 lib.
2584 1095 2623 1134 ιι
2672 1080 2738 1136 de
2768 1081 3034 1153 Baptismo
3059 1125 3072 1151 ,
3117 1094 3245 1140 tom.
3298 1085 3370 1140 IX
3398 1128 3413 1153 ,

1837 1166 1941 1221 col.
1968 1167 2116 1239 127.)

1908 1256 2139 1314 Omnino
2198 1261 2484 1317 tenendum
2540 1263 2592 1318 in
2644 1264 2888 1321 doctrina
2925 1267 3201 1339 religionis
3260 1268 3405 1325 nullo

1836 1348 1996 1402 modo
2023 1364 2144 1403 esse
2184 1351 2571 1408 mentiendum.
2605 1352 2687 1408 Ad
2717 1356 3045 1411 ostendenda
3084 1373 3235 1429 ergo,
3275 1367 3410 1424 etc.,

1837 1457 1997 1510 usque
2032 1442 2100 1495 ad
2144 1443 2520 1513 redarguebat.
2596 1445 2781 1517 (Idem,
2827 1447 2916 1502 lib.
2951 1465 3001 1504 c.
3048 1448 3293 1506 Mendac.
3340 1445 3435 1505 ad'

1838 1528 2108 1597 Consent.,
2142 1541 2271 1586 tom.
2307 1534 2399 1599 Vl,
2429 1534 2531 1589 col.
2560 1536 2664 1590 536
2691 1544 2746 1591 et
2772 1537 2912 1609 seq.)
3046 1558 3051 1564 ι

1910 1621 1973 1675 Et
2009 1622 2054 1677 si
2086 1624 2189 1676 tale
2218 1622 2421 1693 aliquid
2450 1624 2563 1694 ipse
2589 1624 2784 1681 Paulus
2816 1627 3050 1695 fecerat,
3082 1640 3217 1697 etc.,
3249 1647 3412 1704 usque

1838 1711 1909 1764 ad
1939 1710 2250 1782 disputanti.
2282 1714 2478 1785 (Idem,
2505 1717 2653 1786 epist.
2697 1718 2765 1771 ad
2801 1718 3143 1795 Hieronym.)

1764 1814 1813 1875 Β
1872 1826 1875 1828 ν
1908 1803 1986 1859 Illi
2008 1806 2096 1874 qui
2117 1804 2525 1864 se‘Cliristianos
2545 1807 2852 1867 Nazarenos
2874 1823 3090 1881 vocant,
3107 1823 3417 1888 etc.,usque

1843 1896 1913 1950 ad
1960 1910 2354 1953 remanserunt.
2422 1900 2634 1972 (Idem,
2691 1902 2780 1956 lib.
2836 1919 2910 1958 vu
2979 1905 3043 1961 de
3121 1907 3412 1979 Baptismo,

1843 1994 1976 2041 tom.
2001 1986 2068 2042 IX
2089 1982 2113 2054 ,’
2134 1989 2239 2043 col.
2265 1989 2435 2062 225.)

1915 2069 2030 2130 Nos
2058 2087 2248 2153 natura
2268 2078 2447 2134 Judwi
2464 2122 2479 2148 ,
2510 2091 2558 2137 et
2597 2098 2700 2137 non
2732 2099 2797 2137 ea:
2832 2085 3067 2155 gentibus
3095 2099 3413 2157 peccatores.

1841 2166 2084 2222 Flamma
2106 2168 2401 2226 combussit
2420 2181 2750 2242 peccatores.
2765 2172 2881 2229 Non
2906 2184 3012 2241 est,
3026 2182 3130 2232 etc‘.
3143 2218 3157 2243 ,
3176 2178 3417 2249 usquead

1841 2266 2115 2311 oneratos.
2150 2257 2332 2329 (Idem
2354 2298 2370 2326 ,
2398 2267 2550 2315 tract.
2578 2262 2714 2332 psal.
2739 2278 2804 2318 cv
2824 2304 2840 2330 ,
2868 2272 2996 2320 tom.
3033 2264 3126 2330 IV,
3168 2277 3312 2339 part.
3344 2284 3418 2336 ιι,

1847 2348 1953 2403 col.
1988 2348 2172 2421 1412.)

1914 2434 2149 2492 Scientes
2171 2447 2342 2492 autem
2362 2440 2502 2511 quod
2522 2458 2625 2496 non
2640 2441 2982 2512 justi/icatur,
3006 2450 3136 2511 etc.,
3160 2460 3329 2518 usque
3352 2447 3422 2502 ad

1840 2531 2119 2584 constituo.
2138 2529 2251 2584 Non
2267 2532 2393 2601 quia
2414 2547 2574 2602 opera
2591 2535 2729 2589 bona
2748 2534 3094 2601 frustrantur,
3111 2547 3240 2604 etc.,
3263 2555 3426 2609 usque

1843 2620 1912 2673 ad
1933 2620 2292 2690 impetrantur
2316 2633 2531 2677 caetera.
2550 2623 2736 2695 (Idem,
2761 2625 2936 2681 lib.ad
2962 2627 3247 2683 Paulinum
3267 2631 3422 2700 epis.)

1917 2710 2030 2781 Ego
2057 2712 2193 2765 enim
2219 2730 2311 2782 per
2334 2713 2518 2785 legem,
2546 2724 2648 2770 etc.
2664 2755 2679 2781 ,
2705 2733 2873 2786 usque
2896 2717 2962 2771 ad
2984 2719 3037 2773 in
3058 2736 3139 2774 me
3160 2718 3421 2778 Christus.

1843 2799 2071 2872 Cognita
2118 2803 2213 2859 Dei
2255 2807 2427 2876 gratia
2474 2822 2595 2877 qua:
2645 2807 2756 2862 sola
2801 2808 2995 2865 liberat
3032 2827 3061 2866 a
3097 2814 3422 2884 praevarica—

1844 2893 2012 2958 tione,
2040 2902 2171 2960 etc.,
2208 2912 2368 2966 usque
2398 2897 2467 2950 ad
2499 2899 2856 2966 perimuntur.
2884 2900 3072 2973 (Idem,
3098 2914 3251 2961 tract.
3280 2906 3418 2977 psal.

1843 2999 2041 3050 cxvni,
2075 2993 2205 3039 tom.
2239 2985 2326 3052 IV,
2354 2996 2493 3057 part.
2521 3004 2590 3055 ιι,
2616 2990 2719 3044 col.
2754 2991 2890 3047 1575
2912 3001 2967 3048 et
2995 3010 3108 3066 seq.
3137 2996 3156 3067 )

1913 3073 2053 3127 Audi
2080 3074 2394 3144 Apostolum
2430 3086 2715 3147 negantem
2758 3096 2837 3136 se.
2871 3081 3022 3149 Mihi,
3054 3086 3248 3156 inquit,
3279 3096 3416 3158 etc.,

1771 3165 1817 3229 Ο
1850 3181 2011 3235 usque
2039 3166 2108 3218 ad
2137 3165 2191 3220 in
2222 3174 2292 3221 te.
2321 3167 2444 3238 (Id.,
2465 3185 2621 3223 serm.
2644 3170 2708 3224 de
2731 3188 2832 3226 ver.
2871 3172 3035 3230 Euan.
3069 3176 3244 3233 Galat.
3272 3180 3351 3249 6.)

1857 3256 1869 3269 '
1921 3254 2074 3320 Quod
2100 3265 2271 3309 autem
2297 3272 2399 3310 non
2422 3258 2551 3323 vivo,
2588 3268 2717 3324 etc.,
2745 3276 2916 3330 usque
2950 3264 3016 3318 ad
3040 3282 3134 3335 pro
3154 3284 3255 3323 me.
3282 3270 3428 3341 Apo—

1847 3349 2016 3405 stolus
2040 3351 2170 3406 dicit
2196 3370 2209 3406 :
2237 3352 2339 3419 Qui
2363 3352 2474 3409 ﬁlio
2499 3356 2715 3425 proprio
2742 3372 2848 3411 non
2871 3360 3131 3427 pepercit,
3153 3362 3270 3429 sed,
3292 3372 3422 3428 etc.,

1846 3457 2008 3513 usque
2040 3442 2108 3495 ad
2143 3442 2465 3500 invenimus.
2505 3446 2628 3516 (Id.,
2660 3455 2812 3502 tract.
2852 3450 2905 3502 in
2937 3450 3107 3522 Epist.
3128 3452 3288 3509 Joan.
3326 3472 3422 3523 v11,

1847 3542 1989 3586 toni.
2009 3531 2096 3599 III,
2125 3542 2267 3602 part.
2300 3548 2360 3599 ιι,
2409 3534 2510 3589 col.
2535 3535 2675 3590 2052
2703 3545 2759 3592 et
2792 3539 2933 3609 seq.)

1921 3624 2047 3680 Non
2073 3625 2265 3696 abjicio
2295 3628 2544 3696 gratiam,
2575 3637 2704 3694 etc.,
2751 3645 2921 3699 usque
2946 3632 3014 3686 ad
3044 3643 3280 3691 mortuus
3324 3649 3421 3692 est.

1848 3710 1981 3779 Quis
2008 3713 2080 3767 ita
2108 3715 2178 3768 sit
2207 3715 2404 3770 surdus
2430 3716 2691 3771 adversus
2729 3719 3075 3786 apostolicus,
3100 3730 3229 3789 etc.,
3258 3741 3423 3795 usque

1851 3799 1921 3853 ad
1949 3801 2093 3870 quod
2120 3803 2377 3871 perierat.
2412 3803 2531 3875 (Id.,
2558 3804 2647 3859 lib.
2666 3806 2730 3859 de
2749 3804 2898 3860 Crat.
2923 3818 2970 3861 et
2995 3808 3157 3864 libero
3179 3814 3421 3881 arbitrio,

1852 3900 1984 3947 tom.
2019 3890 2090 3957 X,
2120 3892 2224 3948 col.
2250 3893 2401 3964 890.)

1920 3981 2090 4039 Nemo
2135 3984 2186 4039 in
2213 3999 2281 4040 eo
2311 3985 2452 4055 quod
2482 3986 2695 4042 videtur
2743 3987 2946 4045 habere
2987 3990 3263 4061 glorietur,
3295 4002 3427 4062 etc.,

1852 4091 2014 4146 usque
2055 4076 2125 4128 ad
2153 4075 2221 4130 ab
2249 4090 2334 4131 eo.
2392 4077 2513 4147 (Id.,
2565 4077 2656 4131 lib.
2685 4077 2829 4134 Sent.
2878 4077 3148 4153 Prosperi,
3199 4092 3330 4141 tom.
3359 4084 3429 4155 X,

1852 4179 1994 4241 part.
2027 4185 2089 4234 tt,
2121 4169 2223 4224 col.
2253 4168 2434 4243 I880.)
3026 4188 3029 4191 ·

2454 4285 2683 4343 CAPUT
2738 4288 2822 4343 III.

1926 4376 1971 4431 0
1995 4377 2246 4431 insensati
2286 4374 2510 4444 Galatte,
2536 4380 2651 4450 quis
2672 4397 2757 4435 vos
2779 4380 3076 4450 fascinavit,
3101 4391 3234 4450 etc.,
3265 4400 3437 4456 usque

1855 4469 1921 4523 ad
1947 4470 2017 4523 ad
2039 4469 2321 4540 justitiam.
2365 4470 2464 4525 Ilic
2490 4486 2621 4526 sane
2648 4472 2734 4525 illa
2761 4473 3025 4528 sententia
3047 4475 3280 4543 ponitur,
3303 4486 3436 4546 etc.,

1854 4576 2013 4630 usque
2056 4561 2123 4612 ad
2163 4560 2533 4616 circumcisus.
2565 4561 2646 4633 (S.
2675 4563 2810 4634 Aug.
2836 4562 2926 4618 lib.
2960 4564 3023 4619 de
3038 4556 3151 4618 Civ.
3186 4544 3284 4620 Dei
3320 4544 3436 4635 xvt,

1856 4657 1986 4703 tom.
2016 4647 2122 4714 VII,
2149 4650 2251 4704 col.
2280 4649 2427 4722 500.)

1926 4739 2232 4812 Cognoscite
2277 4759 2398 4813 ergo
2427 4744 2549 4814 quia
2581 4743 2688 4808 aui,
2737 4752 2869 4809 etc.,
2905 4754 3083 4815 usque
3110 4746 3177 4802 ad
3207 4748 3334 4803 vivet
3381 4751 3438 4804 in

1854 4832 1977 4886 illis.
2012 4832 2125 4887 IIoe
2152 4834 2352 4888 dictum
2382 4843 2464 4888 est
2487 4835 2552 4889 ad
2577 4834 2872 4897 Abraham,
2901 4844 3032 4899 etc.,
3063 4854 3225 4907 usque
3252 4840 3319 4894 ad
3355 4842 3438 4895 vi-

1857 4924 2067 4979 demus.
2093 4924 2213 4994 (Id.,
2245 4919 2336 4979 libi
2360 4935 2525 4979 contr.
2551 4924 2834 4992 Faustum,
2861 4933 2989 4981 tom.
3016 4928 3147 4992 VIII,
3170 4930 3440 5003 col.275.)

1930 5014 2212 5085 Impletum
2247 5023 2332 5071 est
2358 5015 2499 5085 quod
2525 5016 2850 5084 promissum
2876 5026 2961 5071 est
2987 5017 3238 5085 Abrahae,
3267 5030 3324 5076 et
3349 5039 3437 5088 ex,

1861 5120 1991 5176 etc.,
2017 5126 2178 5180 usque
2198 5110 2266 5162 ad
2288 5118 2344 5163 et
2368 5108 2586 5164 coelum.
2611 5107 2907 5180 (Id.,serm.
2922 5108 2987 5164 de
3009 5109 3146 5165 verb.
3169 5109 3444 5183 Evangelii

1859 5216 1972 5266 xxv,
2009 5209 2138 5257 tom.
2173 5198 2234 5265 V,
2262 5210 2406 5269 part.
2440 5214 2480 5265 1,
2514 5199 2798 5271 0016727.)
2844 5248 2854 5261 ,

1930 5294 2184 5363 Legimus
2222 5292 2509 5363 iustiﬁcari
2553 5292 2608 5348 in
2635 5284 2863 5350 Christo
2896 5294 2988 5366 qui
3033 5296 3279 5361 credunt,
3309 5307 3442 5364 etc.,
3509 5281 3517 5288 ’

1862 5404 2023 5458 usque
2052 5388 2121 5441 ad
2150 5387 2225 5441 ita
2255 5385 2471 5442 dicitur.
2505 5386 2627 5459 (Id.,
2653 5386 2743 5441 lib.
2762 5387 2828 5443 de
2853 5386 3059 5460 Baptis.
3080 5405 3199 5459 par.
3228 5399 3354 5447 tom.
3375 5389 3438 5453 Χ,

1860 5489 2004 5550 part.
2036 5496 2074 5544 1,
2102 5478 2208 5534 col.
2245 5478 2393 5553 115.)

1933 5571 2174 5625 Christus
2215 5571 2429 5626 redemit
2472 5588 2587 5638 nos,
2618 5580 2751 5638 etc.,
2786 5587 2958 5643 usque
2995 5570 3060 5626 ad
3090 5580 3181 5625 aut
3202 5586 3445 5640 superor-

1862 5663 2032 5717 dinat.
2086 5660 2318 5718 Secutus
2371 5662 2660 5733 Apostolus
2690 5664 2824 5720 dicit
2858 5663 2926 5718 de
2952 5661 3168 5717 Christo
3190 5674 3214 5714 ':
3248 5660 3446 5714 Factus

1863 5760 1946 5808 est
1979 5766 2078 5824 pro
2104 5750 2261 5808 nobis
2303 5751 2669 5811 maledictum.
2725 5752 2877 5810 Sicut
2907 5767 3015 5808 non
3060 5749 3259 5818 timuit,
3309 5755 3444 5813 etc.,
