3902 6300
163 274 283 332 569

1023 268 1388 328 EXPOSITIO
1428 267 1491 322 IN
1531 267 1678 322 EPP.
1722 268 1948 324 PAULI.
1987 300 2058 310 —
2095 271 2201 325 ΕΡ.
2242 269 2332 324 AD
2368 264 2620 323 GALAT.

3338 264 3443 320 570

164 389 242 444 ad
275 400 459 442 verum
487 386 717 459 negetis.
756 384 874 458 (ld.,
910 383 1000 440 lib.
1019 393 1199 445 contr.
1237 381 1478 438 Maximi.
1521 398 1583 447 ιι,
1623 390 1753 437 tom.
1785 386 1833 442 Α
1934 380 2106 437 Unum
2133 383 2340 454 quidem
2373 382 2429 436 in
2464 388 2657 444 monte,
2690 387 2822 444 etc.,
2853 395 3022 450 usque
3056 380 3124 435 ad
3157 380 3285 448 ﬁliis
3311 383 3440 436 suis.

163 477 311 543 vm,
341 476 444 532 eoi.
476 475 627 548 778.)

244 567 408 621 Nunc
434 583 557 621 vero
573 574 957 637 cognoscentes,
983 574 1115 631 etc.,
1139 578 1310 634 usque
1333 563 1402 619 ad
1427 563 1616 618 seruire
1646 563 1761 618 vul-

159 657 235 710 tis
257 658 286 710 .9
311 656 402 712 Sic
430 657 483 711 in
506 666 694 711 sancto
722 655 944 726 apparui
975 655 1088 718 tibi,
1114 664 1174 708 ut
1194 655 1433 710 viderem
1461 654 1757 723 potentiam

158 755 347 811 tuam,
375 755 506 811 etc.,
537 762 698 815 usque
727 745 796 802 ad
818 759 1081 815 apparere
1102 745 1263 798 Deus.
1288 743 1411 813 (ld.,
1440 752 1594 796 tract.
1621 741 1754 811 psal.

156 853 310 903 1.x",
343 847 474 892 tom.
504 836 595 903 IV,
625 846 766 906 part.
798 854 837 903 ι,
866 836 970 892 col.
998 835 1150 906 753.)

238 926 380 981 Cum
404 926 548 981 enim
577 926 776 981 dicitur
794 925 937 995 quod
963 939 1062 981 nos
1086 924 1384 995 cognoscit,
1410 924 1551 978 Deus
1576 922 1759 993 (εοεηί-

121 1018 410 1082 'tionem,
440 1025 569 1082 etc.,
602 1033 764 1085 usque
795 1016 864 1069 ad
897 1014 959 1091 ﬁt
999 1017 1187 1071 bonus.
1228 1015 1356 1086 (ld.,
1389 1013 1479 1067 lib.
1513 1015 1578 1079 de
1605 1012 1754 1068 Crat.

154 1105 314 1162 Nov.
350 1105 600 1172 Testam.,
635 1115 767 1161 tom.
798 1104 960 1173 XVII,
989 1106 1095 1161 col.
1125 1105 1230 1159 574
1258 1114 1314 1160 et
1337 1106 1476 1175 seq.)

238 1198 451 1253 Dicitur
479 1198 623 1253 Deus
647 1196 987 1267 cognovisse,
1015 1196 1159 1264 quod
1197 1204 1258 1247 ut
1276 1236 1290 1259 ,
1318 1205 1447 1258 etc.,
1490 1210 1652 1264 usque
1689 1195 1757 1248 ad

151 1294 587 1359 cognosceretur
613 1284 809 1341 eﬁ'ecit.
848 1284 972 1356 (ld.,
1001 1284 1091 1338 lib.
1122 1284 1186 1338 de
1213 1282 1321 1338 Civ.
1355 1283 1473 1349 Dei,
1505 1285 1664 1352 χχιι.)

241 1375 399 1431 Sicut
445 1385 594 1431 recte
639 1375 836 1430 dicitur
880 1374 1023 1428 Deus
1069 1372 1251 1428 facere
1298 1372 1590 1443 quidquid,
1626 1382 1754 1438 etc.,

151 1483 335 1537 usque
360 1466 429 1520 ad
449 1466 760 1521 donaverat.
794 1464 921 1536 (ld.,
942 1463 1034 1519 lib.
1057 1465 1121 1519 de
1145 1461 1273 1519 Gen.
1299 1466 1370 1519 ad
1399 1465 1500 1518 litt.
1524 1481 1599 1529 ιν,
1626 1474 1755 1521 ιοιιι.

153 1561 257 1629 ιιι,
291 1570 431 1633 part.
460 1577 500 1627 ι,
532 1560 636 1617 col.
666 1560 775 1615 502
802 1569 858 1615 et
888 1559 1027 1630 seq.)

237 1651 369 1707 Dies
394 1650 700 1718 obseruatis,
728 1659 775 1705 et
802 1665 1023 1715 menses,
1058 1659 1193 1715 etc.,
1223 1666 1396 1722 usque
1423 1650 1490 1706 ad
1517 1650 1647 1706 nihil
1675 1667 1760 1706 me

155 1740 402 1797 (resistis.
424 1740 560 1794 Sunt
577 1740 821 1808 quaedam
835 1753 956 1809 qua:
977 1738 1246 1794 levissima
1269 1748 1606 1809 putarentur,
1623 1747 1753 1806 etc.,
1785 1732 1831 1792 Β

156 1847 337 1902 usque
363 1831 432 1885 ad
465 1829 660 1886 talibus
693 1829 787 1885 ait.
830 1830 953 1899 (ld.,
984 1828 1075 1883 lib.
1115 1827 1334 1885 Enchir.
1368 1838 1501 1885 tom.
1530 1831 1617 1896 VI,
1649 1829 1753 1886 col.

152 1920 326 1994 270.)

240 2014 362 2070 Non
390 2014 571 2085 itaque
598 2013 714 2070 dies
738 2013 1107 2079 observemus,
1139 2020 1193 2069 et
1219 2029 1411 2080 annos,
1438 2025 1494 2069 et
1519 2028 1767 2080 menses,.

156 2116 303 2172 etc.,
337 2123 498 2178 usque
521 2107 591 2160 ad
621 2116 676 2162 et
702 2106 879 2162 annis.
908 2105 1032 2176 (ld.,
1058 2105 1148 2160 lib.
1174 2109 1240 2160 ad
1264 2106 1492 2161 Januar.
1526 2122 1587 2173 ιι,
1621 2116 1757 2162 tom.

155 2197 233 2264 11,
261 2196 365 2253 col.
392 2196 498 2252 210
528 2203 584 2252 et
609 2194 752 2266 seq.)

239 2287 399 2343 Scitis
427 2297 602 2343 autem
625 2288 769 2358 quia,
800 2296 935 2354 etc.,
972 2302 1143 2359 usque
1171 2288 1238 2344 ad
1271 2304 1433 2359 neque
1454 2286 1752 2358 respuistis.

154 2380 331 2436 Aliud
350 2386 434 2435 est
455 2378 638 2434 induci
666 2378 719 2433 in
742 2378 1282 2443 tentationem,.aliud
1310 2387 1414 2443 est,
1440 2388 1571 2444 etc.,
1594 2395 1757 2450 usque

156 2469 240 2523 ad
295 2454 583 2540 antequam
621 2466 772 2523 ﬁant.
812 2467 932 2539 (ld.,
966 2467 1057 2521 lib.
1098 2483 1139 2523 ιι
1176 2467 1241 2522 de
1276 2466 1448 2524 Serm.
1482 2466 1657 2522 Domi.
1703 2468 1757 2521 in

154 2566 362 2620 ouante,
397 2544 529 2612 tom.
558 2554 646 2623 III,
671 2564 815 2626 part.
847 2572 890 2622 ι,
921 2556 1026 2611 col.
1059 2556 1244 2627 I282.)

239 2645 347 2702 Sed
371 2648 505 2702 sicut
525 2646 769 2718 angelum
794 2646 890 2702 Dei
916 2648 1187 2718 accepistis
1207 2663 1308 2712 me,
1335 2648 1469 2701 sicut
1492 2647 1757 2702 Christum

157 2730 373 2794 Jesum.
397 2736 534 2804 Quia
556 2736 671 2807 ipse
694 2736 930 2807 loquitur
955 2737 1010 2792 in
1039 2738 1245 2793 sanctis
1271 2738 1407 2802 suis,
1434 2746 1566 2803 etc.,
1596 2753 1759 2808 usque

156 2828 240 2883 ad
277 2842 477 2899 corpus
498 2843 676 2883 suum.
708 2828 832 2899 (ld.,
862 2843 964 2882 ser.
996 2827 1059 2882 de
1086 2825 1210 2882 Kal.
1239 2825 1492 2895 Januar.,
1513 2836 1643 2882 tom.
1687 2826 1732 2882 V

159 2927 312 2989 part.
337 2936 378 2984 ι,
405 2919 507 2975 col.
536 2919 675 2975 1025
697 2927 752 2974 et
778 2921 922 2991 seq.)

240 3009 558 3078 Arguuutur
582 3008 822 3079 quidam,
855 3009 981 3079 quia
1007 3024 1130 3065 cum
1156 3009 1241 3065 lac
1267 3016 1668 3071 consumerent.
1702 3017 1758 3065 et

1864 475 1920 529 In
1948 476 2038 530 illo
2068 484 2411 540 testamento,
2450 473 2594 543 quod
2623 471 2838 541 proprie
2865 472 3037 527 Vetus
3060 471 3278 537 dicitur,
3310 481 3439 537 etc.,

1853 584 2023 646 _usque
2058 568 2127 621 ad
2157 567 2618 622 miuistraverunt.
2651 564 2778 634 (ld.,
2808 562 2898 618 lib.
2927 563 2993 618 de
3019 558 3191 618 Gestis
3216 558 3441 634 Pelagii,

1863 665 1997 709 tom.
2026 653 2097 720 X,
2127 662 2267 725 part.
2299 671 2339 718 ι,
2369 653 2472 708 col.
2503 651 2655 722 528.)

1934 742 2269 798 Hierusalem
2296 741 2534 798 caelestis
2561 755 2681 811 quae
2709 754 2923 796 sursum
2952 748 3057 806 est,
3087 747 3280 806 mater,
3311 750 3442 805 etc.,

1863 851 2023 906 usque
2044 836 2128 888 'ad
2164 843 2443 889 aeternam.
2488 832 2610 904 (ld.,
2653 839 2807 886 tract.
2848 830 2983 901 psal.
3026 845 3147 897 ειν,
3180 840 3318 895 tom.
3350 831 3442 897 IV,

1861 936 2004 995 part.
2030 943 2098 991 ιι,
2125 926 2229 981 col.
2265 925 2401 980 1195
2425 934 2481 980 et
2507 922 2653 998 sem)

1935 1016 2030 1070 Est
2068 1026 2246 1069 autem
2284 1016 2423 1069 sicut
2463 1015 2656 1080 nostis,
2687 1029 2790 1070 vox
2819 1013 3247 1070 ascendentium.
3292 1012 3444 1080 Quod

1861 1107 1962 1162 nisi
1999 1108 2066 1161 ad
2110 1107 2273 1171 illam,
2305 1116 2436 1171 etc.,
2468 1122 2630 1176 usque
2658 1107 2727 1160 ad
2757 1105 3072 1162 debeamus.
3116 1105 3237 1175 (ld.,
3264 1114 3443 1171 tract.,

1859 1199 1992 1269 psal.
2023 1214 2180 1262 cuv,
2210 1208 2338 1253 tom.
2368 1198 2455 1264 IV,
2481 1206 2620 1269 part.
2650 1214 2711 1263 ιι,
2743 1197 2846 1253 col.
2878 1197 3015 1254 I656
3042 1204 3097 1252 et
3125 1197 3266 1267 seq.)

1933 1289 2046 1345 Nos
2076 1298 2273 1355 autem,
2293 1292 2500 1359 fratres,
2524 1290 2826 1352 secundum,
2857 1299 2984 1354 etc.,
3016 1303 3184 1358 usque
3208 1289 3276 1343 ad
3305 1289 3378 1342 ita
3394 1297 3444 1343 et

1861 1396 2018 1433 nunc.
2052 1379 2458 1434 Testamentum
2486 1380 2652 1435 Vetus
2678 1379 2743 1435 ad
2772 1378 2984 1435 Judzeos
3021 1379 3237 1450 proprie
3273 1382 3444 1450 perti-

1860 1481 1971 1527 net.
2013 1471 2247 1537 Etenim,
2299 1479 2430 1531 etc.,
2466 1487 2631 1542 usque
2664 1471 2731 1524 ad
2762 1471 3089 1541 superbiam.
3125 1470 3250 1541 (ld.,
3282 1487 3441 1526 serm.

1859 1561 1927 1616 de
1954 1560 2097 1632 Agar
2119 1572 2165 1616 et
2192 1560 2479 1629 Ilismaele,
2507 1570 2636 1618 tom.
2664 1563 2729 1627 V,
2759 1570 2897 1632 part.
2929 1580 2971 1627 1,
2995 1561 3097 1617 col.
3124 1560 3194 1617 52
3220 1570 3275 1618 et
3300 1560 3444 1632 seq.)

2486 1715 2714 1774 CAPUT
2754 1717 2817 1772 V.

1932 1826 2103 1894 State,
2133 1836 2180 1881 et
2209 1827 2367 1882 nolite
2395 1829 2605 1895 iterum,
2633 1837 2759 1891 etc.,
2800 1844 2968 1899 usque
3003 1829 3071 1884 ad
3096 1847 3127 1883 a
3153 1832 3325 1901 gratia
3349 1845 3441 1884 ex-

1856 1917 2077 1973 cidistis.
2126 1918 2324 1974 Primis
2359 1918 2683 1976 Christianis
2720 1921 2812 1991 qui
2852 1936 2919 1977 ex
2957 1919 3156 1977 Iudaeis
3192 1921 3442 1977 credide-

1857 2014 2014 2072 runt,
2061 2006 2262 2074 donec,
2309 2018 2440 2074 etc.,
2492 2026 2652 2079 usque
2697 2010 2766 2063 ad
2808 2013 3124 2081 perdurant.
3178 2009 3440 2079 (ld.,.lib.

1856 2111 2023 2162 contr.
2053 2101 2334 2159 Faustum.
2367 2114 2498 2161 tom.
2528 2104 2665 2170 VIII,
2687 2104 2791 2160 col.
2824 2104 2926 2159 557
2954 2113 3008 2160 et
3037 2105 3178 2176 seq.)

1930 2192 2066 2250 Ecce
2101 2212 2194 2267 ego
2230 2195 2453 2261 Paulus,
2484 2204 2614 2261 etc.,
2642 2212 2813 2267 usque
2841 2198 2907 2252 ad
2933 2197 3186 2267 proderit.
3222 2197 3443 2267 Decepit

1856 2300 1986 2358 ergo
2016 2284 2387 2350 Timotheum,
2419 2295 2474 2342 et
2512 2285 2674 2353 fecit,
2704 2300 2763 2342 ut
2801 2288 2965 2354 nihil,
3002 2296 3139 2367 etc.,
3174 2304 3336 2359 usque
3371 2288 3441 2341 ad

1857 2372 2175 2429 deserenda.
2201 2375 2326 2445 (ld.,
2352 2375 2501 2445 epist.
2526 2376 2595 2430 ad
2618 2374 2928 2448 Hierongm.
2960 2386 3090 2433 tom.
3119 2377 3182 2443 ll,
3211 2377 3315 2433 col.
3335 2377 3443 2434 284

1856 2472 1913 2520 et
1936 2466 2083 2537 seq.)

1931 2554 2044 2610 Nos
2068 2556 2205 2610 enim
2241 2557 2430 2628 spiritu
2443 2573 2509 2612 ea:
2532 2558 2639 2627 [ide
2659 2574 2798 2628 spem
2815 2558 3042 2628 justitite
3062 2567 3441 2628 exspectamus.

1858 2640 1985 2698 Haec
2009 2652 2093 2698 est
2120 2642 2253 2700 ﬁdes
2288 2660 2353 2700 ex
2391 2660 2498 2715 qua
2526 2646 2706 2717 justus
2755 2646 2906 2710 vivit,
2939 2645 3076 2712 haec,
3112 2654 3245 2712 etc.,
3280 2662 3446 2717 usque

1859 2731 1928 2785 ad
1967 2732 2078 2787 Deo
2114 2732 2329 2788 dicitur.
2375 2733 2500 2805 (ld.,
2538 2734 2630 2788 lib.
2672 2735 2735 2789 de
2778 2732 2923 2804 Spir.
2966 2743 3016 2788 et
3049 2732 3153 2788 litt.
3195 2741 3326 2790 tom.
3367 2734 3444 2800 Χ,

1860 2832 2003 2895 part.
2032 2842 2075 2893 ι,
2105 2825 2210 2883 col.
2241 2825 2395 2899 257.)

1933 2918 2076 2973 Nam
2099 2919 2157 2973 in
2181 2917 2388 2974 Christo
2408 2918 2559 2986 Jesu,
2580 2927 2712 2986 etc.,
2740 2933 2912 2992 usque
2931 2920 2999 2975 ad
3021 2920 3157 2975 sicut
3182 2928 3230 2973 te
3251 2919 3442 2989 ipsum.

1860 3009 2009 3065 Multi
2052 3010 2198 3067 enim
2225 3010 2412 3065 dicunt
2434 3009 2607 3067 Credo
2647 3028 2661 3064 :
2701 3010 2797 3067 sed
2833 3010 2968 3067 ﬁdes
3008 3011 3125 3066 sine
3163 3011 3443 3080 operibus,

160 3094 332 3164 lanis,
357 3105 487 3165 etc.,
523 3113 687 3169 usque
714 3097 782 3151 ad
811 3096 937 3153 Jesu
971 3097 1192 3154 Christi.
1232 3098 1352 3169 (ld.,
1381 3098 1473 3154 lib.
1507 3098 1572 3153 de
1601 3096 1756 3153 Past.
1783 3084 1829 3149 C
1859 3107 1990 3165 etc.,
2036 3115 2199 3170 usque
2227 3099 2296 3153 ad
2330 3100 2434 3154 hoc
2457 3114 2537 3154 es.
2578 3098 2704 3173 (ld.,
2738 3109 2890 3157 tract.
2931 3101 2987 3155 in
3015 3101 3161 3171 epist.
3191 3100 3351 3157 Joan.
3388 3116 3446 3165 ιι,

161 3187 332 3245 Ezec.
363 3207 551 3257 xxxrv,
581 3198 713 3247 tom.
745 3189 810 3259 V,
841 3199 981 3262 part.
1015 3208 1055 3257 ι,
1080 3191 1182 3247 col.
1211 3190 1318 3247 215
1343 3198 1398 3247 et
1427 3206 1540 3261 seq.

168 3296 175 3301 ‘
242 3279 348 3337 Ubi
374 3291 450 3335 est
480 3298 601 3353 ergo
627 3281 892 3337 beatitudo
929 3283 1138 3339 uestra?
1161 3291 1294 3349 etc.,
1323 3296 1495 3352 usque
1523 3281 1592 3337 ad
1616 3282 1758 3352 apud

163 3387 283 3426 vos.
319 3370 429 3426 Cur
462 3372 609 3428 enim
641 3372 758 3427 ﬁeri
796 3387 905 3428 non
940 3381 1143 3443 posset,
1180 3380 1307 3435 etc.,
1347 3388 1510 3441 usque
1549 3370 1620 3425 ad
1661 3386 1759 3442 per

157 3458 453 3529 iustitiam.
480 3462 601 3533 (ld.,
627 3461 719 3516 lib.
745 3462 816 3516 ad
843 3463 992 3534 epist.
1019 3473 1186 3518 contr.
1219 3462 1595 3529 Gaudentium,
1614 3471 1754 3517 tom.

163 3548 264 3615 IX,
293 3550 393 3605 col.
425 3550 573 3623 727.)

245 3639 426 3696 Filioli
466 3642 568 3696 mei
610 3658 741 3713 quos
781 3643 969 3697 iterum
1008 3643 1264 3713 parturio,
1304 3649 1432 3708 etc.,
1474 3655 1648 3711 usque
1690 3644 1759 3697 ad

165 3731 375 3804 Legem
386 3749 490 3787 non
513 3732 707 3803 legistis
721 3734 749 3787 Ρ
768 3732 1004 3789 Alienati
1027 3742 1161 3789 sunt
1180 3741 1494 3804 peccatores
1515 3748 1547 3787 a
1575 3732 1757 3787 vulva.

163 3825 219 3880 Δ
246 3826 481 3896 quadam
505 3825 666 3881 vulva
692 3825 911 3881 alienati
937 3834 1065 3885 sunt
1085 3834 1421 3896 peccatores,
1444 3835 1574 3888 etc.,
1597 3840 1760 3895 usque

163 3916 242 3971 ad
269 3931 430 3987 quam
470 3932 591 3973 suo.
630 3915 759 3989 (ld.,
788 3916 881 3973 lib.
913 3916 1050 3986 psal.
1090 3932 1221 3983 Lvu,
1253 3927 1385 3972 tom.
1417 3915 1507 3983 IV,
1543 3923 1684 3986 part.
1716 3930 1761 3983 ι,

162 4008 277 4064 col.
308 4007 458 4080 678.)

242 4101 511 4172 Scriptum
545 4109 622 4156 est
655 4102 814 4169 enim,
844 4102 1092 4173 quoniam
1117 4101 1407 4166 Abraham,
1429 4108 1560 4165 etc.,
1590 4113 1760 4169 usque

165 4192 242 4248 ad
284 4192 450 4246 dicta.
486 4191 729 4262 Uterque
770 4191 989 4262 quidem
1029 4193 1095 4248 de
1134 4192 1343 4247 semine
1369 4191 1621 4255 Abrahae,
1664 4190 1760 4244 sed

166 4282 347 4349 illum,
378 4291 510 4347 etc.,
549 4298 711 4353 usque
735 4281 804 4335 ad
828 4289 988 4337 natus
1024 4282 1193 4336 Isaac.
1228 4281 1327 4353 (Id,
1356 4280 1448 4337 lib.
1478 4296 1517 4336 ιι
1555 4280 1620 4335 de
1645 4278 1755 4334 Civ.

162 4374 296 4440 Dei,
323 4382 454 4429 tom.
480 4372 592 4440 VII,
617 4389 737 4444 cap.
768 4373 805 4428 2
832 4382 887 4430 et
916 4374 971 4440 5,
998 4373 1101 4429 col.
1128 4373 1280 4444 458.)

242 4464 428 4521 Nostis
462 4466 599 4521 duos
638 4465 777 4521 ﬁlios
813 4465 1086 4522 Abraham
1135 4467 1413 4532 habuisse,
1458 4481 1599 4538 quos
1640 4466 1761 4537 qui-

169 4555 321 4622 dem,
363 4566 496 4624 etc.,
535 4573 697 4628 usque
730 4555 801 4611 ad
832 4557 1101 4612 ventilari.
1136 4558 1258 4628 (ld.,
1297 4566 1453 4612 tract.
1483 4557 1619 4627 psal.
1648 4572 1757 4625 cur,

168 4656 308 4703 tom.
337 4647 429 4715 1V,
455 4658 598 4719 part.
626 4666 688 4714 ιι,
720 4649 826 4705 col.
858 4650 1044 4721 1605.)
1217 4703 1220 4707 .
1728 4710 1731 4713 ,

242 4735 408 4793 Forte
449 4737 570 4806 quis
606 4745 760 4809 putat
795 4738 1011 4810 ingenio
1045 4738 1182 4802 ﬁeri,
1222 4747 1356 4803 etc.,
1386 4754 1550 4809 usque
1581 4740 1649 4793 ad
1686 4739 1761 4794 si-

168 4827 431 4900 gniﬁcent
477 4844 740 4899 quaerere.
781 4829 905 4902 (ld.,
945 4831 1035 4885 lib.
1079 4842 1246 4885 contr.
1293 4829 1484 4886 Faust.
1530 4832 1619 4886 tib.
1665 4847 1762 4899 xu,

169 4928 308 4975 tom.
340 4918 475 4986 Vlll,
504 4920 606 4976 col.
636 4920 744 4975 275
770 4931 826 4977 et
852 4922 993 4994 seq.)

160 5064 163 5065 ν
242 5009 306 5065 In
338 5009 537 5080 popqu
570 5012 716 5066 enim
754 5010 1063 5068 Iudaeorum
1099 5013 1381 5084 ﬁguratus,
1422 5024 1554 5080 etc.,
1599 5031 1761 5086 usque

167 5103 245 5157 ad
272 5103 329 5157 in
356 5102 656 5172 ctrJo.(ld.,
691 5113 845 5160 tract.
873 5105 1073 5176 Evang.
1101 5122 1205 5160 sec.
1233 5106 1393 5161 Joan.
1425 5122 1488 5164 ιι.
1516 5115 1647 5161 tom.
1674 5105 1761 5172 Ill,

168 5200 316 5262 part.
345 5208 406 5258 ιι,
436 5193 540 5248 col.
574 5193 755 5265 M79.)

154 5324 159 5330 .
246 5280 427 5338 Unum
456 5283 674 5353 quidem
714 5284 781 5360 in
820 5294 1021 5350 monte,
1061 5293 1190 5351 etc.,
1236 5302 1398 5357 usque
1440 5286 1508 5339 ad
1549 5286 1759 5343 littera.

171 5371 302 5445 (ld.,
330 5389 488 5428 serm.
515 5374 580 5429 de
603 5374 741 5430 verb.
771 5377 966 5448 apost.)

152 5501 163 5505 -
245 5459 507 5532 Quamvis
532 5465 589 5520 in
605 5465 787 5522 Veteri
810 5465 1155 5525 Testamento
1181 5477 1423 5540 propter,
1445 5479 1578 5532 etc.,
1605 5487 1763 5541 usque
1844 5522 1848 5531 ,

171 5550 248 5608 ad
277 5551 595 5611 revelatum.
625 5555 751 5629 (ld.,
786 5556 877 5612 lib.
906 5568 1086 5614 contr.
1108 5560 1377 5615 inimicum
1411 5560 1545 5631 legis
1564 5571 1611 5617 et
1635 5578 1761 5632 pro-

160 5641 483 5716 piratarum,
502 5653 632 5704 tom.
662 5645 795 5713 Vill,
827 5643 929 5704 col.
962 5648 1142 5706 622‘et
1174 5650 1312 5719 seq.)

1846 3199 1991 3248 tom.
2019 3190 2104 3256 III,
2139 3191 2242 3246 col.
2272 3190 2413 3247 2054
2438 3201 2494 3246 et
2523 3192 2666 3263 seq.)

1861 3345 1865 3350 ,
1932 3281 2118 3352 Neque
2137 3281 2477 3338 circumcisio
2499 3281 2701 3353 aliquid
2719 3283 2883 3350 valet,
2906 3297 3081 3354 neque
3095 3284 3438 3355 praeputium,
3472 3328 3485 3337 ,

1861 3372 1973 3435 sed,
2005 3384 2139 3438 etc.,
2170 3388 2331 3443 usque
2359 3374 2428 3426 ad
2453 3373 2622 3444 gloria
2668 3382 2779 3429 tua.
2825 3375 2952 3447 (ld.,
2981 3391 3138 3430 serm.
3189 3377 3256 3430 de
3303 3376 3441 3431 verb.

1860 3466 1962 3535 Ap.
1994 3482 2105 3531 xvr,
2143 3475 2272 3521 tom.
2310 3464 2370 3531 V,
2400 3475 2537 3536 part.
2572 3483 2610 3532 ι,
2637 3467 2741 3523 col.
2769 3468 2874 3524 865
2905 3477 2959 3523 et
2983 3467 3124 3539 seq.)

1934 3555 2004 3611 Ut
2040 3566 2220 3612 autem
2250 3557 2459 3612 habitet
2488 3558 2722 3626 Spiritus
2749 3569 2990 3625 sanctus,
3023 3568 3153 3626 etc.,
3183 3577 3343 3631 usque
3379 3560 3451 3614 ad

1861 3648 2091 3702 traxerit
2145 3661 2288 3702 eum.
2344 3645 2480 3718 (1d,,
2528 3649 2677 3718 epist.
2740 3650 2809 3704 ad
2863 3648 3000 3704 Sixt.
3063 3652 3438 3720 presbyterum.

1862 3745 1994 3793 tom.
2024 3736 2090 3802 ιι,
2114 3736 2218 3791 col.
2247 3736 2399 3806 878.)

1935 3828 2219 3883 Maledicta
2246 3843 2369 3883 cum
2408 3841 2475 3882 ex
2519 3828 2799 3898 prophetia
2842 3828 3115 3893 dicuntur,
3155 3843 3261 3883 non
3304 3837 3450 3891 sunt,

1860 3927 1993 3986 etc.,
2010 3935 2172 3990 usque
2190 3919 2259 3973 ad
2272 3917 2550 3975 cmlorum.
2578 3918 2703 3990 (ld.,
2719 3918 2808 3977 lib.
2832 3928 3001 3974 contr.
3030 3917 3218 3975 Faust.
3242 3920 3324 3973 tit.
3352 3919 3443 3974 16.

1865 4015 1999 4063 tom.
2028 4007 2162 4074 VIII,
2187 4007 2290 4063 col.
2318 4007 2469 4080 550.)

1938 4098 2089 4167 Quod
2113 4097 2228 4153 ﬁeri
2254 4114 2358 4154 non
2381 4102 2582 4169 poteSt,
2606 4107 2738 4165 etc.,
2763 4115 2924 4170 usque
2946 4097 3016 4153 ad
3046 4098 3296 4155 salutem.
3326 4096 3452 4168 (ld.,

1862 4190 1954 4244 lib.
1982 4191 2047 4244 de
2069 4187 2236 4245 Serm.
2268 4188 2480 4243 Domini
2500 4190 2553 4243 in
2579 4199 2770 4247 monte.

1936 4281 1993 4337 Si
2024 4297 2155 4353 ergo
2183 4296 2280 4337 vos
2328 4281 2470 4336 ﬁlius
2500 4281 2829 4349 liberaverit,
2854 4292 3005 4349 tunc,
3033 4290 3162 4346 etc.,
3198 4298 3358 4351 usque
3380 4280 3449 4334 ad

1865 4372 1919 4426 id
1964 4387 2205 4443 agamus.
2237 4372 2360 4443 (ld.,
2387 4382 2540 4426 tract.
2590 4370 2794 4447 Evang.
2842 4390 2947 4428 sec.
2980 4372 3143 4428 Joan.
3178 4387 3287 4437 xu,
3316 4379 3446 4424 tum.

1866 4463 1957 4531 llI,
1988 4473 2128 4535 part.
2162 4481 2197 4530 ι,
2229 4465 2333 4521 col.
2367 4464 2504 4521 1695
2533 4475 2588 4520 et
2615 4466 2756 4539 seq.)

1940 4557 2093 4625 Quod
2113 4560 2158 4613 si
2178 4559 2571 4625 invicem,.etc.,
2597 4573 2767 4628 usque
2787 4558 2853 4615 ad
2883 4554 3284 4611 consumamini.
3312 4553 3453 4621 Quid

1867 4658 1953 4706 est
2006 4651 2300 4718 mordetis,
2345 4659 2478 4717 etc.,
2528 4667 2690 4722 usque
2743 4650 2812 4709 ad
2858 4645 3273 4705 consumamini.
3324 4643 3450 4715 (ld.,

1869 4750 2021 4795 tract.
2046 4743 2181 4812 psal.
2211 4756 2381 4796 Lxxu.
2415 4739 2585 4796 Serm.
2617 4739 2866 4809 Decalagi
2890 4738 2965 4793 ad
2980 4735 3282 4807 populum.)

1942 4830 2075 4885 Dico
2102 4841 2278 4885 autem
2298 4830 2354 4887 in
2376 4829 2606 4894 Christo,
2632 4837 2767 4893 etc.,
2796 4842 2968 4898 usque
2991 4826 3059 4882 ad
3094 4824 3187 4879 illa
3218 4825 3449 4895 faciatis.

1868 4918 1985 4976 Non
2015 4921 2108 4986 ait,
2137 4935 2241 4975 non
2274 4919 2548 4974 feceritis:
2574 4918 2701 4988 quia
2727 4934 2792 4975 ea
2814 4934 2917 4974 non
2944 4917 3145 4973 habere
3174 4922 3452 4981 uon,etc.,

1872 5027 2034 5082 usque
2060 5011 2133 5064 ad
2174 5010 2623 5081 concupiscimus.
2658 5008 2777 5079 (ld.,
2810 5008 2900 5062 lib.
2947 5017 3114 5063 contr.
3146 5005 3447 5061 lulianum.

1876 5118 1959 5166 ιιι,
1991 5109 2122 5156 tom.
2156 5100 2223 5167 Χ,
2245 5109 2370 5171 part
2392 5117 2433 5167 ι,
2461 5100 2565 5155 col.
2598 5090 2702 5154 755
2730 5107 2784 5157 et
2808 5098 2949 5170 seq.)

1943 5194 2075 5250 Dico
2100 5202 2319 5248 autem:
2359 5192 2565 5263 Spiritu
2610 5192 2881 5249 ambulate
2906 5233 2920 5258 ,
2968 5200 3022 5247 et
3066 5196 3453 5265 concupiscen-

1874 5284 1998 5350 tias,
2022 5292 2158 5351 etc.,
2189 5300 2350 5355 usque
2378 5284 2448 5337 ad
2475 5285 2730 5339 continuo
2756 5284 2982 5341 addidit.
3028 5284 3152 5357 (ld.,
3183 5303 3339 5341 serm.
3388 5286 3454 5341 de

1874 5378 2012 5432 verb.
2049 5377 2293 5448 apostoli,
2329 5386 2460 5431 tom.
2493 5376 2553 5433 V.
2588 5387 2708 5447 part
2737 5394 2774 5440 I,
2799 5377 2902 5431 col.
2932 5377 3036 5432 7l5
3058 5385 3113 5433 et
3140 5377 3301 5447 seq.).

1942 5465 2127 5543 Neque
2180 5466 2323 5521 enim
2371 5465 2571 5520 nullum
2603 5475 2681 5522 est
2716 5466 2923 5529 vitium,
2959 5482 3081 5521 cum
3133 5468 3293 5530 sicut,
3323 5474 3443 5540 etc.,

1873 5572 2032 5628 usque
2082 5556 2150 5609 ad
2181 5557 2580 5626 perlrahamur.
2629 5555 2761 5626 (ld.,
2796 5555 2885 5612 lib.
2919 5556 2982 5609 de
3025 5554 3134 5611 Civ.
3170 5554 3289 5620 Dei,
3338 5568 3451 5623 xix,

1873 5646 2000 5704 tom.
2039 5646 2145 5714 Vll,
2173 5645 2273 5704 col.
2300 5645 2450 5717 629.)
