3902 6300
584 322 681 377 57!

1784 336 1988 394 FLORI
2026 340 2300 398 DIACONI
2333 343 2639 405 MONACHI
3681 371 3746 431 57!

653 436 769 494 Hoc
798 447 976 494 autem
1022 440 1220 497 bellum
1263 458 1535 514 nunquam
1570 445 1735 501 ullum
1764 458 1945 515 esset,
1976 452 2019 505 si
2064 467 2163 507 na-
2192 458 2242 516 Α
2341 456 2489 510 Alter
2521 460 2739 515 alterius
2765 478 2923 518 onera
2952 472 3180 535 portate,
3201 475 3248 520 et
3269 466 3345 521 sic
3366 467 3747 547 adimpletistcge.

585 541 708 584 tura
735 570 749 596 ,
779 537 913 597 etc.,
944 548 1107 603 usque
1148 535 1218 587 ad
1266 537 1600 605 permittere.
1635 538 1763 606 (ld.,
1818 540 1910 594 lib.
1939 542 2005 596 de
2048 543 2159 598 Civ.

582 617 704 686 Dei,
729 635 845 684 xxt,
876 630 1006 678 tom.
1036 623 1146 687 VII,
1175 625 1275 679 col.
1312 626 1414 680 729
1441 636 1494 707 et
1525 630 1663 697 seq.)
2122 700 2125 707 ι

651 709 944 780 Apostolus
976 710 1206 771 Jacobus
1230 716 1305 769 ait
1336 732 1350 770 :
1379 704 1757 790 Unusquisque
1780 733 1983 789 autem,
2030 704 2158 794 etc.,

583 816 747 870 usque
776 801 846 854 ad
873 816 1049 874 pugna
1082 805 1206 859 crit.
1238 806 1356 875 (ld.,
1387 824 1543 862 scrin.
1572 811 1636 864 de
1689 824 1853 868 contr.
1893 814 2081 871 Jacob.
2117 834 2157 884 I,

580 889 716 958 psal.
746 893 857 963 XL.)
1904 948 1909 955 .

658 980 948 1038 Verissime
1000 1000 1065 1040 ac
1137 991 1487 1045 veracissime
1561 993 1821 1062 scriptum
1880 1006 1981 1059 est,
2027 1006 2156 1065 etc.,

581 1089 745 1144 usque
767 1076 838 1129 ad
864 1092 969 1132 non
986 1079 1256 1135 obeditur.
1291 1082 1411 1144 (ld.,
1443 1084 1534 1138 lib.
1560 1086 1625 1139 de
1653 1086 1785 1142 Cen.
1816 1088 1885 1143 ad
1909 1091 2156 1156 litteram,

540 1152 557 1163 “
580 1173 709 1220 tom.
740 1167 827 1234 III,
855 1179 995 1238 part.
1023 1188 1064 1239 ι,
1097 1174 1199 1228 col.
1253 1175 1359 1230 416
1388 1185 1441 1231 et
1488 1178 1628 1250 seq.)

647 1255 925 1327 Diligentia
977 1272 1060 1317 est
1093 1264 1255 1318 etiam
1290 1265 1403 1336 ipsa
1431 1266 1670 1332 dilectio,
1711 1277 1840 1336 etc.,
1889 1287 2052 1342 usque
2091 1272 2161 1326 ad

574 1344 679 1400 nisi
710 1347 850 1402 bona
880 1350 1137 1406 dilectio?
1177 1353 1298 1424 (ld.,
1326 1364 1477 1409 tract.
1501 1356 1636 1426 psal.
1673 1374 1859 1423 cxvtn,
1896 1369 2027 1415 tom.
2066 1359 2156 1427 IV,

574 1447 717 1508 part.
745 1455 805 1504 ιι,
832 1441 934 1496 col.
968 1443 1151 1516 1521.)

646 1530 742 1585 Est
764 1547 920 1587 amor
944 1549 1053 1603 quo
1074 1544 1306 1602 amatur,
1330 1546 1382 1592 et
1412 1539 1888 1609 quod-amandum,
1912 1550 2043 1609 etc.,
2065 1559 2159 1597 us-

573 1638 674 1691 que
717 1624 787 1677 ad
821 1626 1066 1681 vivimus.
1100 1627 1223 1694 (ld.,
1246 1647 1311 1684 ea:
1338 1630 1427 1685 lib.
1459 1631 1601 1686 Sent.
1635 1630 1905 1704 Prosperi,
1942 1634 2157 1703 tom.X,

570 1720 712 1781 part.
764 1730 825 1777 ιι.
854 1716 956 1771 col.
984 1717 1119 1772 1870
1144 1729 1200 1773 et
1226 1726 1364 1791 seq.)

2267 547 2483 605 Christi.
2509 551 2620 607 Sub
2640 554 2745 609 alia
2768 556 3166 627 signiﬁcatione
3186 558 3748 633 intelligitur-tentatum

2261 655 2366 709 qua
2392 682 2407 707 ,
2447 653 2577 708 etc.,
2625 661 2785 716 usque
2825 647 2897 700 ad
2924 657 3210 717 portantur
3237 651 3373 722 (ld.,
3424 652 3510 707 lib.
3556 657 3611 710 de
3644 658 3746 719 Cm

2261 747 2466 801 erang.,
2498 748 2584 799 ιι.,
2612 746 2739 790 ιοιιι.
2777 736 2865 804 III,
2893 746 3034 808 part.
3067 755 3105 805 ι,
3136 741 3241 795 col.
3276 742 3417 798 H12
3446 753 3501 799 et
3522 748 3642 819 seq.)

2331 821 2447 876 Alia
2478 832 2602 878 sunt
2626 841 2792 881 onera
2823 827 2875 882 in
2902 828 3098 898 quibus
3124 833 3509 905 unusquisque,
3523 845 3753 911 etc.,uqu

2260 911 2329 964 ml
2361 926 2726 981 peccatorum.
2758 918 2884 989 (ld.,
2914 936 3071 974 serm.
3121 921 3186 976 de
3208 923 3346 978 verb.
3372 936 3551 995 opost.,
3588 937 3687 983 tom.
3710 930 3752 998 ι,

2259 1012 2400 1072 part.
2434 1020 2472 1071 ι,
2502 1006 2606 1062 col.
2639 1008 2789 1080 896.)

2331 1093 2467 1160 Quia
2491 1093 2706 1165 Veteris
2728 1099 3057 1156 Testamenti
3089 1104 3332 1159 custodia
3391 1106 3633 1171 timorem,
3668 1120 3752 1175 etc.,

2260 1199 2422 1254 usque
2436 1186 2505 1239 ad
2518 1187 2708 1259 erigat.
2744 1187 2867 1261 (ld.,
2902 1189 2991 1245 Lb.
3022 1207 3227 1246 Lxxxut
3250 1193 3432 1260 Quies.
3461 1203 3577 1250 tom.
3602 1196 3671 1261 VI,
3690 1199 3753 1253 col.

2261 1273 2331 1329 80
2359 1283 2413 1328 et
2446 1281 2585 1349 seq.)

2334 1366 2428 1421 Ille
2458 1368 2741 1440 languidus
2771 1374 2994 1443 grabato
3015 1377 3360 1444 portabatur,
3387 1390 3593 1436 sanatus
3621 1391 3756 1449 autem,

2260 1466 2392 1524 etc.,
2430 1477 2590 1531 usque
2619 1463 2689 1516 ad
2731 1465 3037 1535 proximum
3079 1477 3249 1521 tuum.
3290 1469 3415 1539 (ld.,
3448 1481 3587 1526 tract.
3619 1471 3753 1545 Erunt.

2262 1567 2364 1605 sec.
2394 1550 2586 1619 Joan.,
2612 1570 2750 1621 xvtt,
2782 1566 2914 1611 tom.
2947 1557 3035 1623 III,
3061 1568 3202 1628 part.
3232 1559 3291 1626 2,
3319 1562 3423 1616 col.
3447 1563 3611 1635 1552.)

2333 1640 2568 1697 Invicem
2594 1659 2762 1699 onera
2802 1655 2982 1701 vestra
3025 1657 3259 1717 portate,
3284 1658 3342 1704 et
3365 1651 3443 1705 sic
3482 1652 3759 1721 adimplebitis

2266 1735 2437 1805 legem
2468 1733 2689 1791 Christi.
2720 1735 2860 1793 Audi
2890 1738 3185 1806 Psalmum,
3219 1750 3353 1807 etc.,
3382 1760 3538 1815 usque
3562 1746 3623 1798 ad
3643 1745 3755 1814 legem

646 1806 893 1874 Quandiu
922 1812 1069 1866 vitiis
1092 1827 1441 1884 repugnatur,
1465 1827 1597 1883 etc.,
1624 1835 1783 1891 usque
1811 1821 1880 1874 ad
1901 1836 2158 1892 premun-
2184 1836 2232 1896 B
2263 1828 2594 1902 Christi.|(ld.
2623 1846 2779 1884 serm.
2807 1831 2871 1885 de
2895 1830 3067 1902 Epist.
3084 1806 3486 1902 Joan.,t,toni.
3508 1806 3756 1909 Imperiti,

574 1910 665 1952 tur
687 1900 930 1970 imperio.
953 1902 1142 1970 (Ibat,
1167 1907 1270 1959 col.
1294 1908 1479 1979 1875.)

648 1988 802 2054 Quod
826 1992 872 2044 si
900 1994 1086 2063 spiritu
1108 1996 1386 2064 ducimini,
1411 2016 1513 2054 non
1543 2002 1666 2055 estis
1694 2002 1788 2056 sub
1812 2003 1939 2074 lege.
1962 2003 2157 2076 Magna

576 2078 710 2134 milii
736 2080 949 2137 videtur
969 2087 1217 2153 qumstio,
1234 2090 1360 2158 quid
1385 2091 1453 2144 sit
1472 2106 1592 2147 esse
1612 2094 1733 2158 sub,
1758 2102 1861 2149 etc.
1876 2135 1889 2159 ,
1903 2112 2069 2167 usque
2089 2098 2158 2151 ad

576 2177 939 2238 peccatorem.
974 2175 1093 2245 (ld.,
1123 2178 1272 2248 epist.
1298 2179 1367 2232 ad
1395 2178 1641 2241 Πίθωνι..
1666 2190 1797 2236 tom.
1828 2182 1891 2248 II,
1920 2185 2024 2240 col.
2054 2186 2157 2242 284

573 2270 630 2315 et
659 2264 800 2335 seq.)

647 2353 808 2419 Caro,
841 2355 1037 2426 inquit,
1060 2361 1692 2430 concupiscitadversus,
1725 2372 1857 2432 etc.,
1887 2382 2049 2438 usque
2088 2369 2159 2423 ad

577 2441 863 2499 libertatis.
891 2446 1015 2516 (ld.,
1037 2448 1127 2502 lib.
1153 2450 1217 2504 de
1252 2449 1383 2505 Nat.
1416 2461 1462 2505 et
1485 2452 1648 2523 grat.)

650 2530 935 2602 Manifesta
952 2545 1125 2590 autem
1140 2546 1259 2591 sunt
1279 2555 1457 2608 opera,
1473 2550 1581 2594 etc.
1593 2580 1608 2606 ,
1633 2556 1803 2610 usque
1817 2542 1883 2597 ad
1906 2560 2009 2598 non
2029 2561 2156 2600 con-

576 2633 874 2695 sequentur.
903 2624 1036 2681 Cum
1083 2627 1269 2683 multis
1330 2630 1503 2684 modis
1558 2646 1693 2700 quos
1723 2635 2052 2701 perscrutari
2104 2645 2160 2691 et

574 2716 849 2789 colligere,
877 2726 1004 2784 etc.,
1032 2736 1194 2791 usque
1223 2719 1646 2791 adloqueretur.
1676 2721 1796 2791 (ld.,
1827 2723 1919 2778 lib.
1958 2724 2023 2779 de
2044 2724 2154 2781 Cir.

575 2807 676 2862 Dei
705 2823 817 2872 xw,
841 2823 891 2862 c.
920 2808 1012 2873 25,
1040 2818 1173 2864 tom.
1202 2809 1315 2873 VII,
1340 2809 1443 2865 col.
1466 2811 1570 2865 401
1600 2820 1656 2866 et
1682 2812 1822 2884 seq.)

647 2899 833 2954 Potest
857 2901 1012 2956 nobis
1036 2901 1080 2955 si
1116 2901 1385 2956 frumenta
1415 2902 1705 2967 dominica,
1732 2913 1862 2970 etc.,
1895 2921 2056 2976 usque
2090 2905 2159 2960 ad

578 2988 790 3045 alienus
824 2991 911 3045 sit.
957 2990 1078 3062 (ld.,
1108 2990 1198 3046 lib.
1225 3008 1278 3046 tv
1312 2993 1377 3047 de
1405 2991 1696 3062 Baptismo,
1730 3002 1859 3049 tom.
1893 2995 2001 3062 IX,
2051 2996 2155 3051 col.

577 3082 682 3137 1·ῑο
705 3091 759 3137 et
780 3084 919 3155 seq.)

651 3175 750 3242 Qui
783 3192 890 3231 non
920 3177 1093 3232 solum
1138 3178 1375 3245 diabolo,
1409 3187 1540 3243 etc.,
1573 3194 1733 3249 usque
1766 3179 1836 3231 ad
1874 3178 1927 3233 in
1966 3194 2151 3250 regno.
2184 3197 2228 3259 ς

578 3267 701 3332 (ld.,
734 3266 822 3321 lib.
856 3268 920 3321 de
949 3266 1199 3334 Civ.!Dei,
1227 3284 1316 3321 xv.

630 3358 889 3424 Quoniam
904 3360 992 3429 qui
1005 3358 1134 3412 talia
1149 3369 1331 3429 agunt,
1349 3375 1562 3428 regnum
1578 3359 1673 3413 De:
1686 3376 1787 3413 non
1803 3359 2156 3430 possidebunt.

575 3451 693 3506 Non
717 3453 806 3521 qui
838 3454 1099 3506 adversus
1141 3451 1266 3504 talia
1297 3449 1589 3521 conﬂigunt
1621 3468 1635 3505 :
1669 3451 1783 3516 sed,
1827 3459 1960 3515 etc.,
1991 3467 2154 3521 usque

574 3543 644 3596 ad
697 3543 791 3597 sed
847 3551 1054 3613 postea.
1113 3541 1244 3611 (ld.,
1286 3550 1438 3595 tract.
1483 3540 1617 3611 psal.
1668 3556 1852 3604 cxun,
1908 3550 2037 3596 tom.
2068 3540 2157 3608 IV,

573 3641 713 3702 part.
743 3648 816 3697 ιι,
849 3630 954 3685 col.
990 3629 1170 3701 1859.)

647 3723 883 3779 Fructus
910 3723 1053 3779 cnim
1082 3724 1303 3794 spiritus
1326 3719 1430 3789 est,
1452 3723 1710 3789 Charitas,
1733 3724 2005 3795 gaudium,
2029 3739 2157 3795 pax,

572 3800 959 3885 longanimitas
983 3856 996 3879 ,
1052 3816 1295 3881 bonitas,
1322 3816 1648 3886 benignitas,
1680 3816 1833 3882 ﬁdes,
1874 3817 2159 3882 modestia,

575 3905 929 3960 continentia.
961 3906 1236 3961 Adversus
1273 3906 1579 3978 liujusmodi
1616 3922 1721 3961 non
1747 3915 1830 3962 est
1858 3907 1964 3963 lex.
2005 3906 2161 3973 Quod

571 3996 839 4065 :uijunxit,
879 4003 939 4049 ut
986 3996 1387 4066 quodcunque,
1426 4006 1558 4063 etc.,
1608 4014 1772 4068 usque
1817 3998 1887 4051 ad
1938 3994 2163 4050 eﬂieitur

567 4088 761 4141 1ιοιιιιε.
787 4086 1080 4157 (ld.,tract.
1111 4088 1310 4160 Evang.
1335 4106 1439 4144 sec.
1466 4089 1626 4144 Joan.
1652 4106 1894 4155 Lxxxvu,
1922 4099 2051 4144 tom.
2072 4088 2158 4156 Ill,

570 4184 696 4244 part
748 4191 804 4238 ιι,
840 4176 943 4231 col.
974 4176 1111 4232 1852
1143 4186 1197 4232 et
1226 4176 1368 4249 seq.)

643 4268 745 4334 Qui
768 4278 940 4323 autent
966 4278 1085 4324 sunt
1120 4267 1347 4337 Christi,
1397 4286 1604 4325 carnem
1630 4310 1644 4336 ,
1688 4278 1819 4335 etc.,
1867 4284 2039 4340 usque
2093 4271 2159 4324 ad

565 4360 870 4414 invidentes.
901 4359 1162 4433 Congruit
1190 4350 1391 4417 nostra:
1428 4360 1723 4426 devotioni,
1746 4369 1875 4426 etc.,
1907 4377 2069 4432 usque
2089 4362 2160 4414 ad

567 4452 679 4508 Deo
704 4454 1032 4523 placentem.
1067 4453 1193 4527 (ld.,
1222 4470 1377 4510 serm.
1402 4454 1466 4510 de
1493 4452 1847 4525 Quadrages.,
1897 4461 2028 4510 tom.
2085 4453 2157 4520 ν,

564 4553 705 4615 part.
734 4561 775 4610 I,
808 4544 912 4600 col.
945 4542 1124 4617 1059.)
1878 4532 1891 4547 ’

636 4637 763 4692 Ilaec
788 4645 873 4693 est
900 4638 1137 4693 hominis
1151 4637 1262 4692 vita
1283 4637 1464 4702 beata,
1487 4644 1651 4706 atque
1678 4636 1985 4718 tranquilla,
2018 4644 2150 4703 etc.,

566 4747 730 4802 usque
758 4732 827 4784 ad
856 4730 1309 4800 concupiscentis.
1336 4728 1461 4801 (ld.,
1487 4728 1579 4784 lib.
1618 4738 1786 4784 contr.
1818 4728 2050 4785 Manicli.
2086 4730 2149 4802 ι.)

1185 4838 1410 4896 CAPUT
1446 4838 1515 4894 Vl

638 4933 876 4999 Fratres,
891 4943 938 4988 et
960 4935 1006 4989 si
1022 4942 1414 5004 pra'occupatus
1436 4931 1616 5002 fuerit,
1649 4939 1778 4996 etc.,
1796 4946 1965 5001 usque
1994 4932 2061 4987 ad
2088 4943 2147 4986 tu

562 5024 796 5079 tentet-is.
843 5024 1115 5089 Quzeritur
1146 5022 1287 5075 inter
1327 5028 1609 5091 peccatum
1655 5031 1711 5076 et
1754 5020 2007 5077 delictum
2030 5037 2151 5092 qua:

562 5116 650 5179 sit,
681 5123 812 5178 etc.,
837 5129 1000 5183 usque
1015 5112 1085 5165 ad
1108 5111 1497 5175 comprehensa
1523 5121 1665 5166 sunt.
1686 5111 1915 5182 (ld.,lib.
1945 5113 2146 5179 Qua'st.

564 5206 731 5261 Leuit.
762 5206 841 5259 tit.
871 5203 963 5269 20,
992 5212 1123 5258 tom.
1154 5202 1312 5269 CXV,
1342 5212 1480 5274 part.
1508 5220 1546 5269 ι,
1575 5203 1678 5259 col.
1705 5203 1798 5259 681
1828 5213 1883 5258 et
1909 5204 2051 5275 seq.)

638 5296 852 5351 Scimus
899 5302 1079 5349 autem
1135 5295 1260 5364 quia
1309 5294 1395 5350 lex
1423 5295 1685 5366 spiritalis
1726 5304 1826 5357 est,
1872 5311 1992 5367 ego,
2020 5306 2148 5360 etc.,

565 5403 727 5457 usque
758 5386 827 5439 ad
856 5385 934 5439 sic
973 5395 1073 5441 est.
1105 5386 1226 5458 (ld.,
1260 5404 1416 5441 serm.
1446 5387 1509 5441 de
1532 5387 1667 5441 rerb.
1691 5397 1883 5457 apost.,
1920 5398 2049 5441 tom.
2084 5387 2149 5454 V,

564 5483 708 5546 part.
740 5490 778 5540 ι,
809 5474 913 5527 col.
940 5475 1110 5545 856.).

640 5564 696 5617 Si
740 5577 1148 5636 prmoccupatus
1192 5566 1352 5623 fuerit
1387 5568 1549 5623 homo
1597 5568 1670 5634 in,
1716 5579 1850 5633 etc.,
1896 5584 2057 5641 usque
2084 5570 2152 5623 ad

452 5660 461 5665 '
567 5658 947 5727 compatientis
975 5658 1186 5717 allectu.
1220 5660 1341 5732 (ld.,
1364 5662 1513 5732 epist.
1542 5661 1611 5714 ad
1641 5660 1700 5717 S.
1742 5660 1986 5728 IIieron.,
2018 5667 2149 5717 tom.

569 5747 635 5810 Il.
665 5748 765 5803 col.
795 5749 945 5811 288.)

2330 1921 2366 1974 l.
2402 1923 2421 1975 1
2470 1921 2557 1976 87.

2261 1922 2679 2084 coQui9porzaut
2708 2015 2938 2070 invicem
2975 2031 3143 2072 onera
3185 2032 3284 2073 sua
3329 2018 3432 2073 nisi
3478 2020 3561 2089 qui
3602 2019 3752 2082 habent,

2258 2098 2386 2156 etc.,
2416 2109 2577 2161 usque
2604 2093 2673 2146 ad
2703 2094 2780 2148 ait
2806 2095 3115 2163 Apostolus.
3147 2096 3274 2168 (ld.,
3325 2106 3479 2152 tract.
3495 2098 3612 2169 μοι.
3632 2114 3756 2162 mu,

2261 2189 2391 2234 tom.
2431 2180 2516 2246 IV,
2551 2190 2691 2252 part.
2722 2199 2786 2249 ιι,
2809 2184 2912 2239 col.
2948 2184 3084 2242 1698
3110 2194 3167 2241 et
3193 2186 3338 2260 seq.)

2331 2290 2472 2345 Nam
2506 2292 2551 2346 si
2576 2293 2692 2362 quis
2710 2294 2974 2350 existimat
3003 2314 3058 2352 se
3083 2297 3287 2369 aliquid
3311 2316 3421 2355 esse
3456 2315 3563 2354 cum
3585 2299 3685 2354 nihil
3702 2302 3753 2363 sit,

2257 2382 2448 2451 ipsese
2468 2382 2691 2436 seducit.
2742 2382 2926 2453 Neque
2972 2387 3118 2442 enim
3174 2403 3406 2459 prorsus
3456 2389 3757 2445 nullaresest

2261 2472 2421 2527 homo
2472 2471 2539 2527 de
2588 2487 2695 2542 quo
2735 2474 2813 2528 ait
2838 2474 3149 2544 Apostolus.
3192 2477 3298 2546 Qui
3330 2495 3391 2535 se
3426 2489 3570 2551 putat
3605 2478 3753 2548 aliquid,

2258 2570 2364 2615 ete.
2392 2599 2408 2626 ,
2462 2576 2624 2631 usque
2662 2561 2733 2615 ad
2779 2563 3089 2620 sanitatem.
3134 2556 3257 2637 '(Id.
3305 2578 3460 2623 tract.
3495 2566 3662 2639 Euang.
3690 2582 3753 2621 ut.

2259 2649 2447 2716 Joan.,
2470 2665 2565 2717 cn,
2598 2662 2728 2706 tom.
2759 2651 2846 2717 Ill,
2871 2662 3012 2725 part.
3042 2671 3104 2722 ιι,
3132 2656 3235 2711 col.
3266 2657 3455 2729 1896.)

2332 2757 2584 2815 Laudans
2615 2760 2806 2817 invoca
2836 2762 3146 2824 Dominum.
3171 2766 3320 2820 etab
3347 2765 3569 2821 inimicis
3592 2766 3672 2821 tuis
3692 2763 3756 2818 sal-

2261 2867 2359 2907 vus
2404 2852 2533 2908 eris.
2597 2851 2733 2920 Quia
2783 2856 2927 2925 quod
2974 2856 3091 2927 ipse
3136 2856 3401 2913 Dominus
3442 2875 3457 2914 :
3508 2856 3753 2914 Sacriﬁcium

2261 2938 2453 3004 laudis,
2487 2948 2618 3005 etc.,
2651 2957 2813 3011 usque
2842 2945 2911 2996 ad
2940 2944 3063 2999 audi
3084 2943 3425 3015 Apostolum.
3458 2946 3569 3018 (ld.,
3589 2944 3755 3000 term:

2261 3028 2400 3084 verb.
2426 3027 2558 3099 Λρο.
2595 3027 2719 3100 xu.)

2331 3116 2477 3187 Opus
2505 3128 2679 3172 autem
2710 3136 2864 3174 suum
2883 3122 3058 3191 probet
3088 3127 3482 3197 unusquisque:
3510 3135 3554 3182 et
3583 3125 3752 3180 sicinn-

2260 3212 2497 3280 metipso,
2530 3220 2660 3277 etc.,
2687 3228 2860 3282 usque
2890 3213 2955 3267 ad
2983 3224 3251 3269 wternam.
3308 3217 3469 3272 Stulti
3509 3226 3558 3272 et
3592 3215 3663 3287 qui
3692 3211 3753 3267 sibi

2259 3302 2476 3373 placent
2533 3312 2786 3375 tanquam
2816 3306 2900 3369 de,
2932 3316 3058 3371 etc.,
3100 3324 3261 3379 usque
3287 3311 3363 3363 ad
3396 3311 3641 3381 glorietur.
3678 3305 3750 3378 (Ιώ.

2261 3393 2354 3450 lib.
2386 3394 2449 3449 de
2479 3392 2627 3449 Crat.
2656 3394 2795 3451 Novi
2839 3396 3033 3465 Testa.,
3066 3408 3196 3453 tom.
3224 3400 3284 3466 II,
3321 3402 3426 3457 col.
3451 3402 3585 3473 571.)

2334 3505 2402 3561 lit
2453 3522 2549 3561 nos
2594 3509 2811 3578 quidem
2864 3510 2932 3563 de
2978 3520 3178 3567 sanctae
3214 3513 3445 3584 virginis
3474 3512 3752 3582 disciplinast

2264 3593 2586 3661 humilitate,
2618 3606 2750 3661 etc.,
2775 3615 2938 3669 usque
2975 3600 3046 3652 ad
3072 3601 3250 3656 anima
3273 3603 3415 3673 ejus.
3444 3603 3555 3675 (ld.,
3580 3593 3751 3670 epist.“

2262 3687 2561 3752 lulianum,
2594 3697 2721 3742 tom.
2753 3687 2819 3753 ll,
2852 3689 2954 3744 col.
2986 3690 3137 3761 852.)

2332 3798 2537 3853 Bonum
2564 3800 2701 3854 enim
2744 3800 3015 3869 facientes,
3055 3809 3188 3868 etc.,
3241 3818 3416 3875 usque
3450 3804 3513 3858 ad
3555 3817 3639 3856 non
3670 3795 3751 3864 dtﬁ-

2262 3897 2473 3950 cientes.
2528 3894 2672 3951 Sane
2723 3897 2971 3965 quaedam
3017 3897 3267 3967 quamvis
3317 3899 3374 3953 in
3426 3898 3637 3958 nomine,
3670 3901 3750 3951 ειεοι

2264 4003 2424 4057 usque
2436 3988 2504 4041 ad
2530 3996 2811 4041 metemus.
2833 3988 2954 4056 (ld.,
2971 3998 3324 4061 tract.evang.
3349 3990 3691 4050 secJoath,
3708 3996 3751 4041 ιτ,
3830 3996 3831 4051 ι

2264 4086 2394 4130 ιοιιι.
2424 4076 2510 4141 III,
2536 4084 2673 4146 part.
2699 4093 2761 4141 ιι,
2784 4076 2886 4131 col.
2914 4078 3052 4133 1825
3087 4087 3143 4133 et
3168 4080 3309 4150 seq.)

2254 4164 2259 4169 ”
2333 4168 2532 4223 Semen
2550 4168 2745 4223 futurae
2759 4169 2952 4225 messis
2972 4184 3136 4241 opera
3151 4185 3272 4226 esse
3292 4167 3659 4230 misericordiae,
3671 4173 3752 4221 etc.,
3830 4208 3831 4235 ᾗ

2263 4276 2431 4328 usque
2453 4260 2525 4313 ad
2550 4259 2774 4315 valeat?
2797 4260 2919 4328 (ld.,
2952 4270 3110 4316 tract.
3125 4261 3260 4332 psal.
3286 4278 3400 4330 cn,
3427 4271 3552 4317 tom.
3578 4256 3752 4324 Illita“-

2262 4368 2324 4419 ιι,
2352 4351 2455 4407 col.
2497 4350 2681 4423 1468.)

2336 4448 2469 4503 Mihi
2503 4457 2679 4504 autem
2707 4448 2843 4504 absit
2872 4449 3107 4520 gloriari,
3140 4451 3243 4505 nisi
3276 4454 3330 4506 in
3361 4468 3527 4515 cruce,
3565 4456 3668 4508 etc.,
3698 4450 3752 4491 "9

2178 4543 2233 4604 D
2263 4554 2369 4610 que
2396 4540 2463 4594 ad
2488 4556 2619 4593 nova
2647 4549 2912 4594 creatura.
2942 4540 3257 4596 Dilexerunt
3298 4543 3444 4597 enim
3485 4538 3671 4613 gloriam
3692 4531 3751 4585 110·

2258 4630 2463 4684 miuum
2514 4629 2707 4700 magis,
2756 4638 2883 4692 etc.,
2936 4646 3097 4701 usque
3139 4631 3210 4684 ad
3244 4632 3451 4703 diligat.
3492 4630 3600 4703 (ld.,
3632 4628 3748 4711 tml-t
3830 4628 3831 4667 ἒ

2260 4720 2461 4792 Evang.
2492 4738 2595 4776 sec.
2625 4721 2787 4776 Joan.
2812 4738 2868 4787 v,
2894 4723 2946 4786 5,
2981 4731 3112 4776 tom.
3137 4722 3218 4785 III,
3245 4733 3388 4794 part.
3429 4739 3489 4780 ιι.
3514 4720 3604 4777 col.
3630 4710 3749 4773 1781.)

2332 4811 2447 4866 Ibat
2469 4827 2600 4882 ergo
2628 4812 2694 4867 ad
2734 4811 2912 4868 locum
2942 4812 3032 4868 ubi
3061 4814 3236 4871 fuerat
3257 4812 3644 4885 cruciﬁgemlus,
3663 4813 3746 4858 clo.

2254 4922 2417 4976 usque
2458 4905 2529 4958 ad
2585 4903 2809 4960 ferebat.
2863 4904 2988 4975 (ld.,
3032 4914 3186 4959 tract.
3220 4905 3419 4977 Evang.
3450 4900 3748 4961 seculoth

2260 5004 2390 5050 tom.
2416 4995 2504 5059 III,
2530 5004 2671 5065 part.
2704 5010 2767 5058 ιι,
2791 4994 2897 5049 col.
2942 4994 3080 5049 1915
3110 5003 3165 5048 et
3195 4997 3335 5067 seq.)

2331 5085 2452 5140 Fiat
2477 5101 2579 5155 pax
2632 5086 2686 5139 in
2733 5086 2935 5141 virtute
2986 5094 3096 5151 tua,
3140 5094 3269 5148 etc.,
3317 5102 3474 5158 usque
3505 5082 3636 5138 adiu
3662 5075 3746 5158 Βθοέ

2260 5177 2380 5244 (ld.,
2411 5185 2566 5230 tract.
2595 5175 2783 5247 psalm.
2811 5191 2959 5242 cm,
2984 5184 3115 5231 tom.
3136 5175 3229 5241 IV,
3263 5156 3403 5246 part.
3431 5191 3485 5235 ιι,
3506 5170 3598 5227 col.
3621 5156 3745 5259 lli”)

2330 5271 2386 5325 In
2459 5278 2721 5339 quantum
2783 5268 2879 5323 Dei
2947 5268 3266 5338 sapientiam
3329 5283 3424 5337 per
3468 5253 3745 5348 quam

2259 5371 2406 5427 sunt,
2442 5369 2569 5426 etc.,
2601 5376 2761 5430 usque
2783 5360 2852 5413 ad
2892 5361 3236 5416 morientem.
3265 5359 3383 5430 (ld.,
3408 5358 3494 5411 lib.
3534 5369 3568 5408 ιι
3595 5350 3647 5403 de
3672 5341 3744 5397 Τνί·

2258 5453 2441 5513 nitate,
2474 5458 2605 5504 tom.
2636 5448 2770 5514 vui,
2806 5448 2910 5504 col.
2941 5448 3091 5520 sos.)

2327 5544 2461 5599 Cum
2493 5542 2790 5598 viderimus
2817 5556 2938 5596 eum
2969 5540 3129 5597 sicuti
3173 5548 3276 5606 est,
3315 5539 3421 5611 jam
3467 5528 3654 5590 transiet
3684 5530 3742 5590 ['9‘

2258 5634 2574 5706 regrinatio,
2619 5640 2749 5699 etc.,
2781 5649 2946 5703 usque
2989 5632 3061 5686 ad
3104 5632 3495 5687 erubescamus.
3523 5619 3605 5693 (Id.
3635 5621 3739 5669 δεηι·

2257 5728 2322 5783 de
2344 5742 2448 5782 rer.
2477 5735 2643 5797 apost.
2671 5726 2761 5793 20,
2789 5734 2920 5785 tom.
2949 5723 3012 5791 ν,
3044 5732 3189 5795 part.
3214 5740 3254 5790 ι,
3278 5722 3377 5779 col.
3405 5718 3537 5788 181.)
