3902 6300
190 308 314 364 τιὸ

1032 311 1394 369 exposmo
1429 313 1494 368 IN
1532 315 1678 399 El’l’.
1736 294 1963 372 PAULI.
2004 350 2075 360 —
2114 321 2220 375 ΕΡ.
2262 323 2352 376 AD
2393 324 2635 380 penes.

3314 366 3319 373 .
3359 323 3464 381 571

278 419 405 475 Mihi
438 429 617 477 autem
663 422 801 477 absit.
827 422 1065 494 gloriari,
1109 426 1211 480 nisi
1260 426 1312 479 in
1345 440 1505 481 cruce
1569 427 1778 480 Domini
1813 440 1858 497 Α
1958 432 2026 485 Et
2054 436 2346 507 quicunque
2376 438 2511 490 hanc
2537 454 2735 506 regum,
2781 446 2908 501 etc.,
2950 454 3120 508 usque
3156 439 3223 492 ad
3249 439 3465 508 fratres,

190 511 377 565 nostri
404 510 531 567 Iesu
575 511 797 569 Christi.
848 512 1070 569 Poterat
1115 515 1317 581 dicere,
1350 528 1478 581 etc.,
1518 533 1680 587 usque
1714 518 1783 571 ad

189 599 412 654 deﬁxit.
451 601 573 672 (ld.,
598 602 732 657 Item
764 620 829 658 ea:
849 606 1027 659 eodem
1067 622 1281 672 sermo.,
1316 615 1445 662 tom.
1475 605 1540 673 V,
1574 615 1712 677 part.
1741 622 1781 673 ι,

187 688 308 744 col.
339 690 491 765 875.)

274 778 582 836 Gloriemur
614 797 746 854 ergo
778 794 834 838 et
869 800 969 840 nos
992 828 1006 848 ,
1038 795 1143 842 etc.
1166 828 1181 853 ,
1205 805 1367 859 usque
1394 789 1463 842 ad
1494 787 1781 845 collocavi-

192 882 350 923 mus.
382 870 507 938 (ld.,
535 888 691 927 serm.
718 873 782 928 de
813 872 940 932 Pas.
969 876 1149 950 Dom.)

1893 524 2076 577 Amen.
2095 525 2347 581 Novimus
2369 528 2587 597 quidem
2611 529 2792 595 Israel,
2818 538 2942 595 etc.,
2961 546 3123 601 usque
3149 530 3217 583 ad
3245 531 3468 586 convin-

1892 625 2041 671 cunt.
2075 615 2200 687 (Id.,
2223 617 2311 671 Iib.
2337 618 2513 673 adver.
2544 619 2807 690 Juda'os.)

1963 703 2138 775 Super
2163 705 2327 761 Israel
2376 708 2800 778 magniﬁcentia,
2832 719 2938 767 etc.
2959 751 2974 779 ,
3006 727 3166 782 usque
3193 709 3263 765 ad
3291 708 3348 765 in
3376 725 3436 765 se
3462 744 3469 753 -

1892 797 2061 852 mine.
2097 796 2220 868 (ld.,
2249 808 2402 853 tract.
2434 799 2568 867 psal.
2599 807 2792 857 uva.)

1047 1195 1156 1276 IN
1236 1197 1827 1277 EPISTOLAM
1902 1199 2037 1276 AD
2114 1200 2633 1279 EPHESIOS.

674 1429 678 1433 ’
732 1434 1241 1494 ARGUMENTUM.

273 1524 493 1592 Ephesii
523 1533 649 1581 sunt
686 1525 893 1582 Asiani.
943 1527 1030 1594 lli,
1062 1538 1282 1600 accepto
1317 1547 1485 1587 veroo
1514 1541 1782 1599 veritatis,

187 1618 558 1688 persisterunt
588 1618 640 1672 in
672 1616 796 1672 ﬁde.
840 1618 951 1675 Hos
990 1620 1261 1677 collaudat
1307 1622 1597 1695 Apostolus
1640 1627 1777 1681 scri-

1966 1442 2265 1498 Secunzlum
2308 1442 2657 1514 operationem
2701 1443 2967 1512 potentire,
2993 1450 3097 1499 etc.
3124 1483 3138 1509 ,
3197 1459 3365 1516 usque
3403 1447 3471 1504 ad

1890 1535 1985 1589 sub
2008 1533 2223 1604 pedibus
2254 1533 2390 1603 ejus.
2429 1532 2540 1588 Nec
2576 1548 2670 1589 eos
2702 1533 2985 1588 audiamus
3027 1534 3116 1604 qui
3158 1545 3357 1605 negant
3404 1536 3473 1591 ad

1890 1626 2167 1681 dexteram
2212 1626 2390 1681 Patris
2437 1626 2642 1688 sedere,
2683 1633 2787 1701 etc.
2818 1665 2833 1692 ,
2872 1642 3033 1696 usque
3069 1624 3139 1680 ad
3177 1642 3295 1682 esse
3323 1629 3471 1710 posi-

184 1706 471 1767 henseisa
498 1709 669 1765 Roma
690 1711 753 1766 de
773 1726 994 1767 carcere
1026 1728 1123 1783 per
1151 1714 1442 1785 Tychicum
1473 1718 1776 1774 diaconum.
1814 1748 1857 1807 Β
1890 1727 2090 1773 turum.
2111 1718 2232 1789 (ld.,
2263 1717 2353 1773 lib.
2380 1717 2444 1773 de
2468 1715 2898 1788 Ago.Christian.
2927 1716 3158 1785 tom.Vl,
3187 1718 3289 1774 col.
3320 1706 3472 1792 303.)

714 1818 942 1876 CAPUT
977 1821 1269 1879 PRIMUM.
1738 1892 1743 1899 ι

271 1909 477 1965 Paulus
517 1912 795 1982 Apostolus
831 1913 961 1970 Jesu
994 1915 1188 1973 Christi
1217 1936 1310 1989 per
1334 1921 1648 1976 voluntatem
1681 1921 1780 1976 Dei

189 2009 395 2055 sanctis
419 2002 657 2057 omnibus
674 2004 763 2073 qui
791 2014 913 2059 sunt
941 2004 1152 2076 Ephesi,
1178 2018 1225 2062 et
1248 2009 1510 2077 ﬁdelibus,
1533 2018 1663 2076 etc.,
1691 2027 1780 2066 us-

188 2107 307 2162 que
343 2092 411 2147 ad
453 2092 795 2164 Evangeliam
828 2095 1015 2151 salutis
1067 2108 1250 2153 vestra:
1282 2099 1563 2169 recepistis.
1604 2100 1781 2170 Elegit

190 2186 344 2241 Deus
363 2184 417 2239 in
437 2183 655 2240 Christo
684 2193 808 2240 ante
831 2185 1015 2240 mundi
1046 2188 1503 2255 constitutionem,
1536 2200 1664 2253 etc.,
1694 2208 1780 2244 us-

188 2292 298 2345 que
324 2275 393 2328 ad
415 2275 634 2351 novatio
655 2274 770 2329 Dei.
798 2273 879 2344 (S.
903 2276 1041 2346 Aug.
1063 2316 1079 2340 ,
1101 2274 1192 2330 lib.
1227 2277 1291 2331 de
1310 2276 1779 2334 Pra'destinatione

190 2373 518 2429 sanctorum,
552 2375 681 2422 tom.
714 2364 782 2430 X,
807 2374 949 2436 part.
975 2383 1016 2431 t,
1043 2367 1148 2422 col.
1179 2367 1283 2423 986
1305 2377 1359 2422 et
1388 2368 1529 2439 seq.)

270 2454 342 2510 Ut
370 2458 534 2511 simus
580 2457 751 2511 sancti
788 2465 836 2509 et
884 2456 1212 2511 immaculati
1251 2458 1306 2513 in
1341 2468 1613 2529 conspectu
1641 2459 1775 2529 ejus.

192 2547 317 2602 Hoc
367 2547 547 2618 agitur
585 2556 646 2602 ut
693 2547 799 2602 hoc
844 2548 1053 2612 simus,
1096 2553 1141 2602 si
1196 2548 1530 2604 intmaculati
1579 2548 1781 2603 intelli-

190 2637 382 2708 gendi,
409 2646 535 2702 etc.,
565 2655 726 2708 usque
747 2638 816 2693 ad
844 2650 1045 2708 posset.
1072 2637 1170 2709 (Id.
1200 2637 1292 2693 lib.
1326 2640 1390 2693 de
1416 2638 1563 2708 Perf.
1597 2639 1778 2709 justit.

189 2729 447 2793 hominis,
469 2738 579 2785 tom
606 2727 675 2796 Χ,
699 2738 838 2800 part.
863 2745 905 2796 ι,
935 2730 1037 2786 col.
1068 2730 1219 2801 312.)

268 2817 579 2873 lnstaurare
618 2820 793 2874 omnia
825 2836 878 2873 tn
907 2818 1137 2885 Christo,
1172 2836 1288 2891 qua:
1312 2819 1365 2873 in
1400 2821 1563 2885 cretis,
1588 2832 1634 2874 et
1665 2837 1782 2891 quia

187 2908 250 2961 in
280 2917 422 2962 terra
452 2918 573 2963 sunt
602 2909 657 2962 in
688 2925 818 2979 ipso.
847 2907 978 2975 Quae
1004 2909 1056 2963 in
1080 2908 1283 2963 sanctis
1307 2909 1511 2979 angelis
1539 2919 1592 2965 et
1614 2911 1784 2964 virtu-

190 2996 341 3050 tibus
367 2996 461 3052 Dei
483 3004 583 3062 est,
601 3007 731 3064 etc.,
757 3016 917 3070 usque
941 3000 1010 3052 ad
1042 3009 1388 3055 renovantur.
1407 3001 1531 3073 (ld.,
1555 2999 1646 3054 lib.
1671 3000 1784 3055 En-

190 3088 355 3154 chir.,
391 3096 516 3145 tom.
552 3089 640 3155 VI,
666 3090 770 3145 col.
793 3091 900 3147 260
926 3100 979 3146 et
1002 3093 1142 3164 seq.)

264 3175 339 3231 In
380 3194 482 3247 quo
526 3179 685 3233 etiam
728 3190 866 3234 sorte
907 3182 1078 3235 vocati
1120 3198 1326 3235 sumus.
1385 3181 1601 3237 Sortem
1652 3182 1784 3237 dicit

188 3269 428 3339 gratiam
480 3285 584 3340 qua
613 3310 629 3336 ,
677 3278 783 3325 etc.
816 3311 832 3337 ,
880 3288 1039 3342 usque
1078 3273 1148 3326 ad
1194 3274 1407 3329 essetis.
1455 3272 1578 3343 (ld.,
1625 3283 1778 3327 tract.

187 3358 334 3429 psal.
360 3375 544 3425 xxxrv,
578 3369 707 3415 tom.
731 3360 820 3427 IV,
854 3372 992 3431 part.
1020 3380 1061 3427 ι,
1097 3363 1200 3418 col.
1235 3363 1341 3418 246
1367 3374 1423 3419 et
1443 3363 1582 3433 seq.)

268 3447 642 3503 Prcedestinati
664 3451 945 3504 secundum
967 3453 1287 3521 propositum
1317 3453 1453 3523 ejus,
1487 3455 1574 3524 qui
1607 3455 1783 3507 omnia

189 3549 443 3610 operatur
473 3540 759 3595 secundum
781 3541 1057 3595 consilium
1088 3542 1371 3598 voluntatis
1410 3561 1537 3597 sure.
1573 3543 1785 3598 Praede-

187 3632 385 3687 stinati
432 3635 727 3689 secundum
779 3636 1113 3706 propositum
1165 3638 1257 3707 qui
1306 3647 1597 3709 operatur,
1649 3646 1782 3701 etc.,

188 3739 360 3793 usque
410 3725 479 3777 ad
524 3725 666 3794 quod
712 3726 806 3780 ait.
856 3725 1096 3797 (ld.,lib.
1141 3728 1206 3782 de
1229 3725 1411 3783 Prwd.
1462 3738 1782 3796 sanctorum,

186 3823 331 3889 tom.
366 3812 429 3878 Χ,
461 3824 603 3884 part.
634 3831 674 3880 ι,
703 3817 807 3871 col.
838 3817 987 3889 988.)

264 3901 336 3956 In
362 3919 465 3973 quo
493 3912 540 3958 et
569 3904 834 3960 credentes
859 3907 1052 3976 signati
1073 3908 1194 3961 estis
1214 3908 1399 3977 spiritu
1424 3908 1784 3978 promissionis

184 4003 397 4059 sancto,
417 3995 505 4064 qui
528 3997 717 4067 pignus
741 3997 1059 4051 Ita’reditatis
1087 4007 1279 4052 nostra:
1303 3999 1357 4051 in
1386 3998 1785 4067 redemptionem

186 4084 592 4153 acquisitionis,
640 4087 695 4140 in
733 4085 942 4168 laudem
985 4085 1169 4157 gloriae
1221 4087 1406 4158 ipsius.
1461 4085 1664 4142 Diﬂusa
1700 4094 1785 4143 est

188 4175 341 4230 enim
396 4176 633 4232 charitas
676 4177 878 4233 Christi
925 4178 984 4232 in
1041 4178 1312 4244 cordibus,
1346 4186 1475 4246 etc.,
1512 4195 1675 4249 usque
1714 4179 1783 4234 ad

186 4264 395 4324 sumcit
420 4268 595 4324 nobis.
625 4268 744 4337 (ld.,
760 4285 863 4323 ser.
886 4268 951 4324 de
975 4268 1172 4323 visione
1198 4268 1315 4335 Dei,
1334 4278 1464 4325 tom.
1481 4267 1545 4334 V,
1574 4276 1715 4340 part.
1744 4285 1780 4336 ι,

185 4356 305 4414 col.
334 4352 519 4413 l58'et
545 4358 688 4433 seq.)

164 3886 193 3901 Ι

1954 1809 2023 1864 Et
2052 1810 2223 1880 ipsum
2279 1809 2421 1863 dedit
2454 1818 2607 1880 caput
2632 1850 2646 1872 ,
2675 1818 2805 1874 etc.,
2829 1824 2999 1878 usque
3023 1809 3090 1863 ad
3133 1808 3471 1879 adimpletur.

1879 1898 2091 1954 Nullum
2119 1899 2293 1969 majus
2320 1899 2516 1954 donum
2540 1908 2799 1970 praestare
2829 1909 3012 1969 posset
3038 1901 3181 1955 Deus
3204 1940 3219 1966 ,
3252 1909 3359 1956 etc.
3385 1917 3476 1955 us-

1878 2006 1977 2060 que
2002 1990 2071 2042 ad
2103 1988 2244 2045 Deus
2270 1998 2452 2045 noster
2490 1989 2614 2062 (ld.,
2644 1999 2798 2044 tract.
2840 1989 2975 2060 psal.
3002 2006 3199 2046 Lxxxv.
3227 1998 3355 2046 tom.
3382 1990 3451 2048 IV

1880 2089 2020 2151 part.
2059 2097 2095 2135 ll
2120 2122 2134 2147 ,
2165 2081 2268 2137 col.
2303 2081 2485 2153 1081.)

2509 2173 2737 2230 CAPUT
2782 2175 2844 2229 II.

1953 2262 2020 2317 Et
2050 2281 2139 2320 vos
2162 2282 2280 2319 cum
2308 2266 2485 2320 essetis
2506 2267 2699 2320 mo’rtui
2724 2265 2927 2320 delictis
2952 2277 3000 2322 et
3022 2268 3247 2337 peccatis
3271 2270 3472 2333 vestris,

1882 2356 1935 2410 in
1963 2356 2168 2426 quibus,
2228 2367 2331 2412 etc.
2360 2397 2376 2422 ,
2416 2373 2586 2427 usque
2636 2355 2702 2410 ad
2749 2358 3143 2427 cogitationum.
3184 2358 3475 2415 Nubilosus

1880 2449 1983 2504 iste
2012 2464 2105 2504 aer
2158 2448 2224 2503 ad
2251 2447 2504 2519 abyssum
2550 2447 2817 2517 pertinet,
2847 2448 2936 2503 ubi
2967 2449 3160 2513 nubes,
3188 2450 3297 2515 ubi,
3344 2458 3475 2514 etc.,

1880 2556 2044 2610 usque
2083 2540 2151 2593 ad
2180 2540 2360 2594 mundi
2389 2539 2479 2595 sit.
2535 2537 2656 2609 (ld.,
2691 2548 2845 2592 tract.
2901 2539 3037 2609 psal.
3068 2554 3289 2606 cxcvm,
3341 2549 3472 2596 tom.

1881 2631 1969 2695 lV_,
2009 2641 2149 2701 part.
2180 2648 2241 2696 tt,
2268 2631 2373 2686 col.
2407 2629 2593 2700 1545.)

1958 2721 2083 2777 Haec
2111 2731 2291 2776 autem
2330 2730 2567 2792 potestas
2610 2721 2977 2787 tenebrarum,
3018 2722 3071 2778 id
3092 2729 3177 2779 est
3206 2722 3472 2788 diabolus,

1886 2818 1997 2887 qui,
2025 2826 2153 2882 etc.,
2186 2833 2347 2886 usque
2373 2815 2443 2870 ad
2478 2814 2820 2869 viviticantis.
2855 2813 2954 2884 (Id.
2977 2854 2993 2881 ,
3024 2815 3173 2884 epist.
3205 2814 3276 2869 ad
3315 2814 3473 2882 I’ital,

1887 2917 2012 2962 tom.
2050 2908 2114 2974 II,
2142 2907 2245 2963 col.
2274 2907 2416 2977 982.,

1956 2997 2117 3060 Misit,
2146 2997 2339 3067 inquit,
2368 2998 2420 3051 in
2460 3010 2555 3052 eos
2582 2996 2737 3050 'iram
2787 2996 3170 3067 indignationis
3218 3012 3366 3053 sure:
3395 2997 3478 3054 in-

1806 3096 1850 3157 ρ
1886 3088 2246 3159 dignationem
2292 3096 2347 3143 et
2370 3087 2529 3153 iram,
2557 3095 2685 3151 etc.,
2715 3103 2875 3158 usque
2903 3088 2972 3141 ad
3001 3086 3319 3143 vindicaret.
3351 3088 3475 3159 (ld.,

1882 3187 2034 3233 tract.
2089 3179 2225 3251 psal.
2285 3195 2467 3233 Lxxvn
2490 3219 2505 3244 ,
2539 3186 2669 3233 tom.
2716 3177 2785 3233 IV
2811 3219 2824 3244 ,
2856 3187 2996 3249 part.
3033 3195 3071 3245 ι,
3105 3179 3205 3235 col.
3258 3180 3387 3236 1001
3422 3190 3480 3237 et

1889 3283 1980 3336 seu
2013 3269 2030 3336 )
3462 3282 3468 3289 '

1961 3357 2094 3413 Vere
2120 3359 2223 3414 sibi
2254 3359 2487 3415 consulit
2516 3362 2605 3429 qui
2640 3360 2805 3415 Deum
2829 3361 3065 3431 iudicem
3089 3364 3312 3433 cogitat,
3337 3363 3478 3435 apud

1886 3464 2065 3517 quem.
2099 3461 2229 3513 etc..,
2265 3467 2426 3521 usque
2452 3452 2518 3503 ad
2556 3451 2821 3505 vincebat.
2868 3452 3056 3522 (Idem,
3093 3469 3249 3507 serm.
3289 3455 3344 3508 in
3384 3471 3478 3508 na-

1882 3537 1978 3590 tali
2009 3538 2068 3592 S.
2104 3536 2375 3608 Cypriani,
2418 3547 2550 3591 tom.
2573 3537 2641 3603 V,
2675 3548 2817 3608 part.
2846 3555 2883 3605 ι,
2917 3540 3019 3595 col.
3056 3541 3185 3595 Mli
3222 3553 3277 3596 et
3301 3545 3444 3613 seq.)

1953 3628 2088 3682 Cum
2122 3630 2256 3685 tales
2286 3646 2385 3685 nos
2416 3631 2887 3701 interrogaverunt
2935 3633 3009 3697 in,
3039 3642 3125 3687 etc
3155 3673 3169 3698 ,
3217 3651 3379 3703 usque
3407 3635 3475 3687 ad

1884 3718 1951 3773 de
1985 3719 2089 3773 illis
2120 3730 2394 3789 operetur.
2422 3723 2542 3790 (ld.,
2597 3732 2750 3777 tract.
2797 3723 2929 3793 psal.
2957 3739 3178 3786 csum,
3224 3731 3355 3778 tom.
3380 3723 3471 3788 IV,

1884 3818 2024 3881 part.
2058 3827 2118 3874 tt,
2148 3812 2250 3865 col.
2280 3812 2415 3867 1940
2450 3814 2623 3882 (sensu
2646 3814 2908 3885 mystico).
2966 3830 2972 3837 '

1956 3898 2023 3953 Et
2050 3916 2257 3953 eramus
2291 3911 2483 3955 natura
2510 3902 2611 3971 ﬁlii
2634 3904 2727 3958 ira:
2753 3905 2885 3959 sicut
2913 3914 2959 3959 et
3003 3907 3199 3960 ca'teri.
3232 3906 3332 3975 Qui
3373 3923 3472 3961 au-

1888 3998 1995 4043 tem
2026 3989 2333 4044 incredulus
2356 4000 2441 4045 est
2464 3991 2625 4054 Filio.
2668 4009 2773 4047 non
2806 3994 3027 4058 videbit,
3055 4005 3185 4062 etc.,
3215 4012 3378 4068 usque
3404 3997 3474 4050 ad

1885 4079 2183 4135 hominem.
2215 4080 2339 4146 (ld.,
2359 4091 2512 4136 tract.
2537 4081 2741 4153 Evang.
2765 4101 2868 4153 sec.
2899 4084 3060 4140 Joan.
3080 4101 3194 4153 xw,
3222 4096 3353 4143 tom.
3384 4085 3473 4155 111,

1887 4185 2032 4246 part.
2062 4191 2122 4243 tt,
2153 4175 2255 4231 col.
2288 4176 2472 4244 1510.)

1957 4266 2139 4323 Genus
2163 4267 2458 4322 humanum
2488 4276 2571 4323 est
2600 4267 2703 4323 iste
2744 4284 2941 4324 crecus.
2985 4268 3113 4325 Haec
3136 4269 3280 4324 enim
3310 4270 3473 4325 (ξωεί-

1885 4366 1989 4422 tas,
2020 4366 2148 4419 etc.,
2180 4372 2341 4429 usque
2385 4357 2454 4411 ad
2483 4357 2721 4413 inolevit.
2755 4359 2877 4430 (ld.,
2926 4368 3082 4414 tract.
3127 4357 3328 4430 Evang.
3368 4375 3470 4414 sec.

266 4447 554 4520 Propterea
595 4459 643 4504 et
672 4466 763 4521 ego
793 4450 1034 4516 audiens,
1059 4461 1188 4516 etc.,
1217 4466 1389 4521 usque
1415 4453 1481 4507 ad
1505 4467 1598 4522 pro
1620 4449 1783 4505 vobis.
1816 4458 1868 4519 ι)
1889 4447 2073 4511 Joan.,
2104 4463 2250 4515 XLIV,
2273 4449 2337 4503 de
2362 4448 2646 4504 illuminat.
2675 4452 2801 4505 eieci
2830 4452 2963 4515 nati,
2983 4459 3115 4506 tom.
3144 4450 3229 4517 Ill,
3251 4458 3472 4521 part.tt,

186 4541 310 4598 Deo
329 4542 529 4614 gratias
557 4542 670 4614 agit
719 4542 1009 4612 Apostolus
1062 4559 1162 4615 pro
1196 4544 1280 4599 his
1307 4544 1421 4615 qui,
1444 4554 1554 4600 etc.
1582 4585 1597 4610 ,
1628 4560 1789 4615 usque

186 4634 264 4689 ad
280 4631 578 4702 iudicetur.
597 4634 695 4706 (Id.
718 4632 808 4689 lib.
835 4634 898 4689 de
916 4632 1095 4689 Prccd.
1121 4645 1287 4690 sanct.
1314 4644 1443 4692 tom.
1478 4636 1547 4703 X,
1574 4644 1714 4705 part.
1745 4651 1787 4703 ι,

190 4723 303 4780 col.
331 4723 481 4797 989.)

262 4811 381 4869 Hoc
416 4822 473 4868 et
496 4814 789 4885 gratiarum
825 4816 965 4870 actio
992 4817 1215 4880 indicat,
1249 4817 1414 4886 quod,
1442 4825 1546 4872 etc.
1568 4858 1582 4882 ,
1628 4834 1790 4887 usque

187 4904 264 4957 ad
303 4912 359 4958 et
408 4904 478 4960 ab
500 4900 599 4961 eis.
650 4904 776 4977 (ld.,
816 4908 966 4977 epist.
1014 4908 1083 4960 ad
1124 4905 1375 4975 Vilalem,
1430 4918 1561 4963 tom.
1588 4907 1651 4973 ll,
1683 4909 1786 4965 col.

186 4996 302 5052 988
323 5004 378 5050 et
405 4997 547 5068 seq.)

266 5088 582 5145 Memoriam
609 5092 764 5147 vestri
794 5092 989 5161 faciens
1016 5094 1071 5146 in
1092 5093 1436 5158 orationibus,
1458 5102 1589 5161 etc.,
1618 5110 1790 5165 usque

188 5178 264 5234 ad
318 5179 373 5233 in
422 5180 742 5249 agnitionem
799 5181 934 5251 ejus.
1010 5181 1226 5237 Patrem
1276 5191 1557 5254 propterea
1622 5185 1787 5239 etiam

188 5271 371 5327 Deum
397 5286 520 5327 esse
545 5272 987 5345 Unigeniti,etc.,
1010 5292 1173 5345 usque
1198 5276 1268 5330 ad
1301 5276 1365 5332 de
1393 5291 1510 5332 suo.
1544 5276 1662 5348 (ld.,
1694 5276 1786 5332 lib.

182 5369 334 5415 cont.
363 5360 586 5417 Maxim.
610 5378 646 5429 ι,
680 5372 809 5419 ιοηι.
839 5363 974 5431 VIII,
1001 5364 1105 5420 col.
1141 5364 1244 5419 749
1268 5363 1289 5435 )

264 5449 600 5508 Illuminatos
646 5454 824 5509 oculos
870 5455 1066 5521 cordis,
1116 5463 1451 5526 etc.,usque
1480 5455 1546 5509 ad
1586 5457 1641 5509 in
1694 5472 1786 5510 nos

184 5541 286 5613 qui
309 5540 647 5598 credidimus.
678 5543 848 5609 Redi,
878 5545 992 5599 redi
1019 5562 1032 5597 :
1081 5545 1205 5601 tolle
1235 5555 1286 5601 te
1311 5562 1341 5601 a
1379 5561 1624 5616 corpore.
1654 5545 1787 5601 Cor-

184 5646 318 5705 pus,
346 5640 479 5699 etc.,
515 5651 677 5706 usque
702 5636 771 5688 ad
802 5636 891 5689 ubi
913 5636 1083 5691 vides.
1139 5635 1262 5700 (ld.,
1298 5648 1449 5691 tract.
1484 5637 1651 5692 Evau.
1680 5654 1779 5693 ser.

181 5724 357 5783 ιιοαιι.
390 5740 544 5785 mn.
577 5735 705 5782 tom.
745 5726 829 5786 Ill.
861 5737 999 5784 oart.
1029 5745 1100 5787 tt.
1130 5728 1231 5784 col.
1268 5728 1391 5782 1511
1424 5737 1479 5784 et
1505 5728 1645 5795 seq.)

1891 4540 1995 4597 col.
2027 4541 2163 4596 1715
2188 4550 2244 4596 et
2280 4542 2423 4611 seq.)

1962 4631 2271 4685 Tenebatur
2298 4630 2480 4701 itaque
2522 4643 2670 4700 Justa
2709 4632 3053 4687 damnatione
3101 4646 3289 4702 genus,
3342 4641 3472 4689 etc..

1890 4737 2053 4775 usque
2077 4720 2146 4774 ad
2172 4721 2398 4790 accepit.
2427 4721 2550 4790 (ld.,
2577 4721 2668 4776 lib.
2694 4721 2936 4787 Encltir.,
2960 4730 3090 4776 tom.
3120 4708 3208 4787 νιζ
3236 4723 3340 4777 col.
3368 4722 3474 4779 248

1888 4820 1943 4865 et
1979 4810 2117 4882 seq.)

1961 4900 2080 4972 Ipsa
2104 4911 2188 4958 est
2209 4903 2290 4957 ira
2319 4911 2426 4967 tua,
2453 4903 2703 4969 DOmitlc,
2735 4904 2788 4958 in
2814 4904 3011 4970 Adam,
3049 4912 3180 4972 etc.,
3216 4922 3378 4977 usque
3403 4906 3472 4959 ad

1888 5004 2047 5051 natus
2095 5003 2198 5051 est.
2251 4997 2373 5068 (ld.,
2405 5004 2559 5050 tract.
2599 4994 2734 5066 psal.
2778 5010 2873 5062 cn,
2926 5003 3058 5051 tom.
3094 4994 3187 5063 IV,
3217 5005 3358 5067 part.
3408 5011 3471 5061 tt,

1888 5086 1992 5142 col.
2037 5086 2216 5157 issi.)

1960 5177 2163 5232 Natura
2196 5177 2352 5233 nobis
2384 5176 2525 5231 facta
2562 5183 2644 5231 est
2692 5191 2874 5246 poma.
2928 5177 3003 5232 Ex
3046 5178 3467 5245 vindicta,-ctc.,

1889 5286 2051 5341 usque
2069 5270 2139 5323 ad
2161 5269 2486 5324 dubitemus.
2513 5268 2636 5339 (ld.,
2659 5278 2812 5323 tract.
2838 5269 2975 5339 psal.
3006 5278 3358 5338 xxxvn,tom.
3377 5269 3468 5333 IV,

1886 5368 2028 5429 part.
2062 5374 2100 5423 ι,
2139 5358 2244 5414 col.
2272 5358 2423 5430 598.)

1959 5449 2205 5504 Vindicta
2229 5449 2372 5503 enim
2395 5450 2575 5518 primi,
2603 5458 2733 5515 etc.,
2760 5467 2923 5522 usque
2954 5452 3025 5506 ad
3052 5453 3321 5523 przehetur
3346 5465 3465 5519 gra-

1888 5541 1978 5596 tia.
2020 5540 2143 5611 (ld.,
2177 5549 2331 5596 tract.
2362 5541 2495 5611 psal.
2527 5541 2645 5609 LII.)

1957 5632 2146 5699 Qualis
2174 5633 2289 5688 sine
2313 5633 2445 5689 vitio
2484 5634 2755 5702 primitus,
2801 5645 2930 5701 etc.,
2963 5653 3123 5708 usque
3160 5635 3229 5691 ad
3261 5630 3464 5690 caeteri.

1889 5724 2011 5795 (ld.,
2036 5724 2125 5779 lib.
2156 5742 2171 5780 I
2202 5736 2406 5781 relract.
2443 5736 2572 5782 tom.
2602 5726 2639 5792 l,
2675 5728 2777 5783 col.
2812 5728 2958 5794 600.)
