3902 6300
123 268 237 324 377

982 276 1348 336 EXPOSITIO
1387 279 1454 336 lN
1483 278 1633 336 EPP.
1673 280 1902 339 PAULI.
1945 313 2010 322 _
2047 280 2152 336 ΕΡ.
2197 278 2290 336 AD
2327 265 2572 341 EPHES.

3304 281 3408 340 378

122 381 260 437 Ideo
305 380 538 452 Spiritus
581 393 802 443 sanctus
845 389 1086 446 Omnium
1135 393 1374 463 gentium
1419 393 1616 464 linguis
1656 408 1714 448 se
1743 402 1792 457 Α
1819 396 1918 462 xit,
1945 404 2075 460 etc.,
2119 413 2280 466 usque
2309 396 2378 450 ad
2420 394 2619 450 mentis
2661 392 2993 449 illuminatae.
3047 393 3169 463 (Id.,
3199 394 3291 450 lib.
3343 410 3407 449 ιιι

122 475 511 533 demonstrare
539 479 788 550 dignatus
809 490 913 548 est,
958 491 1092 550 etc.,
1123 503 1286 557 usque
1327 487 1395 539 ad
1430 486 1496 542 de
1545 487 1719 542 forma

121 563 404 635 gloriaris.
440 566 566 639 (Id.,
592 587 750 625 scrm.
782 571 802 625 1
833 574 888 627 in
929 571 1242 645 Pentecost.,
1274 586 1405 633 tom.
1430 578 1496 643 V,
1523 587 1725 645 part.1,

118 657 242 712 col.
278 659 460 733 ηδε.)

204 747 358 805 Unus
399 751 676 820 Dominus,
707 765 840 822 etc.,
883 772 1053 828 usque
1083 758 1149 814 ad
1189 761 1248 815 in
1273 760 1515 816 omnibus
1553 761 1720 814 nobis.

115 840 291 896 Aliud
339 853 466 899 sunt
515 861 579 901 ea
608 863 728 917 qua:
768 850 1064 906 creduntur
1093 870 1108 906 :
1137 852 1282 908 aliud
1319 853 1452 908 Iides
1477 868 1582 922 qua
1605 866 1725 906 ere-

121 929 316 998 ditur,
359 943 464 988 etc.
489 975 506 1001 ,
551 940 828 1008 usquead
881 941 1143 1009 praevidet
1182 943 1534 998 voluntatem.
1585 942 1721 1013 (Id.,

117 1019 224 1077 lib.
252 1039 346 1078 xm
370 1025 433 1078 de
462 1025 673 1093 Trinit.,
699 1037 832 1085 tom.
864 1031 998 1096 VIII,
1029 1032 1133 1087 col.
1169 1033 1308 1088 1016
1335 1043 1391 1087 et
1415 1033 1556 1103 seq.)

203 1111 526 1187 Unicuique,
573 1128 712 1185 etc.,
754 1136 925 1196 usque
968 1124 1034 1178 ad
1071 1139 1367 1178 mensuram
1424 1124 1725 1178 donationis

119 1202 347 1260 Caristi.
380 1207 520 1275 Quid
561 1219 646 1265 est
673 1212 818 1266 hoc?
863 1211 978 1268 Non
1007 1214 1150 1268 enim
1183 1215 1250 1268 ad
1297 1229 1605 1269 mensuram
1635 1215 1726 1268 dat

119 1295 278 1352 Deus
306 1299 575 1369 spiritum,
599 1312 728 1366 etc.,
755 1320 916 1374 usque
940 1306 1010 1358 ad
1033 1322 1138 1362 non
1157 1307 1223 1360 ad
1253 1322 1558 1362 mensuram
1589 1307 1729 1360 aceio

119 1387 228 1471 pit.
249 1389 370 1458 (Id.,
400 1400 555 1446 tract.
582 1393 633 1446 in
658 1392 860 1464 Evang.
887 1412 992 1450 sec.
1013 1396 1200 1464 Joan.,
1227 1406 1358 1452 tom.
1387 1397 1472 1463 III,
1491 1405 1630 1468 part.
1663 1414 1724 1464 ιι,

118 1479 237 1534 col.
272 1481 453 1552 1508.)

204 1568 434 1642 Propter
471 1575 613 1644 quod
653 1575 821 1642 dicit,
855 1585 983 1642 etc.,
1017 1593 1189 1647 usque
1225 1578 1289 1633 ad
1324 1587 1378 1632 ut
1422 1579 1730 1648 adimpleret

117 1661 331 1714 omnia.
360 1663 443 1718 Ad
473 1663 648 1734 ipsum
684 1665 968 1735 Dominum
992 1667 1260 1723 locutione
1290 1684 1570 1732 conversa,
1594 1677 1728 1733 etc.,

1821 492 1886 544 de
1926 489 2058 545 Gen.
2091 492 2159 544 ad
2191 490 2292 544 litt.
2327 501 2458 546 tom.
2491 489 2576 556 Ill,
2609 496 2747 560 part.
2781 505 2821 555 1,
2849 487 2953 544 col.
2982 487 3133 559 292.)

1893 583 1995 650 Qui
2040 599 2172 638 vero
2224 582 2629 638 commemorati
2681 589 3067 637 convertuntur
3107 580 3174 634 ad
3225 579 3409 634 Domi-

1823 687 1972 737 num,
1997 681 2129 737 etc.,
2160 689 2322 742 usque
2358 672 2428 726 ad
2455 688 2560 727 non
2592 672 2705 740 ipsa
2754 687 2875 740 qua:
2926 677 3238 724 renovatur.
3280 667 3406 738 (Id.,

1825 764 1918 818 lib.
1947 779 2038 818 xiv
2063 765 2126 818 de
2156 762 2371 828 Trinit.,
2403 771 2534 817 tom.
2569 762 2701 828 VIII,
2726 762 2829 817 col.
2867 762 3004 816 1055
3036 770 3090 816 et
3123 759 3264 830 seq.)

1896 851 2119 922 Propter
2164 852 2302 923 quod
2343 852 2676 922 deponentes,
2723 861 2854 914 etc.,
2899 866 3070 919 usque
3113 849 3179 903 ad
3231 863 3411 902 sumus

1823 945 2044 999 invicem
2084 944 2338 998 membra.
2369 942 2542 998 Nemo
2587 943 2786 1013 cogitet
2817 957 2937 995 cum
2982 941 3292 996 Christiano
3335 938 3416 995 Io-

1825 1037 2094 1107 queudam
2119 1037 2428 1101 veritatem,
2445 1045 2642 1090 etcum
2667 1052 2877 1106 pagano
2901 1036 3265 1099 mendacium,
3280 1045 3412 1099 etc.,

1825 1145 1986 1195 usque
2015 1129 2083 1182 ad
2117 1128 2319 1182 habere
2378 1135 2669 1182 mereatur.
2729 1127 2865 1196 (Id.,
2910 1143 2974 1180 ea:
3027 1143 3183 1180 serui.
3234 1136 3416 1180 contra

1825 1217 2179 1280 mendacium,
2217 1225 2346 1270 tom.
2373 1214 2460 1280 Vl,
2485 1215 2588 1269 col.
2621 1215 2726 1270 519
2753 1226 2809 1270 et
2835 1222 2977 1286 seq.)

1897 1306 2199 1361 Irascimini
2223 1317 2268 1360 et
2302 1305 2461 1360 nolite
2488 1323 2721 1376 peccare.
2758 1305 2814 1360 Si
2845 1315 3126 1377 propterea
3159 1305 3414 1360 irasceris
3519 1347 3523 1353 .

1827 1413 1986 1454 servo
2036 1407 2126 1452 tuo
2178 1397 2305 1466 quia
2354 1396 2637 1466 peccavit,
2682 1404 2813 1463 etc.,
2858 1413 3019 1466 usque
3066 1395 3135 1448 ad
3191 1410 3419 1465 peccare

1829 1488 2078 1542 desinite.
2133 1487 2255 1558 (Id.,
2297 1495 2452 1540 tract.
2504 1487 2562 1540 in
2603 1483 2755 1541 Psal.
2804 1502 2878 1552 ιν,
2913 1495 3042 1541 tom.
3070 1484 3161 1550 IV,
3189 1495 3329 1555 part.
3377 1501 3419 1549 1,

1829 1578 1934 1633 col.
1964 1577 2051 1633 80.

1875 1578 1934 1631 1|.
1964 1578 2051 1633 80.

1875 1578 2189 1736 .Legeliam,
2224 1666 2523 1722 irascimini
2544 1673 2608 1721 et
2627 1665 2795 1722 nolite
2818 1679 3067 1736 peccare,
3096 1672 3226 1729 etc.,
3259 1678 3419 1734 usque

120 1767 296 1821 usque
321 1753 391 1805 ad
414 1754 540 1823 quid
568 1756 938 1812 manifestius?
965 1758 1089 1828 (Id.,
1113 1767 1266 1812 tract.
1297 1760 1350 1812 in
1378 1758 1514 1828 psal.
1558 1775 1725 1824 vau,
1757 1756 1803 1816 B
1830 1759 1900 1812 ad
1951 1775 2056 1813 non
2109 1761 2440 1829 peccarem?
2481 1760 2618 1831 (Id.,
2669 1759 2764 1815 lib.
2827 1775 2885 1813 ιιι
2923 1757 3134 1828 Confes.
3183 1765 3312 1812 tom.
3361 1755 3419 1822 I,

120 1851 267 1898 tom.
292 1843 378 1907 IV,
413 1855 553 1912 part.
590 1848 636 1911 I,
671 1848 772 1903 col.
804 1848 908 1904 829
937 1859 992 1904 et
1015 1849 1156 1920 seq.)

203 1934 400 1992 Procul
425 1939 586 1994 dubio
614 1938 849 2010 Spiritus
870 1949 1091 1997 sanctus
1113 1941 1311 1996 donum
1336 1942 1431 1996 Dei
1455 1952 1560 2007 est,
1587 1951 1708 2008 etc.,

116 2039 296 2091 usque
337 2026 406 2079 ad
459 2042 648 2084 omnes
687 2031 1000 2100 prophetat,
1046 2039 1159 2086 etc.
1214 2030 1338 2102 (Id.,
1394 2031 1487 2087 lib.
1536 2048 1604 2086 xv
1658 2032 1725 2086 de

122 2113 351 2181 Trinit.,
381 2124 513 2173 tom.
548 2119 679 2186 VIII,
715 2121 819 2176 col.
858 2121 994 2176 1984
1025 2131 1080 2178 et
1109 2123 1248 2194 seq.)

201 2205 274 2260 Et
315 2209 422 2278 ipse
447 2210 588 2264 dedit
615 2213 892 2280 quosdam,
919 2223 1047 2278 etc.,
1093 2230 1262 2284 usque
1295 2215 1363 2269 ad
1391 2215 1444 2268 in
1479 2216 1727 2284 wdiﬁca-

123 2295 328 2350 tionem
366 2301 600 2369 corporis
641 2300 858 2356 Christi.
895 2303 971 2358 De
998 2305 1278 2374 prophetis
1302 2306 1444 2376 quod
1473 2307 1550 2361 ait
1575 2306 1723 2378 Apo-

122 2385 328 2453 stolus,
361 2388 634 2456 Quosdam
660 2392 877 2461 quidem
903 2393 1051 2448 dedit
1076 2395 1218 2449 Deus
1248 2395 1300 2449 in
1341 2396 1568 2451 ecclesia
1595 2412 1724 2466 apo-

123 2478 322 2545 stolos,
365 2490 496 2546 etc.,
529 2499 693 2553 usque
737 2484 806 2538 ad
833 2484 1042 2540 duobus
1091 2486 1398 2542 nominibus
1443 2487 1724 2557 amplexus

121 2581 237 2628 est.
285 2572 408 2640 (Id.,
435 2573 527 2628 lib.
565 2575 635 2628 ad
679 2573 894 2630 Paulin.
922 2577 1107 2646 episc.,
1149 2585 1279 2632 tom.
1319 2577 1383 2644 II,
1426 2579 1531 2634 col.
1573 2578 1724 2650 635.)

201 2665 471 2732 Quosdam
502 2679 676 2722 autem
706 2679 960 2738 pastores,
998 2678 1128 2735 etc.,
1157 2685 1328 2740 usque
1373 2671 1441 2726 ad
1491 2672 1725 2741 corporis

123 2755 352 2812 Christi.
384 2759 458 2815 Ut
501 2761 644 2815 enim
686 2760 740 2815 in
767 2761 993 2817 exordio
1037 2763 1252 2834 generis
1279 2763 1501 2818 humani
1527 2764 1595 2818 de
1641 2764 1724 2818 la-

123 2860 250 2907 tere
277 2851 379 2906 viri
405 2851 721 2908 dormientis
744 2862 917 2916 costa,
965 2864 1098 2918 etc.,
1131 2871 1294 2926 usque
1336 2855 1406 2908 ad
1451 2855 1592 2925 quod
1642 2864 1726 2912 est

121 2941 394 2998 Ecclesia.
429 2940 554 3013 (Id.,
579 2941 670 2996 lib.
704 2943 812 2998 ide
835 2941 993 2997 Civil.
1040 2943 1160 3011 Dei,
1190 2941 1448 3010 tom.Vll,
1479 2943 1582 3000 col.
1621 2945 1724 3002 778

120 3040 188 3088 et
219 3032 361 3104 seq.)

1825 1851 1928 1908 col.
1957 1850 2106 1921 767.)

1896 1941 2108 1996 Dictum
2151 1951 2234 1997 est
2277 1941 2329 1996 in
2355 1941 2570 1997 Psalmo
2609 1959 2624 1997 :
2657 1940 2960 1996 Irascimini
3000 1945 3055 1993 et
3084 1937 3252 1993 nolite
3287 1949 3416 2007 pec-

1823 2049 1968 2099 care,
2010 2043 2153 2098 etc.,.
2173 2049 2336 2103 usque
2370 2033 2440 2085 ad
2474 2041 2531 2087 et
2559 2031 2648 2086 ille
2690 2031 2940 2103 ignoscit.
2984 2028 3110 2098 (Id.,
3158 2043 3314 2082 serm.
3357 2027 3422 2080 de

1823 2123 1962 2178 verb.
1994 2122 2232 2192 Evang.,
2255 2131 2388 2178 tom.
2418 2122 2482 2187 V,
2511 2129 2655 2191 part.
2685 2137 2725 2186 1,
2749 2121 2858 2175 col.
2889 2117 3040 2190 649.)

1897 2215 1992 2271 Sol
2023 2232 2127 2269 non
2149 2215 2350 2269 occidat
2377 2229 2534 2283 super
2560 2212 2895 2268 iracundiam
2919 2219 3162 2265 vestram.
3214 2205 3440 2261 Intelli-.

1824 2308 1972 2379 gitur
2014 2307 2232 2378 quidem
2274 2317 2330 2362 et
2369 2307 2666 2362 secundum
2707 2315 2947 2375 tempus,
2988 2313 3118 2366 etc.,
3147 2317 3306 2371 usque
3351 2300 3421 2352 ad

1825 2417 1949 2457 cum
2025 2401 2302 2456 iracundia
2369 2410 2480 2454 tua.
2547 2400 2703 2471 (Id.,
2749 2409 2904 2453 tract.
2973 2395 3211 2467 in-psal.
3273 2411 3419 2458 xxv,

1826 2499 1958 2545 tom.
1987 2487 2078 2555 IV,
2104 2497 2246 2559 part.
2275 2505 2314 2555 1,
2348 2487 2451 2544 col.
2493 2487 2640 2554 189.)

1897 2579 2036 2634 Nulli
2093 2579 2351 2634 irascenti
2413 2578 2627 2633 videtur
2681 2591 2777 2632 sua
2844 2575 2926 2630 ira
2980 2574 3219 2643 iniusta,
3278 2581 3419 2638 etc.,

1827 2688 1990 2744 usque
2019 2671 2089 2725 ad
2129 2671 2378 2726 celeriter
2419 2669 2668 2740 ignoscit.
2723 2667 2844 2740 (Id.,
2891 2665 2992 2720 lib.
3016 2666 3166 2722 Sent.
3223 2664 3412 2733 Prosp.

1829 2773 1966 2820 tom.
1996 2762 2066 2828 X,
2114 2770 2274 2832 part..
2301 2777 2368 2827 ιι,
2395 2761 2498 2816 col.
2532 2759 2715 2828 1887.)

1899 2851 1956 2908 Si
1982 2851 2145 2908 irasci
2181 2866 2287 2906 non
2327 2858 2412 2905 est
2450 2848 2531 2904 fas
2556 2848 2710 2903 fratri
2742 2863 2840 2903 suo
2873 2864 2886 2901 :
2919 2854 3014 2902 aut
3055 2845 3258 2910 dicere,
3289 2852 3421 2909 etc.,

1826 2959 1990 3013 usque
2027 2942 2096 3010 ad
2134 2956 2295 3012 super
2349 2941 2682 2996 iracundiam
2728 2949 2986 2995 vestram.
3039 2937 3162 3008 (Id.,
3201 2937 3292 2991 lib.
3357 2938 3430 2992 de

1829 3033 1999 3089 Serm.
2024 3031 2182 3086 Dom.
2210 3033 2264 3086 in
2288 3043 2489 3097 monte,
2511 3039 2644 3087 tom.
2677 3030 2763 3094 III,
2791 3038 2914 3101 part
2944 3046 2983 3096 1,
3012 3029 3115 3085 col.
3146 3028 3330 3099 1242.)

201 3122 331 3179 1133c
370 3131 454 3178 est
503 3123 715 3190 domus,
746 3139 867 3194 qum
896 3125 1038 3180 sicut
1077 3124 1321 3181 Psalmus
1350 3125 1515 3191 canit.
1548 3125 1716 3181 tediii-
1745 3111 1790 3174 C
1893 3122 2162 3178 Turbatus
2183 3130 2269 3177 est
2289 3121 2450 3176 abira
2478 3118 2668 3176 oculus
2696 3127 3012 3184 meus,etc.,
3043 3133 3204 3188 usque
3226 3117 3295 3172 ad
3314 3132 3423 3172 non

123 3221 320 3279 catur,
358 3223 488 3277 etc.,
533 3231 697 3284 usque
739 3215 810 3268 ad
854 3217 1064 3286 accepit
1098 3215 1152 3271 in
1205 3215 1537 3273 hominibus.
1592 3217 1714 3290 (Id.,

123 3305 224 3359 lib.
258 3319 329 3359 xv
361 3305 424 3359 de
453 3303 666 3372 Trinit.,
702 3314 831 3360 tom.
868 3307 998 3372 VIII,
1032 3307 1136 3362 col.
1169 3307 1355 3378 1085.)

202 3395 380 3450 Donec
415 3412 753 3451 occurramus
781 3413 978 3463 omnes,
1023 3407 1153 3461 etc.,
1185 3413 1358 3469 usque
1387 3399 1455 3454 ad
1511 3400 1582 3454 ad
1617 3401 1720 3454 cir-

122 3488 538 3542 cumeentionem
565 3489 777 3542 erroris.
815 3488 966 3555 Quod
1005 3490 1081 3544 ait
1109 3489 1419 3560 Apostolus,
1449 3506 1713 3547 occursu-

123 3593 227 3633 ros
261 3593 358 3634 nos
381 3594 570 3634 omnes
618 3580 671 3634 in
708 3580 885 3634 virum
933 3579 1250 3651 perfectum,
1278 3591 1406 3648 etc.,
1436 3600 1598 3654 usque
1649 3583 1720 3637 ad

123 3667 312 3724 atatis
343 3668 692 3738 plenitudinis
736 3669 955 3724 Christi.
991 3669 1111 3741 (Id.,
1164 3669 1256 3725 lib.
1299 3687 1412 3726 χχιι
1453 3672 1517 3726 de
1563 3670 1715 3726 Civit.

124 3757 254 3821 Dei,
280 3766 411 3814 tom.
442 3757 552 3824 VII,
584 3759 687 3813 col.
721 3747 822 3813 777
849 3767 903 3813 et
929 3759 1070 3830 seq.)

211 3846 493 3904 Veritatem
531 3859 709 3903 autem
732 3849 1003 3918 facientes,
1035 3858 1162 3913 etc.,
1194 3865 1365 3919 usque
1391 3863 1459 3904 ad
1508 3867 1562 3903 in
1588 3849 1722 3902 auli-

122 3937 430 4006 ﬁcationem
450 3939 534 3992 sui
555 3939 610 3992 in
633 3939 906 3992 charitate.
932 3939 1070 3994 Ecce
1091 3940 1182 4008 qui
1209 3948 1291 3993 est
1321 3940 1404 3993 vir
1427 3939 1717 4008 perfectus,

124 4037 295 4098 caput
323 4037 379 4084 et
403 4044 617 4100 corpus,
653 4037 785 4094 etc.,-
814 4046 978 4099 usque
999 4030 1068 4084 ad
1091 4030 1144 4084 in
1170 4029 1421 4085 omnibus
1444 4029 1718 4100 impletur.

124 4118 260 4190 (Id.,
291 4119 444 4184 ibid.,
473 4119 576 4175 col.
603 4120 704 4175 779
733 4128 789 4174 et
819 4119 958 4190 seq.)

206 4207 326 4262 Hoc
361 4210 524 4280 igitur
563 4209 702 4274 dico,
747 4219 880 4276 etc.,
915 4225 1086 4280 usque
1134 4209 1204 4265 ad
1240 4209 1483 4264 habentes
1523 4210 1724 4266 intelle-

124 4313 298 4359 ctum.
328 4302 518 4359 Omnis
546 4303 639 4372 qui
674 4303 947 4374 intelligit.
975 4303 1093 4358 luce
1127 4303 1360 4373 quadam
1391 4318 1496 4358 non
1524 4319 1720 4373 corpo-

123 4396 261 4462 rali,
284 4405 412 4463 etc.,
445 4413 606 4468 usque
631 4397 702 4451 ad
723 4397 814 4466 qui
837 4396 1142 4466 intelligunt
1165 4396 1554 4450 illuminantur.
1593 4395 1720 4467 (Id.,

121 4497 289 4544 tract.
316 4490 370 4542 in
394 4488 530 4559 psal.
563 4505 674 4554 xu,
701 4497 832 4542 tom.
861 4486 948 4552 IV,
977 4497 1117 4556 part.
1153 4503 1193 4551 1,
1225 4487 1329 4542 col.
1369 4486 1520 4556 4-65.)

201 4581 433 4636 Alienati
475 4599 508 4635 a
537 4582 638 4635 vita
682 4581 800 4644 Dei,
845 4591 972 4644 etc.,
1015 4595 1190 4652 usque
1230 4582 1296 4636 ad
1322 4590 1370 4634 et
1398 4581 1508 4651 ipso
1551 4579 1721 4634 edocti

120 4673 278 4729 estis.
318 4672 385 4728 Et
427 4672 608 4726 anima
654 4673 887 4726 humana
941 4672 1236 4726 secundum
1267 4672 1552 4740 quemdam
1607 4685 1719 4724 mo-

121 4765 260 4820 dum
294 4763 490 4818 dicitur
512 4762 850 4827 immortalis,
875 4769 1003 4828 etc.,
1036 4779 1197 4833 usque
1227 4763 1295 4816 ad
1309 4762 1489 4816 videat
1510 4763 1713 4818 lumen.

125 4853 430 4925 (Id.,serm.
455 4854 520 4907 de
538 4853 728 4923 symb.,
761 4861 891 4906 tom.
924 4851 989 4917 V,
1022 4861 1143 4922 part
1174 4869 1214 4917 1,
1247 4852 1351 4908 col.
1392 4852 1573 4923 1059.)

202 4946 359 5001 Sicut
391 4961 497 5001 non
531 4955 615 5000 est
647 4962 677 4999 a
709 4959 895 5010 carne,
943 4945 1036 4999 sed
1084 4959 1245 5014 supra
1295 4959 1516 4998 carnem
1536 4985 1552 5010 ,
1585 4953 1715 5010 etc.,

123 5053 297 5110 usque
331 5037 402 5092 ad
425 5046 482 5092 et
502 5037 556 5092 in
586 5036 868 5092 tenebrosa
899 5036 1250 5105 demergitur.
1287 5035 1412 5106 (Id.,
1446 5035 1536 5089 lib.
1566 5035 1714 5092 Sent.

127 5130 325 5202 Prosp.
356 5140 489 5186 tom.
522 5129 593 5194 Χ,
617 5140 758 5198 part.
788 5145 849 5195 ιι,
877 5128 981 5183 col.
1011 5128 1169 5193 1875,
1198 5127 1360 5192 1877,
1397 5127 1577 5197 1878.)

203 5221 356 5277 Sicut
392 5230 467 5276 est
492 5221 701 5282 veritas,
741 5227 872 5284 etc.,
899 5234 1071 5288 usque
1111 5218 1178 5272 ad
1207 5217 1467 5272 desideria
1498 5217 1716 5271 erroris.

127 5313 323 5384 Neque
363 5313 528 5378 enim,
561 5319 622 5366 ut
648 5310 886 5366 nonnulli
930 5318 1138 5380 putant,
1168 5317 1298 5374 etc.,
1328 5324 1488 5376 usque
1503 5307 1572 5360 ad
1597 5323 1719 5362 cum

126 5404 383 5478 proximo
407 5419 526 5460 suo.
553 5402 681 5470 (Id.,
711 5401 804 5456 lib.
839 5402 903 5456 de
927 5398 1182 5456 Passione
1211 5399 1448 5464 Domini,
1489 5408 1620 5454 tom.
1653 5397 1718 5463 V,

127 5504 278 5568 part.
304 5512 366 5562 ιι,
397 5495 499 5552 col.
532 5494 720 5565 172i.)

202 5586 582 5652 Renovamini,
625 5594 762 5649 etc.,
804 5600 974 5654 usque
1017 5585 1084 5638 ad
1123 5585 1428 5638 sanctitate
1469 5583 1716 5638 veritatis.

127 5683 270 5740 Cum
300 5679 525 5737 dixisset
555 5681 621 5736 ad
649 5679 937 5748 imaginem
983 5689 1243 5741 nostram,
1277 5676 1456 5730 statim
1501 5673 1720 5744 subjun-

1818 3211 2030 3267 sinitur.
2064 3209 2356 3282 (Id.,tract.
2388 3209 2440 3263 in
2461 3208 2598 3280 psal.
2629 3225 2705 3273 γι,
2738 3217 2776 3263 t.
2803 3209 2891 3271 IV,
2921 3215 3063 3278 part.
3099 3223 3139 3272 1,
3170 3205 3274 3261 col.
3305 3204 3423 3277 95.)

1891 3302 2262 3374 Supercecidit
2304 3302 2461 3373 ignis,
2507 3311 2563 3357 et
2591 3317 2699 3356 non
2747 3301 3004 3356 viderunt
3047 3297 3242 3362 solem,
3284 3306 3420 3364 etc.,

1817 3413 1981 3467 usque
2000 3395 2070 3466 ad
2100 3410 2206 3449 non
2238 3402 2489 3449 estortus
2518 3393 2571 3446 in
2593 3393 2769 3448 nobis.
2803 3391 2934 3464 (Id.,
2981 3398 3136 3444 tract.
3185 3389 3241 3442 in
3280 3387 3418 3457 psal‘.

1819 3505 1954 3554 LVII,
1988 3497 2119 3544 tom.
2149 3485 2240 3552 IV,
2271 3495 2414 3556 part.
2447 3502 2489 3550 1,
2515 3484 2619 3540 col.
2650 3483 2800 3553 688.)

1889 3582 1947 3637 1η
1995 3590 2338 3647 sacramento
2393 3579 2598 3646 dictum
2646 3575 2946 3647 accipitur,
2977 3581 3109 3642 etc.,
3145 3587 3309 3642 usque
3350 3570 3420 3624 ad

1821 3690 1984 3745 super
2015 3673 2346 3728 iracundiam
2378 3670 2631 3725 hominis.
2667 3667 2792 3741 (Id.,
2821 3683 2979 3722 serm.
3022 3665 3088 3719 de
3119 3662 3258 3734 psal.
3291 3677 3419 3726 xxv,

1820 3777 1961 3824 tom.
1983 3766 2076 3832 IV,
2103 3773 2248 3836 part.
2278 3780 2317 3828 1,
2349 3763 2455 3818 col.
2495 3760 2598 3817 189
2630 3768 2685 3815 et
2713 3759 2856 3828 seq.)

1896 3858 2076 3912 Nolite
2121 3855 2294 3909 locum
2340 3853 2506 3918 dare,
2547 3859 2680 3917 etc.,
2727 3863 2899 3919 usque
2950 3846 3017 3903 ad
3066 3847 3150 3900 det
3193 3844 3420 3915 gratiam

1823 3948 2171 4006 audientibus.
2199 3947 2257 4002 In
2290 3945 2610 4002 abscondito
2633 3952 2684 3998 te
2707 3943 2966 3999 Dominus
2986 3940 3143 3996 Jesus
3167 3938 3420 3993 Christus

1817 4041 1978 4112 jussit
2018 4053 2205 4104 orare,
2232 4046 2360 4099 etc.,
2394 4052 2556 4104 usque
2592 4037 2661 4088 ad
2709 4034 2762 4088 in
2804 4033 3049 4102 gehenna
3097 4028 3256 4099 ignis.
3291 4023 3416 4096 (Id.,

1823 4140 1979 4186 tract.
2031 4132 2087 4184 in
2140 4129 2275 4200 psal.
2311 4145 2424 4194 xu,
2465 4136 2597 4182 tom.
2648 4125 2736 4191 IV,
2789 4133 2928 4196 part.
2975 4139 3014 4188 1,
3046 4121 3150 4177 coI.
3206 4118 3311 4174 466
3363 4125 3420 4172 et

1823 4230 1963 4292 seq.)
1991 4249 1998 4254 -

1895 4315 2037 4368 Deus
2067 4319 2240 4368 tentat
2272 4319 2330 4364 ut
2360 4309 2577 4373 doceat,
2604 4307 2854 4363 diabolus
2879 4311 3072 4368 tentat,
3094 4310 3226 4364 etc.,
3258 4315 3419 4367 usque

1825 4407 1894 4457 ad
1937 4401 2008 4456 I01
2023 4403 2068 4456 is
2097 4400 2454 4470 triumphant.
2503 4398 2626 4467 (Id.,
2651 4414 2809 4451 serm.
2838 4395 2902 4449 de
2932 4391 3217 4448 tentatione
3245 4389 3415 4442 Abra-

1747 4473 1800 4533 Ῑ)
1827 4493 1970 4555 liam,
2011 4501 2144 4546 tom.
2199 4489 2263 4555 V,
2290 4499 2434 4560 part.
2465 4505 2506 4553 1,
2529 4488 2634 4543 col.
2667 4486 2784 4557 29.)

1900 4581 1969 4635 Et
2013 4581 2170 4634 nolite
2215 4581 2550 4643 contristare,
2581 4588 2711 4641 etc.,
2757 4589 2931 4645 usque
2963 4572 3030 4627 ad
3074 4572 3129 4624 in
3169 4569 3306 4622 diem
3339 4584 3418 4620 re-

1827 4673 2160 4744 demptionis.
2188 4670 2342 4732 Sicut
2375 4679 2519 4726 recte
2544 4668 2746 4724 dicitur
2776 4667 2918 4721 Deus
2941 4663 3120 4718 facere
3155 4658 3416 4731 quidquid

1826 4764 1942 4834 ipso
1970 4764 2025 4818 in
2054 4763 2208 4819 nobis
2237 4771 2496 4832 operante
2521 4759 2832 4824 fecerimus,
2857 4766 2988 4818 etc.,
3010 4769 3172 4824 usque
3217 4751 3285 4806 ad
3322 4750 3417 4804 ho-

1831 4872 1898 4912 na
1940 4871 2104 4926 opera
2137 4854 2446 4909 fecerimus.
2497 4851 2618 4922 (Id.,
2659 4850 2749 4904 lib.
2779 4864 2830 4903 ιγ
2867 4848 2932 4901 de
2971 4845 3182 4910 Ceues.,
3207 4843 3276 4896 ad
3311 4841 3413 4894 litt.

1826 4954 1957 5002 tom.
2003 4944 2091 5010 III,
2118 4951 2256 5014 part.
2287 4959 2328 5008 1,
2352 4941 2455 4997 col.
2490 4941 2597 4994 302
2614 4949 2669 4994 et
2697 4938 2836 5008 seq.)
2906 4997 2908 5000 ν

1895 5036 2078 5090 Omnis
2114 5035 2434 5095 amaritudo,
2459 5039 2586 5096 etc.,
2621 5043 2792 5098 usque
2822 5029 2890 5082 ad
2925 5028 2978 5080 in
3016 5025 3222 5080 Christo
3251 5025 3416 5076 dona-

1825 5137 1894 5182 vtt
1915 5126 2078 5181 vobis.
2110 5123 2452 5194 Blasphemia
2475 5129 2558 5175 est
2580 5136 2676 5190 per
2693 5135 2880 5190 quam,
2905 5127 3038 5182 etc.,
3069 5132 3228 5186 usque
3253 5115 3320 5168 ad
3349 5115 3416 5168 de

1826 5219 1943 5286 ipso
1967 5219 2077 5272 Deo
2106 5216 2235 5269 falsa
2260 5215 2534 5268 dicuntur.
2570 5211 2696 5281 (Id.,
2721 5211 2812 5265 lib.
2839 5219 3021 5265 contra
3048 5207 3410 5284 Mendacium,

1829 5320 1960 5365 tom.
1997 5309 2082 5375 VI,
2116 5307 2220 5363 ecl.
2260 5306 2364 5361 545
2392 5315 2446 5360 et
2485 5306 2626 5376 seq.)

2453 5456 2681 5515 CAPUT
2739 5457 2799 5511 γ.

1904 5580 2083 5634 Estote
2133 5595 2254 5648 ergo
2287 5577 2574 5630 imitatores
2606 5573 2725 5639 Dei,
2754 5580 2886 5636 etc.,
2919 5583 3091 5640 usque
3129 5566 3194 5620 ad
3223 5564 3418 5634 gratia-

1834 5690 1948 5726 rum
1995 5671 2151 5726 actio.
2187 5668 2440 5738 Traditus
2479 5674 2563 5724 est
2604 5673 2828 5738 propter
2865 5661 3061 5718 delicta
3101 5663 3288 5715 nostra
3321 5671 3331 5705 :
3367 5661 3420 5708 et
