3902 6300
526 304 632 363 579
1757 303 1960 359 FLOR!
1999 302 2271 360 DIACONI
2307 301 2613 360 MONACIII
3618 307 3680 366 suo

529 421 719 478 dilexit
771 419 1092 487 Ecelesiam,
1147 430 1278 485 etc.,
1309 437 1468 491 usque
1513 421 1582 475 ad
1623 421 1722 475 iste
1771 431 1970 479 nostra:
2027 438 2112 477 rc-
2141 430 2186 485 Λ
2282 421 2433 477 Sicut
2485 434 2532 477 et
2581 421 2837 485 Chris'us,
2874 431 3007 485 etc.,
3039 437 3206 490 usque
3248 422 3316 476 ad
3346 422 3398 477 in
3445 425 3567 477 verba
3596 427 3686 482 rite.

529 512 876 585 demptionis.
904 514 1026 585 (Id.,
1054 523 1209 568 tract.
1236 515 1290 567 in
1314 512 1511 583 Evang.
1534 529 1636 567 sec.
1654 511 1841 580 Joan.,
1873 523 2002 569 tom.
2028 513 2113 578 Ill,
2218 516 2427 570 Dictum
2452 516 2614 571 estde
2638 517 2863 569 Domino
2888 516 2942 568 in
2963 515 3249 585 Evangelia
3268 532 3280 568 :
3298 515 3688 585 Baptizahatlcsus

529 614 675 676 part.
702 621 763 667 11,
793 604 896 659 col.
925 602 1109 674 “59.)
2216 608 2397 676 plures
2426 623 2585 675 quam
2614 606 2868 670 Joannes,
2898 614 3029 670 etc.,
3060 622 3219 674 usque
3248 605 3318 657 ad
3347 621 3446 659 non
3470 615 3540 660 est
3557 606 3690 677 δεμε-

603 693 775 748 Nosse
814 694 1041 760 debetis,
1073 703 1127 749 et
1161 693 1458 763 intelligere
1509 709 1672 764 usque
1703 695 1772 747 ad
1812 696 2119 749 nomimbus

534 786 934 855 nuncupantur.
994 785 1132 855 (Id.,
1196 794 1350 839 tract.
1406 786 1462 839 in
1515 784 1716 854 Evang.
1778 803 1881 841 sec.
1934 786 2117 850 Joan.,

535 884 669 931 tom.
694 876 778 941 ΙΙΙ,
803 876 905 931 col.
930 875 1067 931 1875
1094 884 1150 930 et
1173 873 1314 945 seq.)

609 967 725 1022 Hoc
738 970 872 1023 enim
898 970 1240 1035 scitote,etc.,
1266 982 1436 1037 usque
1466 967 1531 1021 ad
1560 968 1612 1021 in
1632 968 1772 1036 ﬁlios
1790 968 2118 1038 difﬁdentim.

537 1058 819 1114 Positurus
834 1068 915 1113 est
936 1059 1080 1114 enim
1116 1074 1246 1115 oves
1272 1059 1340 1112 ad
1366 1060 1663 1121 dexteram,
1697 1066 1827 1123 etc.,
1860 1075 2020 1129 usque
2052 1058 2121 1111 ad

537 1148 845 1204 manifestet
869 1149 1224 1218 cogitationes
1252 1149 1451 1203 cordis.
1478 1148 1597 1219 (Id.,
1624 1148 1713 1201 lib.
1743 1148 1807 1202 de
1845 1146 2115 1202 Pceniten-

540 1241 635 1304 tia,
669 1247 799 1294 tom.
842 1241 908 1305 ν,
939 1249 1081 1311 part.
1110 1257 1170 1307 11,
1208 1239 1460 1295 col.1544
1482 1246 1535 1293 et
1558 1240 1699 1309 seq.)

610 1330 743 1386 Cum
767 1330 1265 1387 manifestissimum
1310 1331 1381 1384 sit
1421 1330 1592 1383 multo
1631 1329 1850 1399 gravius
1893 1343 2123 1399 peccare

538 1422 822 1486 scientem,
869 1431 998 1486 etc.,
1028 1439 1189 1493 usque
1211 1422 1280 1475 ad
1307 1430 1362 1477 et
1389 1420 1506 1476 Dei.
1536 1420 1672 1489 (Id.,
1720 1421 1812 1475 lib.
1842 1437 1894 1475 ιν
1919 1421 1982 1475 de
2016 1420 2125 1474 Ba-

540 1514 752 1584 ptismo,
783 1521 916 1567 tom.
945 1512 1037 1577 IX,
1068 1513 1174 1567 col.
1208 1512 1355 1583 158.)

614 1601 793 1656 Nolite
817 1619 939 1673 ergo
975 1602 1136 1671 effici,
1189 1612 1319 1666 etc.,
1352 1615 1522 1671 usque
1565 1601 1631 1655 ad
1648 1601 1886 1671 justitia,
1917 1610 1964 1654 et
1996 1602 2127 1654 veri-

2218 713 2360 751 mus.
2413 697 2533 767 (Id.,
2566 706 2719 749 tract.
2759 695 2824 749 15
2849 698 2902 749 in
2939 696 3141 765 Evang.
3190 712 3296 749 sec.
3326 694 3499 763 Joan.,
3523 704 3620 751 tom.
3638 697 3690 761 ΙΙΙ,

2220 797 2357 858 part.
2392 804 2451 849 ιι,
2482 788 2585 841 col.
2620 788 2748 841 15H
2794 794 2847 841 et
2870 786 3009 857 seq.)

2295 879 2357 934 Ut
2386 881 2643 935 exhiberet
2687 880 2812 949 ipse,
2842 889 2973 943 etc.,
3006 892 3176 948 usque
3221 877 3291 932 ad
3334 878 3538 948 seipsum
3574 879 3697 948 diligit

2223 972 2597 1043 Supercxaltat
2678 983 2855 1026 autem
2919 970 3291 1025 misericordia
3347 968 3555 1039 judicis,
3606 979 3703 1032 etc,

2223 1080 2383 1133 usque
2421 1064 2488 1116 ad
2529 1062 2852 1133 signiﬁcavit
2904 1062 2958 1116 in
3014 1061 3207 1116 triduo.
3269 1059 3392 1131 (Id.,
3425 1058 3506 1113 lib.
3529 1059 3580 1113 de
3609 1056 3703 1128 Pal.

2214 1153 2346 1223 justi
2374 1154 2541 1217 hom.,
2571 1162 2701 1207 tom.
2734 1153 2800 1216 Χ,
2832 1160 2970 1222 part.
3005 1169 3044 1216 1,
3080 1152 3182 1206 col.
3213 1150 3367 1222 310.)

2294 1244 2410 1314 Ipse
2430 1253 2513 1299 est
2537 1245 2679 1298 enim
2699 1243 2839 1309 linis,
2867 1254 2923 1297 ut
2948 1244 3080 1297 nihil
3103 1242 3303 1313 duplici
3330 1241 3483 1295 corde
3507 1240 3706 1309 faciamus,

2224 1344 2356 1400 etc.,
2410 1352 2569 1405 usque
2599 1336 2668 1388 ad
2701 1336 2953 1388 mundam
2993 1343 3048 1388 ct
3088 1332 3411 1402 simplicem.
3447 1331 3553 1401 (Id.,
3576 1330 3644 1385 lib.
3672 1332 3709 1385 dt

2227 1423 2396 1479 Serm.
2430 1424 2582 1478 Dom.
2607 1426 2662 1479 in
2688 1434 2877 1487 monte,
2905 1432 3035 1477 tom.
3065 1422 3151 1488 ΙΙΙ,
3171 1422 3277 1476 col.
3320 1421 3450 1477 1288
3473 1430 3521 1475 et
3542 1421 3648 1491 seq.)

2297 1516 2529 1570 Lavahis
2572 1530 2693 1581 me,
2735 1515 2787 1570 id
2842 1523 2925 1569 est
2972 1513 3260 1568 mundabis
3302 1527 3316 1565 :
3358 1521 3414 1566 et
3440 1527 3580 1581 super
3597 1512 3711 1564 nivem

2227 1606 2535 1667 dealbahor.
2586 1605 2652 1659 Et
2698 1605 2743 1659 si
2802 1603 3004 1658 fuerint
3057 1612 3282 1673 peccata
3327 1609 3501 1654 vestra
3530 1608 3581 1653 ut
3618 1599 3715 1652 latui-

542 1705 668 1748 tate.
693 1693 895 1748 Fuistis
917 1693 1207 1763 aliquando
1236 1693 1491 1756 tenebrat,
1522 1707 1668 1746 nunc
1712 1700 1892 1746 autem
1941 1692 2030 1744 lux
2068 1691 2121 1744 in
2228 1697 2394 1759 cium,
2415 1703 2543 1761 etc.,
2570 1712 2732 1766 usque
2752 1696 2821 1747 ad
2849 1693 3186 1748 nmndatum.
3206 1692 3329 1765 (Id.,
3357 1701 3501 1745 tract.
3522 1692 3567 1744 in
3580 1691 3718 1760 psam,

542 1783 791 1847 Domino,
820 1791 949 1846 etc.,
998 1800 1160 1854 usque
1187 1783 1256 1836 ad
1300 1782 1374 1837 ibi
1410 1798 1517 1836 non
1540 1781 1745 1835 addidit
1781 1781 1833 1835 in
1878 1780 2125 1835 Domino.
2160 1773 2205 1833 Β
2234 1792 2364 1840 tom.
2397 1785 2481 1846 IV,
2508 1792 2647 1854 part.
2684 1800 2722 1847 1,
2753 1784 2856 1839 col.
2882 1783 3032 1853 593.)

548 1875 672 1947 (Id.,
695 1873 786 1927 lib.
812 1874 875 1927 de
891 1872 1119 1929 Perfect.
1136 1875 1252 1927 vita:
1280 1872 1526 1937 hominis,
1555 1880 1686 1926 tom.
1712 1869 1781 1937 Χ,
1804 1880 1946 1940 part.
1966 1886 2004 1935 1,
2023 1868 2129 1924 col.

547 1966 654 2022 307
695 1975 749 2021 et
778 1966 920 2038 seq.)

618 2057 684 2112 Et
712 2065 860 2112 terra
904 2063 1089 2112 nostra
1138 2063 1429 2126 antequam
1473 2054 1745 2123 acciperet
1785 2053 2012 2108 formam
2041 2054 2138 2108 do-

549 2150 761 2214 ctrinae,
789 2157 920 2215 etc.,
965 2164 1125 2219 usque
1174 2149 1243 2202 ad
1270 2162 1469 2218 sponso
1520 2146 1680 2201 unico
1725 2154 1837 2200 tuo.
1869 2144 1997 2216 (Id.,
2040 2145 2131 2198 lib.

521 2255 650 2294 σχιιι
675 2238 936 2308 ϐοηῙεεση
964 2246 1091 2293 tom.
1123 2238 1166 2303 Ι,
1193 2239 1297 2294 col.
1329 2237 1433 2293 850
1464 2245 1520 2292 et
1540 2239 1681 2307 seq.)

624 2333 690 2387 Et
723 2333 858 2388 vidit
885 2335 1027 2389 Deus
1069 2333 1241 2389 lucem
1280 2333 1403 2402 quia
1455 2332 1595 2387 bona
1645 2338 1730 2385 est
1755 2338 1927 2396 ,etc.,
1975 2344 2139 2399 usque

555 2423 624 2477 ad
662 2423 788 2479 boni
815 2431 1009 2478 estote.
1051 2424 1177 2495 (Id.,
1220 2439 1381 2478 serm.
1406 2422 1470 2476 de
1495 2423 1598 2493 εἰς.
1631 2419 1877 2486 ΡαεεΙιιιι,
1908 2430 2038 2474 ῑοιιι.
2074 2418 2134 2483 V,

554 2524 694 2586 part.
738 2533 776 2581 1,
808 2517 909 2573 col.
942 2518 1126 2589 l092.)
1852 2504 1861 2509 ’

626 2609 1089 2677 Quemadmodum
1119 2612 1172 2666 in
1203 2611 1335 2681 ipsis
1376 2609 1717 2680 corporibus,
1754 2623 1818 2663 ea
1846 2622 1965 2678 qua:
2006 2604 2141 2660 infe-

559 2701 704 2756 riora
733 2710 876 2765 sunt,
912 2712 1045 2767 etc.,
1070 2720 1233 2775 usque
1260 2703 1329 2757 ad
1368 2702 1459 2756 lux
1488 2702 1543 2756 in
1590 2700 1837 2755 Domino.
1881 2698 2005 2770 (Id.,
2046 2694 2137 2749 lib.

559 2793 623 2847 de
651 2790 801 2846 Crat.
837 2792 973 2848 Nov.
1005 2792 1254 2862 Testam.,
1287 2803 1417 2850 tom.
1444 2793 1505 2859 ll,
1539 2792 1822 2863 col.'562).

632 2882 921 2938 Probantes
947 2884 1073 2956 quid
1088 2886 1175 2951 sit,
1194 2894 1325 2952 etc.,
1339 2899 1510 2954 usque
1531 2884 1596 2938 ad
1613 2894 1760 2953 turpe
1783 2889 1857 2936 est
1884 2890 1933 2935 et
1948 2880 2142 2934 dicere.

560 2972 733 3028 Nemo
757 2983 881 3029 ante
919 2983 1129 3044 tempus
1174 2976 1393 3030 deserat
1442 2988 1645 3028 aream.
1678 2972 1893 3026 Toleret
1931 2969 2142 3041 paleam

564 3063 619 3117 in
664 3064 891 3122 tritura,
943 3064 1139 3119 toleret
1185 3063 1240 3118 in
1285 3079 1437 3130 area,
1486 3074 1616 3128 etc.,
1659 3080 1821 3134 usque
1844 3062 1913 3116 ad
1962 3076 2137 3131 neque

565 3153 941 3224 superbientes
977 3162 1036 3208 ut
1062 3154 1386 3210 insultanter
1414 3120 1669 3226 arguatis.
1716 3120 1844 3227 (Ιώ,
1896 3120 2064 3207 serm:
2080 3150 2144 3204 de
2171 3120 2217 3184 C

566 3242 705 3297 verb.
737 3255 931 3313 apost.,
956 3251 1088 3298 tom.
1119 3245 1179 3311 V,
1204 3253 1342 3315 part.
1376 3261 1417 3311 1,
1440 3245 1544 3300 col.
1572 3244 1676 3301 899
1699 3254 1752 3300 et
1790 3242 1931 3313 seq.)

644 3333 836 3389 Omnia
864 3346 1058 3400 autem,
1091 3344 1218 3403 etc.,
1265 3351 1436 3407 usque
1464 3337 1531 3391 ad
1578 3335 1752 3389 lumen
1777 3343 1872 3388 est.
1913 3332 2028 3387 Hoc
2063 3338 2148 3386 est

564 3427 827 3497 judicium
881 3446 895 3482 :
938 3428 1191 3498 quoniam
1246 3430 1335 3486 lux
1369 3431 1518 3484 venit
1566 3429 1622 3483 in
1669 3428 1967 3492 mundum,
2014 3435 2146 3492 etc.,

572 3537 735 3591 usque
770 3520 839 3574 ad
873 3522 1015 3590 quod
1042 3522 1094 3576 in
1137 3537 1196 3577 se
1234 3523 1438 3577 odisset
1475 3519 1793 3575 ostenderit.
1836 3518 1959 3589 (Ιώ,
1993 3525 2146 3570 tract.

573 3616 629 3667 in
652 3613 852 3682 Evang.
869 3630 972 3667 sec.
992 3612 1177 3678 Joan.,
1203 3622 1333 3668 tom.
1356 3611 1444 3678 ΙΙΙ,
1471 3617 1613 3681 part.
1639 3625 1701 3675 11,
1724 3607 1827 3663 col.
1863 3605 2045 3677 1491.)

646 3702 869 3772 Propter
910 3704 1049 3775 quod
1075 3704 1220 3768 dicit,
1247 3712 1374 3765 etc.,
1430 3687 1603 3771 usque
1644 3700 1712 3754 ad
1767 3697 2082 3752 illuminabit
2106 3704 2155 3749 te

575 3795 835 3851 Christus.
914 3797 1149 3851 Somnus
1223 3797 1447 3861 animae,
1524 3801 1608 3849 est
1674 3792 1917 3848 oblivisci
1986 3791 2155 3845 Deum

574 3903 751 3952 suum,
783 3896 912 3947 etc.,
944 3904 1107 3958 usque
1152 3887 1221 3941 ad
1267 3885 1591 3942 illuminabit
1630 3891 1682 3938 te
1719 3882 1986 3937 Christus.
2029 3878 2156 3951 (Ιώ,

576 3988 731 4033 tract.
768 3981 824 4034 in
846 3979 981 4050 psal.
1012 3995 1146 4044 Lm,
1169 3987 1298 4033 tom.
1330 3978 1418 4043 Ν,
1443 3985 1584 4047 part.
1615 3993 1653 4041 1,
1678 3974 1784 4031 col.
1809 3972 1957 4042 750).

652 4069 765 4123 Nisi
796 4070 940 4124 enim
969 4070 1036 4123 ad
1078 4078 1321 4123 mortuus
1365 4067 1708 4123 suscitandos
1767 4063 2026 4118 Dominus
2062 4073 2160 4113 ve-

580 4159 774 4223 nisset,
799 4170 931 4223 etc.,
963 4176 1120 4230 usque
1143 4161 1212 4213 ad
1245 4160 1299 4214 in
1339 4157 1604 4229 sepulcro.
1638 4156 1759 4227 (Id.,
1797 4167 1951 4207 serm.
1990 4148 2060 4203 41

585 4250 722 4304 verb.
747 4249 946 4321 Evang.
974 4260 1101 4306 tom.
1125 4250 1192 4317 ν,
1226 4260 1365 4322 part.
1398 4268 1440 4317 1,
1467 4250 1572 4305 col.
1604 4247 1737 4302 1194
1767 4254 1820 4300 et
1844 4244 2001 4313 seq.)'

664 4337 844 4393 Videte
894 4341 1088 4410 itaque,
1121 4340 1332 4409 fratres,
1387 4349 1521 4403 etc.,
1554 4351 1724 4406 usque
1752 4335 1820 4389 ad
1866 4334 1921 4387 in
1965 4347 2067 4401 quo
2088 4338 2163 4383 est

586 4432 820 4487 luxuria.
853 4433 978 4488 Dies
1006 4434 1177 4488 malos
1203 4434 1320 4487 dua:
1350 4448 1435 4487 res
1474 4431 1697 4494 faciunt,
1730 4426 1937 4482 malitia
1979 4432 2035 4477 et
2063 4422 2163 4476 mi-

587 4524 751 4589 seria,
780 4536 908 4590 etc.,
936 4542 1097 4597 usque
1118 4526 1187 4578 ad
1221 4534 1427 4595 tempus
1451 4523 1706 4577 redimas.
1739 4519 1859 4592 (Id.,
1890 4532 2045 4571 serm.
2070 4513 2159 4579 50,

591 4614 731 4669 hom.
762 4614 848 4678 10,
877 4624 1007 4669 tom.
1044 4614 1112 4680 V,
1142 4622 1284 4685 part.
1324 4630 1361 4679 1,
1397 4612 1499 4668 col.
1530 4611 1633 4667 909
1659 4607 1871 4680 etseq.)

2204 2242 2398 2317 ’usque
2427 2245 2495 2298 ad
2536 2246 2588 2299 in
2618 2244 2836 2299 Christo
2881 2242 3029 2298 Jesu.
3072 2242 3197 2314 (Id.,
3246 2258 3411 2296 serm.
3453 2240 3576 2312 quod
3620 2238 3727 2291 tribu

2305 1874 2483 1929 Vestis
2538 1873 2889 1929 sacerdotalis
2949 1871 3249 1927 Ecclesiam
3305 1870 3585 1953 signiﬁcat,
3628 1878 3722 1931 etc.,

2232 1984 2396 2039 usque
2428 1968 2499 2020 ad
2551 1981 2737 2035 rugam
2778 1982 2883 2021 non
2933 1966 3190 2019 habeant.
3225 1963 3352 2034 (Id.,
3378 1973 3523 2027 tract.
3560 1963 3605 2014 in
3637 1961 3720 2030 piat.

2235 2076 2441 2123 cxxxn,
2470 2068 2597 2113 tom.
2637 2058 2726 2124 ιγ,
2751 2066 2893 2129 part.
2928 2073 2987 2121 11,
3020 2056 3122 2111 col.
3153 2056 3341 2128 1754.)

2307 2155 2574 2209 Exhibete
2597 2169 2726 2221 ergo
2749 2168 2846 2208 vos
2862 2153 3083 2223 dignum
3112 2167 3314 2222 corpus
3345 2150 3434 2205 tali
3455 2150 3624 2219 capite,
3644 2157 3726 2209 etc.,

2237 2338 2379 2392 mod.
2408 2336 2601 2390 Christ.
2624 2337 2795 2402 intel.,
2828 2345 2960 2390 tom.
2991 2331 3052 2400 γ,
3078 2343 3216 2404 part.
3237 2351 3301 2398 ιι,
3330 2334 3431 2389 col.
3450 2332 3729 2399 15000.net.)

2314 2427 2484 2482 Nemo
2510 2429 2647 2481 enim
2676 2442 2928 2496 unquam,
2953 2434 3082 2489 etc.,
3114 2440 3292 2494 usque
3329 2424 3394 2478 ad
3439 2434 3485 2479 et
3525 2422 3579 2477 de
3596 2421 3730 2476 ossibus

2239 2518 2375 2589 ejus.
2416 2516 2550 2572 Cum
2598 2518 2664 2572 de
2719 2525 2909 2572 sancta
2956 2516 3246 2572 dilectione
3298 2514 3613 2587 praeciperet,
3649 2522 3731 2573 etc.,

2242 2625 2419 2680 usque
2448 2608 2516 2662 ad
2560 2608 2805 2663 foventes
2866 2623 3087 2662 carnem
3162 2623 3344 2662 suam.
3397 2605 3536 2677 (Ιώ,
3580 2603 3650 2656 ltb.
3679 2615 3733 2655 ιιι
3814 2603 3815 2627 ’

2242 2710 2410 2755 contr.
2436 2698 2651 2764 Fanst.,
2691 2708 2821 2753 tom.
2851 2697 2985 2761 Vill,
3009 2697 3113 2753 col.
3139 2697 3297 2769 592.)

2311 2791 2481 2846 Nemo
2530 2791 2673 2845 enim
2714 2805 2947 2860 unquam
2993 2804 3215 2845 carnem
3260 2804 3418 2844 suam
3451 2787 3564 2844 odio
3596 2783 3736 2846 habuit,

2242 2890 2375 2945 etc.,
2429 2897 2592 2951 usque
2653 2880 2722 2934 ad
2776 2867 3177 2935 consuetudinis
3224 2880 3401 2935 bonae.
3455 2879 3566 2950 (Id.,
3607 2876 3738 2930 tibi:

2244 2971 2397 3027 Doct.
2445 2969 2755 3036 Christian.,
2788 2979 2917 3025 tom.
2949 2970 3034 3037 ΙΙΙ,
3061 2979 3199 3042 part.
3227 2988 3281 3038 ι,
3308 2972 3414 3028 col.
3441 2971 3546 3043 28.)

2317 3082 2455 3140 Caro
2475 3083 2713 3154 diligitur
2758 3083 3008 3153 quidem,
3054 3098 3155 3139 nec
3201 3093 3387 3140 tamen
3432 3083 3639 3155 proprie,
3658 3088 3740 3136 etc.

2249 3192 2411 3247 usque
2454 3174 2522 3228 ad
2564 3182 2689 3229 sunt
2727 3174 2927 3227 omnia.
2977 3171 3110 3241 (Ιώ,
3140 3174 3231 3229 lib.
3262 3191 3280 3229 1
3312 3174 3556 3239 Retract.,
3599 3167 3741 3227 lauti.

2248 3267 2351 3323 col.
2380 3265 2561 3337 617.)“
3828 3256 3829 3259 “

2322 3356 2546 3429 Propter
2573 3358 2668 3411 hoc
2699 3357 2971 3429 relinquet,
3010 3368 3143 3423 etc.,
3172 3370 3349 3427 usque
3379 3355 3445 3410 ad
3465 3356 3619 3409 timeat
3636 3350 3745 3405 vim

2251 3465 2426 3503 suum.
2458 3447 2548 3501 llla
2580 3447 2815 3502 cxstasis
2850 3463 3012 3518 quam
3029 3442 3747 3503 DeusimmisitinAdam,etc..

2254 3555 2415 3610 usque
2438 3538 2506 3591 ad
2525 3538 2703 3593 dicere
2738 3538 2995 3608 potuisse.
3032 3536 3153 3609 (Id.,
3178 3534 3269 3590 lib.
3293 3550 3353 3589 1x
3384 3536 3447 3589 de
3468 3532 3584 3588 Cen.
3599 3530 3651 3583 ad
3667 3527 3748 3585 lill.,

2256 3642 2388 3687 tom.
2412 3630 2497 3695 ΙΙΙ,
2525 3640 2666 3700 part.
2713 3646 2764 3695 1,
2805 3629 2908 3685 col.
2930 3628 3080 3699 408.)

2328 3739 2513 3810 Neque
2544 3740 2689 3793 enim
2740 3738 2875 3793 dixit
2911 3737 3112 3792 frustra
3153 3733 3447 3806 Apostolus
3483 3727 3667 3785 :Adam
3694 3719 3753 3790 qui

2258 3840 2343 3887 est
2375 3830 2550 3886 forma
2581 3830 2777 3891 futuri,
2812 3841 2941 3892 etc.,
2973 3842 3134 3898 usque
3162 3825 3230 3878 ad
3266 3838 3464 3895 corpus
3496 3833 3602 3876 esse
3624 3825 3751 3886 νωθε-

2261 3938 2399 3979 mus.
2427 3921 2549 3993 (Ιώ,
2576 3920 2666 3975 lib.
2701 3936 2775 3975 χιι
2803 3929 2968 3973 contr.
2994 3916 3207 3979 Faust.,
3239 3924 3374 3970 tom.
3400 3912 3505 3969 VIII
3535 3908 3638 3976 ,col.
3653 3900 3754 3965 258-)

2332 4032 2607 4100 Quantum
2664 4030 2980 4102 mysterium
3010 4029 3077 4083 de
3114 4026 3331 4082 Chrisw
3394 4023 3630 4081 continet,
3671 4024 3755 4073 αα,

3804 2189 3810 2379 ⁸

2097 4104 2163 4201 λθ
2263 4138 2425 4193 usque
2436 4121 2504 4175 ad
2518 4120 2692 4175 forma
2711 4119 2895 4173 futuri.
2914 4117 3034 4187 (Id.,
3058 4125 3214 4171 tract.
3229 4116 3285 4169 in
3298 4113 3500 4184 anng.
3519 4124 3612 4166 sec.
3629 4104 3760 4162 Ion»

2265 4221 2397 4267 tom.
2426 4210 2490 4265 Ill
2510 4249 2527 4275 ,
2552 4217 2695 4280 part.
2726 4224 2790 4274 11,
2820 4207 2926 4263 col.
2955 4205 3139 4277 1465.)

2342 4302 2408 4359 Ut
2438 4302 2697 4356 noveritis
2739 4300 2863 4369 quia
2910 4314 3051 4354 unus
3086 4297 3285 4352 dicitur
3316 4294 3558 4351 Christus
3579 4286 3763 4357 copulet

2267 4408 2464 4462 corpus
2492 4407 2673 4456 suum,
2703 4401 2832 4454 etc.,
2858 4404 3019 4460 usque
3039 4388 3107 4441 ad
3128 4387 3256 4457 quia
3278 4393 3440 4441 erunt
3466 4385 3563 4439 duo
3586 4380 3631 4434 in
3652 4383 3763 4430 carne

2195 4476 2244 4536 Ι)
2272 4503 2395 4542 una.
2414 4485 2539 4556 (Ιώ,
2560 4493 2714 4537 tract.
2734 4481 2933 4552 inpsal.
2955 4496 3082 4545 xxx,
3103 4488 3232 4534 tom.
3248 4477 3337 4544 IV,
3352 4485 3493 4547 part.
3508 4491 3543 4540 1,
3564 4462 3762 4556 001.25%)

2344 4551 2435 4633 Sic
2465 4592 2593 4646 ergo
2624 4551 2912 4644 aliquando
2947 4571 3250 4626 insinuatur
3278 4570 3330 4623 in
3361 4564 3633 4637 Scripturis
3657 4551 3762 4612 Clui-

2274 4678 2422 4731 stus,
2460 4675 2592 4729 etc.,
2625 4678 2787 4733 usque
2826 4661 2894 4714 ad
2931 4675 3071 4716 unus
3096 4659 3345 4715 Christus
3382 4666 3483 4714 est.
3526 4654 3763 4733 (Id.,serll.

2274 4756 2412 4829 quod
2436 4756 2557 4810 trib.
2578 4730 2720 4807 mod».
2735 4751 2928 4807 Christ.
2960 4749 3205 4820 intellig.,
3236 4758 3367 4804 tom.
3390 4748 3455 4814 γ,
3481 4752 3606 4817 part.
3632 4730 3764 4804 Incol-

2279 4847 2417 4903 1500
2442 4854 2496 4899 et
2516 4846 2655 4914 seq.)

2348 4911 2609 4995 Dominus
2625 4911 2811 4992 noster
2832 4934 2991 4990 Jesus
3015 4931 3264 4990 Christus
3291 4932 3533 4988 Salvator
3555 4911 3767 4981 sedensad

2278 5033 2554 5088 dexteram
2620 5027 2829 5091 Patris,
2903 5034 3033 5090 etc.,
3089 5041 3252 5095 usque
3307 5024 3376 5077 ad
3426 5035 3523 5076 nos
3566 5017 3768 5070 creatum-

2281 5125 2402 5195 (ld.,
2435 5132 2589 5176 tract.
2620 5123 2676 5175 in
2700 5120 2834 5190 psal.
2864 5134 3138 5185 cxxxvm,
3170 5128 3300 5173 tom.
3329 5115 3419 5181 1V,
3445 5121 3577 5186 part.
3598 5123 3673 5171 ιιι,
3701 5096 3770 5155 €01-

2282 5216 2415 5272 1784
2449 5224 2503 5269 et
2526 5213 2665 5283 seq.)

2354 5325 2556 5381 Omnes
2597 5320 2781 5376 ﬁdeles
2803 5320 2937 5390 quid
2964 5319 3189 5374 audiunt
3217 5319 3285 5373 ab
3306 5311 3588 5386 Apostolo?
3610 5307 3695 5361 Vos
3711 5311 3774 5351 ιη’

2283 5428 2392 5474 tem
2429 5415 2562 5470 estis
2587 5428 2782 5482 corpus
2808 5411 3006 5466 Christi
3024 5449 3038 5472 ,
3070 5418 3126 5464 et
3144 5407 3384 5463 membra
3407 5420 3471 5460 ex
3497 5408 3646 5473 parte,
3685 5398 3773 5445 θίαν

2284 5506 2527 5579 usquead
2552 5486 2746 5574 sponsa
2762 5502 2815 5556 in
2842 5515 3086 5569 corpore.
3106 5499 3204 5571 (Ιώ
3218 5539 3230 5563 ,
3251 5513 3403 5552 serm.
3425 5496 3486 5549 de
3500 5507 3594 5546 ver.
3609 5482 3776 5543 Eum-1

2289 5608 2417 5654 tom.
2466 5594 2508 5647 Υ
2527 5633 2543 5660 ,
2573 5600 2713 5663 part.
2741 5607 2780 5656 ι,
2811 5590 2914 5645 col.
2940 5589 3043 5643 570
3071 5596 3126 5642 et.
3149 5588 3291 5658 seq.)

2361 5661 2599 5755 Reliquit
2618 5684 2832 5740 Patrem
2852 5696 2973 5736 cum
2999 5679 3134 5735 dixit
3161 5697 3173 5732 :
3201 5679 3310 5749 Ego
3323 5694 3351 5732 a
3366 5677 3516 5731 Patre
3527 5662 3670 5726 exivi.
3686 5661 3778 5710 θπσο

544 4761 556 4783 η
664 4705 771 4760 Sed
802 4703 1110 4774 implemini,
1152 4715 1285 4769 etc.,
1322 4717 1491 4774 usque
1520 4703 1584 4756 ad
1617 4702 1670 4755 in
1704 4699 1948 4755 cordibus
1980 4694 2164 4751 vestris

593 4794 837 4849 Domino.
861 4794 1216 4849 Ambulantcs
1240 4809 1368 4863 ergo
1388 4794 1441 4847 in
1463 4793 1696 4855 Christo,
1727 4799 1780 4847 et
1810 4790 1987 4843 adlmc
2010 4787 2167 4859 perd-

596 4887 892 4957 grinantes,
924 4895 1055 4954 etc.,
1092 4904 1254 4959 usque
1293 4888 1361 4941 ad
1385 4895 1563 4942 mutus
1586 4894 1669 4939 est
1697 4883 1825 4937 Deo.
1860 4879 1981 4949 (Id.,
2013 4885 2165 4930 tract.

595 4976 650 5029 in
674 4974 809 5043 psal.
840 4992 1055 5042 Lxxxw,
1086 4988 1217 5032 tom.
1251 4976 1341 5042 ιν,
1377 4985 1519 5048 part.
1553 4991 1591 5038 1,
1617 4973 1719 5027 col.
1752 4967 1934 5037 1Ιο8.)

670 5064 883 5121 Gratias
916 5079 1143 5139 agentes,
1188 5077 1515 5137 etc.,usque
1557 5064 1624 5117 ad
1651 5065 1706 5115 in
1732 5061 1917 5113 timore
1958 5055 2170 5110 Christi.

599 5159 684 5214 Ab
698 5160 799 5215 hoc
812 5176 918 5216 uno
932 5170 987 5215 et
1006 5177 1134 5216 vero
1151 5161 1259 5216 Deo
1271 5161 1437 5214 vitam
1457 5168 1735 5225 speramus
1751 5160 2007 5205 internata
2018 5188 2032 5207 ,
2043 5155 2173 5209 etc.,

601 5267 766 5307 usque
809 5251 878 5306 ad
915 5254 1047 5307 satis
1090 5267 1209 5307 esse
1259 5245 1656 5304 contenderint.
1706 5242 1849 5313 (Id.,
1881 5241 1970 5293 lib.
2001 5253 2074 5292 vn
2114 5235 2178 5288 de

603 5339 756 5398 Civit.
802 5343 921 5409 Dei,
965 5352 1095 5398 tom.
1129 5340 1238 5402 V’ll,
1269 5338 1372 5393 col.
1413 5336 1519 5390 220
1537 5344 1591 5392 et
1617 5333 1757 5405 seq.)
2000 5384 2003 5387 Α

676 5434 926 5491 Mulieres
948 5435 1072 5490 viris
1109 5433 1220 5487 suis
1249 5430 1494 5495 subditaz,
1526 5439 1656 5492 etc.,
1685 5440 1856 5496 usque
1884 5423 1949 5478 ad
1977 5422 2177 5493 diligite

609 5543 797 5583 uxores
824 5538 1041 5582 vestras.
1064 5523 1243 5579 Nolite
1278 5522 1539 5578 mmchari
1574 5528 1694 5591 post
1714 5533 1911 5573 uxores
1943 5527 2177 5580 vestras,

611 5628 744 5685 etc.,
764 5633 925 5688 usque
941 5616 1010 5670 ad
1032 5615 1099 5668 ad
1121 5621 1283 5683 caput
1304 5611 1556 5667 Ecclesia:
1576 5607 2004 5677 Christum.(ld.,
2021 5621 2176 5660 serm.

614 5709 683 5767 de
727 5710 899 5764 decem
933 5704 1161 5771 chordis,
1201 5712 1328 5758 tom.
1371 5702 1434 5768 V,
1468 5708 1607 5771 part.
1639 5715 1679 5764 1,
1710 5698 1813 5755 col.
1866 5697 1936 5753 85
1960 5704 2014 5752 et
2044 5693 2181 5764 scq.)
