3902 6300
199 223 316 280 381

1034 198 1396 281 exrbsrrto
1434 223 1504 281 IN
1541 224 1697 282 spe.
1737 224 2051 283 PAULL—
2085 225 2191 283 EP.
2228 224 2322 280 AD
2371 224 2656 284 Ριιιιιιδι).

3370 232 3476 288 382

198 355 380 410 usque
408 338 478 392 ad
509 344 565 394 et
605 336 901 393 Ecclesiam
943 350 1139 407 corpus
1165 336 1301 405 ejus.
1332 337 1452 409 (Id.,
1486 339 1575 393 lib.
1619 348 1787 394 contr.
1818 346 1865 402 Α
1896 348 2038 394 tasse
2064 340 2280 411 longum
2311 348 2414 405 est,
2438 350 2542 396 etc.
2561 382 2576 405 ,
2602 357 2762 411 usque
2800 342 2870 395 ad
2897 356 2978 410 qn.
3019 356 3125 397 non
3154 340 3511 402 existentem'

200 426 476 482 Manu/1..
507 435 639 483 tom.
661 426 748 494 III,
774 436 913 499 part.
939 443 977 494 1,
996 428 1098 482 col.
1126 428 1230 483 215
1254 437 1309 484 et
1335 428 1476 500 seq.)

829 582 1057 640 CAPUT
1096 583 1184 639 VI.

287 716 440 783 Filii,
475 718 674 774 obedite
710 717 1035 789 parentibus,
1072 725 1199 785 etc.,
1242 732 1414 790 usque
1439 696 1511 773 ad.
1542 729 1590 773 et
1622 735 1794 773 corre—

190 806 386 875 ptione
430 806 664 862 Domini.
716 807 798 863 Ad
841 807 945 862 duo
987 818 1275 879 praecepta,
1323 808 1376 863 id
1425 818 1511 864 est
1546 809 1614 864 ad
1660 809 1793 864 dile-

190 895 446 950 ctionem
475 895 569 950 Dei
596 905 651 952 et
674 897 924 967 proximi,
951 907 1082 963 etc.,
1108 915 1271 967 usque
1296 899 1365 953 ad
1386 907 1601 957 cantate
1622 900 1792 956 canti-

188 998 334 1039 cum
355 1000 576 1039 novum.
601 984 722 1057 (Id.,
747 986 837 1040 lib.
852 986 932 1041 De
950 987 1124 1042 decem
1143 989 1374 1056 chordis,
1395 998 1525 1044 tom.
1554 991 1617 1055 V,
1645 1001 1787 1060 part.

190 1086 244 1138 1,
276 1073 381 1128 col.
409 1073 478 1129 80
502 1082 558 1129 et
578 1075 719 1146 seq.)

280 1162 452 1230 Servi,
482 1165 681 1220 obedite
703 1166 949 1231 dominis,
975 1176 1107 1233 etc.,
1130 1184 1303 1239 usque
1330 1170 1396 1224 ad
1424 1171 1652 1241 polentia
1676 1174 1784 1226 vir-

191 1254 333 1308 tutis
359 1255 493 1325 ejus.
519 1254 701 1309 Prima
727 1256 1006 1311 servitutis
1025 1272 1186 1312 causa
1209 1268 1493 1329 peccatum
1532 1269 1636 1325 est,
1653 1272 1783 1328 etc.,

189 1360 371 1416 usque
411 1347 480 1399 ad
511 1345 918 1403 immortalitate
962 1346 1224 1405 felicibus.
1275 1349 1399 1422 (Id.,
1450 1351 1544 1406 lib.
1592 1369 1684 1407 nx
1720 1356 1785 1408 de

191 1437 358 1494 Civil.
391 1438 524 1523 Dei,
543 1450 673 1495 tom.
704 1441 793 1496 VII
831 1440 936 1496 col.
974 1441 1078 1505 645
1108 1451 1163 1497 et
1191 1444 1331 1513 seq.)

271 1526 557 1585 Ordinavit
593 1530 738 1585 enim
791 1530 870 1586 sic
907 1530 1049 1587 Deus
1105 1532 1399 1589 Ecclesiam
1421 1543 1590 1600 ,etc.,
1621 1552 1784 1607 usque

187 1620 271 1672 ad
329 1621 545 1697 subditi
601 1629 759 1677 erant
792 1622 956 1677 etiam
999 1624 1244 1679 domino
1274 1627 1573 1697 temporali.
1631 1627 1776 1695 (Id.,

1901 430 2024 486 fecit
2053 440 2122 485 te.
2154 432 2274 502 (Id.,
2304 441 2458 486 tract.
2502 434 2558 487 in
2589 430 2726 503 psal.
2772 448 2968 498 cxun,
3004 440 3137 488 tom.
3180 432 3281 502 IV,
3328 446 3469 506 part.

1893 535 1970 585 11,
2009 520 2111 574 col.
2144 521 2278 576 I858
2306 529 2362 576 et
2386 521 2524 593 seq.)

1962 609 2083 667 Non
2132 620 2214 668 est
2267 612 2425 669 nobis
2471 614 2784 670 colluctatio
2830 610 3089 669 adversus
3144 630 3361 671 carnem
3416 626 3473 673 et

1893 705 2230 775 sanguinem,
2256 713 2389 772 etc.,
2439 723 2602 777 usque
2644 707 2713 760 ad
2759 706 3080 761 invisibilem
3125 706 3298 762 vincis
3345 723 3468 762 cre-

1891 793 2085 849 dendo.
2125 794 2247 865 (Id.,
2275 812 2431 850 serm.
2473 797 2537 851 de
2570 797 2706 851 verb.
2740 796 2968 868 Evang.,
3013 804 3122 850 tom
3158 794 3227 862 V,
3257 806 3397 867 part.
3427 814 3465 864 1,

1890 882 1992 937 col.
2025 883 2130 938 451
2156 891 2210 939 et
2239 883 2380 956 seq.)

1960 976 2077 1031 Non
2107 985 2190 1033 est
2214 977 2367 1033 nobis
2389 977 2693 1033 colluctatio
2720 978 2980 1036 adversus
3011 992 3230 1036 carnem
3262 985 3316 1032 et
3343 990 3466 1030 san-

1888 1067 2126 1137 guinem,
2155 1075 2286 1131 etc.,
2314 1085 2476 1139 usque
2518 1069 2587 1120 ad
2624 1069 2689 1123 de
2728 1069 2846 1123 sinu
2889 1071 3080 1125 matris
3118 1068 3253 1123 lucis
3288 1074 3462 1120 orate.

1889 1157 2009 1230 (Id.,
2025 1175 2179 1212 serm.
2200 1160 2263 1212 tle
2276 1158 2417 1229 vigil.
2437 1158 2675 1225 Pasclme,
2695 1169 2822 1214 tom.
2839 1160 2904 1226 V,
2932 1171 3073 1231 part.
3091 1176 3131 1227 1,
3159 1160 3258 1215 col.
3280 1157 3467 1225 1091.)

1958 1251 2118 1305 Venit
2148 1250 2290 1304 enim
2330 1250 2583 1320 princeps
2615 1252 2799 1306 mundi
2830 1252 3010 1322 hujus,
3041 1258 3172 1317 etc.,
3195 1264 3357 1319 usque
3391 1247 3462 1301 ad

1884 1341 2035 1410 virgo
2065 1350 2368 1411 pepererat.
2401 1341 2522 1411 (Id.,
2545 1350 2700 1395 tract.
2727 1342 2796 1398 79
2821 1343 2877 1397 in
2905 1342 3105 1413 Evang.
3145 1358 3246 1396 sec.
3273 1337 3460 1403 Joan.,

1884 1438 2016 1486 tom.
2046 1431 2134 1496 III,
2158 1439 2301 1500 part.
2333 1446 2393 1493 11,
2424 1431 2527 1485 col.
2562 1431 2743 1500 1858.)

1955 1520 2146 1575 Contra
2168 1521 2424 1591 spiritalia
2446 1521 2686 1592 nequitia:
2713 1523 2767 1575 in
2792 1521 3138 1594 spiritalibus.
3171 1520 3305 1577 Cum
3346 1521 3461 1577 dia-

1881 1611 2036 1666 bolus
2066 1610 2178 1680 jam
2210 1612 2443 1667 misisset
2474 1613 2526 1667 in
2556 1627 2670 1679 cor,
2700 1620 2828 1679 etc.,
2852 1629 3013 1684 usque
3040 1613 3109 1667 ad
3139 1611 3322 1681 adjnta
3363 1628 3461 1681 per

184 1717 355 1763 tract.
385 1710 440 1762 in
473 1693 612 1779 psal.
650 1726 867 1780 cxxx1v,
899 1721 1031 1768 tom.
1073 1713 1163 1782 IV,
1211 1724 1356 1785 part.
1384 1684 1464 1783 i1,
1495 1716 1599 1771 col.
1636 1684 1768 1773 17511

1899 1702 2139 1773 gratiam.
2158 1684 2280 1773 (Id.,
2307 1712 2460 1756 tract.
2484 1703 2553 1757 55
2575 1704 2630 1757 in
2655 1703 2855 1775 Evang.
2872 1719 2974 1758 sec.
3002 1703 3187 1770 Joan.,
3216 1711 3345 1757 ιοιιι.
3370 1701 3457 1768 Ill,

184 1807 249 1853 et
286 1798 425 1871 seq.)

268 1888 405 1943 Nam
449 1889 491 1944 si
534 1905 723 1947 servus
762 1907 871 1948 non
916 1907 986 1948 ex
1024 1892 1205 1950 animo
1248 1895 1344 1951 tibi
1376 1896 1596 1962 serviat,
1643 1907 1775 1964 etc.,

185 1996 363 2050 usque
403 1981 473 2035 ad
521 1997 643 2037 cum
683 1982 823 2038 bona
861 1984 1159 2040 voluntate.
1190 1985 1314 2057 (Id.,
1345 1996 1499 2041 tract.
1543 1989 1599 2044 in
1635 1989 1775 2060 psal.

182 2086 325 2137 ιιι,
353 2081 484 2126 tom.
516 2072 609 2140 IX,
634 2082 776 2144 part.
802 2090 865 2141 11,
897 2075 1000 2132 col.
1035 2075 1175 2129 I057
1205 2085 1259 2131 et
1285 2077 1424 2148 seq.)

265 2162 479 2218 Induite
501 2181 589 2219 vos
635 2175 966 2221 armaturam
1010 2167 1129 2234 Dei,
1161 2177 1269 2235 etc,
1316 2185 1486 2240 usque
1532 2172 1600 2228 ad
1644 2171 1776 2227 etin

184 2254 434 2309 omnibus
463 2256 679 2326 perfecti
705 2266 866 2312 stare.
897 2258 1148 2329 Nunquid
1171 2261 1419 2318 homines
1440 2263 1583 2320 solos
1611 2264 1777 2322 habet

191 2346 448 2403 inimicos
468 2348 748 2405 Ecclesia?
772 2359 902 2417 etc.,
933 2368 1093 2423 usque
1121 2353 1191 2407 ad
1215 2355 1513 2426 principem
1537 2365 1774 2425 potesta-

185 2439 264 2493 tis
298 2438 438 2494 aeris
473 2438 652 2510 hujus.
685 2442 808 2511 (Id.,
844 2452 996 2497 tract.
1039 2445 1094 2498 in
1125 2444 1263 2514 psal.
1292 2461 1437 2502 cxvu
1459 2486 1475 2515 ,
1516 2455 1647 2503 tom.
1676 2446 1774 2503 IV.

180 2536 330 2600 part.
360 2546 421 2593 11,
448 2531 550 2587 col.
582 2531 764 2604 H96.)

256 2620 593 2691 Intelligendi
626 2631 753 2679 sunt
789 2623 993 2680 inimici
1037 2639 1137 2695 pro
1162 2626 1358 2696 quibus
1387 2628 1652 2684 orandum
1676 2628 1769 2694 sit,

181 2721 322 2778 etc.,
356 2730 517 2783 usque
545 2715 614 2768 ad
658 2723 713 2770 et
751 2715 986 2771 vincitis.
1038 2716 1160 2788 (Id.,
1191 2727 1344 2772 tract.
1370 2719 1426 2773 in
1472 2718 1607 2789 psal.
1637 2735 1770 2787 xxx,

183 2812 324 2860 tom.
354 2803 445 2870 IV,
465 2814 609 2876 part.
637 2821 676 2872 1,
699 2807 804 2862 col.
829 2807 979 2879 248.)

257 2897 528 2953 Docemur
564 2898 780 2968 iniquos
808 2914 1003 2965 nosse,
1034 2907 1224 2955 contra
1252 2915 1388 2970 quos
1431 2899 1774 2957 invisibiliter

179 2985 531 3053 dimicamus,
570 2997 703 3054 etc.,
751 3006 913 3060 usque
956 2991 1024 3042 ad
1074 2991 1246 3060 migra
1287 2991 1354 3045 ad
1399 2990 1595 3046 lucem.
1641 2991 1763 3062 (Id.,

182 3089 348 3134 tract.
391 3082 449 3135 in
487 3080 622 3152 psal.
658 3096 880 3148 Lxxxw,
927 3090 1057 3136 tom.
1095 3080 1199 3148 IV,
1241 3090 1379 3152 part.
1412 3098 1480 3147 11,
1515 3081 1618 3137 col.
1663 3082 1765 3136 I07

176 3173 402 3245 etseq.)
1608 3190 1612 3194 ·

252 3266 510 3321 Diabolus
542 3276 594 3321 et
633 3265 807 3337 angeli
840 3264 959 3335 ejus
1007 3265 1059 3319 in
1087 3265 1382 3334 Scripturis
1410 3265 1612 3321 sanctis
1649 3280 1765 3320 ma-

173 3356 364 3412 nifesti
388 3367 533 3423 sunt,
562 3369 874 3428 etc.,usque
897 3357 964 3411 ad
994 3357 1085 3411 lux
1114 3357 1167 3411 in
1182 3356 1431 3411 Domino.
1454 3357 1577 3427 (Id.,
1604 3366 1761 3413 tract.

174 3450 237 3503 in
267 3449 404 3519 psal.
428 3465 536 3514 1.1v,
568 3457 700 3505 tom.
726 3450 815 3515 IV,
849 3457 989 3518 part.
1020 3465 1059 3514 1,
1085 3449 1187 3505 col.
1217 3447 1365 3518 850.)

254 3538 370 3594 Non
434 3548 521 3595 est
560 3541 714 3596 nobis
749 3539 1058 3594 colluctatio
1114 3539 1376 3593 adversus
1427 3554 1644 3595 carnem
1703 3547 1761 3594 et

172 3632 519 3701 sanguinem,
549 3642 679 3701 etc.,
703 3650 867 3704 usque
891 3632 960 3686 ad
986 3633 1207 3687 omnino
1235 3647 1340 3687 non
1364 3639 1607 3701 possunt.
1634 3631 1756 3702 (Id.,

172 3731 335 3776 tract.
389 3724 447 3777 in
490 3722 627 3793 psal.
676 3739 772 3789 LV,
829 3730 960 3777 tom.
1023 3720 1113 3786 IV,
1169 3731 1312 3791 part.
1376 3738 1429 3786 1,
1488 3720 1594 3777 col.
1653 3720 1757 3775 649

170 3820 231 3866 et
254 3810 396 3881 seq.)

248 3900 523 3958 Habemus
567 3903 753 3959 hostes
783 3903 1109 3968 invisibiles,
1141 3913 1273 3967 etc.,
1304 3919 1466 3974 usque
1493 3902 1562 3956 ad
1601 3911 1754 3957 tene—

167 3992 399 4047 brarum
426 3994 639 4048 harum.
672 3994 969 4063 (Id.,tract.
1013 3994 1067 4048 in
1115 3992 1252 4064 psal.
1298 4009 1429 4060 cxu,
1482 4002 1613 4048 tom.
1661 3992 1751 4057 IV,

167 4092 319 4154 part.
351 4099 412 4148 11,
446 4084 548 4139 col.
585 4085 723 4140 1475
748 4094 804 4143 et
828 4084 971 4155 seq.)

244 4175 561 4233 Prteliorum
594 4189 650 4235 et
679 4163 940 4235 bellorum
964 4195 1161 4250 genera
1188 4192 1615 4235 commemorare
1642 4177 1753 4232 for-

1878 1801 2022 1864 part.
2056 1810 2114 1857 11,
2150 1793 2254 1847 col.
2287 1792 2470 1864 I786.)

1952 1880 2088 1948 Quia
2116 1896 2248 1937 vero
2275 1890 2330 1936 et
2356 1882 2457 1951 ipsi
2481 1881 2604 1936 mali
2635 1882 2809 1953 angeli
2835 1897 2943 1936 non
2977 1895 3007 1937 a
3047 1882 3157 1936 Deo
3180 1889 3303 1937 sunt
3331 1895 3459 1935 con-

1879 1972 1996 2037 diti,
2020 1980 2147 2036 etc.,
2194 1988 2357 2044 usque
2390 1972 2460 2027 ad
2509 1972 2565 2027 in
2608 1972 2732 2027 ﬁliis
2767 1971 3088 2027 difﬁdentiae.
3122 1972 3245 2042 (Id.,
3273 1971 3362 2026 lib.
3394 1973 3459 2026 de

1880 2061 2091 2118 Natura
2117 2064 2258 2129 boni,
2291 2071 2421 2118 tom.
2453 2062 2584 2129 VIII,
2611 2063 2718 2119 col.
2742 2062 2840 2118 561
2866 2072 2921 2119 et
2949 2061 3089 2136 seq.)

1949 2153 2099 2209 State
2124 2171 2245 2226 ergo
2276 2153 2691 2220 succincti,etc.,
2708 2169 2878 2224 usque
2899 2155 2966 2209 ad
2994 2152 3266 2224 Evangelii
3288 2154 3457 2223 pacis.

1878 2245 2026 2302 Stola
2067 2247 2240 2316 prima
2288 2254 2373 2301 est
2398 2245 2649 2315 dignitas,
2703 2254 2833 2311 etc.,
2876 2261 3037 2316 usque
3077 2244 3147 2298 ad
3187 2243 3455 2315 tangenda

1877 2347 2114 2394 terrena.
2143 2338 2266 2410 (Id.,
2296 2338 2387 2392 lib.
2417 2354 2456 2406 1,
2483 2338 2683 2404 Quaest.
2710 2353 2913 2408 evang.,
2943 2343 3077 2391 tom.
3107 2333 3196 2400 III,
3220 2340 3360 2404 part.
3389 2348 3452 2399 11,

1874 2429 1976 2485 col.
2012 2426 2194 2499 1546.)

1945 2521 2159 2577 Marcus
2184 2520 2415 2576 dicendo
2447 2519 2665 2576 calciari
2705 2517 2994 2590 apostolos,
3022 2528 3156 2583 etc.,
3194 2531 3356 2586 usque
3381 2514 3452 2568 ad

1873 2613 2157 2669 innitatur.
2203 2612 2323 2684 (Id.,
2370 2612 2462 2666 lib.
2503 2627 2541 2667 ιι
2585 2613 2649 2667 de
2676 2610 2899 2667 Comen.
2931 2610 3166 2681 Evang.,
3203 2615 3331 2662 tom.
3364 2603 3450 2670 III,

1871 2711 2013 2774 part.
2038 2719 2082 2769 1,
2106 2703 2212 2757 col.
2248 2700 2431 2771 1090.)

1941 2792 2012 2848 In
2060 2793 2331 2859 omnibus,
2379 2800 2508 2858 etc.,
2557 2806 2728 2863 usque
2777 2792 2844 2846 ad
2891 2791 3042 2862 ignea
3099 2789 3446 2859 exstinguere.

1869 2884 2056 2955 Neque
2083 2886 2225 2940 enim
2270 2883 2463 2939 melius
2499 2890 2675 2954 potest
2703 2881 2925 2955 intelligi
2952 2880 3097 2952 quod
3124 2880 3322 2935 dictum
3364 2884 3449 2930 est

1872 2977 2004 3041 Deo,
2032 2984 2160 3042 etc.,
2205 2993 2366 3048 usque
2389 2977 2457 3030 ad
2495 2974 2737 3045 transfigi
2781 2989 2888 3029 non
2942 2973 3088 3028 sinit.
3118 2971 3241 3043 (Id.,
3276 2969 3364 3023 lib.
3382 2969 3448 3023 de

1869 3068 2050 3123 Doctr.
2069 3065 2534 3133 Clarist.,tom.lll,
2562 3075 2701 3138 part.
2727 3082 2770 3132 1,
2801 3066 2905 3122 col.
2937 3065 3006 3120 79
3035 3073 3090 3119 et
3115 3061 3257 3133 seq.)

1937 3180 2007 3234 Et
2034 3179 2237 3251 galeam
2264 3180 2612 3246 salutis,etc.,
2643 3195 2812 3250 usque
2842 3178 2908 3233 ad
2931 3176 3263 3232 consolentur
3285 3174 3447 3228 corda

1863 3283 2053 3327 vestra.
2078 3271 2269 3328 Sermo
2287 3288 2414 3344 ergo
2437 3272 2529 3327 Dei
2553 3271 2761 3343 gladius
2785 3270 2869 3325 bis
2896 3279 3108 3334 acutus,
3127 3276 3255 3332 etc.,
3283 3280 3446 3336 usque

1863 3363 1939 3417 ad
1983 3379 2149 3420 verax
2198 3363 2447 3418 inventus
2473 3372 2574 3418 est.
2609 3362 2732 3431 (Id.,
2766 3371 2920 3415 tract.
2971 3360 3024 3414 in
3071 3356 3208 3428 psal.
3259 3372 3440 3421 cxux,

1861 3453 2098 3519 tom.IV,
2123 3464 2259 3525 part.
2277 3470 2337 3519 11,
2363 3453 2465 3509 col.
2496 3452 2634 3507 1955
2662 3460 2717 3506 et
2751 3451 2892 3521 seq.)

1930 3544 2049 3601 Pax
2080 3545 2349 3613 fratribus,
2402 3553 2530 3609 etc.,
2576 3559 2746 3613 usque
2803 3544 2871 3596 ad
2923 3544 2978 3596 in
3031 3540 3439 3610 incorruptione.

1858 3633 2044 3689 Amen.
2059 3635 2193 3700 Pax,
2216 3635 2671 3703 inquit,fratribus
2691 3640 2745 3687 et
2764 3632 3003 3687 Charitas
3018 3645 3139 3684 cum
3163 3630 3286 3693 ﬁde,
3310 3636 3438 3690 etc.,

1860 3742 2019 3795 usque
2044 3727 2113 3779 ad
2137 3727 2238 3781 nisi
2264 3726 2355 3781 Dei
2384 3728 2543 3781 dona.
2572 3723 2698 3789 (Id.,
2725 3723 2815 3777 lib.
2846 3722 2908 3776 de
2943 3720 3068 3776 Cra.
3104 3732 3150 3775 et
3176 3720 3267 3774 lib.
3297 3719 3436 3785 a:b.,

1865 3821 1994 3868 tom.
2026 3815 2096 3879 Χ,
2138 3823 2278 3885 part.
2303 3832 2346 3879 1,
2368 3815 2470 3869 col.
2499 3812 2648 3886 905.)

1933 3905 2047 3959 Non
2076 3915 2251 3961 tamen
2281 3906 2534 3976 quoniam
2564 3905 2696 3959 ﬁch
2721 3904 2879 3958 datur
2904 3904 3215 3974 priusquam
3252 3907 3439 3969 postu-

1859 3995 2005 4050 letur
2025 3997 2094 4051 ab
2120 3996 2213 4051 illo
2240 3997 2325 4051 cui
2351 3996 2534 4060 datur,
2557 4004 2688 4060 etc.,
2719 4012 2878 4066 usque
2897 3995 2965 4048 ad
2988 4010 3092 4048 non
3113 3991 3437 4047 habentibus

1858 4090 2135 4161 poscimus
2176 4089 2314 4144 dari.
2350 4088 2475 4159 (Id.,
2504 4086 2594 4142 lib.
2636 4088 2700 4142 de
2740 4087 2891 4142 Dona
2933 4103 3151 4158 pcrsev.,
3200 4096 3328 4141 tom.
3362 4080 3433 4150 X,
3474 4094 3479 4099 ‘

1857 4189 1998 4251 part.
2026 4197 2091 4249 11,
2122 4180 2228 4237 col.
2264 4180 2444 4252 I02l.)

885 4523 993 4606 IN
1074 4523 1657 4604 EPISTULAM
1733 4523 1867 4600 AD
1942 4519 2727 4603 PHILIPPENSES.°

704 4787 1207 4848 ARGUMENTUM.

236 4894 612 4968 Philippenses
655 4908 781 4954 sunt
827 4899 1167 4955 Macedones.
1216 4899 1282 4955 Ili
1329 4910 1550 4971 accepto
1582 4902 1749 4956 verbo

162 4985 418 5045 Veritatis
440 4992 796 5060 perstiterunt
828 4992 880 5045 in
920 4991 1023 5046 ﬁde
1054 5009 1067 5045 :
1102 5006 1202 5046 nec
1232 5000 1553 5060 receperunt
1584 4992 1749 5047 falsos

163 5079 463 5148 apostolos.
507 5080 617 5135 Hos
663 5081 933 5136 collaudat
960 5081 1255 5150 apostolus,
1307 5081 1552 5137 scribens
1595 5084 1674 5138 eis
1715 5099 1745 5138 a

162 5170 342 5227 Roma
368 5173 434 5227 de
459 5188 679 5228 carcere
702 5189 799 5243 per
822 5173 1270 5244 Epaphroditum.

677 5303 905 5362 CAPUT
944 5304 1232 5362 PRIMUM.

233 5409 441 5468 Paulus
468 5423 515 5468 et
556 5413 853 5471 Timotheus
883 5418 1032 5480 servi,
1063 5426 1194 5485 etc.,
1227 5434 1395 5489 usque
1419 5420 1487 5476 ad
1519 5420 1743 5476 Domino

1770 4792 1826 4852 Ι)
1849 4761 2020 4861 perit.
2054 4789 2174 4861 (Id.,
2205 4799 2358 4844 tract.
2390 4789 2459 4844 85
2501 4790 2555 4843 in
2599 4784 2800 4868 Evang.
2839 4803 2941 4842 sec.
2964 4785 3152 4853 Joau.,
3176 4795 3306 4843 tom.
3337 4786 3427 4856 III,

1853 4893 1993 4952 part.
2024 4898 2086 4947 11,
2118 4881 2222 4936 col.
2249 4880 2443 4951 1819.)

1925 4968 2136 5025 Gratias
2158 4988 2256 5041 ago
2281 4971 2410 5037 Deo,
2437 4978 2569 5035 etc.,
2601 4984 2771 5039 usque
2799 4969 2867 5024 ad
2898 4968 3101 5023 verbum
3133 4969 3231 5024 Dei
3259 4969 3422 5041 loqui.

1850 5058 2199 5129 Cooperando
2227 5060 2369 5114 Deus
2420 5058 2473 5112 in
2524 5058 2679 5113 nobis
2716 5058 2929 5128 perﬁcit
2978 5058 3118 5128 quod
3151 5060 3429 5129 operando

1850 5149 2057 5218 incipit,
2085 5158 2219 5215 etc.,
2251 5165 2415 5221 usque
2437 5148 2504 5203 ad
2530 5162 2693 5219 opera
2723 5149 2857 5204 nihil
2891 5149 3151 5205 valemus.
3179 5150 3301 5220 (Id.,
3329 5150 3422 5205 lib.

1850 5239 1913 5293 de
1936 5236 2085 5293 Crat.
2114 5250 2161 5294 et
2197 5239 2287 5293 lib.
2322 5239 2461 5304 arb.,
2495 5247 2624 5293 tom.
2652 5238 2715 5302 Χ,
2746 5247 2888 5309 part.
2911 5256 2952 5305 1,
2980 5240 3081 5296 col.
3117 5240 3267 5310 961.)

1919 5329 2249 5396 De‘mundo,
2278 5330 2471 5398 inquit,
2498 5345 2602 5384 non
2631 5337 2777 5395 sunt,
2807 5330 2946 5384 sicut
2968 5339 3023 5385 et
3049 5345 3147 5401 ego
3172 5344 3277 5384 non
3304 5345 3423 5384 sum

1848 5419 1914 5475 de
1943 5421 2173 5484 mundo,
2233 5428 2366 5486 etc.,
2414 5436 2577 5491 usque
2629 5421 2697 5474 ad
2749 5422 2952 5477 veritas
3003 5430 3058 5476 et
3105 5422 3233 5475 vita.
3289 5422 3419 5492 (Id.,

155 5497 291 5555 Iesu
311 5500 535 5558 Christo.
565 5503 716 5560 Sicut
744 5515 871 5561 sunt
898 5506 1003 5562 duo
1029 5508 1252 5565 timores
1281 5511 1372 5580 qui
1408 5510 1613 5567 faciunt
1639 5512 1744 5566 duo
1845 5522 1998 5566 tract.
2036 5512 2139 5568 108
2187 5512 2241 5567 in
2287 5512 2486 5583 Evang.
2540 5530 2643 5568 sec.
2682 5513 2865 5580 Joan.,
2911 5520 3041 5569 tom.
3069 5512 3153 5580 III,
3184 5520 3324 5583 part.
3358 5527 3420 5579 11,

159 5606 361 5661 genera
400 5593 723 5663 timentium,
768 5604 896 5664 etc.,
944 5614 1105 5668 usque
1134 5599 1203 5653 ad
1231 5601 1383 5669 quasi
1430 5618 1535 5659 non
1590 5618 1742 5659 accc-

1847 5601 1946 5656 col.
1986 5601 2161 5669 1915.)
