3902 6300
572 343 681 401 385
1783 340 1988 396 FLOR!
2031 336 2307 394 DIACONI
2347 338 2653 396 MONACHI
3679 349 3747 410 ω

647 457 878 524 Quidam
902 456 1136 523 auidem,
1165 465 1294 522 etc.,
1324 469 1494 526 usque
1525 455 1594 510 ad
1637 455 1892 509 suscitare
1936 452 2156 508 vinculis
2184 453 2235 513 Α
2260 450 2516 518 Joannes,
2547 465 2678 520 etc.,
2704 471 2867 525 usque
2903 455 2971 509 ad
3001 455 3053 509 in
3086 455 3295 512 vinculo
3325 460 3489 528 pacis.
3518 462 3621 531 (ld.,
3643 483 3746 521 εειι.

571 549 722 603 meis.
751 546 891 602 Sunt
922 548 976 602 in
1002 547 1242 603 Ecclesia
1269 546 1487 616 quidam
1511 544 1808 615 praapositi,
1832 555 1961 609 etc.,
1997 559 2158 623 usque
2261 543 2324 598 de
2350 543 2482 598 blas.
2506 544 2651 614 Spir.
2679 556 2871 611 sanct.,
2907 554 3037 600 tom.
3079 543 3139 612 V,
3168 557 3302 616 part.
3339 567 3380 614 1,
3411 551 3508 606 col.
3536 554 3656 623 461.)

568 638 643 692 ad
673 637 816 692 inter
841 638 1205 692 mercenarios
1240 650 1540 691 remanere.
1591 634 1726 705 (ld.,
1780 643 1933 688 tract.
1983 622 2053 687 46
2102 634 2157 686 in
2224 647 2228 652 '
2333 635 2484 689 Nihil
2529 653 2620 706 per
2663 637 3068 702 contentionem,
3095 646 3224 703 etc.,
3251 654 3419 709 usque
3452 643 3514 695 ad
3537 622 3749 712 quodni;

571 726 778 798 Evang.
808 745 912 782 sec.
930 727 1361 792 loan.,tom.|ll,
1385 735 1525 795 part.
1557 742 1615 803 11,
1649 726 1752 781 col.
1784 726 1920 780 i729
1937 734 1994 780 et
2017 724 2155 796 seq.)
2259 726 2465 781 Christo
2505 726 2655 782 Iesu.
2690 727 2804 782 Non
2837 729 2941 784 hoc
2989 728 3058 782 ita
3106 729 3364 785 debemus
3404 732 3750 803 existimare,ut

638 817 817 872 Etiam
838 834 936 888 per
956 819 1321 874 mercenaries
1335 833 1523 873 vocem
1545 802 1728 872 audite
1750 817 2007 886 pastoris,
2022 825 2153 882 etc.,
2257 831 2362 870 non
2392 817 2786 883 existimemus,
2819 825 2948 884 etc.,
2978 834 3142 888 usque
3162 819 3230 871 ad
3251 835 3428 874 onera
3445 831 3750 893 nostra'porte-

569 923 736 977 usque
762 907 831 960 ad
856 907 1102 962 Christus
1126 908 1498 961 annuntietur.
1518 907 1641 979 (ld.,
1663 906 1816 972 ibid.,
1837 907 1939 962 coI.
1967 906 2155 977 1751.)
2256 923 2396 963 mus.
2432 908 2554 977 (ld.,
2587 908 2676 963 lib.
2713 909 2937 974 Quaest,
2969 915 3101 964 tom.
3131 909 3219 974 Vl,
3249 911 3351 965 col.
3381 911 3442 965 81
3473 920 3523 967 et
3550 917 3666 985 seq.)

643 995 876 1051 Possunt
910 996 996 1050 isti
1027 996 1277 1050 maledici
1328 996 1510 1066 potius
1551 995 1990 1066 calumniatores,
2022 1003 2152 1061 etc.,
2330 999 2432 1064 Qui
2457 1016 2573 1052 cum
2595 1001 2652 1053 in
2680 1001 2848 1068 forma
2872 999 2989 1065 Dei,
3011 1010 3145 1065 etc.,
3168 1016 3340 1071 usque
3366 1003 3432 1056 ad
3459 1004 3652 1072 formam
3667 1013 3750 1061 sem‘

568 1100 733 1154 usque
770 1083 838 1136 ad
885 1097 990 1136 non
1040 1082 1108 1138 de
1160 1084 1492 1152 turpitudine
1538 1084 1816 1138 vitiorum.
1867 1083 2007 1155 (ld.,
2060 1083 2155 1137 lib.
2255 1088 2533 1158 accipiens.
2586 1089 2723 1143 Hinc
2770 1104 2900 1158 ergo
2949 1090 3122 1159 magis
3164 1091 3479 1160 quaerebant
3513 1109 3618 1148 eum
3640 1094 3750 1152 Judai

568 1181 737 1228 contr.
764 1171 980 1238 Faust.,
1013 1181 1139 1227 tom.
1173 1171 1308 1254 VIII,
1350 1174 1455 1229 col.
1487 1173 1591 1228 429
1620 1182 1676 1228 et
1703 1175 1846 1245 seq.)
2254 1178 2580 1242 interﬁcere,
2613 1187 2740 1243 etc.,
2771 1195 2934 1249 usque
2968 1180 3037 1232 ad
3074 1178 3302 1234 formam
3353 1183 3493 1237 servi
3539 1186 3749 1254 accipiens.

637 1262 994 1319 Notissimum
1037 1279 1160 1320 esse
1205 1252 1443 1320 arbitror
1470 1267 1743 1322 sanctitati
1789 1274 1984 1322 vestra:
2011 1266 2156 1337 quod
2255 1267 2380 1340 (ld.,
2416 1277 2567 1322 tract.
2609 1269 2642 1322 7
2697 1271 2753 1322 in
2791 1267 2994 1323 Evana.
3047 1285 3150 1324 sec.
3194 1269 3477 1337 Joannem,
3523 1252 3647 1326 tom.
3681 1274 3750 1339 III,

569 1355 648 1410 ait
676 1355 989 1427 Apostolus,
1017 1365 1146 1423 etc.,
1180 1374 1341 1427 usque
1381 1358 1450 1411 ad
1480 1375 1588 1415 non
1619 1358 1847 1414 credunt
1876 1374 1995 1414 esse
2036 1374 2156 1428 qua:
2252 1364 2396 1427 part.
2430 1373 2492 1422 11,
2524 1356 2626 1411 col.
2663 1357 2847 1429 1555.)

567 1447 775 1503 dicunt.
804 1449 925 1521 (ld.,
957 1459 1110 1504 tract.
1144 1451 1197 1504 in
1219 1449 1361 1520 psal.
1385 1465 1507 1508 cxv.
1537 1459 1671 1505 tom.
1699 1451 1766 1517 ll,
1792 1460 1932 1522 part.
1958 1467 2018 1517 ιι,
2045 1450 2154 1505 col.
2325 1446 2440 1501 Non
2488 1461 2619 1516 ergo
2667 1446 2964 1501 exinanivit
3004 1446 3256 1502 amittens
3307 1448 3452 1516 quod
3497 1457 3628 1513 erat,
3668 1460 3757 1511 etc.,

567 1538 708 1595 1490
740 1548 795 1595 et
829 1541 969 1612 seq.)
2252 1552 2415 1608 usque
2437 1537 2510 1590 ad,
2533 1537 2780 1592 Christus
2810 1538 3022 1593 occisus
3050 1547 3150 1592 est.
3185 1533 3322 1608 (ld.,
3343 1549 3496 1596 tract.
3536 1541 3583 1594 in
3615 1539 3749 1610 Emi.

639 1631 882 1685 Fuerunt
910 1631 1054 1685 enim
1087 1633 1252 1686 etiam
1292 1633 1624 1702 temporibus
1654 1634 2018 1703 apostolorum
2061 1633 2153 1702 qui
2252 1628 2537 1682 secundum
2580 1628 2860 1696 Joannem,
2893 1639 3023 1684 tom.
3057 1629 3142 1698 lll,
3173 1640 3314 1701 part.
3365 1648 3430 1697 ιι,
3472 1632 3567 1688 col.
3605 1633 3706 1688 1856
3721 1647 3752 1687 et

563 1720 850 1775 veritatem
886 1736 992 1774 uon
1021 1721 1270 1784 veritate,
1293 1730 1423 1785 etc.,
1445 1737 1608 1790 usque
1631 1721 1698 1774 ad
1728 1722 1877 1792 prius
1903 1731 2147 1792 negetur.
2254 1719 2398 1790 seq.)
3486 1777 3498 1789 ,

565 1809 694 1880 (ld.,
726 1808 815 1864 lib.
841 1818 1021 1864 contra
1064 1808 1418 1875 Mendacium,
1450 1820 1582 1865 tom.
1616 1812 1705 1878 VI,
1733 1811 1834 1867 col.
1868 1810 2017 1883 527.)
2187 1801 2236 1862 Β
2332 1811 2585 1870 Christus
2613 1814 2706 1870 Dei
2744 1813 2913 1869 Filius
2939 1821 3023 1870 est
3055 1822 3108 1869 et
3136 1814 3278 1870 Deus
3312 1829 3494 1879 nomo,
3521 1824 3628 1878 etc.,
3650 1831 3753 1882 usqu

639 1899 778 1954 Tres
809 1914 1069 1969 personas
1108 1901 1243 1954 dixit
1291 1901 1574 1967 Dominus,
1623 1911 1678 1958 et
1725 1904 1983 1958 debemus
2033 1904 2153 1958 illas
2255 1902 2325 1957 ad
2354 1903 2614 1958 Dominus
2643 1915 2824 1958 noster
2847 1903 3003 1959 Jesus
3028 1903 3297 1960 Christus.
3329 1905 3456 1976 (ld.,
3482 1904 3563 1959 lib.
3584 1903 3750 1968 Euciir,

564 1990 898 2060 investiga-re
932 1991 986 2045 in
1016 1991 1325 2062 Evangelio,
1357 2001 1487 2055 etc.,
1515 2009 1676 2063 usque
1716 1993 1785 2046 ad
1825 1993 2025 2048 bonum
2059 2009 2152 2063 pa-
2255 1998 2387 2044 tom.
2418 1991 2509 2056 Vl,
2533 1992 2634 2046 col.
2668 1993 2772 2048 249
2806 2002 2861 2046 et
2886 1994 3026 2063 seq.)

567 2088 769 2134 ratum.
796 2080 918 2152 (ld.,
939 2097 1094 2134 serm.
1119 2081 1264 2136 49de
1286 2082 1422 2136 verb.
1452 2081 1681 2153 Evang.,
1699 2090 1829 2138 tom.
1849 2082 1918 2150 V,
1946 2094 2087 2154 part.
2105 2099 2147 2150 1,
2324 2081 2458 2136 Nam
2491 2083 2533 2136 si
2569 2082 2954 2152 temporalibus
2979 2091 3033 2138 et
3061 2083 3413 2152 passibilibus
3443 2084 3571 2140 Deus
3609 2085 3750 2148 tribuit,

561 2171 668 2226 col.
699 2170 804 2225 756
836 2179 892 2227 et
925 2171 1067 2242 seq.)
2252 2181 2380 2237 etc.,
2414 2190 2574 2243 usque
2613 2174 2683 2226 ad
2725 2173 2867 2229 Deus
2910 2173 3177 2229 Christus.
3211 2174 3338 2245 (ld.,
3376 2176 3520 2243 epist.
3544 2175 3602 2229 ad
3635 2175 3750 2228 Ilua“-

632 2262 688 2316 ln
735 2278 795 2317 se
843 2271 1020 2317 autem
1072 2279 1323 2320 reversus
1359 2264 1497 2319 dixit
1526 2279 1541 2318 :
1575 2263 1771 2332 Quanti
1827 2267 2151 2323 mercenarii
2252 2264 2404 2328 ιηὶη..
2437 2273 2567 2318 tom.
2601 2263 2736 2327 VIII,
2765 2264 2867 2317 col’.
2904 2264 3005 2318 797
3035 2272 3086 2318 el
3119 2265 3261 2333 seq.)

561 2353 745 2422 patris.
781 2353 1191 2425 meiabundant
1236 2355 1486 2423 panibus,
1517 2362 1648 2418 etc.,
1679 2371 1842 2424 usque
1867 2355 1936 2409 ad
1966 2371 2150 2425 perce-
2253 2375 2256 2378 '
2326 2356 2465 2410 Deus
2513 2371 2673 2424 quem
2720 2357 2944 2426 genuit,
2975 2366 3105 2423 etc.,
3132 2373 3294 2428 usque
3339 2359 3410 2411 ad
3453 2357 3660 2412 inﬁrmus
3688 2364 3750 2408 est.

562 2452 758 2513 perunt
784 2445 1089 2500 mercedem
1121 2460 1294 2499 suam.
1325 2444 1449 2515 (ld.,
1475 2444 1566 2499 lib.
1602 2443 1804 2510 Quaest.
1834 2446 1886 2500 in
1917 2445 2152 2516 Evang.,
2253 2444 2334 2517 (S.
2365 2445 2618 2517 August.,
2647 2446 2738 2500 lib.
2775 2445 2973 2512 Qmest.
3003 2447 3094 2512 85',
3127 2458 3257 2502 tom.
3287 2447 3379 2514 Vi,
3409 2449 3510 2503 col.
3540 2448 3646 2517 3i.)-

562 2541 693 2588 tom.
726 2532 812 2597 Ill,
842 2540 983 2602 part.
1017 2549 1076 2598 11,
1111 2533 1215 2588 col.
1251 2532 1434 2602 1515.)
2325 2536 2383 2590 Si
2433 2538 2607 2606 potuit
2635 2546 2689 2591 et
2719 2537 2908 2603 noluit,
2945 2537 3289 2593 invidus‘est.
3343 2539 3422 2593 Ex
3463 2555 3560 2609 quo
3599 2539 3747 2593 contici-

632 2621 772 2688 Quid
807 2623 944 2676 enim
991 2624 1114 2677 dum
1160 2623 1478 2688 omnimodo,
1531 2631 1659 2689 etc.,
1695 2640 1869 2695 usque
1901 2625 1966 2680 ad
2015 2626 2150 2679 mori
2250 2637 2363 2694 tur,
2414 2636 2544 2694 etc.,
2592 2645 2754 2699 usque
2799 2629 2868 2682 ad
2918 2643 3026 2682 non
3074 2629 3456 2698 degenerando
3501 2629 3562 2684 ab
3606 2626 3748 2697 tequali.

560 2711 786 2765 lucrum.
817 2713 956 2766 Audi
992 2712 1180 2782 quales
1208 2705 1601 2769 commemorat
1644 2715 1934 2786 Apostolus
1983 2715 2148 2771 falsos
2252 2717 2388 2789 (ld.,
2415 2727 2571 2772 tract.
2607 2719 2663 2773 in
2701 2717 2836 2788 psal.
2865 2731 3049 2783 Lxxw,
3079 2725 3212 2773 tom.
3241 2717 3334 2784 IV,
3364 2726 3502 2788 part.
3528 2735 3562 2782 1,
3584 2718 3664 2772 col.
3683 2715 3747 2778 9I9

555 2800 774 2866 fratres,
802 2811 932 2866 etc.,
966 2819 1128 2872 usque
1162 2803 1231 2856 ad
1262 2803 1530 2858 homicida
1560 2813 1662 2859 est.
1697 2804 1818 2873 (ld.,
1845 2814 2000 2858 tract.
2031 2805 2064 2859 5
2093 2805 2149 2858 in
2250 2819 2305 2865 et
2332 2809 2473 2881 seq.)

557 2891 760 2962 Evaug.
805 2909 909 2947 sec.
939 2894 1124 2962 Joan.,
1159 2903 1289 2949 tom.
1321 2893 1409 2961 Ill,
1439 2903 1579 2964 part.
1613 2910 1673 2958 ιι,
1711 2894 1812 2949 col.
1847 2893 2030 2965 1424.)
2321 2899 2424 2967 Qui
2455 2909 2576 2955 eum
2610 2899 2662 2954 in
2695 2898 2868 2956 forma
2908 2898 3004 2953 Dei
3033 2907 3197 2963 esset,
3225 2906 3363 2962 etc.,
3393 2914 3545 2968 usque
3565 2896 3662 2950 ads
3685 2907 3748 2960 quo

631 3001 892 3058 Videmus
920 3003 1071 3069 istos,
1095 3013 1228 3068 etc.,
1254 3021 1415 3074 usque
1445 3005 1513 3057 ad
1541 3003 1867 3060 dill'ametur.
1899 3003 2022 3076 (Id..
2049 3003 2125 3058 lib
2251 2993 2466 3064 genitus
2491 3000 2592 3047 est
2625 2991 2748 3061 (ld-.
2777 2999 2934 3045 tract
2963 2991 3017 3044 in
3037 2989 3173 3060 psal-
3205 3006 3391 3056 CXXVI.
3421 2999 3541 3044 tom.
3567 2986 3638 3050 IV.
3659 2993 3747 3054 ιιπίι

561 3102 746 3145 contra
775 3092 960 3158 Petil.,
993 3101 1126 3147 tom.
1157 3090 1248 3158 IX,
1278 3092 1380 3147 col.
1411 3092 1559 3164 514.)

2250 3096 2312 3146 ιι,
2341 3080 2445 3134 col.
2478 3080 2661 3152 1671.)

633 3181 787 3246 Quod
810 3183 855 3236 si
884 3153 1072 3247 viuere,
1109 3153 1245 3247 etc.,
1285 3197 1456 3252 usque
1507 3153 1574 3237 ad
1609 3183 1988 3238 cotlaborantes
2017 3183 2146 3252 ﬁdei
2172 3153 2218 3217 Ο
2321 3169 2387 3223 El
2431 3169 2668 3225 Ῐὶῖὲηῑίοί
2711 3168 2929 3240 “idem
2976 3169 3162 3225 dicunt
3191 3170 3458 3226 minorem
3485 3168 3648 3224 Filium
3669 3178 3742 3216 ⁸³⁵⁸

561 3269 858 3340 Evangeiii.
911 3271 1046 3326 Cum
1097 3271 1260 3325 verba
1311 3271 1530 3340 propria
1582 3270 1790 3326 faciunt
1836 3272 2136 3343 ambiguam

2245 3275 2407 3328 quam
2454 3258 2617 3314 Pater
2662 3268 2767 3325 est,
2799 3270 2929 3325 etc.,
2957 3277 3117 3331 usque
3146 3261 3215 3314 ad
3246 3277 3372 3317 esse
3415 3269 3647 3317 creatura.
3671 3255 3745 3325 ιίΙιΙ..

557 3359 908 3429 scripturam,
938 3369 1068 3424 etc.,
1107 3375 1269 3429 usque
1301 3360 1370 3413 ad
1398 3361 1760 3416 necessariam
1782 3373 2006 3432 propter
2025 3379 2136 3418 vos.

2245 3348 2336 3403 lib.
2368 3349 2433 3404 de
2458 3349 2630 3415 Trin.,
2659 3359 2793 3405 toni.
2826 3348 2958 3415 VIII,
2989 3350 3091 3404 col.
3121 3351 3226 3406 829
3251 3360 3310 3406 et
3339 3351 3478 3422 seq.)

560 3447 686 3515 (ld.,
715 3447 805 3502 lib.
840 3466 900 3503 111
928 3451 992 3503 de
1026 3449 1276 3503 Doctrina
1305 3448 1630 3516 Christiana,
1661 3458 1793 3505 tom.
1825 3451 1912 3519 Ill,
1933 3462 2074 3522 part.
2099 3469 2136 3520 1,

2317 3439 2476 3494 Pater
2507 3455 2638 3511 ergo
2667 3449 2724 3495 et
2753 3439 2920 3495 Filius
2946 3456 3110 3494 unum
3139 3450 3287 3507 sunt,
3321 3452 3457 3506 etc.,
3482 3455 3621 3508 usque
3642 3433 3744 3488 add?

561 3541 664 3595 col.
697 3541 766 3596 65
799 3553 855 3597 et
884 3543 1031 3613 seq.)
2242 3531 2544 3587 substantia
2587 3529 2704 3599 ejus
2731 3533 3004 3586 dicuntur.
3036 3531 3158 3602 (ld.,
3188 3532 3278 3586 lib.
3311 3533 3378 3586 de
3421 3531 3576 3594 Trin”
3602 3539 3633 3581 t.
3659 3525 3740 3583 \‘lll,

629 3632 754 3687 [hec
772 3633 914 3687 enim
936 3649 1056 3703 qua:
1085 3648 1229 3690 nunc
1255 3635 1488 3705 agimus,
1517 3641 1648 3699 etc.,
1684 3651 1848 3704 usque
1872 3635 1942 3688 ad
1961 3634 2136 3704 justus

2245 3621 2348 3676 col.
2380 3621 2486 3676 926
2512 3630 2566 3676 et
2593 3623 2733 3692 seq.)
3303 3667 3310 3672 .

555 3740 624 3778 ex
651 3725 754 3778 lide
783 3725 929 3778 vivit.
963 3724 1087 3796 (ιιι,
1111 3725 1200 3778 lib.
1228 3726 1297 3778 ad
1318 3726 1470 3790 Jan.,
1498 3733 1628 3779 tom.
1656 3723 1716 3787 ιι,
1746 3724 1850 3779 col.
1879 3724 2034 3796 216.)
2311 3711 2535 3766 Cuinam
2562 3712 2707 3766 enim
2737 3712 2923 3781 rapina
2959 3721 3077 3766 erat
3109 3726 3229 3768 esse
3263 3712 3487 3782 aequalis
3527 3711 3635 3770 θεον
3663 3713 3741 3796 "Cr

627 3818 795 3872 Intret
822 3827 950 3873 ante
972 3791 1339 3888 conspectum
1371 3826 1518 3872 tuum
1546 3817 1778 3888 gemitus
1814 3817 2136 3886 compedito-

2245 3819 2403 3874 usque
2442 3804 2511 3857 ad
2560 3819 2659 3858 nos
2702 3802 2896 3857 divites
2946 3802 3092 3857 facit.
3127 3802 3248 3872 (ld.,
3278 3819 3347 3857 ea:
3401 3802 3545 3856 Verb.
3573 3791 3732 3866 apostol.
3834 3823 3835 3840 ι

556 3922 698 3972 rum,
730 3916 862 3972 etc.,
889 3925 1050 3977 usque
1082 3907 1152 3960 ad
1183 3910 1414 3978 gemitus
1451 3923 1660 3962 eorum.
1712 3906 1834 3977 (ld.,
1887 3917 2042 3961 tract.
2087 3908 2136 3962 in

2245 3901 2375 3949 tom.
2408 3893 2474 3961 V,
2497 3903 2637 3963 part.
2668 3909 2706 3959 1,
2739 3892 2841 3947 col.
2877 3893 3015 3946 1215
3041 3902 3093 3946 ct
3118 3894 3259 3963 seq.)
3669 3972 3683 3978 Δ
3721 3971 3728 3978 ⁸
3834 3892 3835 3966 ᾗ

559 3997 693 4066 psal.
719 4013 944 4063 Lxxvm,
966 3972 1103 4052 tom.
1132 3972 1221 4064 IV,
1253 3998 1355 4052 col.
1386 3998 1570 4068 1019.)
1722 3972 1731 3977 ⁷
1820 3972 1826 3974 ﬁ

2314 3987 2370 4040 In
2386 3987 2650 4056 principio
2675 3993 2794 4041 erat
2821 3985 3074 4040 Verbum.
3103 3985 3171 4039 Et
3197 3985 3317 4039 ideo
3346 3972 3744 4054 inprintipiofrtit

625 4087 832 4156 Corpus
853 4095 1095 4141 nostrum
1118 4097 1494 4142 ornamentum
1519 4087 1674 4143 nobis
1695 4088 1814 4154 fuit,
1832 4097 1963 4154 etc.,
1982 4103 2136 4158 usque

2245 4076 2385 4133 Deus
2418 4077 2611 4133 coelum
2641 4085 2694 4133 et
2726 4086 2926 4131 terram
2949 4117 2963 4142 ,
2990 4086 3118 4141 etc.,
3150 4094 3312 4146 usque
3354 4078 3422 4130 ad
3451 4077 3499 4128 in
3527 4081 3658 4126 carne

557 4177 628 4228 ad
683 4151 879 4246 quibus
926 4178 1274 4232 ministraret.
1323 4178 1444 4245 (ld.,
1503 4189 1654 4233 tract.
1709 4182 1763 4234 in
1802 4151 2136 4251 psalacxtv,

2245 4171 2404 4225 uisse.
2451 4168 2583 4240 (ld.,
2613 4185 2770 4224 serm.
2821 4168 2886 4222 de
2936 4166 3108 4237 ejusd.
3139 4177 3307 4259 apost:
3359 4166 3534 4229 verbis,
3565 4171 3667 4216 tom.
3702 4151 3740 4213 Vi

561 4276 690 4321 toni.
718 4267 806 4333 IV,
837 4276 977 4338 part.
1013 4285 1074 4333 ιι,
1105 4269 1208 4324 col.
1241 4270 1422 4342 1896.)
2241 4272 2382 4332 part.
2415 4278 2452 4327 1,
2479 4261 2581 4317 col.
2617 4261 2766 4332 990.)

2313 4352 2446 4406 Vide
2496 4330 2955 4420 quantus-factus
3000 4349 3074 4404 sit
3120 4349 3386 4414 tantillus,
3413 4330 3741 4409 etc.,usqutmi

2245 4440 2420 4495 factus
2462 4449 2545 4494 est
2594 4441 2774 4493 homo.
2826 4437 2948 4508 (ld.,
2977 4453 3135 4490 serm.
3167 4438 3229 4490 in
3255 4448 3364 4490 nat».
3397 4432 3551 4489 sancti
3588 4420 3742 4482 10am

2245 4531 2524 4600 Baptistae,
2553 4538 2681 4583 tom.
2709 4529 2777 4593 V,
2809 4536 2949 4598 part.
2984 4544 3022 4589 ι,
3055 4527 3158 4582 col.
3190 4527 3376 4597 159.1.)

628 4375 875 4441 Manere,
911 4376 1104 4447 inquit,
1135 4377 1186 4431 in
1231 4393 1450 4432 carnem
1505 4381 1871 4435 necessarium
1921 4392 2142 4452 propter

553 4480 669 4519 vos.
702 4463 1006 4535 Compellor
1035 4476 1236 4538 autem,
1268 4474 1404 4534 etc.,
1436 4485 1598 4538 usque
1630 4470 1697 4522 ad
1727 4470 1916 4542 justus
1950 4470 2136 4539 judex.
2170 4501 2221 4561 Β

554 4555 677 4625 (ld.,
709 4565 863 4610 tract.
897 4558 951 4610 in
982 4557 1118 4626 psal.
1153 4572 1303 4622 xcm,
1336 4568 1464 4614 tom.
1491 4560 1581 4626 IV,
1603 4570 1742 4632 part.
1775 4579 1840 4629 ιι,
1871 4565 1973 4619 col.
2004 4564 2138 4619 1207
2171 4555 2209 4561 ⁷
2245 4555 2524 4634 ¹⁵⁶Ψ⁵¹³ξων
2554 4555 2681 4633 ιξ¹¹¹¹ζ
2723 4555 2777 4593 "
2811 4555 2949 4598 Pam
2985 4555 3376 4639 ".w'°.w':',l°’
3721 4599 3740 4647 Α

554 4654 604 4676 ι..
635 4662 726 4676 οη..
759 4646 776 4676 ι
2316 4622 2475 4676 Venit
2519 4622 2712 4676 altuuts
2761 4629 2816 4675 et
2859 4629 3067 4676 accentt
3117 4619 3352 4676 aliquid.
3385 4626 3519 4676 etc.,
3543 4622 3670 4676 usque
3699 4617 3718 4651 α

552 4654 607 4700 et
635 4646 776 4716 seq.)
1603 4627 1618 4632 “
1826 4627 1831 4629 ’
2318 4627 2475 4677 Venit
2519 4627 2712 4691 aliquis
2761 4629 2816 4675 et
2859 4627 3067 4688 accepit
3117 4627 3317 4690 aliquid
3337 4627 3620 4716 κεκρίκει]

635 4691 775 4716 -..ιη

623 4738 691 4791 Et
722 4740 775 4792 in
810 4755 954 4794 nutto
996 4750 1330 4806 terreamtm,
1358 4752 1488 4803 etc.,
1526 4759 1696 4813 usque
1720 4745 1786 4799 ad
1825 4746 2047 4800 audistis
2077 4747 2136 4802 de

2245 4715 2392 4785 quod
2433 4712 2688 4767 ostendit.
2741 4711 2866 4783 (ld.,
2915 4727 2980 4764 ex
3022 4727 3178 4764 εει-ιη.
3230 4709 3294 4763 de
3350 4706 3513 4761 Paulo
3555 4691 3739 4769 apostolo,

2243 4815 2373 4860 tom.
2404 4805 2469 4868 V,
2493 4811 2634 4874 part.
2668 4819 2705 4869 1,
2737 4803 2838 4858 col.
2872 4801 3009 4856 1279
3040 4810 3095 4855 et
3119 4800 3258 4869 seq.)

2316 4894 2454 4949 Dicit
2486 4870 2740 4948 joanues.
2776 4890 3012 4946 Verbum
3041 4905 3169 4944 caro
3217 4889 3414 4944 factum
3443 4895 3536 4944 est,
3565 4870 3738 4973 eth:th-

2245 4985 2378 5039 tavit
2406 4984 2458 5037 in
2488 4982 2663 5036 nobis.
2690 4981 2886 5035 Audite
2908 4979 3020 5047 jam
3043 4989 3332 5048 utrumque
3359 4979 3409 5032 in
3434 4977 3516 5031 illo
3536 4969 3738 5026 notissimo

751 5052 768 5138 ξ
967 5052 1032 5144 ξ’
1063 5052 1199 5144 ’ΜΤ
1239 5052 1278 5079 ”
1440 5052 1590 5144 ’ξων
1793 5133 1806 5144 _
1979 5141 1987 5144 _
2245 5073 2499 5144 capitulo,
2525 5081 2656 5136 etc.,
2683 5087 2842 5142 usque
2863 5071 2930 5122 ad
2960 5069 3189 5124 formam
3212 5070 3352 5122 servi
3384 5064 3635 5132 accipiens.
3658 5052 3735 5144 (Iit.

629 5123 795 5180 Vobis
821 5125 1078 5182 donatum
1106 5138 1188 5184 est
1218 5146 1316 5200 pro
1349 5131 1566 5187 Christo
1593 5147 1698 5187 non
1731 5133 1904 5186 solum
1935 5141 1994 5185 ut
2024 5146 2140 5186 cre-
2245 5123 2911 5218 t'n-bus
2960 5162 3158 5227 modis,
3190 5170 3318 5215 tom.
3351 5159 3416 5224 γ’
3446 5123 3568 5226 ρεξτε,
3595 5165 3648 5208 ιι,
3670 5139 3735 5194 σοι.

557 5217 701 5272 datis
754 5216 807 5270 in
858 5215 1000 5283 eum,
1031 5228 1157 5285 etc.,
1186 5238 1346 5292 usque
1392 5224 1460 5276 ad
1511 5231 1567 5276 ut
1611 5231 1886 5290 pateretur
1920 5238 2017 5292 pro
2049 5237 2135 5275 eo.
2248 5215 2431 5329 i095.)

560 5307 634 5329 ,υ
738 5308 801 5329 ιη.
883 5308 1034 5329 Λ-ιι
1134 5313 1146 5329 .
1356 5322 1510 5329 ..ν
1649 5313 1879 5329 νη.
2101 5312 2114 5329 .

555 5307 681 5375 (ld.,
733 5308 824 5363 lib.
874 5309 939 5364 de
987 5308 1166 5366 Pra'd.
1221 5323 1412 5377 sanet.,
1471 5322 1600 5366 Ioui.
1649 5313 1718 5377 Χ,
1763 5322 1904 5382 part.
1953 5329 1991 5377 ι,
2031 5312 2134 5367 coI.

559 5397 711 5470 962.)

555 4844 655 4882 me.
691 4827 877 4894 Vobis,
923 4832 1130 4901 inquit,
1161 4834 1417 4888 donatum
1469 4846 1553 4890 est.
1602 4852 1699 4906 pro
1739 4837 1975 4903 Christo,
2007 4847 2137 4903 etc.,

559 4935 719 4987 usque
739 4922 806 4974 ad
831 4923 966 4976 dixit
985 4937 1106 4977 esse
1127 4925 1405 4980 donatum.
1433 4926 1554 4996 (ld.,
1581 4927 1671 4981 lib.
1689 4928 1753 4982 de
1788 4926 1937 4982 Crat.
1967 4939 2014 4982 et
2044 4929 2134 4982 lib.

554 5009 768 5075 arbitr.,
799 5019 929 5067 tom.
965 5011 1032 5078 Χ,
1061 5022 1199 5083 part.
1238 5031 1278 5079 1,
1307 5015 1410 5070 col.
1440 5015 1590 5087 897.)

2315 5327 2432 5418 Ipse
2469 5355 2554 5402 est
2591 5346 2839 5402 Christus
2869 5354 2924 5400 et
2953 5344 3127 5399 l‘actor
3154 5351 3210 5398 et
3249 5344 3436 5397 laetus.
3481 5335 3595 5389 Vide
3629 5327 3736 5418 facta

2246 5413 2382 5493 rem.
2430 5437 2487 5491 In
2535 5435 2800 5507 principio
2845 5443 2965 5489 erat
3018 5433 3285 5498 Verbum,
3317 5441 3368 5486 et
3419 5425 3621 5482 Verbum
3657 5413 3733 5464 ora!

1185 5499 1414 5556 CAPUT
1455 5501 1516 5556 Πο
2245 5527 2385 5596 apud
2414 5499 2600 5590 Deum,
2627 5499 2754 5591 etc.,
2786 5541 2946 5595 usque
2970 5525 3038 5578 ad
3061 5525 3182 5593 quis
3207 5520 3488 5578 enarrahit.
3509 5512 3729 5596 (ῙίΙηξεῘπξ

631 5609 689 5664 Si
717 5629 822 5682 qua
847 5630 967 5686 ergo
990 5608 1452 5678 consolatio,etc.,
1482 5629 1650 5684 aitque
1673 5616 1738 5671 ad
1763 5616 1816 5668 id
1836 5617 2000 5686 ipsum
2024 5632 2140 5670 seu-
2245 5588 2308 5669 de
2356 5617 2516 5671 verbis
2570 5588 2870 5687 Eranaelii,
2909 5623 3038 5670 tom.
3081 5588 3155 5678 —V,
3206 5621 3342 5682 part.
3386 5627 3422 5677 1,
3451 5605 3538 5662 col.
3579 5590 3677 5652 1149
3696 5588 3730 5637 σί

555 5704 762 5760 tientes.
816 5706 861 5766 I.
923 5722 1021 5765 10c
1076 5705 1477 5774 cognoscimus,
1509 5707 1643 5762 sicut.
1694 5708 1821 5764 dicit
1869 5706 2139 5778 apostoius
2246 5732 2396 5778 an“
