3902 6300
151 274 272 333 385

990 270 1355 329 EXPOSITIO
1394 269 1461 326 IN
1497 269 1651 328 EPP.
1688 269 1914 328 PAULI.
1940 302 2012 348 5—
2047 271 2155 327 EP.
2193 271 2285 326 AD
2314 272 2601 329 PHILIPP.

3316 277 3420 335 586

233 390 527 458 Assumpta
555 395 733 441 autem
760 401 925 441 carne
952 401 1058 456 qua
1090 384 1263 440 lactus
1287 395 1371 440 est
1405 387 1568 441 homo
1605 386 1743 440 sicut
1771 390 1818 448 Α
1921 386 2064 440 Deus
2089 395 2173 439 est
2218 386 2361 441 enim
2392 386 2482 456 qui
2535 395 2789 456 operatur
2840 386 2893 440 in
2924 387 3077 443 vobis
3103 399 3158 443 et
3202 389 3339 447 velle
3364 402 3423 448 et

151 479 430 552 niualem
464 493 530 533 se
564 480 729 543 novit,
758 486 888 543 etc.,
920 494 1081 549 usque
1117 479 1186 532 ad
1232 475 1402 543 major
1436 486 1521 532 est
1561 477 1743 545 Pater.

154 574 243 644 (Id
275 613 288 634 ,
314 571 405 626 lib.
431 587 449 625 1
478 579 644 623 contr.
678 568 1054 634 Maximinum,
1082 577 1211 623 tom.
1238 567 1370 632 Vill,
1398 570 1500 623 col.
1527 568 1674 639 747.)

235 663 297 718 Si
325 660 468 717 enim
490 659 764 715 conﬁteris
782 660 876 714 Dei
905 659 1154 725 formam,
1176 671 1314 724 etc.,
1340 676 1503 729 usque
1532 659 1601 713 ad
1625 674 1746 713 esse

151 771 274 811 non
296 740 476 825 potuit
505 752 802 822 insequalis.
834 751 957 824 (ιιι,
985 751 1141 816 ibid.,
1170 751 1272 806 col.
1302 751 1405 805 747
1424 761 1479 806 et
1510 751 1652 822 seq.)

231 846 503 914 Quoniam
556 860 678 899 cum
738 844 792 898 in
846 842 1018 897 forma
1080 844 1173 899 Dei
1223 853 1387 908 esset,
1443 858 1548 897 non
1598 844 1747 915 rapi-

150 952 293 991 nam
312 977 328 1002 ,
358 946 488 1000 etc.,
515 950 679 1005 usque
712 934 781 987 ad
809 934 1029 988 omnino
1064 933 1380 1003 procedere.
1430 933 1552 1002 (ld.,
1576 950 1740 987 serm.

149 1028 228 1079 de
250 1025 624 1095 disceptatione
642 1032 824 1077 contra
844 1021 1204 1093 Pascentium,
1228 1030 1358 1076 tom.
1383 1021 1448 1087 ll,
1472 1021 1574 1077 col.
1603 1021 1745 1076 1042

148 1124 214 1169 et
246 1129 368 1184 seq.

230 1206 339 1274 Qui
365 1220 487 1260 cum
516 1205 569 1260 in
601 1203 783 1260 ‘lorma
811 1202 907 1259 Dei
931 1210 1097 1269 esset,
1129 1212 1262 1270 etc.,
1287 1219 1453 1274 usque
1471 1205 1544 1258 ad
1572 1214 1745 1261 muta-

153 1308 279 1353 tam
307 1299 660 1354 divinitatem.
680 1298 805 1367 (ld.,
826 1296 917 1353 lib.
946 1298 1011 1352 de
1031 1296 1215 1353 Gratia
1237 1298 1375 1355 Novi
1405 1299 1742 1365 Testamenti,

150 1399 299 1445 tom.
328 1389 393 1455 ιι,
421 1388 524 1444 col.
552 1388 704 1459 543.)

162 1518 169 1525 .
234 1477 310 1532 In
330 1477 754 1544 similitudinem,
777 1487 905 1559 etc.,
932 1493 1105 1549 usque
1134 1479 1200 1533 ad
1224 1488 1280 1533 ut
1310 1479 1482 1535 homo.
1519 1480 1746 1543 Habitus

151 1572 216 1627 in
251 1586 319 1627 ea
345 1585 404 1627 re
430 1572 625 1627 dicitur
652 1586 773 1642 qua:
794 1572 957 1628 nobis
986 1582 1046 1626 ut
1069 1570 1331 1627 habeatur
1366 1573 1587 1638 accidit,
1614 1583 1743 1638 etc.,

147 1680 331 1735 usque
354 1662 423 1716 ad
467 1662 738 1718 diceretur
766 1662 855 1716 illa
901 1662 1193 1733 susceptio.
1239 1662 1361 1732 (ld.,
1394 1661 1485 1718 lib.
1517 1661 1741 1728 Quaest,

106 1778 107 1781 ~
151 1765 301 1812 tum.
328 1754 417 1820 v1,
446 1754 550 1827 col.
581 1755 651 1812 84
676 1764 731 1811 et
755 1754 899 1826 seq.)

238 1844 567 1917 Humiliarit,
592 1853 734 1923 etc.,
760 1860 933 1916 usque
970 1846 1038 1899 ad
1080 1855 1299 1901 mortem
1342 1854 1515 1900 autem
1552 1846 1740 1901 crucis.

151 1926 387 2005 Discite,
420 1939 618 2010 inquit,
645 1955 675 1994 a
707 1954 813 1996 me.
850 1938 984 1994 Cum
1010 1953 1185 2016 essem
1224 1938 1276 1993 in
1301 1939 1573 2010 principio
1602 1941 1745 1995 Deus

151 2033 306 2104 apud
330 2031 521 2095 Deum,
542 2031 722 2086 creavi
745 2046 860 2096 vos,
881 2040 1013 2096 etc.,
1037 2047 1198 2101 usque
1215 2031 1285 2084 ad
1305 2038 1359 2084 et
1378 2045 1478 2101 ego
1508 2030 1745 2087 reticiam

74 2138 81 2141 ·
150 2138 280 2180 vos.
322 2123 442 2195 (ld.,
467 2138 625 2179 scrm.
655 2136 733 2175 ιιι
765 2121 830 2174 de
882 2118 1065 2174 Verbis
1108 2118 1484 2192 apostolorum,
1513 2127 1644 2175 tom.
1680 2120 1741 2187 V,

148 2223 307 2286 part.
335 2230 377 2278 1,
406 2214 509 2269 col.
540 2210 690 2285 898.)
1335 2201 1337 2203 1
1451 2271 1458 2281 ,
1678 2203 1683 2207 ’

220 2305 539 2374 lntelligens
580 2320 712 2376 ergo
752 2302 918 2360 Pater
945 2298 1283 2366 ellusionem,
1309 2308 1440 2366 etc.,
1469 2316 1631 2371 usque
1673 2301 1744 2355 ad

148 2400 218 2455 in
233 2398 502 2456 cordibus
527 2398 726 2453 nostris
754 2399 1103 2467 charitatem.
1138 2393 1263 2465 (ld.,
1295 2410 1452 2447 serm.
1484 2394 1540 2447 in
1578 2392 1745 2448 natali

150 2492 331 2546 sancti
350 2489 644 2553 Laurentii,
677 2500 807 2545 tom.
839 2488 903 2555 V,
932 2499 1074 2560 part.
1110 2501 1156 2552 1,
1183 2484 1284 2539 col.
1322 2484 1503 2553 1596.)

230 2578 458 2636 Creator
508 2579 742 2634 hominis
786 2579 948 2634 homo
996 2593 1116 2634 esse
1160 2574 1414 2650 dignatus
1459 2582 1563 2638 est,
1613 2581 1741 2638 etc.,

153 2686 329 2743 usque
345 2669 415 2723 ad
436 2670 480 2725 si
501 2669 928 2741 cruciﬁgeretur.
976 2667 1101 2739 (ld.,
1134 2677 1286 2722 tract.
1321 2662 1390 2723 58
1437 2664 1493 2720 in
1543 2661 1742 2733 Evang.

150 2761 457 2833 secundum,
492 2760 777 2827 Joannem,
809 2769 941 2816 tom.
970 2759 1057 2826 ΙΙΙ,
1090 2768 1232 2831 part.
1275 2777 1334 2827 ιι,
1377 2761 1481 2818 col.
1519 2754 1672 2837 166.11
1693 2763 1748 2811 et

151 2850 460 3012 MPB-apter
486 2941 626 3012 quod
661 2950 712 2997 et
740 2940 907 3008 Deus,
934 2949 1062 3008 etc.,
1093 2956 1265 3011 usque
1298 2942 1364 2996 ad
1397 2944 1452 2997 in
1479 2943 1647 3012 gloria
1670 2952 1743 2999 est

1846 476 2062 542 operari
2099 490 2197 544 pro
2223 477 2361 529 bona
2392 476 2687 541 voluntate,
2716 486 2847 541 etc.,
2876 494 3038 547 usque
3057 478 3126 532 ad
3155 479 3313 535 detur
3341 489 3423 538 to-

1848 572 1958 621 tum
1987 565 2114 619 Deo.
2148 565 2268 634 (ld.,
2296 564 2387 620 lib.
2428 567 2492 620 de
2514 565 2660 620 Bono
2685 566 2918 633 Persem,
2945 577 3074 623 tom.
3100 568 3169 635 Χ,
3189 580 3330 639 part.
3359 588 3421 638 11,

1847 655 1949 709 col.
1984 654 2164 727 1015.)
3212 674 3216 679 -

1916 745 2197 815 Proprium
2229 746 2424 816 quippe
2453 747 2759 812 arbitrium,
2800 757 2930 814 etc.,
2986 767 3150 820 usque
3187 752 3257 805 ad
3306 767 3423 806 ma-

1845 833 2178 903 gnitudinem
2202 835 2566 890 continentiae.
2600 836 2724 907 (ld.,
2751 838 2902 907 epist.
2932 838 3002 891 ad
3029 836 3171 905 Jul.,
3203 847 3333 895 tom.
3358 841 3403 896 ll
3504 891 3512 895 .

1844 922 1947 991 col.
1978 922 2079 979 851
2116 932 2170 978 et
2193 924 2334 995 seq.)

1916 1014 2195 1081 Quomodo
2223 1015 2359 1070 dicis
2386 1016 2530 1085 quod
2556 1016 2718 1072 audio
2738 1019 2917 1074 dicere
2946 1038 2959 1074 :
2987 1027 3044 1075 ut
3069 1030 3218 1078 recte
3238 1024 3427 1079 creda-

1845 1123 1966 1162 mus
1993 1109 2045 1162 in
2076 1110 2261 1172 Deum,
2296 1117 2424 1176 etc.,
2454 1128 2616 1182 usque
2663 1112 2733 1166 ad
2782 1112 2927 1170 viam
2951 1114 3068 1186 ejus
3101 1116 3267 1172 volet.
3300 1118 3424 1189 (ld.,

1845 1200 1936 1253 lib.
1968 1200 2031 1254 de
2066 1199 2213 1255 Rono
2251 1199 2487 1270 Perseu,
2520 1212 2649 1259 tom.
2681 1203 2744 1269 X,
2776 1213 2935 1274 part-
2971 1222 3032 1274 ιι,
3070 1208 3173 1264 col.
3206 1210 3345 1265 1012
3372 1220 3430 1265 et

1847 1291 1989 1361 sec)
3390 1314 3395 1317 ·

1894 1378 2110 1443 Omnia
2138 1389 2312 1435 autem
2351 1382 2533 1452 facile,
2578 1392 2707 1450 etc.,
2736 1400 2910 1455 usque
2932 1386 2999 1443 ad
3027 1389 3430 1460 elcongratula-

1845 1471 1977 1536 mini
2002 1472 2149 1525 milii.
2204 1472 2508 1529 Similitudo
2562 1475 2628 1529 de
2678 1474 3033 1532 luminaribus
3090 1480 3212 1534 data
3245 1488 3329 1535 est
3359 1481 3428 1536 ad

1848 1573 2081 1627 sanctos,
2115 1573 2194 1629 ut,
2234 1574 2365 1643 etc.,
2400 1568 2662 1647 usquead
2709 1583 2807 1637 per
2836 1567 3062 1640 ﬁguram
3110 1570 3247 1626 liber
3275 1571 3427 1643 legis.

1851 1653 2143 1735 (ld.,tract.
2170 1657 2228 1709 in
2244 1656 2386 1727 psal.
2419 1673 2566 1724 xcm,
2585 1658 2824 1727 tom.1V,
2839 1669 2982 1731 part.
3013 1662 3194 1729 11,001.
3222 1662 3432 1720 1195et

1740 1816 1747 1819 _
1773 1736 1827 1797 Β
1848 1745 1993 1818 seq.)

1912 1836 2016 1904 Qui
2056 1847 2306 1894 numerat
2344 1838 2739 1895 multitudinem
2767 1838 3066 1907 stellarum,
3090 1850 3226 1908 etc.,
3256 1860 3424 1916 usque

1849 1931 1919 1987 ad
1964 1930 2077 2000 jam
2127 1942 2376 1987 numerat
2406 1935 2568 1988 Deus.
2619 1934 2741 2005 (ld.,
2778 1932 2931 1990 tract.
2971 1937 3032 1990 in
3068 1937 3204 2009 psal.
3247 1954 3432 2007 cx1.v1,

1801 2026 1804 2030 λ
1847 2036 1980 2080 tom.
2009 2021 2101 2088 IV,
2130 2031 2270 2094 part.
2302 2041 2362 2088 ιι,
2393 2024 2499 2079 col.
2530 2025 2712 2096 1904.)

1916 2112 2068 2168 Sicut
2093 2114 2275 2169 stellas
2298 2113 2422 2169 coeli
2456 2130 2562 2169 non
2600 2116 2895 2188 exstinguit
2924 2134 3053 2184 nox,
3097 2129 3228 2187 etc.,
3271 2139 3432 2194 usque

1842 2204 1914 2258 ad
1964 2205 2235 2259 mundana
2272 2205 2547 2276 iniquitas.
2577 2205 2702 2278 (ld.,
2746 2206 2837 2262 lib.
2873 2206 3020 2264 Sent.
3049 2206 3264 2284 Prosp.,
3296 2222 3430 2271 tom.

1844 2291 1912 2360 Χ,
1940 2300 2081 2363 part.
2125 2309 2188 2360 11,
2219 2294 2324 2351 col.
2359 2295 2539 2367 1869.)

1866 2388 1885 2453 ς
1915 2374 2077 2461 Spero
2122 2395 2297 2440 autem
2344 2387 2399 2441 in
2442 2387 2666 2443 Domino
2697 2429 2714 2456 ,
2767 2398 2871 2447 etc.
2902 2433 2918 2459 ,
2976 2380 3147 2464 uSque
3193 2396 3262 2451 ad
3308 2412 3433 2467 erga

1843 2490 2016 2528 meum
2066 2475 2386 2546 obsequium.
2444 2466 2589 2533 Inter
2634 2482 3001 2539 mercenarios
3030 2474 3231 2553 pastor
3278 2466 3430 2558 inge-

1845 2567 1997 2630 muit,
2028 2574 2156 2631 etc.,
2181 2583 2343 2638 usque
2362 2569 2431 2622 ad
2448 2569 2588 2624 inter
2608 2564 2967 2628 mercenarios
2984 2560 3285 2632 remanere.
3303 2578 3430 2649 (ld.,

1847 2666 2001 2710 tract.
2030 2658 2085 2712 in
2123 2657 2327 2729 Eva'ng.
2382 2676 2484 2715 sec.
2526 2659 2711 2729 Joan.,
2737 2670 2866 2718 tom.
2918 2656 3179 2738 lll,part.'
3215 2685 3278 2734 11,
3322 2668 3427 2725 col.

1847 2748 2032 2820 ὥθ’)
2456 2820 2684 2878 CAPUT
2741 2821 2829 2877 111.

1915 2932 1991 2993 De
2017 2939 2229 2999 emero,
2280 2931 2490 2995 fratres.
2530 2941 2660 3001 etc.,
2692 2950 2863 3021 usque
2894 2937 2963 2993 ad
2988 2955 3038 2993 vc
3050 2938 3127 2994 bis
3148 2949 3324 2997 autem
3352 2959 3434 2999 ne-

149 3032 261 3088 Dei
302 3030 500 3086 Patris.
534 3030 592 3085 In
630 3031 883 3100 passione
922 3032 1094 3102 magis
1120 3030 1237 3100 ejus
1268 3032 1542 3087 humilitas
1579 3048 1740 3102 quam
1782 3097 1816 3104 _
1845 3030 2150 3084 cessarium.
2212 3023 2424 3088 Dixisse
2482 3023 2701 3103 quidem
2753 3027 3066 3104 Aposluium
3117 3030 3317 3095 scimus
3364 3035 3444 3097 ad‘

156 3122 392 3179 claritas
418 3097 851 3199 commendatur,
883 3097 1209 3194 etc.,vusque
1234 3123 1303 3176 ad
1331 3124 1448 3180 sine
1476 3097 1744 3179 line-sem-
1771 3097 1817 3160 (ἶ
1846 3116 2219 3190 Philippenses
2248 3138 2263 3176 :
2293 3097 2543 3190 Eadem;
2583 3133 2712 3189 etc.,
2761 3097 2923 3196 usque
2968 3127 3038 3181 ad
3087 3128 3216 3183 mihi
3263 3129 3430 3185 mole-

152 3227 262 3286 per
290 3219 374 3268 est
403 3211 643 3268 claritas.
672 3213 801 3284 (ld.,
830 3221 985 3268 tract.
1015 3212 1117 3268 101
1146 3216 1200 3270 in
1224 3213 1427 3286 Evang.
1452 3232 1555 3270 sec.
1579 3215 1745 3271 Joan-

164 3319 314 3367 nem,
343 3310 473 3358 tom.
502 3303 588 3370 Ill,
608 3312 751 3373 part.
784 3321 844 3371 ιι,
871 3305 977 3360 col.
1013 3305 1199 3376 1903.)

235 3390 465 3464 Propter
488 3392 631 3460 quod
659 3392 802 3448 Deus
829 3409 952 3447 eum
980 3393 1259 3459 exaltavil,
1300 3404 1430 3461 etc.,
1469 3413 1628 3468 usque
1675 3398 1744 3453 ad

153 3480 337 3537 Filius
387 3481 696 3552 unigenitus
751 3482 870 3538 Dei.
906 3482 1028 3554 (ld.,
1076 3482 1167 3537 lib.
1212 3494 1384 3539 contr.
1438 3484 1743 3556 Maximina,

158 3581 303 3627 tom.
336 3569 465 3636 Vill,
500 3572 603 3628 col.
631 3572 782 3644 759.)

232 3663 494 3718 Novimus
516 3664 789 3719 Christum
815 3664 1005 3721 sedere
1031 3665 1096 3720 ad
1119 3666 1398 3722 dexteram
1419 3665 1598 3723 Patrts
1624 3677 1748 3738 post

154 3754 620 3811 resurrectionem
648 3769 678 3808 a
707 3754 953 3817 mortuis,
985 3764 1115 3820 etc.,
1146 3771 1305 3825 usque
1331 3757 1400 3809 ad
1452 3757 1749 3813 scabellum

154 3849 362 3920 pedum
420 3855 653 3901 tuorum.
685 3844 810 3914 (ld.,
858 3854 1012 3900 tract.
1074 3847 1129 3901 in
1183 3846 1318 3917 psal.
1345 3862 1455 3914 01x,
1491 3856 1624 3903 tom.
1655 3848 1743 3915 IV,

154 3945 312 4012 part.
344 3953 402 4002 ιι,
431 3936 537 3991 col.
569 3936 709 3991 1450
733 3945 796 3991 et
827 3935 969 4007 seq.)
1082 3928 1085 3929 ⁷
1328 3982 1331 3987 ί
1506 3930 1509 3935 ·
1626 3936 1629 3941 -
1730 3938 1737 3953 ,ρ

236 4030 429 4086 Dicitis
457 4045 554 4085 vos
576 4028 851 4085 Christum
877 4029 1076 4093 colere,
1105 4037 1240 4091 etc.,
1263 4045 1425 4099 usque
1451 4030 1521 4083 ad
1548 4029 1613 4086 de
1635 4029 1748 4087 Deo

158 4128 330 4177 natus
349 4118 590 4188 aequalis.
610 4118 736 4191 (ld.,
755 4118 847 4174 lib.
867 4135 906 4173 ιι
929 4128 1094 4172 contr.
1134 4116 1441 4185 Maximin.,
1456 4126 1589 4175 tom.
1612 4118 1745 4188 V111,

158 4209 274 4267 col.
306 4208 455 4278 759.)

237 4301 395 4370 Quod
447 4301 577 4357 dicit
623 4300 789 4357 Iacob
820 4301 887 4355 ad
915 4300 1112 4371 Joseph
1163 4299 1306 4370 quod
1340 4311 1424 4357 est
1452 4302 1744 4371 somnium,

157 4400 300 4457 etc.,
332 4407 492 4463 usque
515 4391 585 4445 ad
626 4400 682 4445 et
728 4390 1081 4446 iul‘ernorum.
1112 4390 1231 4462 (ld.,
1265 4390 1352 4445 lib.
1381 4391 1580 4458 Quwst.
1614 4389 1745 4449 Cen.

158 4484 250 4537 tit.
277 4497 467 4547 cum,
494 4489 533 4536 t.
557 4481 646 4542 ΙΙΙ.
677 4489 816 4551 part.
844 4497 884 4546 1,
915 4480 1018 4536 col.
1049 4481 1147 4536 581
1182 4489 1238 4534 et
1264 4481 1405 4550 seq.)

240 4573 453 4644 Itaque,
484 4573 777 4626 charissimi
792 4573 909 4636 mei,
940 4564 1065 4638 etc.,
1087 4587 1256 4641 usque
1288 4573 1354 4626 ad
1380 4588 1475 4643 pro
1501 4573 1634 4629 bona
1662 4591 1744 4629 voc

160 4665 389 4719 luntate.
410 4661 634 4730 Quando
640 4661 867 4732 jubetut
888 4671 1197 4731 operentur,
1220 4670 1352 4727 etc.,
1378 4679 1540 4734 usque
1566 4664 1635 4718 ad
1656 4664 1748 4733 qui

160 4760 429 4823 operatur
472 4752 526 4805 in
556 4751 728 4805 vobis.
787 4751 909 4823 (ld.,
939 4751 1031 4805 lib.
1078 4751 1142 4805 de
1190 4748 1351 4806 Crat.
1384 4762 1432 4808 et
1478 4752 1567 4808 lib.
1605 4755 1744 4822 arb.,

165 4855 302 4901 tom.
342 4844 413 4909 Χ,
458 4852 603 4914 part.
635 4838 685 4911 1,’
712 4843 816 4899 col.
846 4844 995 4914 894.)
1368 4844 1375 4849 ‘

241 4935 382 4993 Audi
429 4948 615 4990 vocem
667 4934 931 5005 ApOstoli.
961 4933 1095 4988 Cum
1145 4933 1359 4998 timore,
1391 4927 1590 5002 inquit,
1618 4943 1750 5002 etc.,

161 5044 335 5100 usque
361 5028 431 5081 ad
459 5024 734 5083 auferatur
761 5026 1011 5097 superbo.
1043 5026 1167 5098 (ld.,
1198 5035 1350 5080 tract.
1379 5027 1435 5080 in
1457 5025 1594 5095 psal.
1624 5041 1749 5096 va,

165 5114 307 5173 tom.
336 5116 427 5183 Ν,
455 5125 597 5187 part.
621 5133 662 5180 ι,
693 5116 798 5172 col.
831 5114 980 5187 789.)
1094 5126 1097 5133 ·

245 5205 440 5261 Mirum
467 5215 551 5262 est
590 5216 770 5263 autem
803 5206 944 5277 quod
981 5206 1273 5277 praedicata
1301 5203 1516 5263 Christo
1567 5209 1746 5264 cruci-

166 5301 303 5364 ﬁxo,
334 5308 464 5366 etc.,
512 5315 677 5369 usque
701 5299 771 5352 ad
820 5311 889 5353 ne
917 5299 1157 5354 sicceris.
1187 5298 1311 5369 (ld.,
1341 5315 1498 5354 serm.
1541 5298 1606 5353 de
1642 5315 1745 5354 ver.

166 5391 405 5461 Evang.,
438 5397 567 5445 tom.
599 5387 667 5456 Υ,
696 5397 839 5459 part.
862 5405 899 5453 1,
932 5390 1037 5443 col.
1067 5388 1217 5460 750.)
1250 5400 1253 5403 ·
1468 5404 1471 5407 '

243 5478 355 5534 Nec
376 5478 442 5535 de
462 5480 578 5550 ipsa
596 5480 997 5549 perseverantia
1016 5480 1143 5535 boni
1162 5479 1329 5535 voluit
1344 5481 1487 5536 Deus
1510 5487 1747 5546 sanctos,

163 5582 306 5640 etc.,
334 5590 497 5646 usque
517 5575 587 5630 ad
613 5576 667 5630 in
696 5575 925 5631 Domino
953 5575 1228 5646 glorietur.
1259 5574 1381 5646 (ld.,
1409 5575 1499 5631 lib.
1533 5577 1597 5633 de
1622 5576 1746 5633 Cor.

164 5674 218 5723 ct
243 5673 409 5735 grat.,
437 5672 569 5722 tom.
596 5664 667 5733 X,
694 5673 836 5737 part.
867 5681 906 5733 1,
946 5665 1046 5721 col.
1077 5665 1181 5720 925
1209 5673 1264 5721 et
1290 5664 1431 5737 seq.)

1774 4441 1830 4502 D

1848 3221 1965 3268 stus
1986 3213 2075 3267 sit.
2109 3213 2371 3285 (S.Aug.,
2400 3215 2491 3270 lib.
2528 3217 2592 3271 tle
2611 3215 2790 3272 Paed.
2814 3227 3006 3285 sanct.,
3036 3228 3166 3275 tom.
3191 3218 3259 3286 X,
3286 3228 3429 3290 part.

1847 3319 1866 3358 1
1893 3343 1909 3370 ,
1948 3303 2051 3357 col.
2091 3303 2196 3359 959
2234 3314 2290 3361 et
2325 3306 2467 3375 seq.)

1925 3394 2106 3451 Videte
2133 3413 2287 3452 canes
2316 3412 2334 3449 :
2356 3398 2519 3452 videte
2561 3397 2728 3453 malos
2777 3401 3040 3470 operarios
3068 3415 3087 3453 :
3119 3402 3283 3457 videte
3307 3419 3432 3457 con-

1847 3488 2113 3563 cisionem.
2144 3489 2319 3545 Canes
2343 3490 2629 3560 appellavit
2656 3506 2765 3546 non
2795 3493 3020 3557 ratione,
3064 3494 3159 3548 sed
3203 3508 3433 3549 consue-

1846 3578 2051 3643 tudine,
2081 3588 2212 3644 etc.,
2250 3597 2408 3651 usque
2448 3583 2517 3635 ad
2552 3582 2925 3637 innocentibus
2958 3584 3256 3638 irritentur.
3308 3584 3433 3653 (ld.,

1849 3668 1937 3723 lib.
1972 3670 2037 3724 de
2063 3668 2216 3724 Crat.
2245 3670 2382 3725 Nov.
2416 3670 2664 3737 Testam.,
2695 3679 2825 3727 tom.
2857 3672 2922 3738 ΙΙ,
2953 3672 3055 3727 col.
3089 3673 3238 3744 555.)
3302 3674 3303 3677 “

1856 3830 1857 3833 η
1923 3758 2038 3811 Nos
2071 3760 2207 3812 enim
2237 3776 2418 3813 sumus
2447 3761 2793 3827 circumcisio,
2830 3752 2936 3832 qui.
2959 3764 3148 3833 spiritu
3185 3764 3434 3819 servimus

1847 3847 1980 3902 Deo.
2032 3848 2264 3905 Maxime
2304 3850 2357 3904 in
2389 3851 2480 3906 illo
2511 3851 2628 3907 loco
2657 3836 2792 3907 satis
2834 3852 3004 3908 claret
3030 3853 3173 3924 quod
3200 3852 3433 3924 Spiritus

1851 3948 2071 3994 sanctus
2099 3956 2206 3995 non
2231 3940 2305 3995 sit
2330 3950 2602 4006 creatura,
2630 3949 2761 4008 etc.,
2813 3959 2989 4013 usque~
3013 3945 3081 3999 ad
3121 3945 3178 3999 in
3206 3959 3435 4015 corpore

1848 4037 2053 4084 vestro.
2112 4029 2236 4101 (ld.,
2278 4029 2369 4085 lib.
2411 4030 2475 4086 de
2506 4030 2652 4086 Trin.
2688 4040 2821 4087 tom.
2872 4030 3002 4099 Vlll,
3058 4033 3163 4090 col.
3223 4034 3327 4091 827
3379 4042 3436 4090 et

1850 4120 1991 4190 seq.)
2022 4176 2027 4179 τ
2736 4130 2740 4136 ‘
2854 4118 2857 4119 ⁷
3190 4118 3195 4125 ’

1918 4211 2163 4267 Audistis
2191 4211 2459 4267 dicentem
2497 4209 2810 4282 Apostolum
2844 4212 3090 4269 Paulum.
3136 4213 3245 4270 Nos
3287 4214 3433 4270 enim

1850 4318 2038 4360 sumus
2083 4304 2443 4370 circumcisio,
2473 4304 2563 4374 qui
2603 4305 2812 4375 spiritui
2840 4304 2933 4360 Dei
2965 4306 3251 4370 servimus,
3300 4313 3431 4371 etc.,

1856 4410 2018 4464 usque
2062 4394 2131 4447 ad
2180 4408 2343 4464 quam
2366 4409 2557 4450 cursor
2582 4404 2778 4464 praeter
2813 4396 2977 4449 viam.
3020 4394 3142 4466 (ld.,
3181 4410 3339 4450 serm.
3368 4395 3432 4450 de

1856 4487 1976 4541 ead.
2010 4486 2151 4554 lcct.,
2171 4498 2305 4543 tom.
2330 4486 2400 4554 ν,
2421 4496 2561 4559 part.
2592 4504 2633 4555 1,
2660 4489 2762 4543 col.
2786 4488 2889 4543 915
2919 4488 2985 4544 ad
3005 4488 3152 4558 926.)

1929 4575 2281 4632 Circumcisus
2328 4588 2509 4633 octava
2535 4578 2640 4632 die.
2688 4577 2746 4631 In
2773 4578 3049 4633 veteribus
3077 4579 3432 4635 sacramentis

1844 4656 2195 4724 circumcisio
2218 4669 2586 4739 parvulorum,
2616 4678 2747 4732 etc.,
2786 4686 2947 4739 usque
2976 4671 3047 4724 ad
3089 4680 3212 4740 post
3254 4670 3423 4741 septi-

1855 4776 2003 4815 mum
2026 4770 2250 4816 octavus
2275 4771 2377 4818 est.
2410 4762 2534 4835 (ld.,
2568 4762 2720 4833 epist.
2766 4761 2838 4816 ad
2869 4760 3048 4816 Hilar.
3091 4779 3262 4830 mon.,
3294 4772 3427 4820 tom.
3486 4770 3489 4774 ‘

1853 4849 1916 4918 II,
1938 4850 2040 4906 col.
2069 4849 2217 4920 680.)

1929 4941 2042 4998 Nec
2068 4939 2284 4999 moveat
2322 4942 2463 5013 quod
2496 4943 2574 4998 ait
2598 4942 2894 4999 secundum
2932 4943 3196 5015 justitiam
3226 4962 3347 5018 qua:
3376 4949 3428 5004 in

1856 5032 1974 5105 lege
2003 5044 2102 5099 est,
2123 5044 2257 5102 etc.,
2273 5051 2435 5106 usque
2460 5035 2529 5089 ad
2545 5033 2839 5091 secundum
2869 5049 3018 5105 spem
3045 5037 3169 5092 vitae
3190 5047 3429 5095 aeternae.

1860 5123 1983 5194 (ld.,
2012 5123 2102 5178 lib.
2135 5124 2204 5179 ad
2229 5124 2585 5195 Bonifacium,
2615 5140 2741 5195 pap.
2771 5121 2926 5193 Urb.,
2949 5133 3078 5181 tom.
3111 5126 3177 5193 X,
3210 5138 3356 5199 part.
3388 5146 3429 5195 1,

1858 5212 1964 5268 col.
1992 5212 2141 5284 558.)

1842 5311 1848 5317 ’
1932 5303 2156 5374 Propter
2176 5320 2327 5376 quem
2348 5315 2881 5376 omnsa,etc.,usque
2909 5307 2977 5362 ad
2995 5308 3207 5377 justitia
3229 5310 3283 5372 in
3303 5310 3429 5379 ﬁde.

1852 5393 1966 5449 Iloc
1978 5409 2108 5463 ergo
2132 5394 2438 5449 Iudaeorum
2458 5394 2656 5451 Paulus
2691 5397 3037 5453 destruxerat
3060 5399 3206 5468 quod
3230 5400 3431 5466 malum

1851 5485 2143 5550 habebant,
2157 5493 2286 5551 etc.,
2305 5502 2465 5557 usque
2487 5487 2556 5541 ad
2577 5487 2719 5556 quod
2743 5488 2797 5542 in
2814 5487 2975 5544 Petro
2991 5490 3429 5560 reprehenderat.

1856 5577 1979 5648 (ld.,
2010 5578 2160 5644 epist.
2193 5577 2262 5631 ad
2295 5576 2470 5645 Hier.,
2505 5588 2633 5634 tom.
2668 5579 2730 5644 ιι,
2767 5564 3045 5652 001.156.)

1928 5667 2067 5735 Quid
2094 5676 2195 5725 est.
2229 5658 2344 5724 Non
2376 5669 2585 5743 habens
2632 5686 2809 5728 meam
2854 5671 3171 5744 justitiam,
3199 5686 3317 5743 qua:
3363 5684 3432 5725 ex
