3902 6300
54 345 179 400 389

910 344 1277 401 'EXPOSlTlO
1315 345 1381 401 IN
1420 345 1566 401 EPP.
1608 346 1836 402 PAULI.
1870 377 1942 388 —
1977 347 2084 404 ΕΡ.
2123 349 2215 402 AD
2252 348 2536 405 COLOSS.

3248 353 3356 409 590

54 470 210 524 etc.,
263 474 428 529 usque
482 459 552 513 ad
609 460 705 514 sed
744 468 1009 531 perpetuo
1065 460 1306 516 retineri.
1351 460 1477 531 (ld.,
1517 460 1607 513 lib.
1649 477 1666 515 ι
1696 466 1749 526 Α
1842 460 2085 529 Accipite
2110 459 2398 529 psalmum,
2430 469 2486 515 et
2504 461 2629 515 date
2656 470 2991 532 tympanum.
3023 460 3269 531 Accipite
3298 467 3355 519 et

57 546 280 613 Querst.
329 563 538 617 erang.,
603 555 732 601 tom.
779 547 863 612 Ill,
933 560 1075 618 part.
1140 564 1203 614 ιι,
1257 548 1360 603 col.
1418 548 1557 638 1557
1610 557 1665 604 et
1769 553 1916 616 date,
1960 560 2089 615 etc.,
2122 568 2281 621 usque
2331 552 2398 604 ad
2453 551 2661 605 reddite
2704 566 2893 605 manus
2942 560 3171 608 vestras.
3211 552 3353 623 (ld.,

56 639 220 713 sem)

1766 650 1919 694 tract.
1949 642 2005 693 in
2058 642 2195 710 psal.
2249 657 2411 706 Lxxx,
2439 649 2571 695 tom.
2616 640 2706 708 IV,
2736 649 2879 712 part.
2908 657 2969 707 ιι,
3011 640 3116 696 col.
3146 642 3282 699 1055
3303 652 3359 700 et

141 728 305 785 Scitis
357 739 531 783 autem
559 739 606 784 et
639 746 751 794 vos,
780 741 902 794 etc.,
937 745 1106 799 usque
1143 730 1211 783 ad
1256 730 1309 784 in
1348 748 1500 784 usum
1534 731 1663 785 mihi
1771 732 1913 801 seq.)

56 819 310 873 misistis.
333 817 414 873 Ad
434 818 572 874 bona
621 833 786 888 opera
833 834 927 874 eos
979 820 1182 875 redisse
1237 835 1382 875 nunc
1443 821 1657 890 gaudet,

54 917 209 975 etc.,
236 910 485 981 usquead
511 910 757 978 sequitur
785 910 987 966 dicens.
1015 910 1139 981 (ld.,
1178 910 1271 965 lib.
1295 926 1393 966 ιιιι
1421 908 1657 979 Confes.,

61 1012 213 1060 tom.
254 1005 296 1071 ι,
322 1004 427 1060 col.
455 1003 626 1076 εδδ.)

145 1094 278 1150 Non
299 1097 422 1167 quia
473 1097 702 1162 reauiro,
748 1104 876 1161 etc.,
904 1112 1078 1167 usque
1102 1098 1178 1153 ad
1223 1114 1339 1152 cum
1368 1098 1557 1168 spiritu
1579 1113 1664 1153 ve-

1834 822 1953 890 lpse
1972 821 2262 892 Apostolus
2314 821 2501 877 datum
2544 837 2652 877 non
2698 822 2993 892 quasrebat.
3031 831 3162 889 etc.,
3195 840 3358 895 usque

1765 911 1836 966 ad
1860 929 1926 967 ne
1956 929 2052 967 vos
2075 915 2262 968 inanes
2291 914 2639 969 remaneatis.
2670 915 2794 986 (ld.,
2825 914 2916 968 lib.
2941 916 3005 969 de
3026 912 3202 981 Past.,
3232 924 3271 970 t.
3289 915 3353 980 V,

1766 1012 1910 1075 part.
1934 1020 1977 1069 ι,
2006 1003 2110 1059 col.
2136 1003 2289 1075 272.)

1845 1093 1963 1149 Non
1992 1095 2118 1165 quia
2140 1109 2323 1163 quaero
2352 1095 2557 1161 datum,
2585 1095 2679 1151 sed
2707 1095 2922 1165 inquiro
2943 1094 3196 1160 fructum,
3225 1103 3356 1158 etc.,

59 1196 212 1241 stro.
241 1188 424 1241 Amen.
452 1186 649 1243 Didicnt
682 1204 712 1241 a
741 1197 794 1243 te
821 1188 960 1244 Deus
999 1204 1151 1243 meus
1190 1189 1331 1243 inter
1376 1189 1562 1244 datum
1608 1196 1666 1244 et
1766 1204 1931 1258 usque
1953 1187 2022 1241 ad
2044 1186 2113 1242 ab
2136 1202 2200 1241 eo
2228 1189 2587 1257 quaerebatur.
2621 1186 2745 1258 (ld.,
2774 1187 2865 1241 lib.
2892 1203 2931 1241 ιι
2960 1188 3025 1241 de
3051 1186 3219 1243 Serm.
3249 1186 3357 1241 Do-

62 1273 315 1327 l’rnctum
343 1273 670 1339 discernere,
695 1282 827 1339 etc.,
855 1289 1018 1343 usque
1048 1274 1117 1327 ad
1137 1274 1278 1329 unde
1298 1283 1533 1330 laetatur.
1560 1275 1659 1346 (ld.

58 1362 237 1433 ibid.)

1770 1280 1897 1333 mini
1921 1280 1976 1333 in
2000 1288 2193 1345 monte,
2226 1288 2357 1333 tom.
2388 1278 2474 1343 lll,
2504 1285 2643 1348 part.
2672 1293 2711 1342 1,
2742 1277 2844 1332 col.
2891 1276 3076 1346 1271.)

792 1654 901 1731 IN
980 1651 1567 1730 EPISTULAM
1644 1652 1778 1728 AD
1853 1623 2589 1734 COLOSSENs'Es.

1464 1813 1916 1825 _———-———

620 1895 1128 1954 ARGUMENTUM.

138 2033 514 2095 Colossenses,
537 2038 590 2086 et
609 2029 664 2085 hi
686 2030 828 2085 sicut
852 2038 906 2085 et
930 2028 1289 2085 Laodicenses
1306 2038 1432 2085 sunt
1451 2030 1659 2098 Asiani,

53 2136 128 2185 et
156 2126 259 2197 ipsi
286 2122 542 2195 prmventi
565 2128 722 2176 erant
743 2120 1275 2195 apseudoapostolis.
1309 2120 1420 2176 Nec
1462 2124 1529 2176 ad
1565 2123 1663 2178 hos

54 2217 311 2276 accessit
349 2216 463 2285 ipse
498 2212 788 2284 Apostolus
820 2230 835 2267 :
864 2213 957 2268 sed
997 2221 1052 2269 et
1102 2213 1202 2268 hos
1238 2227 1336 2282 per
1376 2213 1661 2284 epistolam

53 2309 318 2381 corrigit.
343 2306 642 2363 Audierant
668 2306 812 2360 enim
835 2306 1058 2361 verbum
1088 2306 1469 2376 ahArchippo,
1493 2308 1582 2376 qui
1606 2318 1664 2361 et

55 2399 437 2457 ministerium
459 2397 514 2452 in
545 2410 641 2452 eos
665 2396 894 2466 accepit.
934 2396 1075 2466 Ergo
1100 2395 1392 2464 Apostolus
1426 2394 1547 2463 jam
1594 2396 1660 2451 li-

53 2500 238 2563 gatus
274 2490 463 2547 scribit
505 2490 587 2545 eis
632 2490 701 2544 ab
724 2488 937 2559 Epheso
992 2502 1093 2558 per
1137 2487 1433 2561 Tichycum
1486 2489 1664 2545 diaco-

50 2601 229 2652 num,
260 2592 314 2641 et
341 2582 657 2640 Onesimum
678 2581 984 2653 Acolytum.

598 2757 826 2815 CAPUT
864 2758 1158 2815 PRIMUM.

147 2890 356 2946 Paulus
411 2887 679 2961 apostolus
716 2887 750 2943 J
757 2906 846 2943 esu
891 2886 1110 2955 Christi,
1136 2899 1258 2954 etc.,
1288 2906 1459 2960 usque
1481 2892 1548 2946 ad
1573 2893 1662 2962 qui

46 2985 262 3055 dignos
298 2998 390 3036 nos
411 2982 531 3052 fecit
560 2981 614 3034 in
638 2990 839 3051 partem
859 2982 1016 3035 sortis
1044 2991 1342 3035 sanctarum
1374 2982 1662 3039 inlumine.

57 3075 282 3131 Tunica
312 3073 399 3128 illa
427 3072 639 3128 Domini
659 3072 891 3141 desuper
914 3079 1084 3137 texta,
1114 3081 1246 3136 etc.,
1275 3089 1436 3145 usque
1464 3075 1534 3127 ad
1568 3073 1662 3128 tibi

55 3182 197 3225 sors
224 3174 332 3221 est.
356 3163 477 3236 (ld.,
506 3173 660 3217 tract.
692 3164 747 3216 in
766 3161 955 3233 psalm.
984 3178 1113 3229 xxx,
1138 3172 1267 3217 tom.
1313 3162 1403 3229 ιν,
1446 3173 1586 3233 part.
1620 3180 1658 3230 ι,

59 3256 186 3314 col.
212 3256 323 3311 216
347 3263 401 3310 et
427 3252 569 3325 seq.)

150 3347 260 3414 Qui
281 3345 468 3417 eripuit
491 3362 605 3411 nos,
633 3353 763 3409 etc.,
787 3359 958 3414 usque
987 3345 1054 3399 ad
1082 3343 1183 3415 ﬁlii
1203 3344 1496 3399 dilectionis
1527 3361 1657 3399 suae.

60 3439 334 3509 Quisquis
383 3438 497 3492 haec
537 3436 691 3507 legis,
723 3446 778 3490 et
804 3435 1032 3505 gratiam
1086 3436 1200 3500 Dei,
1234 3444 1361 3499 etc.,
1391 3451 1551 3506 usque
1592 3435 1661 3488 ad

60 3530 250 3586 libera
276 3544 373 3583 nos
407 3526 619 3583 amalo.
651 3526 773 3597 (ld.,
806 3536 961 3580 tract.
1010 3528 1064 3580 in
1089 3526 1228 3597 psal.
1272 3541 1358 3591 cv,
1392 3535 1522 3581 tom.
1570 3524 1657 3591 ιν,

57 3630 225 3695 part.
249 3635 311 3685 ιι,
333 3618 436 3675 col.
463 3616 667 3673 “lbet
687 3618 826 3687 seq.)

147 3711 272 3769 Non
315 3712 391 3765 ait
442 3719 645 3776 autem,
678 3726 858 3765 meum
889 3726 1114 3780 regnum
1181 3717 1398 3764 nonest
1426 3710 1537 3775 hic,
1569 3700 1662 3765 Sed

59 3820 187 3863 non
214 3811 299 3858 est
325 3802 475 3867 hinc,
502 3810 634 3866 etc.,
668 3817 828 3870 usque
845 3802 914 3854 ad
942 3816 1049 3855 non
1081 3808 1163 3854 est
1181 3800 1327 3855 hinc.
1356 3799 1480 3869 (ld.,
1504 3808 1659 3852 tract.

59 3898 127 3951 in
162 3894 365 3965 Evang.
402 3910 505 3949 sec.
536 3891 725 3958 Joan.,
763 3900 892 3947 tom.
929 3892 1021 3957 IV,
1047 3900 1187 3962 part.
1224 3906 1284 3957 ιι,
1321 3890 1425 3947 col.
1454 3891 1587 3946 1959
1610 3899 1665 3945 et

61 3988 223 4059 δειιο)

148 4081 211 4137 Si
251 4079 492 4135 charitas
512 4094 618 4150 qua
648 4076 811 4132 Pater
840 4076 1013 4146 diligit
1068 4074 1264 4130 Filium
1306 4089 1484 4139 suum,
1532 4088 1663 4140 etc.,

58 4190 243 4247 usque
270 4174 339 4226 ad
362 4181 446 4228 est
466 4172 698 4244 genitus.
730 4170 851 4242 (ld.,
877 4169 971 4224 lib;
995 4186 1062 4224 xv
1086 4170 1149 4223 de
1180 4169 1351 4234 Trin.,
1372 4176 1501 4222 tom.
1532 4166 1663 4232 Vlll,

62 4268 185 4327 col.
222 4266 361 4321 1082
387 4275 444 4320 et
472 4267 613 4336 seq.)

148 4363 211 4419 Si
243 4378 370 4419 vere
395 4362 641 4418 volumus
669 4362 956 4419 defendere
975 4362 1205 4417 liberum
1229 4361 1533 4425 arbitrium,
1556 4369 1663 4417 etc.

60 4468 245 4515 usque
273 4453 340 4505 ad
365 4452 417 4506 in
454 4451 792 4521 ad0ptionem
818 4451 1071 4505 liliorum.
1096 4449 1381 4522 (ld.,epist.
1405 4449 1473 4502 ad
1508 4446 1662 4502 Vital.

62 4557 216 4603 tom.
248 4543 313 4609 ll,
343 4543 450 4600 cel.
478 4543 577 4598 981
612 4553 667 4598 et
691 4543 832 4613 seq.)

1689 1904 1736 1962 B
1763 1898 2007 1968 corporis
2049 1896 2324 1969 Ecclesiae.
2359 1896 2479 1967 (ld.,
2514 1897 2603 1950 lib.
2638 1914 2678 1953 ιι
2727 1897 2790 1951 de
2827 1897 2999 1963 Trin.,
3050 1908 3181 1955 tom.
3218 1902 3347 1967 Vlll,
3457 1930 3466 1938 -

1765 1990 1868 2046 col.
1899 1988 2048 2060 857.)

1833 2080 1995 2135 Fides
2016 2080 2279 2135 catholica
2296 2095 2414 2148 qua:
2444 2080 2908 2136 interCreatorem
2936 2091 3350 2154 creaturamque

1764 2170 2216 2240 distinguit,elc.,
2238 2171 2480 2242 usquead
2504 2170 2684 2225 omnia
2711 2172 3049 2227 reconciliari
3073 2174 3124 2227 in
3150 2174 3347 2243 ipsum.

1765 2263 1887 2335 (ld.,
1910 2263 2000 2318 lib.
2026 2274 2193 2317 contr.
2217 2261 2473 2326 Secund.,
2496 2271 2627 2316 tom.
2659 2261 2786 2327 Vlll,
2804 2262 2907 2317 col.
2938 2263 3033 2318 ’581
3063 2274 3116 2318 et
3136 2265 3275 2338 seq.)

1834 2353 1902 2406 Et
1914 2354 2020 2422 ipse
2035 2362 2108 2407 est
2124 2361 2299 2423 caput,
2315 2361 2420 2407 etc.
2432 2352 2635 2423 ,lusque
2651 2352 2718 2406 ad
2732 2355 2838 2422 ipse
2848 2353 3128 2423 primatum
3144 2364 3343 2410 tenens.

1761 2443 1919 2498 Aliud
1949 2453 2031 2499 est
2059 2444 2360 2514 sapientem
2383 2451 2592 2498 tantum
2617 2443 2732 2498 ﬁeri
2755 2459 2852 2513 per
2880 2445 3200 2513 sapientiam
3225 2447 3343 2511 Dei,

1763 2543 1896 2600 etc.,
1924 2552 2086 2606 usque
2107 2536 2177 2589 ad
2208 2536 2510 2593 rectissime
2540 2533 2759 2589 dicitur.
2785 2534 2910 2607 (ld.,
2942 2535 3034 2588 lib.
3087 2536 3150 2590 de
3176 2537 3344 2607 Agon.

1763 2621 2074 2691 Cltrtstian.,
2107 2635 2238 2682 tom.
2271 2626 2611 2691 Vl,col.301
2647 2636 2704 2681 et
2729 2626 2868 2697 seq.)
3092 2612 3095 2617 ’

1844 2720 2012 2776 Totus
2039 2716 2291 2773 Christus
2313 2718 2606 2773 secundum
2635 2716 2953 2782 Ecclesium,
2978 2717 3029 2771 id
3057 2727 3141 2772 est
3186 2726 3349 2787 caput

1763 2822 1820 2869 et
1851 2825 2048 2881 corpus
2091 2807 2435 2879 praedicatur,
2473 2816 2605 2871 etc.,
2652 2823 2813 2877 usque
2846 2808 2915 2859 ad
2942 2806 3133 2863 civitas
3185 2807 3349 2877 Regis

1763 2903 1963 2976 magni.
1992 2900 2137 2973 (ld.,
2187 2917 2344 2956 serm.
2385 2899 2525 2970 quod
2567 2899 2691 2955 trib.
2737 2899 2906 2954 modis
2936 2898 3129 2954 Christ.
3153 2899 3346 2966 intell.,

1765 3003 1898 3051 tom.
1926 2991 1993 3056 V,
2021 2999 2163 3061 part.
2200 3006 2264 3056 ιι,
2292 2990 2396 3045 col.
2429 2988 2565 3044 M99
2592 2997 2649 3042 et
2670 2987 2811 3059 seq.)

1834 3084 1950 3140 Non
1974 3084 2144 3154 igitur
2177 3083 2373 3137 mirum
2402 3081 2447 3136 si
2475 3088 2698 3150 propter
2737 3078 3067 3149 exemplum,
3095 3087 3227 3142 etc.,
3254 3095 3349 3133 uso

1763 3192 1862 3246 que
1890 3174 1959 3228 ad
2007 3172 2101 3242 qui
2165 3172 2322 3227 datus
2346 3177 2428 3225 est
2471 3169 2649 3224 nobis.
2678 3167 2800 3239 (ld.,
2842 3167 2935 3221 lib.
2962 3183 3035 3221 vu
3070 3169 3135 3221 de
3175 3167 3346 3234 Trin.,

1689 3254 1734 3316 C
1767 3277 1899 3323 tom.
1931 3265 2064 3329 Vill,
2088 3263 2192 3319 col.
2221 3263 2371 3334 958.)

1838 3355 1977 3422 Quia
2007 3356 2063 3409 in
2091 3355 2203 3425 ipso
2235 3350 2568 3422 complacuit,
2619 3357 2750 3414 etc.,
2784 3364 2956 3419 usque
3007 3348 3075 3405 ad
3109 3358 3351 3403 creatura

1759 3466 1878 3523 qua:
1913 3448 2009 3504 sub
2046 3446 2172 3502 caelo
2202 3456 2296 3501 est.
2322 3444 2425 3499 Per
2450 3443 2579 3498 illud
2606 3441 2881 3514 singulare
2920 3440 3266 3504 sacrificium,
3296 3440 3354 3495 in

1761 3555 1869 3611 quo
1906 3538 2174 3594 mediator
2199 3544 2280 3590 est
2314 3533 2644 3598 immolatus,
2674 3540 2807 3599 etc.,
2842 3547 3003 3602 usque
3052 3530 3121 3584 ad
3171 3529 3355 3584 vident

1764 3620 1957 3686 faciem
1990 3628 2186 3682 Patris.
2215 3627 2338 3698 (ld.,
2363 3625 2455 3679 lib.
2494 3624 2737 3688 Encltir.,
2769 3632 2900 3677 tom.
2935 3619 3022 3685 Vl,
3053 3620 3157 3674 col.
3192 3617 3347 3689 261.)

1836 3721 2003 3791 Cujus
2032 3720 2205 3789 factus
2229 3734 2345 3772 sum
2369 3728 2520 3782 ,ete.,
2550 3729 2721 3784 usque
2760 3714 2830 3768 ad
2870 3712 2995 3765 data
3032 3719 3108 3765 est
3148 3709 3350 3764 miltiin

1763 3811 1929 3866 vobis.
1964 3809 2233 3864 Debemus
2261 3806 2560 3877 intelligere
2583 3818 2870 3875 personam
2898 3800 3175 3866 Ecclesiae,
3213 3808 3349 3864 etc.,

1766 3923 1928 3977 usque
1958 3905 2027 3957 ad
2058 3902 2311 3958 saeculum
2341 3900 2548 3955 [initum
2573 3899 2697 3953 erit.
2723 3897 2743 3968 (
2767 3896 2871 3961 ld.,
2916 3904 3072 3949 tract.
3118 3895 3175 3948 in
3214 3891 3351 3963 psal.

1764 4012 1877 4061 ut,
1908 4003 2038 4048 tom.
2069 3991 2162 4059 1V,
2192 3999 2333 4062 part.
2362 4006 2401 4055 ι,
2424 3989 2527 4044 col.
2556 3987 2661 4044 750
2690 3995 2744 4042 et
2783 3984 2924 4058 seq.)

1842 4085 2028 4142 Videte
2057 4084 2184 4156 quid
2203 4084 2340 4138 dixit
2363 4081 2676 4153 Apostolus,
2699 4081 2826 4150 quia
2865 4080 2916 4135 in
2936 4079 3052 4150 ipso
3078 4077 3350 4143 Christus,

1765 4191 1895 4246 etc.,
1950 4192 2111 4247 usque
2148 4174 2217 4227 ad
2258 4174 2310 4227 in
2366 4186 2529 4228 carne
2561 4186 2701 4226 mea.
2749 4170 2871 4241 (ld.,
2922 4178 3077 4224 tract.
3127 4170 3182 4223 in
3218 4166 3354 4238 psal.

1766 4287 1989 4337 Lxxxvt,
2013 4281 2142 4324 tom.
2174 4265 2262 4334 lV,
2289 4275 2429 4338 part.
2459 4282 2521 4329 ιι,
2567 4262 2671 4321 col.
2700 4262 2881 4336 1101.)

1841 4365 1915 4422 Ut
1967 4361 2268 4432 suppleam,
2316 4358 2510 4428 inquit,
2562 4370 2681 4426 quae
2731 4355 2926 4411 desunt
2980 4367 3357 4423 pressurarum

1768 4475 1875 4514 non
1899 4470 2162 4518 mearum,
2189 4452 2284 4508 sed
2313 4449 2536 4514 Christi,
2562 4458 2691 4512 etc.,
2720 4462 2881 4517 usque
2900 4445 2969 4497 ad
3013 4459 3120 4498 non
3168 4457 3358 4511 perse-

1771 4554 2052 4617 queretur.
2086 4542 2207 4613 (ld.,
2239 4549 2391 4594 tract.
2417 4541 2472 4593 in
2500 4536 2633 4610 psal.
2673 4551 2822 4601 XLIV,
2843 4544 2971 4589 tom.
2996 4532 3087 4598 IV,
3133 4538 3273 4601 part.
3313 4547 3355 4597 ι,

146 4637 221 4692 In
239 4652 343 4707 quo
368 4635 640 4699 habemus,
668 4611 1002 4705 etc.,vusque
1025 4634 1093 4689 ad
1114 4636 1287 4705 imago
1306 4633 1405 4689 Dei
1434 4634 1669 4689 invisibi—
1699 4611 1747 4670 D
1774 4611 1877 4693 col.
1915 4632 2067 4701 515.)

60 4733 165 4785 lis.
210 4726 328 4782 Non
373 4736 456 4781 est
502 4726 720 4780 difﬁcile
758 4727 943 4781 videre
987 4726 1255 4781 diabolum
1285 4726 1508 4790 victum,
1537 4734 1666 4787 etc.,

64 4834 247 4890 usque
285 4815 355 4871 ad
406 4831 513 4871 non
562 4816 805 4885 spiritus.
832 4815 952 4885 (ld.,
981 4814 1071 4869 lib.
1105 4830 1203 4869 χιιι
1227 4815 1290 4868 de
1322 4813 1492 4878 Trin.,
1534 4822 1665 4868 tom.

61 4909 216 4975 VIII,
242 4907 347 4965 col.
381 4906 519 4961 1028
551 4914 606 4961 et
638 4905 780 4976 seq.)

144 4999 235 5054 Ad
265 4998 556 5068 quemdam
585 4999 803 5052 modum
833 4997 940 5051 erit
959 4994 1380 5052 homoimitator
1404 4993 1498 5048 Dei
1524 4994 1671 5048 velut

64 5092 283 5160 imago,
329 5098 437 5144 etc.
482 5104 644 5159 usque
671 5089 739 5142 ad
767 5088 1055 5159 imaginem
1106 5086 1268 5156 regis.
1301 5084 1435 5155 (ld.,
1473 5085 1564 5139 lib.
1598 5085 1673 5139 De

67 5182 263 5235 decem
285 5178 515 5243 chordis,
545 5187 674 5232 tom.
710 5179 776 5244 V,
807 5187 946 5248 part.
975 5193 1018 5242 ι,
1057 5176 1162 5232 col.
1195 5175 1311 5245 82.)

148 5269 214 5324 In
241 5269 416 5323 tribus
441 5269 631 5337 primis
658 5269 947 5339 praeceptis
970 5267 1232 5338 decalogi,
1254 5282 1375 5338 qua:
1396 5268 1464 5322 ad
1504 5267 1672 5322 Deum

68 5361 385 5435 pertinent,
409 5368 541 5425 etc.,
571 5378 733 5433 usque
780 5362 849 5415 ad
889 5362 983 5418 sed
1022 5376 1146 5417 cum
1179 5360 1290 5415 illo.
1325 5360 1448 5431 (ld.,
1482 5360 1574 5414 lib.
1607 5376 1669 5425 ιι,

71 5452 153 5509 ad
181 5450 337 5515 Jan.,
372 5460 503 5507 tom.
536 5451 599 5517 ll,
625 5452 726 5507 col.
757 5451 911 5523 215.)

156 5539 554 5612 Primogenitus
570 5543 739 5597 omnis
753 5551 1028 5608 creatum,
1055 5551 1186 5607 etc.,
1218 5557 1390 5611 usque
1404 5542 1470 5597 ad
1495 5542 1671 5596 omnia
1736 5580 1745 5587 ο

73 5637 135 5691 in
156 5634 279 5704 ipso
305 5642 562 5688 constant.
597 5634 904 5689 Secundum
933 5633 1164 5690 formam
1207 5635 1301 5689 Dei
1335 5635 1536 5689 dictum
1568 5641 1671 5689 est.

1848 4727 1915 4782 Ut
1946 4724 2189 4795 impleam
2220 4729 2427 4778 verbum
2452 4720 2566 4783 Dei,
2591 4728 2723 4783 etc.,
2746 4731 2917 4786 usque
2942 4714 3008 4770 ad
3032 4725 3278 4786 aperatur
3304 4714 3362 4769 in

1775 4838 1856 4877 me
1878 4821 1933 4875 in
1955 4822 2165 4873 virtute.
2195 4797 2378 4870 Ριεῆηο
2401 4815 2587 4869 volens
2628 4811 2916 4866 ostendere
2956 4810 3109 4873 mihi,
3138 4810 3362 4865 Domine

1777 4914 1920 4969 Deus
1949 4925 2124 4974 meus,
2156 4924 2321 4978 quam
2354 4907 2578 4961 resistas
2602 4901 2870 4973 superbis,
2926 4908 3056 4964 etc.,
3097 4916 3259 4970 usque
3293 4899 3362 4951 ad

1778 5003 1926 5059 stulti
1976 5000 2103 5054 lacti
2134 5006 2277 5053 sunt.
2305 4996 2325 5069 (
2354 4997 2456 5061 ld.,
2487 4995 2577 5048 lib.
2608 5009 2683 5049 vn
2710 4990 2972 5062 Confess.,
3010 4999 3139 5045 tom.
3189 4989 3233 5055 1,
3255 4988 3361 5045 col.

1780 5092 1885 5147 740
1915 5100 1971 5147 et
1998 5088 2139 5161 seq.)

1848 5183 2085 5240 Verbum
2135 5182 2279 5237 enim
2333 5187 2488 5234 tuum
2557 5187 2758 5232 aeterna
2818 5176 3022 5232 veritas
3071 5174 3368 5248 superioris

1774 5283 2039 5330 creatura:
2064 5281 2188 5337 tum,
2220 5282 2349 5337 etc.,
2378 5286 2544 5339 usque
2577 5267 2647 5322 ad
2688 5268 2830 5323 sicut
2862 5267 3203 5341 supplicium.
3241 5267 3367 5340 (ld.,

1778 5367 1873 5422 lib.
1902 5382 1977 5420 vn
2008 5362 2270 5433 Confess.,
2296 5371 2425 5417 tom.
2448 5361 2492 5425 l,
2532 5359 2635 5416 col.
2665 5359 2815 5431 748.)

2404 5496 2632 5555 CAPUT
2670 5496 2732 5553 ll.

1860 5634 1991 5689 Volo
2013 5635 2149 5689 enim
2177 5652 2263 5690 vos
2299 5638 2454 5700 scire,
2482 5645 2616 5698 etc.,
2655 5649 2825 5704 usque
2856 5631 2922 5687 ad
2950 5631 3273 5687 abundantes
3315 5628 3371 5681 in

68 5726 229 5784 Ante
275 5739 466 5781 omnes
508 5723 673 5781 colles
712 5725 899 5795 genuit
949 5740 1056 5793 me,
1080 5735 1209 5795 etc.,
1233 5742 1393 5797 usque
1423 5725 1492 5779 ad
1516 5732 1676 5796 caput
1781 5725 1873 5781 illo
1910 5728 1967 5782 in
2011 5729 2304 5798 gratiarum
2348 5728 2571 5783 actione.
2602 5724 2869 5782 Vitiorum
2906 5724 3146 5781 omnium
3184 5723 3372 5777 huma-
