3902 6300
74 326 225 408 δεδι.⁸

932 322 1391 377 Ελροδιτιο-ιΝ
1417 322 1568 376 ΕΡΡ.
1610 322 1837 379 PAULI.
1875 354 1948 366 ——
1975 325 2078 380 EP.
2117 326 2156 380 Il
2197 324 2289 381 AD
2324 322 2565 382 THESS.

3277 334 3382 391 594

83 448 412 507 etc.,usque
433 438 501 489 ad
514 436 918 491 testimabamus
949 437 1234 493 insaniam.
1254 437 1626 511 (S.Aug.,lib.
1652 456 1689 495 ιι
1718 464 1767 520 Α
1870 441 2124 498 Docentes
2166 453 2213 498 et
2235 454 2634 510 commonentcs,
2664 458 2759 500 etc.
2790 462 2961 519 u5que
2985 450 3049 504 ad
3078 449 3184 503 Deo
3204 461 3251 505 et
3276 449 3382 507 Pa-

78 528 164 583 ad
203 528 356 592 lam,
387 536 517 582 tom.
558 527 619 591 ll,
657 528 759 583 col.
788 527 942 598 208.)

166 638 438 705 Quoniam
460 646 715 709 tanquam
735 639 917 696 fenum
939 642 1048 698 cito
1069 652 1338 710 arescent,
1362 652 1495 711 etc.,
1525 660 1688 717 usque

80 728 166 783 ad
195 744 322 783 cum
356 728 474 798 ipso
523 729 853 798 apparebitis
904 732 959 786 in
1013 732 1204 802 gloria.
1253 733 1377 805 (ld.,
1428 743 1585 789 tract.
1632 735 1689 790 in

81 820 235 889 psal.
264 835 453 883 xxxvr,
476 827 605 874 tom.
637 819 882 889 lV,part.
909 838 948 887 ι,
977 822 1081 877 col.
1113 823 1217 879 557
1245 831 1301 879 et
1323 832 1474 896 seq.)

168 911 376 967 Omnes
398 926 529 982 ergo
551 910 746 967 divites
775 914 899 969 boni
929 913 1132 979 ﬁdeles,
1158 924 1292 983 etc.,
1320 933 1481 988 usque
1501 917 1571 971 ad
1595 932 1690 989 ap-

82 1001 363 1073 parebitis
398 1000 452 1056 in
488 1001 679 1074 gloria.
712 1002 839 1073 (ld.,
870 1021 1024 1058 serm.
1057 1005 1122 1061 de
1147 1006 1282 1060 verb.
1317 1006 1373 1061 in
1400 1004 1559 1062 Prov.
1590 1006 1692 1063 Sa-

84 1091 254 1157 lom.,
286 1109 402 1163 cap.
435 1108 558 1159 xm,
585 1110 630 1149 υ.
657 1094 709 1158 7,
736 1104 867 1150 tom.
894 1096 960 1159 ν,
997 1105 1137 1166 part.
1170 1113 1210 1160 ι,
1238 1097 1341 1153 col.
1373 1098 1528 1169 215.)

173 1183 357 1238 Simus
385 1198 514 1254 ergo
552 1184 686 1239 recti
719 1185 901 1240 corde.
935 1184 1173 1257 Tempus
1208 1186 1414 1257 gloria).
1438 1197 1570 1253 elc.,
1596 1204 1691 1243 us-

86 1294 201 1348 que
231 1277 298 1331 ad
324 1277 655 1349 apparebitis
682 1276 736 1332 in
759 1277 951 1349 gloria.
973 1278 1098 1349 (ld.,
1124 1288 1278 1334 tract.
1301 1280 1373 1337 28
1401 1280 1457 1335 in
1484 1279 1686 1353 Evang.
1716 1324 1725 1331 .

87 1386 206 1425 sec.
244 1368 434 1434 Joan.,
464 1378 597 1424 tom.
622 1368 704 1435 Ill,
735 1380 875 1440 part.
906 1385 965 1436 ιι,
988 1370 1090 1426 col.
1118 1371 1305 1443 1225.)

176 1461 495 1531 Mortiﬁcate
553 1477 710 1532 ergo,
762 1470 870 1517 etc.
925 1461 1311 1519 Mortiﬁcemur
1354 1470 1411 1520 et
1458 1463 1696 1535 resurgi-

89 1570 248 1620 mus,
279 1562 418 1620 etc.,
458 1571 621 1625 usque
671 1554 741 1608 ad
779 1554 1033 1611 servitus.
1082 1555 1209 1625 (ld.,
1259 1554 1351 1611 lib.
1404 1556 1471 1611 de
1502 1555 1691 1611 Resur.

90 1657 287 1712 mora.
322 1655 456 1702 tom.
484 1646 550 1713 V,
575 1655 713 1717 part.
749 1662 809 1715 ιι,
839 1648 941 1703 col.
976 1647 1159 1719 1627.)

177 1737 626 1805 Fornicationem,
658 1748 765 1795 etc.
813 1738 1001 1811 Neque
1044 1740 1216 1806 avari,
1260 1748 1394 1807 etc.,
1432 1758 1594 1812 usque
1622 1740 1695 1796 ad

92 1828 397 1885 dubitaret.
425 1828 548 1901 (ld.,
579 1828 671 1884 lib.
699 1830 765 1884 de
794 1829 971 1900 Bapt.,
1009 1838 1137 1885 tom.
1161 1830 1255 1897 ιχ,
1282 1830 1386 1887 col.
1415 1831 1530 1899 89.)

176 1919 562 1990 Exspoliantes,
609 1929 716 1977 etc.
743 1919 995 1977 Veterem
1034 1922 1329 1988 hominem,
1356 1930 1486 1989 etc.,
1530 1940 1694 1995 usque

93 2011 177 2066 ad
232 2010 520 2083 imaginem
558 2010 675 2067 Dei.
720 2009 869 2083 (ld.,
896 2010 990 2067 lib.
1022 2028 1070 2067 c.
1128 2011 1346 2081 Faust.,
1392 2023 1525 2069 tom.
1557 2014 1692 2083 Vill,

92 2104 212 2161 col.
244 2102 393 2175 746.)

178 2194 445 2268 Sanguis,
504 2193 720 2266 inquit,
774 2203 918 2262 etc.,
962 2212 1126 2265 usque
1182 2196 1252 2252 ad
1320 2206 1691 2268 peccatorum.

97 2283 301 2358 (Serm.
332 2286 388 2340 in
426 2284 579 2357 epist.
609 2284 795 2353 Joan.,
839 2296 969 2343 tom.
1002 2287 1088 2353 lll,
1116 2297 1255 2359 part.
1283 2304 1344 2355 ιι,
1374 2288 1481 2345 col.
1508 2289 1693 2362 1982.)

181 2377 320 2433 Eum
345 2379 437 2450 qui
465 2387 764 2446 renovatur,
788 2388 914 2447 etc.,
944 2395 1118 2451 usque
1147 2381 1217 2435 ad
1248 2381 1580 2449 modestiam,
1599 2400 1697 2454 pa-

93 2471 362 2528 tientiam.
390 2469 536 2527 Satis
562 2472 804 2528 ostendit
830 2471 923 2527 ubi
952 2472 1025 2528 sit
1040 2472 1202 2529 homo
1226 2482 1443 2530 creatus
1466 2476 1532 2530 ad
1559 2476 1697 2531 ima-

97 2564 423 2636 ginemDei,
448 2571 555 2619 etc.
582 2580 747 2637 usque
767 2564 837 2619 ad
858 2565 1135 2637 agnitione
1150 2574 1528 2623 renovaretur.
1564 2566 1692 2638 (ld.,

98 2659 201 2715 lib.
238 2675 297 2715 ιιι
325 2659 390 2714 de
416 2656 546 2714 Gen.
574 2657 646 2713 ad
673 2656 806 2724 litt.,
837 2665 970 2714 tom.
996 2656 1083 2725 111,
1112 2665 1255 2729 part.
1298 2673 1341 2724 ι,
1372 2658 1477 2715 col.
1507 2657 1669 2735 292.)

180 2750 239 2807 Si
268 2766 398 2822 ergo
422 2750 619 2823 spiritu
648 2748 847 2806 mentis
873 2763 1222 2813 renovamur,
1252 2756 1390 2814 etc.,
1422 2766 1586 2820 usque
1624 2749 1695 2804 ad

101 2842 383 2899 induimus
407 2856 505 2912 per
534 2840 718 2898 ﬁdem.
760 2841 888 2913 (ld.,
934 2840 1025 2897 lib.
1064 2857 1142 2897 xu
1185 2840 1251 2896 de
1293 2838 1512 2908 Trinit.,
1560 2848 1693 2898 tom.

102 2932 243 3000 Vlll,
268 2934 369 2991 col.
393 2933 533 2990 1004
562 2941 618 2990 et
648 2932 789 3005 seq.)
1290 2930 1301 2939 “

182 3025 289 3082 ista
343 3025 622 3082 renovatio
682 3024 1107 3097 reformatioque
1162 3026 1360 3083 mentis
1398 3027 1697 3084 secundum

102 3117 302 3181 Deum,
317 3122 451 3182 etc.,
476 3131 638 3187 usque
656 3115 726 3170 ad
743 3131 849 3172 non
873 3115 1098 3187 ipsaque
1118 3126 1427 3174 renovatur.
1452 3115 1575 3189 (ld.,
1600 3116 1693 3173 lib.

108 3226 172 3269 Iv
198 3210 264 3264 de
289 3208 502 3274 Trinit.,
534 3217 666 3265 tom.
704 3206 837 3275 Vlll,
863 3208 967 3266 col.
989 3208 1094 3266 389
1121 3219 1175 3265 et
1208 3212 1349 3281 seq.)

186 3299 586 3373 Supportantes,
629 3309 753 3368 etc.,
798 3315 970 3371 usque
1015 3302 1083 3356 ad
1124 3303 1199 3357 ita
1224 3312 1272 3358 ct
1303 3319 1409 3358 vos.
1444 3302 1697 3361 Lavando

103 3393 278 3467 pedes
299 3391 410 3461 jam
450 3392 715 3450 bonorum
765 3402 929 3463 atque
954 3395 1278 3451 mundorum
1305 3395 1696 3466 discipulorum

104 3483 437 3558 signiﬁcavit
488 3484 771 3551 Dominus,
823 3492 958 3552 etc.,
1005 3502 1166 3558 usque
1217 3486 1287 3540 ad
1343 3486 1587 3543 solvatur
1637 3488 1697 3545 in

102 3576 273 3632 celo.
306 3576 434 3647 (ld.,
462 3584 619 3631 tract.
645 3576 715 3632 38
743 3577 800 3632 in
834 3576 1036 3648 Evang.
1083 3593 1186 3632 sec.
1222 3577 1410 3647 Joan.,
1443 3586 1573 3637 tom.
1606 3579 1697 3650 ΠΙ,

103 3674 261 3739 part.
284 3681 346 3733 ιι,
377 3666 482 3723 col.
508 3666 647 3723 1794
667 3676 721 3722 et
744 3668 884 3739 seq.)

188 3756 360 3827 Super
380 3758 557 3813 omnia
580 3765 778 3826 autem,
805 3768 934 3826 etc.,
955 3774 1131 3832 usque
1161 3760 1230 3815 ad
1252 3761 1307 3815 in
1333 3762 1474 3816 omni
1494 3762 1702 3833 sapien-

107 3850 213 3905 tia.
242 3847 448 3905 Tunica
475 3848 565 3904 illa
591 3850 805 3916 sortita,
858 3851 1101 3906 omnium
1149 3851 1382 3921 partium
1431 3850 1701 3921 signiﬁcat

106 3939 416 4006 unitatem,
464 3948 596 4006 etc.,
638 3956 800 4011 usque
824 3940 894 3993 ad
945 3939 1001 3996 in
1030 3954 1197 3995 unum
1242 3955 1432 3997 omnes
1470 3941 1694 4013 colligit.

103 4029 235 4101 (ld.,
290 4038 444 4085 tract.
489 4030 557 4086 18
586 4031 643 4086 in
685 4030 892 4104 Evang.
941 4030 1267 4102 sec.-Joan.,
1294 4040 1428 4090 tom.
1448 4032 1535 4101 111,
1551 4044 1695 4108 part.

102 4137 179 4186 ιι,
219 4119 323 4177 col.
360 4119 543 4195 1949.)
632 4203 643 4218 ἢ

607 4327 717 4407 ΙΝ
798 4326 1386 4409 EPISTOLAM
1484 4331 1522 4411 Ι

649 4504 1164 4565 ARGUMENTUM.

185 4598 701 4656 Thessalonicenses
745 4605 871 4653 sunt
914 4598 1272 4669 Macedones,
1334 4602 1428 4674 qui
1477 4612 1700 4675 accepto

99 4694 283 4751 verbo
302 4692 545 4749 veritatis
571 4692 927 4764 perstiterunt
972 4694 1027 4749 in
1058 4694 1185 4763 ﬁde,
1213 4696 1380 4753 etiam
1421 4697 1477 4754 in
1514 4713 1700 4769 perse-

102 4786 331 4843 cutione
376 4783 575 4839 civium
632 4798 877 4841 suorum.
912 4785 1181 4843 Praeterea
1230 4796 1332 4843 nec
1376 4800 1701 4861 receperunt

102 4876 279 4933 falsos
308 4874 597 4947 apostolos,
636 4891 737 4933 nec
774 4892 837 4933 ea
868 4893 988 4948 quae
1016 4892 1049 4932 a
1083 4876 1234 4933 falsis
1262 4881 1519 4949 apostolis
1553 4881 1699 4938 dice-

102 4972 330 5027 bantur.
347 4966 458 5024 Hos
481 4967 1049 5040 collaudatApostolus
1079 4968 1322 5024 scribens
1342 4970 1424 5024 eis
1451 4972 1519 5027 ab
1539 4970 1699 5028 Athe-

102 5062 201 5120 nis
224 5076 323 5133 per
342 5058 639 5133 Tycbicum
665 5060 970 5128 diaconum,
994 5067 1052 5115 et
1085 5058 1378 5116 Onesinum
1408 5061 1694 5132 acolytum.

628 5174 857 5232 CAPUT
900 5172 1189 5232 PRIMUM.

87 5264 98 5321 i
186 5268 394 5325 Paulus
437 5277 486 5325 et
536 5266 820 5340 Sylvanus,
865 5278 989 5334 etc.,
1026 5284 1198 5339 usque
1225 5269 1292 5325 ad
1336 5268 1447 5325 Deo
1491 5272 1602 5326 vivo
1651 5282 1701 5328 et

102 5378 254 5421 vero.
301 5360 609 5418 Iudaeorum
639 5362 856 5432 proprie
899 5358 1182 5433 Synagoga
1232 5361 1339 5417 dici
1375 5360 1542 5428 solet,
1567 5372 1701 5433 etc.,

102 5473 280 5529 usque
302 5456 373 5510 ad
396 5454 1025 5527 requirebat.(ld.,tract.
1040 5456 1096 5510 in
1106 5455 1241 5527 psal.
1262 5472 1446 5523 nxxxr,
1463 5466 1593 5514 tom.
1609 5457 1699 5526 ιν,

107 5559 263 5622 part.
288 5564 352 5613 ιι,
381 5548 487 5605 col.
528 5547 713 5617 1047.)

184 5640 258 5695 Et
309 5647 631 5709 exspectare,
661 5649 784 5703 etc.,
820 5653 992 5709 usque
1022 5640 1091 5695 ad
1121 5640 1185 5694 ob
1224 5640 1306 5694 ira
1338 5649 1571 5695 ventura.
1617 5640 1701 5698 ira

106 5730 210 5788 Dei
242 5746 351 5788 non
370 5728 705 5788 perturbatio
725 5738 830 5794 est,
852 5739 982 5795 etc.,
999 5748 1159 5803 usque
1180 5733 1249 5787 ad
1269 5748 1428 5804 paena
1457 5743 1696 5804 peccato.

438 5825 712 5887 Ρηιιοι..
757 5823 986 5888 CXIX.

1792 537 1861 590 tri
1882 553 1975 605 per
1996 538 2185 607 ipsum.
2216 536 2397 609 Neque
2427 539 2570 593 enim
2598 540 2776 594 omnis
2798 541 2889 610 qui
2923 540 3079 595 labiis
3101 552 3382 610 personat,

1791 634 1921 691 etc.,
1952 643 2113 697 usque
2139 626 2209 680 ad
2239 629 2411 684 sancti
2440 628 2674 700 Spiritus
2710 630 2811 685 sui.
2851 630 2973 704 (ld.,
3014 632 3104 686 lib.
3136 633 3200 688 de
3226 631 3379 690 Crat.

1794 715 1936 772 Novi
1956 717 2206 785 Testam.,
2236 728 2368 775 tom.
2391 720 2455 785 ll,
2488 722 2591 777 col.
2620 721 2770 791 565.)
3294 730 3297 733 ‘

1867 807 2115 863 Mulieres
2153 809 2377 864 subdin
2418 820 2602 876 estote,
2652 822 2776 880 etc.,
2822 828 2993 885 usque
3043 815 3109 870 ad
3147 816 3384 873 timentes

1791 899 1983 955 Deum.
2004 900 2273 956 Estetiam
2286 902 2419 958 ordo
2435 904 2717 972 naturalis,
2735 916 2864 971 etc.,
2894 924 3055 979 usque
3073 908 3142 961 ad
3159 906 3385 965 felicita-

1798 1000 1925 1048 tem.
1953 993 2078 1061 (ld.,
2097 993 2187 1049 lib.
2213 993 2414 1061 Quaest.
2435 996 2489 1051 in
2504 995 2632 1053 Gen.
2658 998 2737 1053 lit.
2765 999 2889 1066 152,
2917 1009 3048 1057 tom.
3075 1000 3321 1073 lll,part.
3342 1018 3383 1071 ι,

1794 1082 1902 1139 col.
1933 1082 2084 1156 590.)

1871 1174 2044 1243 Quam
2062 1176 2216 1233 multi
2238 1176 2294 1233 in
2317 1188 2499 1234 nostra
2527 1180 2909 1238 communione
2932 1184 3226 1250 veraciter,
3250 1191 3384 1250 etc.,

1797 1283 1960 1338 usque
1978 1268 2047 1322 ad
2073 1284 2180 1325 non
2198 1270 2389 1340 perdet
2414 1258 2719 1328 mercedem
2742 1289 2921 1328 suam.
2945 1274 3069 1346 (ld.,
3096 1274 3185 1332 lib.
3213 1284 3382 1330 contr.

1798 1356 2017 1425 Faust.,
2046 1367 2177 1416 tom.
2215 1361 2345 1428 Vlll,
2379 1362 2485 1418 col.
2507 1362 2614 1419 255
2638 1372 2693 1419 et
2726 1368 2868 1435 seq.)

1869 1452 1999 1510 Haec
2026 1454 2121 1509 tibi
2140 1456 2324 1526 regula
2346 1458 2687 1529 proponitur,
2708 1467 2841 1523 etc.,
2871 1477 3033 1532 usque
3060 1448 3136 1517 ad.
3158 1472 3217 1516 ut
3239 1476 3388 1518 ama-

1798 1550 1901 1597 ret.
1921 1543 2044 1614 (ld.,
2059 1561 2163 1599 ser.
2185 1545 2249 1599 de
2263 1547 2399 1601 verb.
2419 1546 2647 1619 Evang.,
2666 1556 2794 1604 tom.
2813 1549 2877 1615 ν,
2893 1560 3031 1621 part.
3052 1567 3092 1617 ι,
3107 1551 3209 1608 col.
3234 1551 3389 1625 418.)

1870 1633 1985 1689 Pax
2024 1637 2316 1692 domestica
2348 1647 2435 1694 est
2472 1640 2722 1695 ordinata
2760 1641 3208 1709 cohabitantium,
3256 1653 3387 1711 etc.,

1799 1742 1964 1798 usque
1984 1729 2053 1783 ad
2074 1729 2391 1799 providendi
2418 1731 2795 1788 beneﬁcentia.
2817 1733 2943 1805 (ld.,
2968 1734 3059 1790 lib.
3086 1735 3233 1791 Sent.
3254 1733 3389 1791 Pro-

1724 1833 1775 1893 Β
1800 1822 1961 1891 speri,
1986 1830 2119 1877 tom.
2148 1822 2215 1886 Χ,
2255 1833 2397 1894 part.
2432 1841 2491 1891 ιι,
2525 1826 2627 1881 col.
2661 1827 2797 1883 1872
2824 1838 2879 1884 et
2899 1828 3040 1902 seq.)

1871 1910 2231 1984 Quodcunque
2276 1914 2472 1983 facitis,
2505 1928 2627 1982 etc.,
2668 1933 2839 1988 usque
2868 1919 2936 1974 ad
2984 1921 3210 1989 acceptio
3247 1918 3391 1990 apud

1798 2003 1991 2059 Deum.
2016 2004 2150 2060 Eam
2168 2005 2313 2062 Deus
2334 2006 2698 2064 innocentiam
2728 2012 2942 2081 probat,
2973 2022 3105 2077 etc.,
3129 2029 3291 2082 usque
3320 2013 3392 2067 ad

1798 2093 2042 2164 acceptio
2063 2096 2204 2166 apud
2226 2097 2414 2152 Deum.
2441 2097 2564 2167 (ld.,
2590 2099 2682 2154 lib.
2700 2099 2847 2157 Sent.
2875 2100 3142 2173 Prosperi,
3170 2114 3300 2158 tom.
3318 2100 3389 2171 Χ,

1797 2193 1941 2255 part.
1983 2200 2043 2250 ιι,
2062 2185 2166 2241 col.
2195 2185 2552 2261 1869-1877.)

1870 2272 2077 2330 Nomen
2126 2284 2182 2331 et
2224 2278 2590 2336 conditionem
2619 2282 2918 2349 servitutis,
2961 2292 3095 2351 etc.,
3126 2300 3289 2356 usque
3320 2284 3394 2340 ad

1800 2368 2123 2424 emendatur
2148 2368 2314 2427 ﬁlius.
2345 2372 2482 2445 (ld.,
2509 2374 2661 2440 ibid.,
2695 2377 2802 2433 col.
2836 2378 3021 2449 1875.)

2412 2468 2641 2527 CAPUT
2677 2473 2769 2529 ιν.

1869 2555 2086 2611 Domini
2136 2558 2277 2629 quod
2321 2561 2530 2632 justum
2573 2573 2669 2627 est,
2720 2573 2846 2631 etc.,
2874 2581 3047 2637 usque
3092 2568 3159 2623 ad
3189 2568 3392 2626 habetis

1800 2644 1855 2700 in
1905 2647 2053 2703 coelo.
2110 2648 2338 2707 Etiamsi
2387 2653 2674 2710 habuerint
2726 2671 2913 2712 servos
2952 2658 3087 2729 justi
3137 2670 3395 2730 parentes

1802 2742 1995 2809 nostri,
2028 2754 2161 2810 etc.,
2184 2762 2348 2816 usque
2397 2746 2466 2801 ad
2497 2747 2732 2805 tolerare
2763 2751 2908 2824 quod
2954 2753 3218 2810 serviunt.
3248 2754 3387 2825 (ld.,

1799 2834 1892 2889 lib.
1924 2852 2019 2892 XIX
2040 2837 2104 2892 de
2143 2836 2296 2893 Civit.
2331 2838 2451 2905 Dei,
2481 2849 2611 2896 tom.
2645 2832 2892 2909 Vll,'col.
2927 2843 3081 2917 614.)

1872 2928 2026 2986 Sicut
2045 2932 2099 2985 in
2115 2933 2476 3001 potestatibus
2496 2934 2774 2991 societatis
2789 2936 3059 3003 humanae,
3077 2945 3207 3004 etc.,
3230 2955 3396 3011 usque

1800 3022 1869 3077 od
1900 3024 1973 3078 ita
2008 3023 2150 3079 Deus
2200 3025 2254 3080 in
2284 3026 2557 3082 omnibus.
2598 3027 2750 3099 (ιω,
2797 3028 2890 3084 lib.
2935 3028 3084 3085 Sent.
3118 3028 3392 3102 Prospcri,

1801 3120 1932 3169 tom.
1968 3112 2037 3180 Χ,
2064 3123 2205 3185 part.
2235 3132 2298 3181 ιι,
2330 3116 2435 3172 col.
2470 3117 2654 3187 1875.)

1727 3196 1774 3261 C
1877 3203 1979 3272 Qui
1995 3205 2295 3261 doctrinam
2318 3205 2519 3263 Christi
2544 3209 2830 3267 adversam
2861 3210 3395 3283 dicunt,etc.,usque

1805 3298 1875 3351 ad
1916 3312 2038 3355 esse
2085 3300 2414 3371 reipublicae.
2443 3302 2571 3375 (ld.,
2597 3304 2746 3375 epist.
2780 3308 2849 3358 ad
2883 3302 3127 3374 Μαι-εει,
3165 3313 3295 3361 tom.
3324 3305 3393 3372 ll,

1808 3388 1911 3447 (ml.
1943 3390 2096 3463 552.)

1876 3479 2119 3538 Orationi
2145 3485 2358 3551 instate,
2373 3496 2498 3553 etc.,
2514 3503 2687 3559 usque
2702 3488 2769 3544 ad
2789 3488 2918 3543 mihi
2935 3488 3154 3559 fuerunt
3178 3489 3391 3545 solatio.

1802 3574 2040 3632 Joannes
2061 3576 2193 3633 dicit
2222 3596 2235 3632 :
2269 3577 2383 3635 Etsi
2412 3580 2535 3651 quis
2571 3581 2899 3652 peccaverit,
2946 3591 3081 3649 etc.,
3110 3600 3275 3655 usque
3321 3586 3395 3638 ad

1802 3666 2128 3738 interpellet.
2180 3669 2313 3740 (ld.,
2360 3686 2517 3726 serm.
2570 3672 2628 3726 in
2661 3670 2835 3743 Epist.
2878 3670 3067 3741 10am,
3113 3683 3244 3733 tom.
3302 3674 3395 3745 Ill,

1803 3765 1947 3827 part.
1977 3774 2039 3825 ιι,
2062 3758 2167 3814 col.
2194 3759 2380 3831 1984.)

1880 3846 2095 3904 Salutat
2130 3865 2220 3905 vos
2273 3850 2570 3923 Epaphras,
2601 3863 2725 3919 etc.,
2763 3870 2935 3926 usque
2986 3858 3052 3913 ad
3105 3860 3392 3914 vobiscum.

1808 3942 1994 3999 Amen.
2015 3943 2074 4001 Si
2089 3945 2389 4003 dixerimus
2404 3947 2560 4003 istam
2576 3951 3041 4020 perseverantiam
3062 3960 3172 4035 tam
3200 3952 3394 4009 lauda-

1804 4036 2317 4112 bilem,etc.,usque
2346 4042 2415 4095 ad
2438 4053 2816 4113 perseveretur
2850 4061 2881 4099 a
2914 4046 3090 4103 nobis.
3129 4049 3145 4107 (
3163 4046 3267 4114 ld.,
3288 4046 3386 4106 lib.

1804 4126 1868 4182 de
1887 4126 2010 4183 Cor.
2037 4137 2085 4184 et
2108 4139 2267 4201 grat.,
2301 4140 2432 4187 tom.
2457 4132 2525 4200 X,
2554 4143 2694 4205 part.
2728 4150 2770 4202 t,
2793 4136 2896 4192 col.
2931 4136 3027 4193 921
3057 4146 3113 4194 et
3141 4139 3283 4211 seq.)

1774 4247 3391 4286 —_———————-——-——————.

1610 4337 1746 4416 AD
1835 4330 2901 4427 THESSALONICENSES.

1718 4521 1777 4582 Ῑ)
1801 4514 1926 4589 (ld.,
1950 4514 2040 4571 lib.
2081 4512 2227 4571 Sent.
2252 4513 2522 4587 Prosperi,
2556 4527 2687 4574 tom.
2720 4517 2785 4585 X,
2811 4527 2953 4589 part.
2985 4535 3047 4587 ιι,
3077 4520 3180 4577 col.
3206 4519 3394 4595 1872.)

2433 4627 2662 4685 CAPUT
2698 4628 2761 4684 ll.

1876 4717 2019 4773 Nam
2044 4729 2092 4774 et
2112 4722 2213 4791 ipsi
2242 4722 2404 4787 scitis,
2427 4732 2548 4785 etc.,
2581 4736 2751 4793 usque
2790 4722 2857 4778 ad
2903 4723 3099 4779 Christi
3144 4726 3391 4797 apostoli.

1802 4807 1950 4877 Quas
1985 4810 2133 4866 vires
2179 4813 2405 4868 nocendi
2448 4812 2647 4868 habeat
2687 4812 2936 4870 humanae
2983 4814 3168 4886 gloria:
3214 4831 3390 4885 amor,

1802 4911 1934 4969 etc.,
1967 4920 2129 4974 usque
2177 4904 2246 4957 ad
2295 4920 2419 4959 cum
2449 4903 2694 4961 oﬁ‘ertur.
2740 4904 2862 4976 (ld.,
2891 4905 3043 4972 ibid.,
3072 4906 3176 4963 col.
3207 4908 3391 4982 1877.)

1879 4995 1985 5053 Sed
2015 4997 2145 5066 facti
2173 5014 2353 5051 sumus
2382 4997 2610 5067 parvuli,
2641 5008 2763 5065 etc.,
2795 5014 2967 5069 usque
2994 5000 3062 5055 ad
3102 5018 3314 5073 regnum
3338 5014 3391 5060 et
3425 5010 3437 5023 '

1806 5089 2049 5161 gloriam.
2073 5088 2188 5145 Non
2204 5091 2385 5148 nutrix
2410 5090 2654 5146 nutriens
2678 5090 2835 5157 ﬁlios,
2872 5093 2970 5149 sed
2993 5096 3173 5149 nutrix
3203 5095 3391 5154 fovens

1809 5190 1867 5236 ut
1895 5180 2199 5247 ﬁlios,etc.,
2225 5197 2385 5252 usque
2411 5181 2481 5233 ad
2532 5190 2590 5235 ut
2644 5182 2840 5237 iterum
2889 5187 3203 5255 parturiret.
3256 5189 3383 5260 (ld.,

1809 5281 1964 5326 tract.
2014 5273 2067 5325 in
2105 5272 2240 5343 psal.
2272 5288 2421 5337 xux,
2453 5271 2843 5345 tom.lV,part.
2876 5291 2916 5343 ι,
2948 5277 3050 5334 col.
3086 5278 3235 5351 582.)

1880 5366 1947 5419 Et
1976 5376 2149 5421 mater
2166 5366 2450 5435 parvulum
2480 5378 2625 5422 amat
2660 5371 2891 5437 nutrire,
2940 5382 3071 5439 etc.,
3119 5391 3281 5445 usque
3320 5377 3391 5432 ad

1805 5470 1861 5515 at
1901 5460 2238 5517 laudabimus
2296 5478 2443 5517 eum.
2493 5463 2615 5535 (ld.,
2659 5482 2818 5522 serm.
2868 5467 2932 5522 de
2974 5468 3109 5523 verb.
3156 5469 3390 5543 Evang.,

1808 5562 1937 5607 tom.
1966 5552 2031 5617 V,
2066 5560 2207 5623 part.
2230 5570 2269 5619 ι,
2300 5554 2403 5608 col.
2442 5554 2545 5610 156
2571 5565 2627 5611 et
2653 5559 2795 5627 seq.)

1878 5642 2064 5698 Scalas
2106 5644 2452 5702 vitlitdacob
2500 5663 2598 5718 per
2638 5650 2930 5716 somnium,
2978 5660 3033 5706 ct
3068 5650 3198 5721 ipsis
3228 5651 3389 5706 scalis

1806 5736 2179 5805 ascendentes,
2196 5747 2324 5807 etc.,
2354 5757 2517 5811 usque
2537 5743 2605 5799 ad
2627 5743 2959 5800 descendunt
2984 5742 3387 5815 praedicatione.

2877 5836 2950 5897 13
