3902 6300
117 255 250 321 ξ’θῖ

963 252 1335 311 exposmo
1363 252 1432 309 11v
1472 253 1625 310 EPP.
1667 250 1892 309 PAULI.
1930 283 2001 295 —
2038 251 2144 310 EP.
2184 232 2341 311 ιἈι)
2381 252 2522 311 mi.

634 538 740 665 ΙΝ
822 534 1413 615 EPISTOLAM
1494 536 1570 613 II
1658 537 1787 613 AD
1865 537 2928 620 TIIESSALONICENSES.

679 815 1190 877 ARGUMENTUM.

211 941 298 997 Ad
335 935 848 994 Thessalonicenses
887 934 1175 991 secundam
1226 932 1414 991 scribit
1447 933 1740 1005 Epistulam

130 1029 465 1101 Apostolus:
500 1035 556 1083 et
580 1036 764 1083 notum
790 1025 922 1081 facit
958 1024 1039 1085 eis
1081 1025 1149 1079 de
1177 1024 1529 1095 temporibus
1558 1025 1742 1080 novis-

132 1128 323 1191 simis,
352 1134 406 1181 et
428 1125 497 1180 de
527 1121 826 1179 adversarii
856 1119 1179 1191 dejectione.
1217 1116 1419 1174 Scribit
1442 1119 1585 1173 banc
1611 1117 1739 1188 Epi-

134 1219 342 1276 stolam
366 1217 433 1272 ab
454 1214 682 1271 Athenis
701 1228 799 1285 per
813 1211 996 1267 Titum
1012 1210 1318 1277 diaconem,
1345 1218 1401 1265 et
1420 1208 1741 1267 Onesimum

134 1311 303 1384 acoly
313 1321 447 1369 tum.
1070 1350 1073 1355 ›

662 1420 892 1478 CAPUT
931 1418 1228 1477 PRIMUM.

219 1536 423 1593 Paulus
476 1546 525 1592 et
555 1534 817 1606 Sylvanus
864 1542 913 1588 et
949 1531 1274 1598 Timotheus,
1318 1542 1438 1596 etc.,
1470 1547 1644 1603 usque
1673 1532 1744 1589 ad

137 1630 378 1685 eharitas
430 1625 844 1698 uniuscujusque
908 1635 1135 1680 vestrum
1208 1623 1264 1679 in
1320 1624 1558 1679 invicem.
1630 1625 1744 1681 Hoc

143 1721 308 1787 dixit,
335 1737 403 1776 ne
426 1719 565 1787 forte
602 1720 669 1775 de
698 1729 850 1776 tanto
878 1719 1044 1785 bono,
1074 1728 1206 1785 etc.,
1237 1736 1400 1791 usque
1440 1720 1510 1775 ad
1541 1721 1744 1776 habea-

139 1814 217 1869 tis
275 1827 340 1867 ex
392 1811 564 1867 vobis.
598 1810 719 1884 (ld.,
765 1810 856 1866 lib.
879 1811 945 1866 de
972 1810 1123 1867 Crat.
1150 1821 1200 1865 et
1221 1811 1313 1866 lib.
1340 1811 1480 1879 arb.,
1510 1821 1639 1868 tom.
1672 1811 1740 1882 X,

136 1916 291 1977 part.
323 1918 363 1968 ι,
402 1902 505 1958 col.
536 1901 685 1975 904.)
1540 1908 1545 1913 ‘

220 1994 306 2049 Ita
331 2004 384 2047 ut
408 2004 453 2047 et
486 2010 580 2048 nos
608 1993 729 2061 ipsi,
758 2003 886 2073 etc.,
917 2008 1089 2066 usque
1112 1994 1176 2049 ad
1207 1995 1433 2066 requiem
1452 1996 1740 2051 nobiscum.

1768 825 1811 885 Α
1843 838 1983 876 rum.
2039 820 2173 893 (ld.,
2212 822 2304 876 lib.
2358 838 2428 876 xx
2469 822 2534 877 de
2592 820 2749 877 Civit.
2793 821 2937 887 Dei.,
2985 829 3116 877 tom.
3167 820 3277 889 VII,
3322 821 3430 885 col.

1846 911 1950 968 685
1977 922 2032 968 et
2058 913 2200 983 seq.)

1917 1002 2042 1059 Non
2067 1005 2324 1072 retinetis,
2348 1013 2471 1070 etc.,
2495 1019 2668 1074 usque
2696 1005 2763 1059 ad
2791 1004 3148 1062 illustrations
3175 1006 3434 1066 aduentus

1842 1096 1947 1150 sui.
2004 1096 2131 1151 Hmc
2161 1096 2321 1151 verba
2350 1095 2644 1168 apostolica
2676 1094 2752 1151 ita
2782 1111 2912 1151 sane
2941 1098 3172 1154 obscura
3200 1108 3346 1165 sunt,
3373 1106 3434 1156 et

1843 1188 2072 1261 mystice
2098 1190 2265 1255 dicta,
2318 1199 2448 1255 etc.,
2503 1206 2667 1261 usque
2696 1190 2764 1244 ad
2812 1190 2901 1245 liic
2947 1191 3169 1247 omnino
3199 1200 3431 1250 tacetur.

1842 1278 1968 1350 (ld.,
1994 1282 2143 1351 epist.
2177 1280 2247 1334 ad
2283 1279 2515 1352 Hesych.
2548 1281 2705 1351 episc.
2737 1289 2868 1335 tom.
2895 1280 2959 1346 ll,
2988 1282 3091 1337 col.
3122 1282 3272 1354 908.)

1914 1370 1995 1425 Eo
2035 1372 2175 1444 quod
2205 1373 2539 1437 charitatem,
2568 1381 2691 1436 etc.,
2740 1386 2912 1442 usque
2942 1373 3008 1426 ad
3039 1375 3093 1427 in
3116 1374 3259 1429 omni
3287 1391 3439 1446 opere

1843 1470 1893 1517 et
1913 1478 2152 1518 sermone
2182 1462 2335 1517 bono.
2368 1460 2540 1517 Judaei
2569 1478 2691 1517 cum
2722 1471 2915 1534 putant
2941 1464 3008 1519 ad
3030 1479 3186 1520 suum
3210 1480 3438 1538 regnum

1844 1552 2112 1608 visibilem
2156 1553 2315 1607 istam
2361 1554 2643 1623 pertinere
2692 1556 3057 1625 prophetiam,
3114 1564 3241 1621 etc.,
3278 1573 3440 1629 usque

1844 1642 1914 1697 ad
1944 1652 2132 1699 etnon
2166 1651 2278 1698 tota
2324 1660 2456 1715 gens
2496 1653 2702 1714 pereat.
2754 1645 2877 1717 (ld.,
2907 1657 3062 1702 tract.
3092 1648 3148 1701 in
3179 1647 3316 1719 psal.
3345 1662 3433 1714 ev,

1849 1744 1980 1792 tom.
2012 1735 2100 1803 IV,
2132 1744 2273 1807 part.
2307 1753 2366 1803 ιι,
2399 1736 2503 1792 col.
2538 1738 2722 1809 HIS.)

1917 1829 2035 1883 Erit
2073 1829 2217 1884 enim
2259 1838 2386 1885 tunc
2414 1831 2691 1885 tribulatio
2718 1846 2935 1901 magna,
2978 1832 3154 1902 qualis
3194 1849 3302 1888 non
3335 1833 3437 1889 fuit

1846 1922 1915 1977 ab
1956 1922 2114 1977 initio
2162 1923 2347 1978 mundi
2378 1938 2553 1994 neque
2608 1924 2731 1989 flet,
2771 1935 2903 1990 etc.,
2951 1942 3113 1997 usque
3156 1928 3227 1980 ad
3258 1929 3437 1998 potius

1847 2030 2008 2085 quam
2036 2030 2315 2086 passurus.
2345 2015 2468 2088 (ld.,
2498 2017 2648 2088 epist.
2675 2017 2745 2071 ad
2776 2016 3001 2088 Ilesych.
3027 2020 3186 2090 episc.
3217 2029 3346 2077 tom.
3373 2020 3437 2087 II,
3530 2008 3535 2013 ’

140 2086 439 2169 Pressuras
497 2086 1016 2158 persecutionesque
1079 2084 1377 2155 justorum,
1413 2096 1542 2152 etc.,
1584 2103 1748 2159 usque
1849 2084 2127 2179 ($01,913,)

142 2176 218 2231 ad
266 2156 651 2249 perficiendam
710 2156 1108 2248 purgationem.
1166 2175 1288 2248 (ld.,
1321 2186 1474 2231 tract.
1511 2177 1578 2233 15
1621 2156 1747 2233 con-
1774 2189 1823 2250 Β

139 2283 229 2329 tra
254 2268 466 2335 Faust.,
497 2279 628 2326 tom.
656 2268 792 2335 Vlll,
826 2270 928 2325 col.
962 2271 1063 2326 291
1097 2281 1151 2327 et
1174 2270 1316 2344 seq.)

215 2362 286 2418 In
310 2361 649 2430 reuelatione,
692 2373 816 2427 etc.,
858 2379 1029 2435 usque
1068 2365 1134 2418 ad
1161 2366 1251 2436 qui
1292 2365 1651 2422 crediderunt.
1681 2366 1743 2425 Si

138 2452 297 2527 pejor
311 2464 394 2510 est
422 2453 661 2508 conditio
681 2453 1039 2509 nescientium
1056 2470 1219 2525 quam
1237 2456 1522 2511 scientium
1547 2456 1738 2527 legem,

140 2554 277 2609 etc.,
310 2561 470 2617 usque
490 2544 559 2598 ad
596 2543 687 2616 qui
715 2544 966 2617 ignorant
989 2544 1177 2599 Deum.
1213 2543 1332 2617 (ld.,
1372 2544 1463 2599 lib.
1498 2546 1561 2599 de
1588 2545 1739 2601 Crat.

137 2646 193 2693 et
219 2635 311 2691 lib.
337 2636 451 2690 arb.
483 2645 613 2694 tom.
645 2635 718 2704 X,
750 2646 892 2707 part.
928 2652 968 2703 ι,
999 2636 1102 2691 col.
1126 2636 1231 2691 884
1259 2646 1313 2691 et
1346 2637 1491 2707 seq.)

218 2727 357 2795 Quia
379 2728 634 2784 creditum
655 2739 752 2794 est,
780 2737 903 2794 etc.,
922 2744 1093 2799 usque
1116 2730 1183 2785 ad
1205 2728 1419 2783 Domini
1438 2727 1565 2783 Iesu
1589 2730 1743 2785 Chri-

139 2821 236 2876 sti.
281 2819 437 2877 Salus
483 2820 759 2891 religionis
804 2818 965 2890 hujus
1010 2837 1108 2891 per
1136 2836 1298 2892 quam
1350 2819 1519 2874 solam
1557 2835 1740 2876 veram

142 2915 297 2987 salus
325 2929 472 2980 vera,
497 2914 873 2984 veraciterque
917 2907 1445 2985 prouuittitur,’etc.,
1481 2930 1641 2986 usque
1670 2914 1739 2968 ad

142 3010 430 3066 vocatione
473 3025 571 3067 sua
610 3022 819 3065 sancta.
853 3010 984 3082 (ld.,
1022 3008 1113 3063 lib.
1158 3026 1198 3065 ιι
1236 3007 1494 3076 Retract.,
1520 3017 1649 3069 tom.
1680 2992 1737 3078 I,

138 3101 253 3159 col.
282 3101 430 3173 645.)

778 3236 1005 3293 CAPUT
1042 3236 1104 3293 Il.

219 3325 494 3400 Rogamus
520 3339 696 3384 autem
730 3346 840 3394 vos,
874 3332 1084 3401 fratres,
1115 3340 1239 3397 etc.,
1282 3345 1453 3401 usque
1483 3331 1550 3386 ad
1578 3331 1739 3386 sedu-

141 3432 233 3478 θαι
258 3420 367 3476 ullo
398 3422 571 3477 modo.
603 3423 831 3490 Quando
869 3426 1103 3490 dicebat,
1131 3424 1247 3479 Non
1272 3426 1381 3480 cito
1412 3424 1738 3481 moveamini

2476 2198 2702 2256 CAPUT
2741 2200 2827 2255 III.

1918 2311 1996 2366 De
2024 2319 2235 2378 cwtero,
2283 2313 2499 2383 fratres,
2550 2320 2675 2377 etc.,
2726 2326 2899 2383 usque
2928 2313 2994 2369 ad
3026 2313 3180 2369 malis
3209 2315 3440 2371 homini-

1847 2403 1961 2459 bus.
2014 2403 2265 2475 Nunquid
2294 2414 2573 2479 postremo
2620 2405 2919 2477 apostolum
2958 2405 3179 2462 Paulum
3211 2424 3309 2478 pro
3338 2407 3435 2463 Ju-

1846 2497 1976 2552 dzeis
2022 2497 2348 2563 inﬁdelibus,
2394 2506 2523 2564 etc.,
2571 2516 2734 2569 usque
2779 2499 2849 2552 ad
2877 2500 3118 2571 prtecipit
3159 2510 3219 2557 ut.
3250 2500 3435 2558 faciat.

1846 2587 1981 2660 (ld.,
2013 2589 2165 2661 epist.
2195 2591 2264 2644 ad
2297 2588 2484 2655 Vital.,
2520 2598 2647 2645 tom.
2677 2589 2737 2654 II,
2773 2592 2875 2646 col.
2903 2591 3052 2664 988.)

1918 2681 2042 2735 Non
2088 2683 2226 2736 enim
2274 2683 2528 2746 omnium,
2580 2694 2705 2749 etc.,
2755 2700 2927 2754 usque
2970 2684 3035 2737 ad
3072 2684 3274 2739 imitari
3320 2704 3437 2745 nos.

1842 2771 2008 2828 Posse
2034 2774 2233 2828 habere
2262 2772 2443 2839 lidcm,
2464 2782 2591 2838 etc.,
2624 2791 2784 2845 usque
2809 2774 2878 2828 ad
2893 2791 2997 2845 qua
3022 2772 3170 2843 juste
3192 2773 3426 2844 judicat.

1844 2864 1967 2939 (ld.,
1992 2864 2083 2919 lib.
2115 2865 2263 2943 Sent.
2300 2864 2568 2935 Prosper.,
2600 2876 2726 2922 tom.
2756 2866 2824 2933 Χ,
2857 2877 2997 2938 part.
3027 2884 3093 2934 ιι,
3120 2868 3225 2923 col.
3250 2867 3435 2940 1887.)

1916 2958 2180 3025 Quoniam
2206 2976 2309 3014 non
2332 2961 2385 3013 in
2406 2960 2594 3030 quiete,
2617 2969 2740 3027 etc.,
2767 2974 2936 3030 usque
2956 2960 3021 3013 ad
3049 2977 3238 3030 panem
3279 2978 3437 3015 man-

1842 3049 2054 3105 ducent.
2086 3049 2226 3114 Non,
2256 3051 2530 3121 inquiunt,
2548 3050 2613 3105 de
2642 3052 2742 3107 hoc
2777 3066 2939 3121 Opere
2966 3052 3258 3123 corporali,
3299 3061 3433 3119 etc.,

1841 3158 2004 3214 usque
2024 3142 2093 3196 ad
2116 3143 2384 3213 praeconio
2412 3142 2597 3199 facere
2616 3141 2894 3212 jnbentur.
2928 3143 3046 3218 (ld.,
3075 3144 3166 3200 lib.
3184 3145 3248 3202 de
3273 3145 3431 3217 Oper.

1841 3233 2106 3297 monach.,
2137 3241 2266 3288 tom.
2300 3232 2387 3300 Vl,
2419 3234 2522 3289 col.
2556 3233 2660 3289 519
2690 3244 2745 3289 et
2771 3236 2911 3305 seq.)
3082 3306 3089 3315 _

1919 3325 2025 3381 Vos
2059 3337 2253 3392 autem,
2288 3327 2501 3397 fratres,
2552 3327 2712 3382 nolite
2757 3329 2980 3397 deﬁcere
3030 3328 3433 3399 benefacientes.

1841 3417 2071 3489 Propter
2115 3420 2470 3477 necessitates
2518 3429 2855 3488 sanctorum,
2900 3431 3031 3489 etc.,
3065 3438 3228 3493 usque
3266 3422 3336 3479 ad
3365 3438 3435 3479 ne

144 3522 353 3576 mente,
379 3519 510 3577 etc.,
535 3514 789 3583 usquead
819 3512 978 3581 hujus
998 3515 1114 3570 dies
1142 3515 1384 3570 ultimus.
1416 3514 1549 3585 (ld.,
1585 3515 1734 3584 epist.
1767 3552 1813 3615 C
1844 3510 1953 3567 sint
1979 3510 2325 3567 infructuosi.
2359 3511 2484 3584 (ld.,
2514 3511 2670 3579 ibid.,
2696 3510 2800 3569 col.
2832 3512 2981 3584 561.)

142 3604 219 3657 ad
244 3601 469 3673 Πειθώ.
486 3605 646 3675 epise.
662 3605 726 3659 de
747 3605 850 3673 ﬁne
872 3622 992 3660 stuc.
1006 3647 1020 3672 ,
1040 3615 1168 3661 tom.
1187 3607 1254 3671 ll,
1272 3607 1377 3662 col.
1396 3605 1501 3662 905
1521 3615 1576 3663 et
1595 3605 1737 3676 seq.)

220 3694 533 3766 Diligentius
558 3712 689 3769 ergo
717 3705 802 3752 est
825 3706 882 3753 et
905 3700 1304 3768 exspectandus
1328 3699 1563 3760 Domini,
1599 3700 1742 3754 sicut

144 3797 342 3844 sancte
386 3788 713 3854 exhortaris,
748 3790 1033 3856 adventus,
1077 3800 1207 3857 etc.,
1253 3808 1416 3863 usque
1453 3792 1523 3847 ad
1553 3791 1742 3863 utique

144 3896 263 3937 non
295 3879 566 3936 credebat.
598 3881 616 3950 (
645 3880 747 3945 ld.,
779 3882 933 3947 ibid.,
968 3881 1071 3937 col.
1104 3882 1208 3938 909
1232 3890 1288 3938 et
1317 3881 1459 3954 seq.)

222 3972 489 4039 Quoniam
512 3974 615 4028 nisi
643 3975 865 4041 uenerit,
888 3984 1015 4041 etc.,
1045 3990 1218 4046 usque
1239 3976 1308 4031 ad
1337 3975 1636 4047 iniquitatis
1656 3975 1739 4031 his

140 4066 240 4138 qui
270 4076 503 4136 pereunt.
537 4066 811 4138 Rogamus
852 4083 969 4134 vos,
1018 4068 1210 4139 inquit,
1260 4066 1477 4135 fratres,
1518 4083 1617 4139 per
1645 4067 1741 4124 ad-

140 4166 377 4214 ventum
417 4157 653 4225 Domiui,
690 4168 825 4226 etc.,
853 4176 1016 4231 usque
1039 4160 1108 4215 ad
1140 4159 1442 4230 justissime
1465 4160 1741 4231 judicatu-

1919 3605 2143 3671 Quodsi
2169 3607 2307 3677 quis,
2340 3615 2461 3668 etc.,
2511 3621 2682 3676 usque
2721 3608 2789 3660 ad
2837 3623 2953 3660 cum
3001 3606 3237 3660 omnibus
3267 3606 3431 3662 vobis.

1844 3698 2029 3755 Amen.
2080 3697 2379 3770 Diligarnus
2418 3698 2690 3762 inimicos,
2739 3698 3122 3768 corripiamus,
3166 3709 3295 3763 etc.,
3339 3714 3434 3753 us-

1843 3808 1943 3861 que
2005 3792 2074 3845 ad
2123 3807 2229 3847 non
2277 3792 2526 3862 przecidit
2570 3792 2932 3847 dilectionem.
2989 3790 3137 3860 (ld.,
3193 3800 3344 3845 tract.
3381 3790 3438 3846 in

1842 3881 2035 3953 psalm.
2068 3897 2180 3946 uv,
2214 3890 2347 3937 tom.
2379 3880 2470 3947 IV,
2503 3890 2643 3953 part.
2683 3897 2721 3947 1,
2754 3880 2858 3936 col.
2891 3879 3042 3950 655.)

1919 3972 2166 4043 Superbo
2201 3973 2359 4029 oculo
2388 3983 2446 4029 et
2476 3973 2772 4029 insatiabili
2799 3972 2962 4028 corde
2995 3973 3117 4027 huic
3143 3987 3438 4029 convesce-

1849 4069 1970 4135 bar,
2002 4079 2132 4129 etc.,
2152 4084 2315 4136 usque
2340 4067 2409 4122 ad
2437 4067 2537 4139 ipsi
2562 4068 2969 4124 saturabuntur.
3019 4066 3140 4138 (ld.,
3169 4068 3223 4121 in
3245 4067 3435 4139 psalm.

1848 4176 1899 4226 ο,
1926 4158 2029 4216 col.
2059 4159 2246 4229 1290.)

148 4276 3435 4319 ——-————————————-——————-————-—-——-——————-————————1——-—-—-‘.

905 4436 1011 4514 IN
1075 4434 1658 4514 EPISTOLAM
1721 4434 1756 4512 Ι
1818 4436 1950 4514 AD
2009 4432 2676 4515 TIMOTHEUM.

699 4715 1211 4777 ABGUMENTUM.

216 4828 569 4888 Timotheum
602 4827 838 4893 instruit,
886 4836 941 4884 et
971 4828 1129 4883 docet
1156 4828 1224 4883 de
1249 4827 1597 4884 ordinatione
1620 4829 1740 4899 epi-

136 4928 431 4991 scopatus,
451 4928 508 4975 et
528 4918 787 4984 diaeonii,
815 4926 871 4973 et
890 4918 1068 4974 omnis
1094 4917 1482 4973 ecclesiasticae
1504 4919 1743 4988 discipli-

142 5029 264 5079 nas,
296 5011 541 5067 scribens
568 5024 600 5064 a
632 5008 885 5064 Laodicia
914 5023 1012 5080 per
1040 5006 1374 5079 Tbycbicum
1404 5008 1708 5063 diaconcm.

653 5147 879 5205 CAPUT
917 5144 1207 5204 PRIMUM.

221 5260 435 5319 Paulus
464 5260 743 5332 Apostolus
771 5259 898 5315 Jesu
935 5260 1152 5325 Christi,
1181 5268 1302 5326 etc.,
1331 5274 1500 5330 usque
1532 5259 1595 5315 ad
1627 5276 1744 5332 qua:

139 5369 225 5415 est
249 5358 305 5411 in
327 5357 451 5427 ﬁde.
480 5357 632 5425 Quod
654 5356 753 5410 iste
782 5354 1058 5426 profanas,
1083 5364 1139 5411 et
1163 5355 1335 5410 aniles
1358 5355 1589 5423 fabulas,
1612 5364 1741 5423 etc.,

141 5469 321 5524 usque
348 5452 417 5506 ad
448 5450 748 5507 catholicus
774 5449 945 5505 lector
976 5447 1247 5519 intelligit.
1282 5449 1380 5518 (Id.
1403 5489 1418 5514 ,
1446 5449 1536 5502 lib.
1572 5459 1740 5504 contr.

140 5546 275 5603 init.
301 5544 403 5615 leg.
430 5555 477 5600 et
501 5546 689 5617 proph.
723 5553 851 5599 tom.
886 5541 1017 5605 Vlll,
1051 5542 1152 5598 col.
1183 5542 1284 5598 657
1309 5552 1363 5597 et
1391 5543 1531 5615 seq.)

229 5636 385 5692 Finis
414 5649 586 5693 autent
614 5638 878 5707 prwcepti,
899 5647 1024 5697 etc.,
1052 5651 1220 5704 usque
1246 5636 1310 5689 ad
1340 5637 1443 5704 [ide
1466 5654 1567 5691 non
1593 5637 1737 5705 ﬁcta.

142 5730 475 5792 Divinarum
510 5729 915 5801 Scripturarum
949 5728 1298 5798 multiplicem
1330 5727 1737 5795 abumlantiani,

1734 4712 1749 4731 ⁸
1773 4722 1827 4783 D
1852 4728 1985 4784 etc.,
2017 4736 2179 4791 usque
2209 4720 2277 4774 ad
2310 4730 2456 4776 tenet
2483 4722 2535 4776 in
2560 4721 2818 4779 moribus.
2846 4720 2971 4791 (ld.,
3003 4736 3158 4776 serm.
3191 4720 3255 4775 de
3280 4720 3441 4780 laude

1848 4812 2145 4876 charitatis,
2174 4823 2301 4867 tom.
2332 4811 2397 4876 V,
2429 4823 2568 4882 part.
2602 4828 2664 4876 ιι,
2696 4812 2799 4867 col.
2834 4809 3017 4883 1555.)

1924 4944 2141 5017 Diliges,
2188 4945 2382 5015 inquit,
2440 4944 2725 5000 Dominum
2785 4942 2952 4999 Deum
3003 4954 3152 4998 tuum
3212 4960 3277 4999 ex
3324 4954 3440 5001 toto

1850 5036 2013 5092 corde
2049 5047 2159 5102 tuo,
2191 5047 2324 5103 etc.,
2354 5053 2515 5108 usque
2563 5036 2633 5089 ad
2665 5036 2896 5107 quadam
2930 5040 3075 5091 sorte
3114 5036 3436 5108 junguntur.

1853 5126 1977 5197 (ld.,
2009 5127 2097 5182 lib.
2134 5128 2199 5182 de
2223 5127 2408 5183 Doctr.
2443 5127 2644 5182 Christ.
2694 5127 2887 5199 primo,
2938 5136 3069 5183 tom.
3100 5128 3183 5195 III,
3221 5138 3362 5199 part.
3393 5145 3435 5195 ι,

1850 5219 1956 5273 col.
1976 5220 2047 5275 29
2075 5231 2130 5276 et
2156 5220 2298 5293 seq.)

1921 5332 2173 5388 Omnium
2221 5333 2387 5405 igitur
2434 5334 2550 5392 haec
2592 5350 2803 5390 summa
2855 5344 2960 5402 est,
2994 5345 3053 5391 ut
3104 5335 3439 5409 intelligatur

1846 5424 2015 5497 legis,
2073 5437 2126 5481 et
2185 5427 2429 5481 omnium
2490 5427 2797 5483 divinarum
2862 5427 3265 5499 Scripturarum
3324 5428 3437 5499 ple-

1824 5518 2051 5583 ‘nitudo,
2107 5528 2237 5585 etc.,
2288 5537 2447 5593 usque
2476 5520 2545 5575 ad
2592 5531 2649 5576 ut
2686 5520 2924 5592 perlecta
2972 5523 3062 5577 sit.
3100 5521 3225 5595 (ld.,
3276 5520 3432 5589 ibid.,

1845 5610 1948 5663 col.
1984 5610 2096 5681 '56.)

1919 5728 2109 5783 Omnia
2147 5730 2305 5804 igitur
2337 5740 2604 5805 praecepta
2637 5732 2816 5789 divina
2860 5730 3166 5807 referuntur
3197 5728 3262 5784 ad
3299 5728 3435 5789 Cita-
