3902 6300
589 315 696 372 599

587 444 827 500 ntalem,
852 442 958 497 etc,
991 448 1148 502 usque
1191 429 1258 483 ad
1299 433 1515 498 superet
1557 423 1698 478 nulla
1738 421 1862 476 erit.
1914 419 2035 490 (Id.,
2069 417 2160 472 lib.

589 525 833 590 Enchir.,
864 533 994 579 tom.
1037 522 1126 586 Vl,
1161 520 1263 576 col.
1285 519 1390 574 288
1417 524 1472 571 et
1498 514 1637 584 seq.)

663 617 874 679 Amate,
927 615 1020 670 sed
1061 613 1188 684 quid
1225 610 1418 664 amatis
1463 607 1662 671 videte,
1716 613 1848 669 etc.,
1901 619 2061 673 usque
2093 601 2160 654 ad

589 711 644 762 et
683 706 785 760 ﬁde
817 721 920 759 non
939 704 1080 758 ﬁcta.
1106 702 1227 772 (Id.,
1256 708 1409 753 tract.
1433 699 1487 752 in
1507 695 1694 768 psalm.
1721 710 1874 759 χχιιι,
1902 701 2036 747 ῑοιιι.
2066 690 2158 757 IV,

587 809 730 874 part.
756 814 794 862 1,
831 797 934 851 col.
965 794 1114 858 260.)

659 888 926 960 Quidquid
949 902 1077 957 ergo
1114 885 1402 940 salubriter
1449 889 1628 938 mente
1659 879 1984 949 concipitur,
2027 887 2158 942 etc.,

589 998 752 1053 usque
779 983 846 1035 ad
869 982 1092 1051 laqueus
1110 979 1214 1034 erit
1234 977 1434 1032 dilecti.
1462 977 1586 1048 (Id.,
1615 985 1767 1030 tract.
1789 976 1844 1029 in
1872 973 2004 1044 psal.
2034 989 2158 1038 CXL,

592 1085 720 1128 tam.
754 1073 842 1136 IV,
874 1080 1014 1141 part.
1046 1087 1108 1135 11,
1135 1070 1238 1125 col.
1270 1068 1454 1140 1816.)

657 1161 790 1217 Cum
804 1161 946 1216 enim
971 1161 1176 1216 diceret
1197 1159 1458 1224 charitas,
1491 1157 1696 1212 addidit
1719 1157 1784 1212 de
1812 1153 1974 1211 corde
2000 1169 2159 1225 puro,

587 1261 714 1316 etc.,
758 1269 918 1320 usque
957 1251 1026 1304 ad
1061 1266 1184 1320 spes
1215 1243 1397 1305 nostra
1449 1248 1680 1302 fallatur.
1739 1247 1863 1318 (Id.,
1921 1244 2011 1299 lib.
2046 1260 2062 1299 1
2098 1244 2162 1299 de

589 1343 738 1398 Doct.
768 1341 987 1414 Christ.,
1013 1351 1143 1397 tom.
1172 1342 1258 1408 111,
1287 1350 1427 1414 part.
1457 1357 1493 1404 1,
1532 1341 1636 1395 col.
1667 1339 1780 1410 56.)
2061 1331 2074 1340 “

656 1436 700 1488 Α
721 1437 906 1506 quibus
919 1436 1152 1506 quidam,
1177 1443 1302 1500 etc.,
1320 1449 1488 1503 usque
1504 1435 1569 1487 ad
1591 1433 1655 1486 de
1677 1432 1861 1503 quibus
1877 1433 2158 1501 aﬂirmant.

587 1525 726 1594 Quid
739 1526 884 1580 enim
901 1525 1177 1590 molestiae,
1196 1524 1534 1593 tristitiaeque
1553 1522 1796 1592 ingerant
1808 1521 2164 1591 prudentibus

587 1618 848 1674 fratribus
875 1617 1171 1682 temerarii,
1198 1624 1330 1680 etc.,
1362 1630 1520 1684 usque
1539 1614 1608 1667 ad
1639 1613 1708 1666 ad
1747 1627 1928 1668 escam
1966 1626 2162 1682 perve-

589 1710 758 1765 niant.
791 1709 914 1782 (Id.,
938 1707 1028 1764 lib.
1068 1708 1132 1762 de
1172 1705 1301 1762 Gen.
1327 1706 1396 1760 ad
1452 1704 1582 1771 litt.,
1630 1713 1760 1760 tom.
1810 1703 1895 1770 111,
1946 1709 2087 1774 part.
2116 1717 2158 1768 1,

589 1801 692 1880 col.
721 1799 822 1854 261
854 1808 908 1854 et
940 1799 1082 1871 seq.)

661 1892 870 1948 Scimus
891 1901 1065 1946 autem
1097 1892 1221 1962 quia
1247 1890 1383 1944 bona
1404 1899 1477 1944 est
1504 1888 1606 1955 lex,
1641 1888 1687 1942 si
1711 1889 1826 1959 quis
1853 1904 1914 1941 ea
1938 1885 2164 1956 legitime

593 1992 796 2038 utatur.
829 1979 983 2038 Justo
1027 1981 1170 2036 enim
1201 1996 1306 2035 non
1337 1989 1420 2034 est
1447 1980 1532 2034 lex
1574 1979 1749 2050 posita
1779 1996 1793 2032 :
1832 1992 1952 2048 quae
1981 1986 2164 2031 tamen

590 2073 732 2128 bona
779 2081 864 2126 est
892 2113 908 2137 ,
949 2088 1110 2142 usque
1154 2071 1224 2125 ad
1273 2070 1377 2125 nisi
1426 2070 1607 2125 divina
1650 2069 1823 2141 gratia
1866 2064 2160 2122 subveniri.

594 2162 721 2230 (Id.,
750 2162 842 2218 lib.
875 2163 940 2217 de
967 2161 1112 2234 Spir.
1136 2172 1183 2217 et
1211 2162 1338 2226 litt.,
1367 2170 1497 2216 tom.
1522 2159 1590 2228 Χ,
1619 2169 1760 2231 part.
1786 2175 1828 2226 1,
1855 2157 1960 2214 col.
1986 2154 2092 2212 209
2110 2163 2167 2212 et

587 2257 731 2327 εθίιο)

575 2391 588 2408 ,
662 2347 808 2401 Bona
869 2355 953 2402 cst
1001 2345 1090 2402 lex
1137 2345 1212 2401 illi
1252 2345 1344 2416 qui
1392 2360 1454 2400 ea
1504 2344 1740 2414 legitime
1793 2344 1984 2408 utitur,
2033 2348 2165 2414 etc.,

589 2456 751 2510 usque
779 2440 848 2493 ad
891 2448 1116 2494 sanante
1143 2454 1240 2509 per
1258 2437 1508 2510 gratiam.
1535 2436 1658 2510 (Id.,
1683 2435 1834 2507 epist.
1859 2433 1926 2487 ad
1955 2433 2164 2498 Anast.,

591 2537 720 2583 tom.
753 2529 819 2594 11,
841 2529 945 2584 col.
971 2529 1076 2585 593
1100 2538 1156 2584 et
1179 2529 1320 2599 seq.)

662 2621 893 2678 Scientes
910 2623 1026 2686 hoc,
1051 2631 1176 2688 etc.,
1197 2621 1446 2691 usquead
1469 2619 1609 2692 quod
1630 2619 1883 2674 creditum
1912 2627 1984 2671 est
2015 2616 2164 2670 mihi.

590 2713 701 2769 Deo
736 2713 868 2768 vivit
891 2714 981 2782 qui
1013 2713 1111 2766 sub
1151 2712 1260 2767 Deo
1298 2719 1402 2777 est,
1429 2709 1535 2779 legi
1571 2718 1769 2774 autem,
1802 2707 1893 2778 qni
1923 2707 2022 2761 sub
2052 2706 2170 2777 lege

591 2811 692 2859 est.
725 2803 836 2858 Sub
858 2803 974 2874 lege
986 2812 1165 2858 autem
1188 2801 1406 2868 vivitur,
1440 2801 1492 2855 in
1517 2809 1778 2870 quantum
1800 2797 2026 2868 quisque
2049 2811 2168 2866 pec-

589 2905 742 2952 cator
768 2904 872 2961 est,
901 2896 954 2950 id
974 2904 1058 2950 est
1081 2895 1133 2950 in
1155 2905 1417 2964 quantum
1445 2908 1474 2947 a
1500 2891 1670 2948 veteri
1692 2889 1910 2948 homine
1939 2903 2045 2944 non
2086 2894 2170 2944 est

591 2998 846 3045 mutatus.
879 2988 984 3043 Sua
1008 2989 1153 3044 enim
1177 2987 1288 3041 vita
1312 2987 1466 3040 vivit.

664 3079 732 3132 Et
767 3079 886 3134 ideo
915 3078 1004 3133 lex
1047 3093 1208 3148 supra
1238 3076 1388 3131 illum
1419 3083 1520 3142 est,
1563 3075 1686 3145 quia
1734 3073 1826 3145 qui
1867 3072 2013 3128 illam
2061 3087 2168 3127 non

591 3169 816 3240 implet,
868 3168 1028 3234 infra,
1099 3177 1229 3230 etc.,
1283 3183 1444 3238 usque
1525 3165 1594 3220 ad
1681 3164 1856 3220 stabili
1931 3162 2241 3253 gaudensc

591 3260 751 3315 bono.
781 3259 902 3331 (Id.,
935 3274 1112 3328 expos.
1158 3256 1328 3328 Epist.
1359 3256 1428 3312 ad
1455 3255 1597 3324 Gal.,
1624 3264 1754 3312 tom.
1796 3255 1882 3321 111,
1915 3262 2054 3325 part.
2103 3269 2164 3321 11,

590 3351 694 3408 col.
721 3350 864 3406 2115
899 3359 954 3405 et
982 3347 1120 3422 seq.)

663 3442 876 3499 Gratias
899 3460 996 3514 ago
1021 3443 1088 3509 ei,
1117 3452 1240 3509 etc.,
1271 3457 1440 3513 usque
1477 3441 1544 3496 ad
1580 3456 1804 3512 quorum
1850 3441 2050 3510 primus
2074 3456 2168 3511 ego

591 3553 726 3591 sum.
761 3535 1051 3607 Apostolus
1090 3534 1290 3590 Paulus
1319 3549 1385 3588 ex
1430 3540 1779 3604 persecutore
1822 3531 2022 3587 Christi
2068 3547 2169 3586 an-

593 3630 869 3686 nnntiator
896 3628 1091 3696 factus,
1119 3636 1251 3695 etc.,
1282 3642 1446 3698 usque
1486 3625 1555 3679 ad
1581 3632 1898 3694 persecutor
1937 3632 1991 3678 et
2025 3623 2168 3694 inju~

591 3725 788 3780 riosus.
814 3723 1116 3795 (Id.,serm.
1146 3723 1209 3778 de
1253 3737 1402 3776 conv.
1455 3717 1640 3786 Paul.,
1683 3727 1813 3774 tom.
1847 3717 1915 3785 Υ,
1958 3725 2100 3787 part.
2126 3731 2164 3783 1,

591 3815 695 3870 col.
730 3815 866 3871 1268
887 3823 942 3869 et
964 3813 1105 3884 seq.)

668 3907 769 3962 Sed
822 3908 938 3962 ideo
986 3905 1423 3968 misericordiam,
1477 3913 1597 3969 etc.,
1629 3918 1801 3973 usque
1823 3903 1890 3958 ad
1929 3904 1980 3956 in
2004 3903 2168 3957 vitam

593 4010 865 4054 teter-nam.
919 3997 1055 4064 Quia
1095 3996 1522 4051 misericordiam
1573 4005 1627 4048 et
1654 3996 1943 4050 veritatem
1995 3993 2168 4064 diligit

530 4084 534 4088 κ
591 4077 752 4155 Deus,
803 4097 932 4153 etc.,
965 4105 1125 4159 usque
1156 4089 1224 4141 ad
1273 4103 1471 4158 negare
1519 4088 1719 4156 poterit
1743 4087 2002 4142 debitum.
2045 4086 2164 4157 (Id.,

591 4188 744 4232 tract.
784 4179 839 4230 in
865 4177 998 4248 psal.
1054 4194 1284 4239 Lxxxut,
1317 4187 1446 4231 tom.
1472 4174 1562 4242 IV,
1596 4184 1732 4246 part.
1759 4193 1818 4238 ιι,
1846 4175 1950 4229 col.
1980 4175 2166 4243 1067.)

664 4271 765 4327 Sed
784 4273 1221 4337 ritisericordiam,
1256 4281 1373 4332 etc.,
1401 4287 1570 4340 usque
1597 4270 1664 4324 ad
1701 4271 1755 4322 in
1783 4268 2163 4322 incredulitate.

592 4363 784 4436 Magna
811 4371 895 4418 est
925 4362 1294 4418 misericordia
1322 4371 1406 4415 tua
1442 4381 1453 4415 :
1478 4371 1533 4416 et
1559 4361 1627 4416 de
1651 4375 1843 4430 magna
1870 4361 2168 4416 misericor-

588 4457 695 4523 dia,
725 4465 856 4522 etc.,
887 4472 1048 4527 usque
1069 4455 1138 4509 ad
1165 4455 1259 4510 sed
1284 4469 1534 4525 magnam
1570 4453 2018 4515 misericordiam.
2043 4454 2165 4526 (Id.,

586 4553 642 4606 in
669 4549 887 4631 psal..1.,
921 4556 1049 4602 tom.
1079 4546 1166 4612 IV,
1191 4554 1332 4616 part.
1367 4562 1404 4610 1,
1432 4545 1535 4600 col.
1561 4544 1710 4615 588.)

661 4643 861 4698 Fidelis
906 4658 1097 4707 sermo,
1144 4650 1266 4704 etc.,
1312 4654 1482 4707 usque
1519 4638 1584 4692 ad
1626 4639 1681 4692 in
1711 4637 1869 4691 vitam
1893 4647 2166 4692 wternam.

595 4735 750 4790 Nulla
784 4750 947 4791 causa
988 4733 1092 4788 fuit
1124 4731 1371 4787 veniendi
1399 4729 1624 4784 Christo-
1639 4729 1882 4791 Domino,
1913 4729 2018 4783 nisi
2043 4744 2168 4799 pec-

589 4836 825 4890 catores,
861 4835 992 4889 etc.,
1034 4839 1192 4894 usque
1231 4822 1300 4875 ad
1341 4821 1568 4875 versasti
1601 4819 1654 4873 in
1685 4819 1999 4874 infirmitate
2026 4819 2164 4888 ejus.

590 4919 714 4989 (Id.,
739 4934 896 4971 serm.
925 4918 957 4971 9
996 4917 1059 4970 de
1080 4915 1274 4970 eisdem
1306 4913 1442 4969 verb.
1478 4922 1672 4983 apost.,
1702 4921 1832 4967 tom.
1862 4912 1928 4977 V,
1959 4919 2099 4981 part.
2125 4925 2164 4977 1,

589 5010 693 5066 col.
723 5009 827 5064 915
871 5019 927 5062 et
969 5009 1110 5077 seq.)

657 5101 903 5157 Christus
938 5098 1095 5154 Jesus
1139 5099 1285 5153 venit
1317 5099 1369 5152 in
1417 5097 1674 5151 mundum
1710 5103 2043 5166 peccatores,
2086 5095 2168 5149 in-

587 5195 730 5266 quit,
754 5192 952 5257 salvos,
982 5200 1110 5257 etc.,
1141 5207 1302 5261 usque
1327 5191 1396 5244 ad
1431 5191 1498 5244 ad
1525 5205 1649 5243 eum
1680 5188 1909 5243 sanandi
1938 5189 2162 5244 currite.

589 5288 714 5360 (Id.,
744 5285 870 5340 ibid.
899 5301 1054 5340 serm.
1086 5284 1171 5347 10,
1206 5285 1289 5339 col
1315 5284 1416 5339 951
1447 5293 1500 5337 et
1523 5281 1665 5353 seq.)

656 5379 973 5436 Audivimus
1006 5377 1222 5433 beatum
1273 5375 1572 5448 apostolum
1617 5374 1840 5430 Paulum
1873 5375 2158 5439 dicentem,

588 5475 866 5531 Ilumanus
889 5486 1090 5537 sermo,
1128 5479 1182 5525 et
1228 5471 1372 5524 omni
1418 5469 1730 5540 acceptione
1780 5467 1992 5538 dignus,
2030 5476 2159 5534 etc.,

589 5583 748 5636 usque
794 5565 861 5619 ad
917 5566 1034 5619 sine
1085 5561 1340 5633 parvulos
1376 5561 1560 5615 venire
1623 5561 1689 5614 ad
1736 5575 1841 5615 me.
1876 5560 1998 5632 (Id.,
2028 5560 2157 5615 ibid.

587 5676 742 5716 serm.
787 5659 839 5722 8,
868 5655 971 5711 col.
1000 5653 1125 5714 910.
1154 5661 1210 5706 et
1233 5652 1376 5720 seq.)

658 5749 784 5821 Regi
807 5757 1002 5812 mrtem,
1020 5755 1138 5807 etc.,
1165 5755 1336 5812 usque
1358 5741 1423 5796 ad
1451 5741 1633 5798 bonum
1664 5741 1923 5800 militiam.
1941 5742 2160 5813 Virgun

1791 300 1961 357 FLOP
1977 299 1996 354 1
2033 295 2303 353 DIACONI
2333 292 2641 350 MONACIII

3688 293 3751 345 illi)

2189 414 2484 481 Avirtutis
2543 421 2646 468 tua:
2699 406 2910 465 emittet
2956 406 3215 462 Dominus
3263 422 3329 460 ex
3380 403 3523 461 Sion.
3572 407 3752 477 Apparet,

2266 504 2480 565 fratres,
2518 500 2950 563 evidentissima,
2981 508 3114 562 etc.,
3134 515 3295 567 usque
3315 497 3385 551 ad
3420 498 3557 568 regni
3585 500 3752 568 ejusmn

2265 598 2369 652 erit
2395 597 2533 651 linis.
2565 594 2689 666 (Id.,
2719 602 2871 648 tract.
2910 593 2965 646 in
3009 589 3144 661 psal.
3195 606 3300 652 δικ,
3333 599 3462 644 ῑοιιι.
3491 589 3568 655 IV,
3595 603 3697 660 part.
3718 610 3753 656 ιι,

2265 691 2368 746 col.
2399 688 2580 760 1453.)

2337 781 2394 837 Si
2449 783 2500 836 in
2543 781 2648 836 illis
2697 777 2919 835 vocibus
2973 792 3093 847 quae
3140 776 3345 832 ﬁebant
3382 778 3435 831 in
3479 778 3654 841 Exodo,
3673 790 3754 844 etc.,

2264 889 2426 943 usque
2466 872 2534 924 ad
2583 870 2762 925 nullus
2805 868 3128 937 imperiosus
3159 867 3353 938 egisse.
3401 866 3519 938 (Id.,
3561 868 3637 923 lib.
3660 886 3688 924 11
3721 873 3758 926 de

2266 958 2480 1024 Trinit.,
2513 968 2642 1013 tom.
2679 957 2812 1023 VIII,
2845 956 2949 1012 col.
2977 955 3129 1021 866.)

2334 1050 2410 1104 De
2436 1049 2690 1105 invisibili
2718 1049 2828 1105 Deo
2858 1049 2998 1105 inter
3025 1064 3123 1105 nos
3160 1049 3359 1120 agitur,
3391 1057 3516 1113 etc.,
3557 1063 3684 1120 usque
3719 1055 3758 1105 at

2262 1142 2562 1197 videbimus
2593 1158 2716 1198 eum
2743 1142 2900 1197 sicuti
2922 1151 3024 1196 est.
3062 1141 3195 1212 (Id.,
3225 1142 3318 1196 lib.
3345 1151 3509 1195 contr.
3538 1141 3756 1208 Maximis,

2266 1241 2396 1288 tom.
2433 1231 2564 1299 VIII,
2593 1233 2697 1288 col.
2723 1233 2826 1288 762
2855 1242 2909 1288 et
2939 1233 3078 1304 seq.)

2337 1325 2546 1407 Iiabens
2589 1327 2784 1396 fidem,
2835 1336 2965 1390 etc.,
3013 1340 3186 1397 usque
3217 1326 3284 1380 ad
3326 1343 3430 1380 non
3478 1325 3756 1395 blasphemia.

2263 1416 2410 1472 Istud
2441 1416 2680 1487 Apostoli
2717 1417 2873 1487 quale
2898 1419 3026 1472 est?
3048 1431 3226 1472 nonne
3277 1417 3356 1472 ita
3407 1416 3644 1481 mirabile,
3681 1426 3758 1481 etc.,

2263 1522 2424 1576 usque
2453 1506 2522 1560 ad
2549 1505 2850 1562 excluditur
2892 1521 3055 1578 opere
3090 1505 3327 1561 Satanae.
3360 1505 3489 1579 (Id.,
3515 1506 3593 1562 lib.
3611 1507 3659 1561 de
3679 1506 3757 1561 Nat.

2264 1607 2311 1652 et
2335 1607 2496 1669 grat.,
2523 1606 2650 1652 tom.
2673 1597 2742 1663 X,
2771 1606 2910 1667 part.
2939 1614 2980 1662 1,
3008 1595 3108 1652 col.
3142 1597 3294 1668 262.)

2336 1690 2491 1745 Nulla
2511 1699 2760 1747 creatura
2784 1701 2892 1756 est,
2913 1692 3027 1746 sive
3053 1707 3171 1761 quae
3193 1691 3248 1746 in
3266 1691 3498 1747 veritate
3518 1700 3665 1747 manet
3679 1692 3760 1747 dans
3832 1695 3833 1761 l

2191 1814 2240 1876 Β
2268 1782 2648 1876 ἓοιίιιιιιῐξθιι,
2672 1791 2802 1847 etc.,
2835 1800 2996 1876 usque
3018 1783 3086 1837 ad
3111 1782 3215 1839 sibi
3243 1783 3487 1838 retinuit.
3511 1783 3760 1854 (Id.,expu.
3832 1782 3833 1836 ξ

2267 1874 2416 1946 Epis.
2440 1875 2509 1930 ad
2531 1872 2818 1942 Gal.,tom.
2841 1873 2927 1943 III,
2950 1882 3091 1947 part.
3121 1892 3184 1943 11,
3204 1874 3312 1932 col.
3341 1873 3481 1930 2128
3508 1873 3674 1946 etseq.)

2900 2028 3127 2086 CAPUT
3161 2029 3223 2084 11.

2341 2139 2564 2195 Obsecro
2589 2141 2765 2210 igitur,
2791 2148 2914 2204 etc.,
2949 2153 3120 2210 usque
3149 2139 3218 2196 ad
3261 2139 3335 2194 ad
3368 2139 3652 2211 agnitionem
3683 2153 3759 2191 ren-

2269 2229 2392 2285 tatis
2414 2233 2606 2285 venire.
2646 2230 2890 2298 Quandiu
2939 2233 3208 2303 permistaz
3239 2241 3369 2288 sunt
3397 2232 3557 2287 amba:
3577 2230 3759 2292 civitate,

2269 2331 2401 2389 etc.,
2431 2339 2591 2395 usque
2613 2323 2681 2376 ad
2710 2339 2832 2378 cum
2858 2323 2948 2377 illo
2977 2338 3073 2394 per
3116 2324 3380 2393 speciem.
3423 2323 3550 2393 (Id.,
3596 2320 3665 2374 lib.
3705 2333 3758 2373 ιιι

2270 2413 2334 2468 de
2360 2413 2512 2467 Civil.
2543 2413 2686 2478 Dei.,
2716 2421 2844 2469 tom.
2877 2412 2983 2478 VII,
3011 2411 3113 2468 col.
3141 2413 3248 2467 656
3280 2421 3336 2468 et
3363 2412 3501 2483 seq.)

2342 2505 2493 2560 Sicut
2521 2515 2702 2559 autem
2735 2504 3035 2560 Jerusalem
3067 2505 3344 2576 signiﬁcat
3373 2505 3626 2560 civitatem
3648 2499 3756 2556 socie-

2271 2606 2544 2668 tatemque
2568 2606 2898 2662 sanctorum,
2931 2607 3057 2661 etc.,
3105 2615 3267 2668 usque
3320 2598 3391 2652 ad
3435 2597 3524 2652 Dei
3565 2592 3758 2650 adiﬁcth

2271 2690 2448 2761 estis.(
2477 2690 2579 2754 Id.,
2610 2689 2701 2742 lib.
2747 2690 2812 2744 de
2863 2690 3247 2745 catecltizandis
3279 2689 3529 2757 Rudibus,
3569 2700 3670 2745 tom.
3706 2685 3755 2750 11,

2271 2780 2374 2836 col.
2399 2780 2502 2835 537
2531 2789 2587 2836 et
2616 2781 2756 2851 seq.)

2339 2870 2444 2927 lsta
2476 2870 2634 2941 plane
2664 2869 2969 2949 (ﬁllicillime
2990 2871 3392 2940 discernuntur,
3422 2871 3509 2928 ubi
3535 2871 3600 2925 ait
3621 2886 3634 2924 :
3655 2867 3756 2924 Οιιιεσ

2271 2977 2385 3029 cro,
2414 2971 2544 3028 etc.,
2578 2979 2740 3034 usque
2765 2963 2834 3015 ad
2855 2971 2910 3017 et
2945 2963 3210 3018 habitavit
3238 2962 3296 3018 in
3343 2962 3515 3018 nobis.
3562 2958 3668 3031 (Id.,
3704 2956 3756 3009 tit.
3832 2956 3833 2982 ξ

2272 3055 2342 3110 ad
2364 3054 2522 3110 Paul.
2558 3055 2716 3126 episc.
2742 3064 2870 3110 tom.
2902 3054 2966 3122 II,
2997 3055 3098 3111 col.
3127 3056 3230 3112 6'55
3261 3064 3320 3111 et
3346 3056 3485 3128 seq.)

2345 3144 2479 3201 Cum
2500 3145 2770 3219 audimus,
2798 3146 2933 3201 etin
2971 3146 3142 3201 sacris
3187 3146 3387 3202 litteris
3441 3145 3636 3217 legimus
3672 3136 3756 3210 quod

2272 3237 2401 3293 velit
2421 3251 2612 3293 omnes
2640 3236 2887 3292 homines
2911 3236 3113 3303 salvos,
3135 3247 3268 3304 etc.,
3297 3253 3461 3310 usque
3487 3235 3550 3290 ad
3569 3233 3755 3304 quodcun-

2273 3344 2378 3401 que
2406 3345 2515 3386 non
2546 3329 2692 3385 fecit.
2721 3328 2966 3401 (Id.,lib.
2996 3328 3243 3397 Encbir.,
3282 3337 3418 3386 tom.
3458 3327 3533 3394 VI,
3579 3324 3658 3381 col.
3697 3318 3756 3375 280
3832 3318 3833 3378 ἶ

2271 3431 2328 3479 et
2345 3423 2487 3494 seq.)

2343 3515 2496 3571 Sicut
2517 3514 2645 3571 illud
2670 3513 2816 3584 quod
2842 3513 3044 3569 dictum
3077 3521 3180 3580 est,
3211 3529 3408 3571 omnes
3431 3514 3484 3570 in
3507 3510 3682 3568 Christo
3710 3503 3753 3557 vi
3832 3507 3833 3572 ξ

2271 3608 2652 3674 viﬁcabuntur,
2675 3616 2806 3673 etc.,
2838 3623 3002 3677 usque
3031 3606 3100 3660 ad
3127 3607 3230 3662 nisi
3255 3607 3327 3662 ab
3371 3608 3486 3680 ipso
3508 3604 3753 3660 volentem
3832 3623 3833 3630 ι

2275 3700 2428 3756 ﬁunt.
2460 3700 2595 3772 (Id.,
2628 3699 2682 3753 in
2723 3698 2859 3770 psal.
2888 3713 3023 3767 cm,
3054 3714 3119 3753 ea:
3138 3699 3290 3770 epist.
3314 3699 3385 3754 ad
3423 3696 3587 3762 Vital.,
3610 3703 3703 3748 tom.
3718 3684 3754 3751 11,

2271 3795 2372 3851 col.
2400 3793 2504 3851 985
2521 3802 2575 3850 et
2596 3792 2735 3865 seq.)

2340 3885 2468 3940 Vult
2493 3893 2674 3940 autem
2714 3885 2857 3940 Deus
2897 3899 3087 3940 omnes
3132 3885 3382 3942 homines
3426 3883 3585 3940 salvos
3604 3876 3753 3934 ﬁeriel.

2270 3989 2398 4043 etc.,
2426 3995 2587 4050 usque
2611 3980 2680 4032 ad
2703 3977 2804 4034 sub
2831 3978 2926 4034 Dei
2950 3986 3237 4048 potestate.
3270 3978 3406 4050 (Id.,
3432 3977 3517 4031 lib.
3539 3976 3594 4028 de
3613 3968 3754 4039 Spir.“

2271 4069 2396 4136 litt.,
2431 4079 2559 4125 tom.
2594 4069 2662 4137 Χ,
2685 4081 2825 4142 part.
2852 4087 2894 4137 1,
2923 4072 3028 4126 col.
3053 4071 3204 4143 238.)

2341 4160 2476 4226 Quia
2511 4176 2640 4232 ergo
2690 4178 2788 4218 nos
2839 4164 2930 4233 qui
2976 4165 3112 4219 salvi
3158 4163 3324 4219 futuri
3374 4164 3480 4219 sint
3523 4155 3753 4214 nesciente”.

2273 4264 2404 4320 etc.,
2437 4272 2597 4325 usque
2621 4256 2688 4309 ad
2715 4257 2971 4325 quoniam
2994 4273 3094 4313 nos
3118 4257 3245 4313 facit
3272 4257 3426 4312 velle.
3457 4253 3573 4328 (Id.,
3617 4245 3683 4299 lib.
3717 4238 3753 4289 ὀί

2270 4351 2400 4406 Nat.
2430 4361 2477 4404 et
2499 4361 2659 4422 grat.,
2685 4359 2817 4406 tom.
2846 4351 2914 4418 Χ,
2938 4360 3078 4422 part.
3102 4368 3140 4417 1,
3161 4351 3265 4407 col.
3296 4348 3450 4418 255.)

2341 4443 2490 4499 Unus
2512 4445 2650 4498 enim
2678 4445 2841 4509 Deus,
2865 4455 2988 4511 etc.,
3017 4461 3190 4516 usque
3212 4445 3278 4500 ad
3299 4461 3394 4516 pro
3419 4438 3639 4496 omnibus.
3669 4426 3752 4481 Cum

2192 4551 2247 4612 ι)
2272 4535 2343 4591 sit
2373 4536 2488 4607 ipse
2512 4534 2759 4592 Christus
2781 4537 3045 4606 sapientia
3067 4537 3162 4592 Dei
3192 4552 3289 4606 per
3314 4551 3472 4609 quam
3493 4537 3644 4588 creata
3677 4526 3752 4612 snt“

2272 4631 2476 4696 omnia,
2503 4638 2632 4695 etc.,
2659 4647 2817 4701 usque
2845 4631 2913 4683 ad
2940 4631 3030 4700 qui
3052 4640 3135 4686 est
3156 4630 3356 4685 veritas
3377 4629 3429 4684 in
3448 4620 3647 4682 aeternise
3677 4610 3749 4683 (ΙάἿ

2273 4723 2362 4775 lib.
2389 4739 2405 4776 1
2443 4723 2506 4776 de
2528 4738 2672 4776 cons.
2713 4738 2918 4792 evang.,
2953 4731 3082 4776 tom.
3126 4722 3213 4786 III,
3238 4731 3379 4790 part.
3405 4737 3444 4786 1,
3464 4715 3556 4774 00L
3582 4705 3692 4774 370-)

2345 4813 2424 4867 'I‘u
2449 4829 2508 4868 es
2533 4813 2734 4869 veritas
2762 4827 2924 4882 super
2957 4815 3137 4868 omnia
3159 4815 3473 4884 pnesidens,
3502 4816 3610 4866 etc"
3649 4805 3748 4884 ⁸⁸αῆ⁸

2272 4906 2342 4961 ad
2367 4906 2521 4961 nobis
2569 4881 2870 4961 serviendo.
2915 4905 3045 4976 (Id.,
3094 4881 3184 4959 lib.
3234 4922 3268 4960 χ
3324 4902 3567 4973 Canius,
3603 4881 3747 4946 tom-'1

2272 4998 2375 5054 col.
2403 4999 2506 5054 867
2529 5007 2582 5052 et
2611 4997 2752 5068 seq.)
2925 4973 2933 4976 ⁷

2342 5089 2398 5145 Si
2427 5106 2614 5145 omnes
2660 5088 2927 5152 homines,
2955 5088 3190 5160 quandiu
3215 5089 3462 5145 mortales
3491 5089 3614 5141 sunt,
3641 5068 3745 5127 etiam

2269 5181 2453 5236 miseri
2495 5183 2603 5237 sint.
2646 5195 2868 5236 necesse
2894 5192 2997 5246 est,
3029 5191 3164 5246 etc.,
3193 5198 3355 5252 usque
3383 5179 3448 5233 ad
3473 5173 3551 5244 qui
3579 5170 3620 5224 in
3644 5168 3743 5252 θυμὲ

2271 5277 2504 5332 riorihus
2551 5277 2676 5330 vita.
2709 5275 2832 5346 (Id.,
2863 5275 2952 5331 lib.
2985 5245 3050 5331 de
3089 5245 3243 5333 cun.
3267 5245 3392 5341 ὑεῖ,
3426 5282 3542 5327 ιοιιι.
3571 5257 3656 5322 v11,
3677 5245 3742 5305 col.

2266 5368 2373 5424 268
2400 5376 2455 5422 et
2483 5369 2623 5440 seq.)

2343 5461 2424 5516 An
2467 5437 2740 5532 apostolus
2781 5459 3008 5526 Petrus,
3049 5460 3190 5516 sicut
3232 5475 3353 5514 eum
3396 5451 3586 5526 quidam
3623 5437 3741 5532 lavo?

2270 5569 2527 5626 perverso
2555 5570 2816 5609 excusare
2843 5555 3108 5619 nituntur,
3142 5563 3273 5619 etc.,
3296 5565 3448 5623 usque
3475 5543 3535 5599 ad
3555 5517 3740 5626 (Ιυθωθφ

2240 5675 2242 5678 ν
2269 5657 2349 5702 est
2392 5648 2730 5703 membrum?
2769 5646 2890 5718 (Id.,
2916 5657 3068 5700 tract.
3092 5649 3146 5701 in
3161 5647 3361 5715 Evang.
3383 5624 3739 5698 scc..loan.txmo

2271 5748 2400 5794 tom.
2433 5739 2515 5806 III,
2549 5747 2690 5809 part.
2721 5755 2781 5805 ιι,
2807 5737 2911 5795 col.
2946 5737 3084 5810 1810
3113 5745 3168 5796 et
3191 5734 3330 5806 seq.)
