3902 6300
164 295 270 356 601

176 504 732 581 Habes‘majestatcm
782 514 849 569 ad
887 532 1048 587 quam
1106 535 1250 587 ores,
1291 533 1629 599 etC.,_ttsqtte
1678 527 1747 580 ad

165 599 619 657 misericordiam.
657 602 784 674 (ld.,
816 614 970 662 tract.
1018 610 1072 662 in
1112 604 1245 681 psal.
1292 629 1443 679 χχιι,
1487 623 1615 671 tom.
1658 616 1748 685 IV,

162 698 315 759 part.
343 706 383 756 l,
414 691 517 746 col.
549 691 734 750 2I6et
761 696 904 769 seq.)
1520 768 1523 769 ν

245 778 430 835 Talem
455 797 515 837 se
545 782 689 841 Deus
720 787 952 859 pracbuit
982 791 1290 851 hominibus
1315 836 1330 863 ,
1362 804 1422 851 ut
1459 799 1620 854 etiam
1649 815 1746 869 pa-

160 887 295 928 nem
335 875 404 930 de
441 877 580 933 coelo
619 880 847 949 miserit,
879 894 1011 951 etc.,
1042 903 1201 958 usque
1231 890 1300 944 ad
1337 892 1478 961 quod
1514 909 1619 948 non
1647 910 1747 965 po-

161 972 334 1021 teras.
364 967 487 1038 (ld.,
518 979 672 1027 tract.
704 974 760 1028 in
786 975 919 1046 psal.
951 992 1169 1049 cxxxrv,
1199 990 1329 1039 tom.
1376 983 1465 1052 IV,
1506 996 1648 1057 part.
1681 1005 1744 1056 ιι,

155 1056 270 1113 col.
302 1059 434 1116 mi
466 1070 522 1119 et
553 1067 694 1137 seq.)
1510 1056 1517 1057 “
1678 1094 1679 1099 ι

238 1146 587 1209 Mediatorem
621 1155 1115 1220 Dominum'Jesum
1142 1166 1419 1224 Christum
1450 1173 1745 1230 secundum

153 1239 442 1299 hominem
498 1244 640 1314 dici,
700 1257 834 1315 etc.,
884 1268 1045 1325 usque
1105 1257 1175 1310 ad
1226 1258 1494 1331 diligendo
1550 1261 1745 1319 imitati

150 1340 310 1387 sunt.
346 1330 471 1404 (ld.,
498 1352 676 1408 capas.
712 1338 888 1415 Epist.
933 1344 1004 1399 ad
1044 1342 1166 1401 Gal.
1212 1330 1343 1405 tom.
1386 1350 1470 1418 III,
1501 1363 1644 1423 pars
1679 1369 1743 1425 ιι,

147 1425 263 1481 col.
299 1426 484 1501 2122.)

231 1516 365 1573 Nam
401 1533 574 1592 neque
606 1538 705 1595 per
736 1524 911 1597 ipsum
949 1527 1306 1590 liberaremur
1335 1553 1499 1593 unum
1539 1539 1743 1595 media-

147 1615 334 1664 torem
364 1611 458 1668 Dei
496 1622 551 1670 et
597 1616 898 1690 hominum,
930 1633 1062 1692 etc.,
1092 1643 1254 1698 usque
1294 1631 1364 1683 ad
1401 1631 1444 1686 si
1489 1631 1596 1689 dici
1631 1649 1741 1690 non

146 1708 356 1797 pot—est.
384 1702 506 1797 (ld.,
526 1704 629 1797 lib.
655 1706 898 1779 Enchir.,
932 1721 1062 1770 tom.
1090 1715 1177 1783 VI,
1207 1718 1310 1774 col.
1335 1721 1441 1778 249
1465 1731 1521 1779 et
1544 1727 1685 1797 seq.)

951 310 1309 373 EXPOSITIO
1345 314 1413 372 IN
1448 317 1596 375 EPP.
1633 320 1854 379 PAULI.
1892 354 1961 366 -—
1998 324 2103 384 ΕΡ.
2144 323 2165 382 I
2201 327 2293 384 AD
2327 327 2467 387 TIM.

244 413 480 470 Verbum
526 432 654 476 caro
692 419 894 477 laetum
941 434 1054 491 est,
1086 437 1141 482 et
1177 429 1438 486 habitavit
1474 433 1528 487 in
1573 435 1745 490 nobis.
1776 441 1826 499 Α

3292 332 3429 399 ⁸402

2460 440 2685 500 CAPUT
2722 444 2812 504 IV.
3340 466 3341 469 ‘

1927 527 2155 600 Spiritus
2185 542 2378 601 autem,
2411 544 2542 600 etc.,
2567 550 2738 606 usque
2763 537 2831 594 ad
2856 540 2948 611 qui
2970 554 3316 613 cognoverunt
3334 561 3426 604 rc-

1850 619 2078 675 ritatem.
2096 623 2233 677 Audi
2260 640 2388 696 ergo
2410 625 2552 696 quod
2575 628 2852 685 conliteris
2875 639 2927 686 te
2948 647 3052 689 non
3073 633 3276 701 videre,
3294 646 3427 708 etc.,

1850 730 2014 786 usque
2077 718 2147 770 ad
2212 717 2600 776 daemoniorum
2658 724 3212 797 mendaciloquorum.
3278 729 3425 801 (ld.,

1849 805 1940 861 lib.
1971 823 2080 863 xxx
2114 819 2297 864 contra
2325 809 2544 878 Faust.,
2581 821 2713 870 tom.
2745 815 2901 887 VIII.)
3388 863 3403 880 .

1921 897 2058 955 Hinc
2086 901 2249 955 etiam
2280 901 2413 958 illud
2442 912 2773 974 praeceptum
2810 907 2953 977 quod
2976 916 3080 964 est.
3124 907 3244 967 Non
3288 924 3431 969 mm-

1848 988 2120 1056 ebaberis,
2155 998 2288 1059 etc.,
2322 1010 2483 1066 usque
2523 995 2594 1050 ad
2619 995 2930 1067 Manichaei,
2962 1000 3010 1056 si
3037 999 3273 1059 dederis.
3297 1002 3425 1073 (ld.,

1844 1081 1998 1148 ibid.,
2020 1082 2124 1139 col.
2153 1082 2303 1158 510.)

1917 1172 2072 1241 Quod
2100 1184 2281 1231 autem
2303 1177 2562 1235 Dominus
2605 1180 2862 1239 invitatus
2900 1183 3048 1240 venit
3080 1186 3148 1242 ad
3188 1186 3427 1259 nuptias,

1845 1272 1974 1331 etc.,
1998 1283 2164 1337 usque
2186 1268 2255 1323 ad
2280 1270 2479 1326 bonum
2509 1273 2691 1328 vinum
2722 1290 2894 1345 usque
2907 1275 3102 1332 adhuc.
3120 1278 3245 1350 (ld.,
3268 1290 3428 1338 tract.

1844 1358 1901 1411 in
1929 1355 2134 1431 Evang.
2162 1377 2265 1417 sec.
2295 1360 2483 1432 Joan.,
2530 1372 2663 1421 tom.
2707 1365 2805 1434 III,
2853 1378 2992 1439 part.
3038 1385 3117 1437 ιι,
3146 1370 3253 1428 col.
3286 1372 3429 1431 1458

1843 1456 1899 1504 et
1920 1450 2062 1521 seq.)

1915 1542 2053 1609 Quia
2074 1545 2241 1600 omnis
2263 1555 2523 1613 creatura,
2549 1556 2681 1616 etc.,
2701 1565 2873 1621 usque
2893 1552 2960 1606 ad
2978 1568 3137 1624 quam
3156 1563 3427 1613 assecutus

1842 1650 1916 1688 es.
1951 1633 2297 1691 Testamento
2331 1638 2509 1694 Veteri
2530 1639 2619 1695 ubi
2648 1641 2866 1712 quidam
2897 1643 3001 1699 cibi
3031 1646 3273 1703 carnium
3298 1662 3428 1720 pro-

1842 1724 2117 1794 hibentur,
2160 1736 2290 1795 etc.,
2333 1746 2496 1802 usque
2519 1732 2589 1786 ad
2619 1740 2796 1789 tamen
2828 1736 3121 1793 auctoritas
3149 1753 3426 1796 commen-

228 1790 363 1860 Eso,
390 1792 584 1866 inquit,
610 1796 1121 1872 Dominus,eroillis
1147 1809 1199 1863 in
1213 1809 1403 1877 Deum,
1422 1790 1738 1888 etc.,usque
1766 1804 1815 1865 Β
1842 1816 1988 1891 data.
2021 1790 2142 1889 (ld.,
2173 1790 2285 1874 liba
2310 1790 2477 1876 conlr.
2503 1820 2719 1891 Faust.,
2763 1832 2895 1880 tom.
2926 1790 3205 1894 VIII,coI.

150 1882 233 1973 ad
266 1892 321 1940 et
347 1886 527 1943 divina
574 1890 883 1951 humanitas
929 1895 1148 1954 Christi.
1187 1900 1322 1973 (ld.,
1351 1902 1444 1959 lib.
1478 1905 1543 1962 de
1578 1882 1730 1964 Orib.

145 1972 379 2044 Ezech.,
403 1987 532 2034 tom.
556 1979 624 2048 V,
645 1992 787 2053 part.
820 2001 861 2052 ι,
892 1987 999 2043 col.
1027 1989 1177 2063 510.)

227 2064 396 2138 Cujus
424 2073 796 2143 testimonium,
824 2087 951 2147 etc.,
1000 2098 1169 2154 usque
1201 2087 1268 2142 ad
1303 2090 1357 2142 in
1395 2089 1500 2159 ﬁde
1528 2101 1576 2147 et
1602 2093 1737 2149 ueri-

142 2164 282 2213 tate.
309 2159 400 2215 Ait
423 2162 682 2222 Dominus
708 2166 866 2226 Iesus
892 2170 977 2228 his
1005 2175 1097 2243 qui
1128 2177 1471 2236 crediderant
1501 2181 1553 2236 in
1585 2198 1732 2252 eum,

140 2260 285 2318 etc.,
304 2270 464 2326 usque
476 2258 546 2311 ad
562 2259 615 2314 id
628 2262 768 2330 quod
784 2263 1045 2320 videatur.
1065 2266 1160 2338 (Id.
1170 2310 1184 2333 ,
1200 2279 1356 2326 tract.
1369 2271 1439 2328 40
1459 2273 1511 2329 in
1524 2272 1732 2349 Evang.

141 2362 261 2401 sec.
284 2347 469 2416 Joan.,
498 2359 627 2407 tom.
655 2352 742 2421 III,
772 2366 915 2425 part.
949 2374 1010 2425 ιι,
1033 2360 1134 2415 col.
1176 2362 1313 2419 1690
1332 2372 1387 2421 et
1407 2368 1547 2439 seq.)

239 2438 366 2497 Volo
390 2461 513 2516 ergo
548 2447 705 2514 viros,
752 2458 883 2512 etc.,
920 2469 1091 2525 usque
1127 2455 1196 2511 ad
1235 2473 1329 2528 per
1373 2438 1533 2532 opera
1575 2463 1730 2520 bona.

143 2532 380 2590 Levavit
420 2552 518 2607 pro
552 2539 709 2596 nobis
749 2539 1010 2600 Dominus
1050 2556 1472 2629 noster/manus
1518 2568 1647 2610 suas
1675 2555 1732 2610 in

149 2641 338 2695 cruce,
374 2638 478 2686 etc.
506 2648 669 2705 usque
701 2636 771 2689 ad
808 2635 975 2693 levari
1013 2640 1079 2694 ad
1117 2640 1305 2698 Deum.
1350 2645 1475 2717 (ld.,
1511 2646 1567 2703 in
1593 2638 1729 2720 psal.

149 2732 290 2786 un,
327 2729 457 2778 tom.
488 2720 579 2790 IV,
610 2734 750 2795 part.
774 2743 814 2793 ι,
839 2727 941 2785 col.
971 2729 1120 2804 755.)

228 2812 445 2882 Mulier,
492 2826 623 2886 etc.,
654 2836 826 2893 usque
879 2826 946 2880 ad
975 2826 1031 2880 in
1074 2827 1303 2885 silentio.
1336 2830 1491 2900 Quod
1530 2834 1730 2891 dictum

1842 1909 1983 1981 seu.)
3072 1958 3077 1963 -

1911 2002 2100 2059 Omnia
2131 2004 2329 2061 munda
2363 2006 2598 2074 mundis,
2626 2008 2838 2065 Domini
2876 2019 2959 2067 est
2990 2021 3136 2068 terra
3160 2022 3216 2071 et
3252 2014 3427 2086 pleni-

1837 2094 1988 2161 tudo,
2015 2103 2147 2161 etc.,
2188 2112 2349 2167 usque
2394 2098 2464 2151 ad
2508 2099 2772 2154 recitatur
2818 2100 2885 2156 ad
2928 2103 3419 2162 conﬁrmationem.

1838 2186 1964 2260 (ld.,
1990 2187 2083 2244 lib.
2109 2203 2128 2243 ι
2153 2189 2222 2243 ad
2252 2187 2379 2256 Tit.,
2405 2199 2536 2247 tom.
2564 2189 2697 2257 VIII,
2720 2193 2826 2249 col.
2851 2194 2959 2250 256
2982 2204 3040 2251 et
3064 2197 3206 2269 seq.)

1907 2280 2121 2352 Inepta:
2146 2292 2342 2349 autem,
2375 2294 2504 2350 etc.,
2533 2299 2704 2354 usque
2730 2287 2797 2341 ad
2821 2304 2937 2357 (μηδ
2968 2305 3106 2344 nunc
3133 2298 3230 2355 est,
3259 2299 3309 2368 et
3335 2289 3423 2360 fu-

1834 2379 1987 2428 turaz.
2021 2372 2210 2431 Videte
2238 2377 2501 2431 amatoria
2524 2385 2710 2433 sancta
2730 2380 2960 2435 cantica.
2989 2380 3178 2437 Videte
3197 2382 3422 2438 Cantica

1835 2464 2190 2531 canticorum,
2236 2475 2366 2532 etc.,
2416 2484 2579 2538 usque
2619 2469 2688 2523 ad
2731 2469 2935 2526 divitia:
2982 2481 3039 2526 ct
3070 2473 3261 2529 IIOIIOI‘.
3293 2473 3416 2544 (ld.,

1834 2564 1989 2611 tract.
2019 2557 2075 2611 in
2097 2556 2233 2628 psal.
2263 2573 2449 2624 CXLIII,
2479 2567 2609 2614 tom.
2640 2559 2730 2626 IV,
2754 2570 2894 2630 part.
2925 2578 2983 2628 ιι,
3009 2564 3112 2619 col.
3139 2563 3320 2636 I868.)

1850 2710 1857 2716 .
1904 2644 2108 2702 Fidelis
2135 2664 2326 2714 sermo,
2351 2658 2479 2714 etc.,
2508 2665 2680 2721 usque
2705 2652 2771 2706 ad
2804 2653 2893 2723 qui
2921 2663 2969 2707 Ie
2994 2654 3235 2710 audiunt.
3279 2655 3420 2724 Quid

1833 2746 1918 2794 est
1958 2738 2140 2805 homo,
2195 2739 2321 2810 quia
2370 2756 2579 2796 memor
2625 2757 2685 2799 es
2736 2743 2872 2812 ejus,
2930 2755 3023 2802 aut
3072 2746 3212 2804 ﬁlius
3245 2749 3424 2807 ιιοωί-

1833 2830 1940 2895 nis,
1967 2838 2100 2896 etc.,
2134 2846 2296 2902 usque
2333 2831 2403 2885 ad
2433 2832 2619 2889 beatos
2648 2832 2763 2891 ﬁeri
2798 2838 3075 2905 praedicat.
3109 2839 3231 2910 (ld.,
3260 2851 3416 2898 tract.

148 2916 264 2973 est,
297 2916 353 2963 et
378 2910 446 2965 ad
495 2913 670 2968 virum
711 2922 862 2970 tuum
917 2921 1199 2977 conversio
1255 2930 1368 2990 tua,
1416 2932 1470 2980 et
1510 2926 1625 2997 ipse
1656 2927 1731 2983 tui

1862 2935 1887 2973 ιι
1913 2918 2047 2989 psal.
2074 2935 2189 2985 VIII,
2225 2929 2354 2976 tom.
2387 2921 2474 2986 IV,
2512 2932 2654 2993 part.
2681 2940 2721 2991 ι,
2749 2926 2851 2981 col.
2885 2927 3033 2998 115.)

150 2997 538 3069 dominabitur,
568 3014 698 3070 etc.,
734 3023 895 3078 usque
919 3010 987 3064 ad
1015 3020 1067 3066 et
1094 3015 1377 3085 augebitur
1404 3017 1578 3089 culpa.
1605 3018 1730 3090 (ld.,

148 3091 247 3147 lib.
281 3110 336 3150 XI
378 3095 441 3150 de
462 3093 591 3152 Ceu.
622 3099 691 3154 ad
713 3098 840 3165 litt.,
864 3111 995 3160 tom.
1022 3104 1110 3172 III,
1140 3119 1279 3178 part.
1307 3126 1345 3177 ι,
1371 3112 1472 3167 col.
1507 3112 1655 3183 450).

2457 3013 2683 3070 CAPUT
2726 3015 2790 3071 v.
2950 3094 2957 3101 ἱ

1905 3101 2193 3172 Seniorem,
2224 3114 2354 3172 etc.,
2378 3120 2548 3179 usque
2579 3110 2645 3164 ad
2676 3122 2942 3183 acceptum
2967 3124 3041 3168 est
3078 3132 3255 3172 coram
3283 3117 3417 3178 Deo.

225 3183 396 3240 Adam
419 3189 575 3255 enim,
606 3198 739 3259 θιοη
766 3209 938 3265 usque
968 3196 1034 3253 ad
1063 3164 1115 3252 ,ᾗ
1141 3164 1579 3269 ’μνωυαξιίεαεεοηε
1607 3164 1726 3275 fui),
1757 3164 1803 3228 Ο
1835 3190 2019 3261 Qualis
2045 3194 2135 3250 illa
2160 3204 2279 3251 crat
2308 3198 2535 3255 docente
2565 3207 2617 3257 te
2643 3203 2902 3273 magistro
2932 3205 3122 3263 intimo
3151 3209 3204 3265 in
3233 3211 3418 3269 schola

150 3273 213 3330 Si
254 3273 368 3344 jam
399 3279 656 3350 spiritalis
701 3293 817 3339 erat
851 3285 1045 3354 Adam,
1085 3292 1332 3359 quamvis
1378 3302 1574 3358 mente,
1608 3273 1727 3352 non

150 3382 406 3438 corpore,
445 3381 579 3438 etc.,
627 3390 789 3446 usque
836 3376 906 3432 ad
947 3378 1235 3438 invidendo
1283 3384 1560 3442 vetuisset.
1592 3387 1724 3460 (ld.,

152 3459 314 3526 ibid.,
357 3462 459 3517 col.
488 3462 596 3519 452
623 3474 679 3521 et
706 3469 848 3540 seq.)

224 3549 500 3623 Superbus
537 3555 626 3612 ille
664 3558 906 3628 angelus,
942 3576 1007 3618 ac
1044 3578 1142 3635 per
1181 3564 1283 3622 hoc
1318 3566 1549 3635 invidus,
1595 3580 1727 3641 etc.,

146 3657 318 3729 usque
354 3642 423 3697 ad
451 3644 644 3701 diaboli
689 3646 895 3720 laqueis
935 3652 1211 3723 implicati.
1242 3655 1368 3729 (ld.,
1399 3658 1490 3714 lib.
1528 3678 1616 3716 ειν
1665 3664 1730 3721 de

144 3728 307 3786 Civil.
340 3732 478 3801 Dei.,
510 3743 640 3792 tom.
667 3734 777 3805 VII,
801 3740 901 3796 col.
930 3739 1035 3797 419
1072 3754 1127 3799 et
1162 3746 1303 3817 seq.)

224 3821 550 3901 Saluabitur,
577 3838 705 3894 etc.,
746 3846 916 3902 usque
944 3835 1011 3888 ad
1038 3852 1154 3889 cum
1199 3839 1496 3895 sobrietate.
1539 3841 1597 3897 In
1625 3844 1729 3900 isto

143 3929 288 3972 sexu
325 3919 548 3974 masculi
586 3930 642 3975 et
671 3921 906 3991 lentiore,
939 3928 1216 3996 apostolus
1248 3929 1449 3987 Paulus
1471 3935 1730 3992 occultio-

144 4010 237 4068 nis
273 4011 549 4083 cujusdam
583 4015 680 4084 rei,
732 4025 861 4086 etc.,
899 4037 1060 4093 usque
1108 4024 1178 4076 ad
1216 4025 1580 4083 sanctiﬁcatio
1620 4046 1728 4086 non

146 4105 443 4161 Invenitur.
502 4106 663 4180 (ld.,
715 4108 804 4164 lib.
855 4127 931 4167 xu
990 4113 1054 4168 de
1106 4112 1341 4184 'I'rinit.,
1397 4128 1526 4175 tom.
1578 4120 1726 4190 VIII,

144 4199 254 4255 col.
282 4200 463 4273 lout.)
518 4194 539 4211 '

218 4288 330 4345 Cor
352 4306 527 4347 meum
550 4302 606 4349 et
631 4309 760 4351 caro
783 4312 902 4353 mea
929 4298 1336 4357 exsultavernnt
1368 4303 1421 4358 in
1449 4303 1618 4361 Deum
1649 4308 1726 4364 vi-

144 4395 299 4446 vum,
328 4392 454 4449 etc.,
485 4400 648 4455 usque
692 4385 761 4440 ad
795 4401 1021 4458 operare
1057 4405 1224 4461 opera
1270 4402 1384 4448 tua.
1416 4394 1540 4466 (ld.,
1572 4406 1726 4453 tract.

142 4473 202 4526 in
255 4473 390 4542 psal.
458 4488 694 4544 Lxxxnl,
760 4484 890 4533 tom.
955 4479 1044 4544 IV,
1106 4492 1249 4554 part.
1300 4500 1375 4553 ιι,
1433 4485 1535 4543 col.
1590 4488 1730 4544 1060

141 4576 202 4622 et
225 4568 369 4640 seq.)

220 4659 406 4727 Qualis
432 4662 576 4732 pax?
603 4678 764 4733 quam
791 4663 978 4722 oculus
1002 4682 1107 4723 non
1137 4668 1301 4736 vidit,
1330 4662 1439 4726 nec'
1457 4670 1605 4727 auris
1633 4687 1729 4728 au-

141 4754 320 4822 divit,
356 4763 481 4821 etc.,
510 4773 675 4829 usque
696 4758 765 4812 ad
789 4773 893 4829 pax
920 4775 1081 4831 super
1106 4758 1293 4816 Israel.
1322 4761 1448 4834 (ld.,
1479 4773 1633 4819 tract.
1673 4762 1728 4819 in

136 4847 286 4921 psal.
309 4863 515 4918 cxxvn,
542 4860 673 4906 tom.
701 4851 790 4916 IV,
823 4861 963 4922 part.
990 4868 1053 4920 ιι,
1086 4854 1190 4909 col.
1224 4853 1406 4927 1688.)

761 4941 989 4999 CAPUT
1026 4941 1114 4998 III.

219 5028 423 5088 Fidelis
447 5049 615 5089 sermo
639 5048 658 5087 :
680 5033 738 5090 Si
759 5035 899 5107 quis,
928 5044 1059 5102 etc.,
1091 5051 1263 5106 usque
1302 5038 1370 5091 ad
1407 5038 1652 5095 columna
1683 5049 1733 5096 et

136 5122 539 5196 ﬁrmamentum
573 5114 964 5181 veritatis.‘Nec
989 5125 1067 5182 sic
1097 5142 1217 5182 esse
1258 5128 1544 5199 quisquam
1575 5129 1736 5187 debet

136 5217 381 5281 otiosus,
413 5234 575 5290 usque
601 5219 671 5272 ad
700 5217 972 5288 opprimat
1001 5218 1105 5275 ista
1132 5220 1450 5278 necessitas.
1486 5220 1608 5292 (ld.,
1637 5221 1729 5278 lib.

134 5321 239 5362 xxx
267 5307 332 5361 de
350 5304 574 5363 Civitate
593 5307 714 5375 Dei,
748 5318 877 5364 tom.
912 5308 1023 5377 VII,
1050 5309 1154 5366 col.
1181 5309 1329 5384 647.)

215 5399 291 5454 Et
320 5400 596 5471 manifeste
624 5419 894 5473 magnum,
933 5411 1067 5471 etc.,
1096 5421 1269 5476 usque
1297 5405 1365 5461 ad
1404 5414 1729 5478 assumptum

137 5501 221 5547 cst
251 5491 305 5544 in
335 5491 524 5562 gloria.
554 5491 671 5549 Non
714 5495 765 5550 in
810 5495 921 5551 Deo
962 5504 1173 5551 tantum
1214 5497 1730 5569 innotescitangelis

137 5584 293 5657 quod
344 5584 715 5643 absconditum
759 5598 863 5653 est,
906 5596 1034 5655 etc.,
1073 5606 1235 5661 usque
1273 5590 1342 5644 ad
1386 5591 1500 5660 ipsa
1530 5591 1730 5646 veritas

137 5677 367 5738 clamat.
404 5676 523 5750 (ld.,
558 5678 649 5734 lib.
677 5694 709 5733 v
734 5679 798 5735 tle
820 5677 949 5734 Gen.
978 5679 1047 5735 ad
1072 5680 1195 5747 litt.,
1231 5688 1358 5735 tom.
1398 5680 1482 5746 Ill,
1516 5689 1653 5751 part.
1687 5697 1722 5744 ι,

130 5767 249 5835 ch
280 5767 430 5841 555-)

1832 3283 2088 3353 pectoris,
2129 3293 2258 3352 etc.,
2313 3304 2476 3358 usque
2521 3290 2585 3344 ab
2630 3292 2787 3362 quasi
2834 3294 2902 3349 ab
2941 3298 3192 3353 oumibus
3236 3301 3420 3372 genita

1831 3370 2037 3428 fuisset.
2075 3374 2199 3445 (ld.,
2228 3374 2320 3430 lib.
2351 3375 2586 3448 Confess.
2622 3396 2698 3445 ix,
2730 3389 2860 3437 tom.
2890 3383 2932 3451 I,
2962 3386 3067 3441 col.
3095 3388 3242 3459 773.)

1904 3461 2036 3530 Qua:
2060 3475 2235 3521 autem
2263 3484 2377 3523 uere
2402 3470 2581 3536 uidua,
2611 3481 2743 3540 etc.,
2775 3491 2945 3547 usque
2969 3478 3036 3533 ad
3064 3491 3212 3537 nocte
3233 3491 3282 3538 et
3307 3483 3416 3540 die.

1830 3552 2019 3612 Omnis
2075 3558 2255 3613 anima
2308 3575 2430 3630 qua:
2479 3561 2728 3635 intelligit
2788 3581 2846 3622 se
2903 3567 3215 3628 derelictam
3263 3577 3415 3631 omni

1830 3645 2046 3712 auxilio,
2080 3658 2209 3714 etc.,
2243 3666 2404 3721 usque
2437 3651 2506 3706 ad
2533 3654 2789 3710 auxilium
2826 3668 3023 3727 praesto
3051 3671 3131 3715 est
3158 3661 3255 3716 illi.
3288 3662 3414 3736 (ld.,

1830 3743 1982 3791 tract.
2004 3742 2138 3808 psttl.
2157 3741 2211 3794 in
2231 3756 2414 3808 cxxxr,
2432 3751 2561 3797 tom.
2581 3744 2670 3812 IV,
2688 3756 2830 3827 part.
2857 3763 2917 3815 ιι,
2935 3749 3038 3805 col.
3056 3751 3193 3805 1725
3206 3760 3261 3808 et
3274 3758 3418 3827 seq.)

1900 3828 2166 3885 Conccrta
2208 3832 2262 3886 in
2310 3834 2577 3900 oratione,
2618 3837 2772 3892 vince
2800 3824 2916 3894 hoc
2966 3843 3238 3919 saeculum,
3281 3853 3414 3911 etc.,

1830 3936 1989 3991 usque
2017 3923 2087 3974 ad
2114 3922 2256 3977 nulla
2279 3924 2473 3980 damna
2502 3926 2775 3985 formides.
2809 3929 2932 4002 (ld.,
2960 3932 3052 3988 lib.
3084 3934 3152 3989 ad
3183 3933 3412 3993 Probum

1829 4014 1893 4068 de
1928 4030 2006 4068 or.
2036 4014 2168 4081 Deo,
2196 4024 2326 4071 tom.
2354 4017 2420 4082 II,
2450 4019 2556 4076 col.
2587 4020 2736 4095 506.)

1899 4110 2323 4183 Quantacunque
2341 4116 2713 4185 temporalium
2738 4119 2998 4176 bonorum
3023 4121 3280 4180 felicitate
3300 4124 3405 4181 cit-

1829 4201 2121 4271 cumlluas,
2170 4215 2299 4271 etc.,
2342 4223 2506 4278 usque
2548 4210 2618 4263 ad
2658 4210 3059 4285 incorruptione
3106 4226 3405 4287 vegetatur.

1830 4293 1951 4366 (ld.,
1981 4294 2131 4362 ibid.,
2168 4284 2268 4351 col.
2300 4296 2405 4352 496
2433 4309 2489 4354 et
2512 4299 2654 4372 seq.)

1901 4386 2114 4442 Deliciae
2144 4387 2305 4457 igitur
2328 4390 2599 4460 spiritales
2635 4392 2841 4449 deliciis
2865 4396 3172 4453 carnalibus
3203 4398 3256 4453 in
3279 4414 3410 4454 san-

1833 4486 1917 4533 cta
1945 4478 2193 4535 castitate
2227 4481 2539 4549 succedant,
2582 4490 2715 4551 etc.,
2750 4503 2911 4558 usque
2947 4488 3117 4547 adut
3145 4488 3286 4545 Deus
3319 4505 3413 4546 ae-

1836 4571 2101 4642 quiratur.
2153 4573 2276 4645 (ld.,
2317 4573 2409 4628 lib.
2460 4577 2524 4631 dc
2562 4576 2710 4632 Bono
2750 4580 2960 4646 viduit.,
3002 4590 3133 4636 tom.
3189 4581 3274 4649 VI,
3306 4582 3411 4638 eoi.

1835 4662 1940 4718 447
1972 4674 2024 4720 et
2063 4665 2205 4737 seq.)

1906 4758 2007 4826 Qui
2057 4759 2263 4815 exaltas
2293 4776 2379 4816 me
2411 4761 2475 4816 de
2504 4762 2674 4832 portis
2716 4762 2926 4829 mortis,
2969 4771 3100 4830 etc.,
3147 4782 3307 4835 usque
3343 4766 3415 4822 ad

1833 4866 1929 4923 per
1949 4860 2134 4923 portas
2164 4852 2351 4907 mortis
2387 4854 2714 4923 pervenitur.
2766 4853 2890 4926 (ld.,
2921 4863 3056 4909 tract
3085 4855 3139 4911 in
3163 4855 3298 4928 psal.
3334 4873 3413 4925 ιι,

1834 4954 1965 4999 tom.
1991 4944 2077 5010 IV,
2104 4954 2241 5014 part.
2270 4960 2307 5011 ι,
2340 4944 2441 5000 col.
2468 4943 2617 5016 125.)

1909 5032 2029 5088 Vita
2054 5050 2173 5104 quae
2211 5034 2262 5089 in
2298 5034 2533 5105 peccatis
2562 5043 2664 5098 est,
2709 5051 2856 5091 mors
2879 5037 3131 5119 appellari
3162 5038 3216 5095 in
3259 5040 3411 5119 Scri-

1832 5127 2006 5199 pturis
2031 5126 2186 5193 solet,
2213 5136 2343 5193 etc.,
2379 5144 2542 5199 usque
2577 5128 2646 5182 ad
2691 5136 2911 5201 tangere
2960 5140 3248 5188 mortuum.
3284 5133 3410 5206 (ld.,

1833 5220 1923 5274 lib.
1952 5218 2133 5275 Contr.
2161 5218 2421 5284 Manich.,
2446 5227 2575 5275 tom.
2612 5216 2699 5286 III,
2723 5231 2862 5291 part.
2895 5238 2932 5285 ι,
2961 5223 3063 5278 col.
3091 5225 3243 5297 212.)

1905 5311 1967 5368 Si
2008 5314 2124 5384 quis
2158 5322 2348 5375 autem,
2387 5320 2509 5377 etc.,
2556 5328 2725 5384 usque
2773 5314 2840 5369 ad
2886 5316 2932 5369 si
2974 5315 3114 5386 [ilics
3151 5317 3408 5375 educavit.

1836 5404 1973 5472 Quia
2008 5406 2113 5460 duo
2143 5406 2410 5475 praecipua
2437 5416 2724 5476 praecepta,
2748 5407 2851 5463 hoc
2869 5416 2952 5463 est
2976 5408 3042 5463 ad
3069 5408 3409 5466 dilectionem

1837 5499 1953 5564 Dei,
1983 5507 2037 5553 et
2073 5497 2430 5562 dilectionem,
2462 5507 2593 5567 etc.,
2632 5516 2791 5571 usque
2819 5500 2887 5555 ad
2922 5500 3125 5557 inﬁdeli
3154 5503 3408 5559 deterior.

1837 5588 1961 5659 (ld.,
2013 5588 2103 5642 lib.
2154 5603 2244 5643 xrx
2290 5588 2355 5644 de
2392 5587 2542 5644 Cirit.
2583 5588 2701 5657 Dei,
2725 5607 2841 5660 cap.
2874 5590 2960 5656 14,
2991 5599 3119 5647 tom.
3161 5590 3271 5657 VII,
3301 5593 3408 5648 col.

1836 5681 1940 5737 642
1980 5691 2034 5737 et
2071 5682 2211 5752 seq.)

1908 5770 2039 5826 Cum
2082 5771 2297 5826 vidisset
2347 5788 2475 5845 ergo
2511 5770 2666 5830 Iesus
2712 5782 2939 5831 matrem
2986 5784 3040 5830 et
3091 5771 3412 5845 discipulum
