3902 6300
554 315 669 376 403
1752 316 1959 376 FLORI
1997 314 2271 374 DIACONI
2314 318 2622 377 MONACHI
3691 327 3754 385 III

557 438 795 489 stantem
836 446 996 501 quem
1035 430 1326 504 diligebat,
1378 439 1504 493 etc.,
1544 445 1706 500 usque
1743 431 1811 485 ad
1851 430 2145 502 discipulus
2170 431 2223 490 Δ
2322 434 2416 488 Est
2443 443 2616 489 autem
2647 444 2876 505 qua’stus
2905 451 3127 508 magnus
3154 438 3325 507 pictas
3352 453 3472 491 cum
3514 439 3754 509 suﬁcientis,

556 524 615 580 in
653 538 774 581 sua.
815 523 939 595 (Id.,
977 533 1131 578 tract.
1171 523 1273 580 119
1305 523 1360 577 in
1399 522 1605 599 Evang.
1643 538 1747 577 sec.
1786 520 1974 589 Joau.,
2009 530 2142 579 tom.
2246 525 2396 581 Hanc.
2432 527 2597 598 igitur
2625 527 3000 583 sufﬁcientiam
3029 545 3137 583 non
3175 530 3496 585 indecenter
3518 531 3634 596 vult,
3668 539 3756 605 quis-

556 615 647 682 III,
676 624 819 687 part.
853 631 912 682 11,
945 616 1051 672 col.
1083 616 1222 672 1950
1248 624 1305 670 et
1329 615 1469 687 seq.)
2245 617 2368 687 quis
2399 617 2534 682 vult,
2562 633 2661 673 nec
2676 618 2904 687 amplius
2934 618 3070 681 vult,
3100 628 3233 683 etc.,
3264 637 3436 691 usque
3467 623 3533 675 ad
3550 623 3755 680 vivendum

626 708 689 766 Si
714 710 840 781 quid
860 725 991 768 sane
1018 710 1258 780 pecuniae
1283 723 1373 764 res
1392 718 1481 765 tua
1501 707 1786 765 familiaris
1805 708 1989 775 habet,
2011 715 2142 774 etc.,
2245 719 2347 765 est.
2375 709 2501 780 (Id.,
2534 708 2624 764 lib.
2657 709 2962 764 adProbam
2993 710 3057 764 de
3083 726 3163 765 or.
3196 710 3330 777 Deo,
3363 719 3495 768 tom.
3521 712 3577 779 ll,
3599 715 3679 769 coL
3694 716 3755 773 19

556 821 725 876 usque
768 805 838 858 ad
877 803 1076 859 inﬁdeli
1131 802 1386 859 deterior.
1436 801 1562 875 (Id.,
1611 802 1761 874 epist.
1804 802 1873 857 ad
1919 800 2143 868 Lmtam,
2247 810 2302 857 et
2337 801 2480 874 seq.)
2974 862 2979 869 ,

556 904 691 953 tom.
720 895 787 961 III,
815 894 917 951 col.
953 892 1138 967 1059.)
1248 888 1253 891 Ἴ
2321 891 2472 946 Nihil
2516 893 2655 947 enim
2693 892 2989 957 intulimus,
3034 904 3170 963 etc.,
3216 910 3399 965 usque
3430 894 3495 950 ad
3519 898 3756 951 contemni-

626 983 687 1042 Si
710 985 956 1057 hospitio,
979 996 1097 1049 etc.,
1131 1000 1304 1058 usque
1329 986 1396 1041 ad
1418 985 1694 1040 subsecuta
1728 992 1826 1041 est.
1881 982 2144 1048 Dicimus,
2246 999 2384 1038 mus.
2418 982 2614 1041 Recole
2646 985 2794 1040 dives
2823 986 3119 1056 primordia
3153 994 3271 1052 tua,
3299 997 3438 1052 etc.,
3481 990 3759 1059 usqueadhis

556 1076 773 1139 fratres,
816 1075 1175 1131 humilitatem
1235 1077 1303 1131 ab
1353 1075 1581 1131 Excelso
1610 1116 1624 1139 ,
1679 1083 1807 1140 etc.,
1862 1089 2024 1145 usque
2076 1070 2145 1127 ad
2247 1077 2487 1132 contenti
2530 1078 2717 1132 simus.
2748 1078 2866 1148 (Id.,
2901 1097 3057 1135 εει-τη.
3084 1081 3149 1136 de
3188 1080 3335 1137 verb.
3385 1082 3758 1154 evang.,tom.I,

550 1165 874 1225 humilitatis
923 1166 1164 1223 allectus.
1221 1167 1346 1241 (Id.,
1385 1176 1541 1221 tract.
1593 1166 1661 1222 58
1699 1167 1755 1221 in
1794 1163 1999 1237 Evaug.
2038 1178 2141 1221 sec.
2246 1177 2389 1241 part.
2421 1186 2461 1236 1,
2485 1169 2586 1225 col.
2618 1169 2769 1240 ita.)

551 1257 715 1314 Joan.
746 1268 878 1315 tom.
912 1257 998 1325 III,
1028 1267 1169 1330 part.
1198 1274 1260 1325 ιι,
1290 1258 1393 1315 col.
1429 1258 1616 1329 1791.)
2321 1258 2463 1314 Nam
2510 1260 2601 1331 qui
2644 1259 2843 1327 volunl,
2883 1269 3011 1326 etc.,
3058 1278 3231 1334 usque
3263 1263 3335 1318 ad
3390 1265 3447 1318 in
3489 1264 3707 1319 interitum
3732 1274 3759 1320 et

620 1351 1093 1417 Adolescentiores,
1114 1363 1237 1418 etc.,
1261 1367 1434 1424 usque
1464 1353 1530 1407 ad
1569 1352 1779 1406 irritam
1797 1349 2049 1421 fecerunt.
2078 1347 2142 1404 In
2247 1348 2610 1421 peﬁlitionem.
2654 1348 2841 1407 Videte
2885 1354 3012 1423 quid
3043 1354 3306 1410 divitibus
3338 1355 3541 1411 dictum
3572 1356 3647 1419 sit,
3681 1371 3759 1423 etc.,

553 1443 820 1517 conjugali
835 1444 1315 1516 quippevinculosi
1332 1443 1587 1514 pudicitia
1612 1449 1984 1506 conservatur,
2011 1450 2143 1507 etc.,
2248 1462 2411 1516 usque
2438 1445 2507 1500 ad
2535 1461 2601 1501 ne
2641 1446 2929 1503 desideret.
2977 1448 3100 1520 (Id.,
3144 1460 3306 1506 tract.
3352 1452 3409 1506 in
3451 1450 3579 1522 psaL
3611 1466 3757 1520 omn,

551 1536 802 1609 usquead
816 1536 931 1593 sive
952 1536 1145 1593 desint.
1165 1536 1394 1607 (Id.,lib.
1416 1535 1486 1590 ad
1510 1533 1716 1591 Julian.
1743 1537 1807 1590 de
1826 1533 2145 1599 sanct.vid.,
2249 1528 2380 1594 tom.
2411 1537 2501 1604 IV,
2524 1549 2666 1610 part.
2699 1557 2766 1607 11,
2794 1538 2899 1597 col.
2932 1541 3112 1616 1769.)

548 1639 686 1687 tam.
717 1630 808 1697 VI,
842 1630 945 1687 col.
971 1631 1073 1687 467
1105 1639 1161 1687 et
1184 1631 1327 1703 seq.)
2322 1629 2501 1684 Radix
2527 1632 2663 1686 enim
2692 1632 2926 1687 omnium
2949 1633 3231 1700 malorum,
3269 1645 3409 1700 etc.,
3443 1650 3603 1706 usque
3628 1636 3680 1691 ad
3703 1637 3758 1690 io-

623 1722 830 1779 Vovcte
851 1730 907 1778 et
948 1722 1155 1778 reddite
1178 1721 1407 1778 Domino
1446 1720 1559 1776 Deo
1576 1729 1783 1787 vestro,
1816 1726 1951 1785 etc.,
1981 1730 2145 1787 usque
2250 1736 2373 1774 nam
2417 1722 2814 1791 confessionem.
2863 1723 3096 1779 Attende
3139 1724 3273 1795 quid
3327 1725 3643 1788 dimiserunt.
3680 1737 3758 1789 ett,

548 1814 623 1870 ad
646 1808 709 1868 ut
726 1813 968 1870 voveatis
995 1822 1051 1869 et
1078 1813 1335 1869 reddatis.
1381 1812 1506 1885 (Id.,
1532 1822 1687 1867 tract.
1715 1811 1770 1865 in
1792 1810 1927 1883 psal.
1973 1823 2138 1875 cxxv,
2167 1808 2217 1871 B
2246 1829 2409 1885 usque
2455 1813 2525 1869 ad
2556 1831 2660 1871 non
2709 1815 2931 1883 divitiae,
2965 1817 3060 1873 sed
3101 1816 3405 1888 cupiditas.
3436 1816 3554 1890 (Id.,
3587 1817 3759 1873 sema

552 1910 689 1959 tom.
716 1902 807 1970 IV,
832 1912 974 1973 part.
1012 1917 1053 1969 1,
1078 1902 1185 1958 col.
1215 1901 1318 1957 967
1336 1909 1394 1957 et
1420 1902 1565 1972 seq.)
2250 1906 2388 1961 verb.
2423 1924 2630 1979 evang.,
2661 1917 2789 1963 tom.
2825 1908 2893 1975 V,
2919 1917 3061 1980 part.
3085 1925 3124 1975 1,
3162 1910 3267 1965 col.
3299 1909 3456 1981 Mi.)

626 1993 782 2061 Quod
801 1994 946 2049 enim
977 1994 1176 2065 cuique
1200 2001 1491 2064 antequam
1506 1994 1746 2049 vovisset
1767 1990 1984 2057 licebat,
2010 1999 2143 2059 etc.,
2320 1997 2539 2053 Initium
2584 2000 2763 2055 omnis
2804 2001 3015 2071 peccati
3055 2001 3337 2072 superbia,
3388 2010 3518 2066 etc.,
3565 2016 3691 2070 usque
3719 1997 3760 2052 tl

553 2098 718 2155 usque
739 2085 808 2138 ad
831 2082 992 2139 Iidem
1020 2084 1232 2139 irritam
1256 2082 1522 2140 fecerunt.
1549 2084 1673 2156 (Id.,
1689 2082 1783 2138 lib.
1801 2083 1871 2138 ad
1888 2081 2094 2138 Pollent

2248 2089 2497 2146 mittatur
2519 2102 2803 2148 aeternum.
2831 2092 2958 2164 (Id.,
2980 2093 3071 2148 lib.
3094 2111 3133 2150 ιι
3162 2095 3227 2149 de
3254 2093 3397 2151 Gen.
3442 2095 3509 2149 ad
3547 2094 3655 2161 Iiu.,
3678 2102 3756 2149 Ion.

553 2181 687 2229 tom.
718 2172 808 2240 VI,
832 2174 936 2230 col.
968 2174 1124 2247 468.)
2244 2180 2334 2249 III,
2370 2192 2510 2253 part.
2539 2200 2580 2249 1,
2608 2183 2711 2239 col.
2743 2184 2850 2239 456
2880 2196 2935 2240 et
2963 2185 3104 2255 seq.)

624 2264 802 2322 Simul
827 2276 1034 2335 autem,
1064 2275 1196 2333 etc.,
1246 2283 1411 2339 usque
1451 2267 1520 2321 ad
1568 2282 1675 2322 non
1707 2275 1941 2338 oportet.
1975 2265 2144 2323 Nemo

2318 2273 2521 2329 Inclina
2562 2291 2655 2329 cor
2706 2291 2886 2331 meum
2918 2276 2971 2330 in
3015 2276 3334 2332 testimonia
3369 2288 3483 2344 tua,
3524 2284 3632 2339 etc.,
3658 2289 3756 2344 usqu

552 2372 652 2413 vos
701 2357 872 2413 fallat.
920 2357 980 2414 Si
1034 2375 1143 2416 non
1200 2359 1363 2415 vultis
1398 2358 1536 2427 falli,
1561 2369 1698 2427 etc.,
1722 2376 1885 2432 usque
1905 2361 1973 2414 ad
2005 2354 2145 2415 unus
2248 2368 2318 2423 ad
2347 2378 2401 2422 et
2424 2384 2530 2425 non
2559 2368 2612 2423 in
2643 2367 2951 2423 avaritiam.
2998 2368 3122 2439 (Id.,
3150 2380 3313 2425 tract.
3346 2364 3409 2425 in
3451 2368 3577 2441 psal.
3608 2381 3756 2427 mm,

554 2460 868 2507 assumatur
891 2461 946 2507 et
975 2469 1114 2509 unus
1144 2452 1496 2523 relinquetur.
1544 2453 1673 2522 (Id.,
1717 2460 1870 2508 tract.
1922 2453 1977 2506 in
2004 2469 2095 2524 psa

1779 2460 1870 2508 tot.
1922 2453 1977 2506 in
2004 2449 2140 2524 ρδαιο
2246 2472 2380 2518 tom.
2414 2460 2499 2526 IV,
2523 2472 2663 2534 part.
2698 2477 2762 2528 11,
2787 2462 2893 2518 col.
2926 2462 3066 2518 1550
3086 2471 3143 2519 et
3172 2464 3320 2536 seq.)

551 2560 698 2611 XCIX,
730 2556 863 2601 tom.
896 2545 987 2614 IV,
1015 2554 1157 2617 part.
1181 2561 1243 2614 ιι,
1266 2548 1369 2603 col.
1396 2547 1534 2603 1279
1554 2556 1611 2602 et
1640 2545 1783 2619 seq.)

2321 2551 2387 2606 Ut
2416 2570 2583 2608 serves
2608 2551 2935 2619 mandatum,
2975 2565 3073 2608 etc.
3093 2594 3107 2620 ,
3149 2570 3327 2626 usque
3355 2554 3423 2610 ad
3458 2552 3675 2608 Dominus
3696 2549 3751 2600 do-

636 2635 761 2691 I’olo
788 2647 964 2693 autem
978 2638 1244 2709 juniores,
1276 2648 1409 2705 etc.,
1450 2652 1621 2709 usque
1642 2638 1708 2691 ad
1733 2647 1872 2693 retro
1906 2647 2022 2707 post
2044 2635 2145 2692 Sa-

2244 2645 2577 2699 minmuium.
2604 2643 2823 2701 Ostendi
2847 2660 2955 2700 non
2984 2660 3109 2702 esse
3132 2662 3497 2717 consequens,
3520 2654 3631 2709 etc.,
3649 2654 3750 2711 uth

546 2748 749 2793 lanam.
777 2728 1101 2792 Nuntiatum
1136 2729 1341 2790 bonum
1395 2728 1691 2808 apostolica
1738 2727 2065 2787 auctoritate
2088 2724 2143 2780 εἰ
2246 2736 2316 2789 ad
2361 2735 2536 2790 Patris
2568 2744 2762 2790 natura
2795 2751 2899 2791 non
2932 2734 3079 2791 fecit.
3123 2735 3249 2809 (Id.,
3289 2736 3385 2792 lib.
3423 2754 3459 2793 ιι
3490 2745 3643 2790 contra
3679 2728 3750 2785 1ο·

551 2832 845 2888 sohrietate
867 2817 1236 2898 commendat,
1265 2840 1398 2898 etc.,
1454 2848 1619 2903 usque
1650 2830 1718 2886 ad
1749 2832 1947 2887 cadere
1974 2837 2030 2884 ct
2055 2830 2138 2882 in-
2244 2832 2403 2897 mina,
2449 2835 2580 2884 tom.
2620 2825 2751 2892 VIII,
2808 2826 2911 2882 col.
2958 2826 3062 2882 766
3086 2836 3141 2883 et
3165 2827 3311 2899 seq.)

549 2923 735 2978 terire.
763 2923 889 2996 (Id.,
912 2923 1003 2979 lib.
1033 2924 1103 2978 ad
1123 2921 1334 2978 Julian.
1364 2923 1428 2977 de
1451 2932 1620 2978 sanct.
1646 2922 1860 2987 riduit.,
1894 2930 2023 2976 tom.
2048 2918 2138 2987 VI,
2318 2923 2484 2979 Unius
2517 2923 2682 2991 igitur
2722 2918 2964 2993 ejusdem
3014 2935 3135 2979 cum
3166 2920 3332 2975 Patre
3383 2915 3664 2975 substantiae
3690 2916 3751 2973 θείς

551 3017 657 3073 col.
693 3017 844 3088 457.)
1162 3002 1163 3005 η
2244 3023 2376 3080 etc.,
2419 3032 2581 3087 usque
2615 3015 2683 3069 ad
2709 3024 2765 3071 et
2787 3014 2981 3071 Filium
3009 3024 3063 3071 et
3101 3010 3367 3086 Spiritum
3396 3018 3634 3068 sanctum.
3676 3000 3750 3075 (Ῐάη

625 3104 685 3162 Si
710 3109 829 3179 quis
854 3106 1050 3176 ﬁdelis,
1077 3115 1206 3170 etc.,
1236 3118 1410 3176 usque
1436 3106 1502 3161 ad
1538 3100 1778 3177 sufﬁciat.
1814 3102 2064 3159 Habebat
2083 3109 2138 3156 et
2184 3132 2187 3147 π
2246 3107 2337 3163 lib.
2361 3107 2424 3162 dc
2457 3106 2672 3173 Triuia,
2698 3116 2827 3162 tom.
2858 3105 2989 3172 VIII,
3023 3106 3125 3162 col.
3172 3104 3281 3162 825
3311 3117 3369 3162 et
3397 3104 3532 3174 seq.)

553 3200 819 3257 Dominus
838 3198 1065 3265 loculos,
1096 3207 1229 3264 etc.,
1257 3213 1423 3269 usque
1452 3198 1520 3252 ad
1542 3197 1719 3253 viduis
1749 3195 1995 3251 suIIicere
2020 3208 2094 3265 po:

2204 3184 2220 3251 ἶ
2324 3202 2426 3270 Qui
2461 3202 2605 3258 solus
2639 3204 2790 3257 habet
2835 3200 3311 3256 immortalitatem.
3356 3194 3607 3266 Quidquid
3642 3186 3745 3244 etitl

550 3293 646 3350 sit.
705 3289 833 3363 (Id.,
891 3299 1046 3346 tract.
1090 3289 1160 3346 64
1187 3290 1241 3345 in
1295 3289 1495 3361 Evang.
1540 3305 1644 3345 sec.
1675 3288 2021 3355 Joaa.,tom.
2056 3284 2091 3340 ll

2250 3313 2280 3353 a
2312 3297 2533 3353 meliore
2561 3297 2615 3351 in
2645 3296 2904 3379 deterius,
2955 3303 3086 3360 etc.,
3133 3310 3299 3365 usque
3339 3292 3408 3349 ad
3441 3290 3524 3346 ubi
3549 3283 3750 3341 nullaull-

553 3391 699 3454 νυνι.
736 3396 795 3448 It,
828 3381 932 3437 C01.
960 3381 1144 3452 i805-)
2250 3389 2508 3445 tabilitas.
2564 3387 2686 3460 (Id.,
2719 3397 2875 3442 tract.
2898 3387 2970 3443 23
3008 3386 3065 3440 in
3095 3386 3303 3459 Evang.
3335 3402 3440 3442 sec.
3468 3382 3631 3443 10am,
3668 3383 3747 3429 I0!-

630 3472 738 3540 Qui
759 3474 884 3529 bene
904 3481 1160 3544 primunt,
1203 3481 1336 3539 etc.,
1359 3485 1534 3543 usque
1582 3472 1648 3527 ad
1700 3471 1794 3527 sub
1822 3471 2025 3525 duobus
2053 3479 2146 3525 aut

1949 3488 2025 3524 m8
2053 3479 2146 3525 aut
2248 3479 2335 3544 III,
2364 3493 2418 3550 p.
2452 3494 2512 3542 ιι,
2539 3478 2644 3535 cci.
2672 3478 2855 3551 1588.)
3470 3516 3490 3535 .

555 3564 720 3621 tribus
743 3567 976 3621 testibus.
1002 3564 1250 3637 Operarii
1286 3565 1432 3622 enim
1482 3580 1688 3630 sumus,
1724 3575 1853 3631 etc.,
1886 3580 2048 3636 usque
2074 3560 2145 3617 ad
2321 3570 2477 3639 Quod
2507 3571 2580 3626 ait
2609 3570 2902 3642 Apostolus
2931 3589 2945 3624 :
2991 3569 3094 3639 Qui
3120 3568 3271 3627 solus
3318 3569 3484 3625 habet
3515 3551 3748 3619 immortali-

557 3659 781 3716 daturus
835 3673 913 3715 es.
968 3658 1089 3731 (Id.,
1140 3667 1294 3714 tract.
1348 3658 1415 3713 17
1446 3659 1499 3713 in
1556 3657 1757 3729 Erang.
1801 3674 1903 3712 sec.
1953 3653 2144 3722 Joan.,
2248 3670 2438 3729 (atem,
2462 3671 2591 3729 etc.,
2624 3679 2786 3735 usque
2810 3664 2880 3717 ad
2912 3662 3054 3719 idem
3088 3664 3205 3735 ipse
3226 3674 3333 3719 est.
3358 3659 3477 3735 (Id.,
3509 3642 3748 3712 Iib.d¢Tl'I'
3822 3642 3823 3663 ’

552 3759 684 3808 tom.
710 3750 797 3818 Ill,
821 3760 962 3823 part.
988 3767 1049 3816 ιι,
1081 3751 1187 3807 col.
1222 3749 1408 3821 1550.)
2247 3754 2372 3819 m‘t.,
2390 3762 2522 3809 tom.
2555 3751 2691 3818 VIII,
2715 3751 2821 3808 col.
2852 3751 2956 3808 854
2980 3761 3036 3807 et
3061 3753 3203 3823 seq.)

624 3843 879 3925 Nunquid
906 3846 973 3901 de
1004 3846 1176 3902 bobus
1196 3845 1437 3916 pertinet
1481 3843 1548 3899 ad
1582 3843 1773 3909 Deum,
1824 3849 1956 3906 etc.,
1981 3854 2144 3912 usque
2319 3842 2461 3901 Vera
2483 3845 2760 3899 aeternitas
2784 3851 2839 3899 et
2863 3858 2989 3899 vera
3016 3841 3403 3899 immortalitas
3425 3853 3526 3894 non
3553 3841 3638 3925 est.
3662 3834 3746 3921 ειοςο

552 3939 623 3995 ad
669 3923 858 4010 implet
903 3938 1156 3996 olIicium.
1190 3938 1315 4011 (Id.,
1342 3947 1498 3994 tract.
1524 3940 1588 4013 in
1617 3936 1755 4010 psal.
1789 3952 1977 4001 cxxvt,
2007 3944 2140 3991 tom.
2247 3955 2414 4010 usque
2453 3936 2522 3991 ad
2553 3934 2695 3992 facta
2720 3935 2968 3992 mutatio.
2998 3934 3122 4006 (Id.,
3145 3934 3236 3990 lib.
3293 3932 3524 3991 Sentent.
3564 3923 3749 3987 Prom
3822 3946 3823 4019 ἐ

552 4030 647 4098 IV,
672 4039 815 4102 part.
844 4048 908 4099 ιι,
936 4031 1043 4107 col.
1084 4030 1269 4105 l675.)
2246 4040 2381 4087 tom.
2421 4029 2488 4095 X,
2513 4044 2566 4100 p.
2603 4045 2663 4096 ιι,
2695 4027 2797 4084 col.
2831 4028 3016 4098 1859.)

625 4099 907 4177 Christum
933 4100 1220 4177 Dominum
1249 4099 1326 4176 vet
1376 4120 1601 4176 Paulum
1633 4135 1847 4175 servum
1896 4116 2015 4188 ejus
2044 4131 2144 4172 au-
2320 4120 2389 4177 Et
2420 4099 2589 4176 lucem
2612 4119 2893 4188 inhabitat,
2935 4128 3065 4186 etc.,
3118 4132 3291 4188 usque
3331 4112 3401 4173 ad
3439 4113 3605 4167 Amen.
3639 4099 3749 4157 Οωηθ
3822 4128 3823 4171 ς

555 4212 794 4281 diamus,
815 4221 947 4281 etc.,
974 4230 1138 4285 usque
1158 4214 1227 4267 ad
1249 4213 1442 4269 vulnus
1464 4228 1583 4268 csse
1622 4210 1985 4267 mortiferum.
2006 4210 2145 4278 (Id.,
2249 4216 2449 4287 quippe
2487 4215 2631 4287 quod
2685 4214 2858 4271 oculis
2910 4214 3153 4285 corporis
3184 4210 3428 4284 conspici
3456 4210 3633 4279 potest.
3664 4201 3746 4287 ειξν
3822 4200 3823 4263 ξ

552 4322 710 4363 serm.
735 4274 804 4363 85
828 4307 892 4361 de
913 4274 1306 4377 uers.'Evang.,
1332 4312 1460 4359 tom.
1489 4305 1550 4372 V,
1587 4314 1729 4376 part.
1755 4320 1798 4371 1,
1828 4304 1933 4360 col.
1964 4274 2070 4358 510
2092 4274 2163 4357 et.
2249 4274 2414 4378 usque
2445 4274 2522 4361 αιί
2567 4304 2726 4362 sicuti
2776 4315 2879 4361 est.
2912 4274 3034 4375 (ιιιί,
3070 4304 3224 4375 epist.
3254 4274 3338 4358 ad.
3358 4274 3551 4359 Italia,
3590 4274 3745 4344 ιοιιιοιιι
3822 4378 3823 4381 η

553 4399 700 4472 seq.)
1327 4460 1333 4465 _

2251 4396 2355 4452 col.
2387 4395 2537 4468 519.)
2790 4447 2796 4454 .
3498 4472 3501 4473 ν

627 4459 823 4550 λίαηιιε
852 4494 975 4561 cito,
1007 4502 1138 4560 etc.,
1177 4506 1350 4562 usque
1378 4493 1443 4547 ad
1465 4502 1583 4546 tuas
1605 4492 1960 4561 inﬁrmitates.
1993 4488 2147 4545 Sicut
2180 4552 2222 4562 _
2345 4488 2557 4544 Dictum
2616 4497 2701 4543 est
2747 4505 2760 4541 :
2806 4486 2948 4542 Deus
3005 4483 3216 4541 habitat
3264 4483 3440 4539 lucem
3494 4459 3747 4559 iustam?"

553 4601 613 4646 se
641 4584 808 4643 habet
846 4586 1153 4641 ﬁrmissima
1194 4552 1415 4649 veritas,
1441 4590 1573 4647 etc.,
1600 4600 1761 4655 usque
1791 4584 1858 4637 ad
1885 4581 2146 4654 impedia-
2175 4552 2229 4614 D
2256 4581 2382 4646 lem,
2417 4590 2524 4636 etc.
2546 4620 2561 4645 ,
2592 4595 2757 4649 usque
2805 4579 2872 4632 ad
2913 4576 3231 4632 muneribus
3262 4576 3396 4632 suis.
3437 4570 3555 4655 (Id.,
3581 4562 3746 4655 ιζίίξίξίξ
3822 4552 3823 4607 Ῐ

553 4638 806 4751 ξεῖ
1456 4638 1573 4730 VcoI.’
1604 4638 1754 4744 44.4.)
1962 4638 1979 4654 ³
2252 4638 2388 4741 ρδαι.
2425 4638 2592 4725 cxvnt
2621 4638 2893 4733 et'xxxm,
2929 4675 3060 4723 tom.
3092 4664 3183 4734 IV,
3227 4674 3371 4737 part.
3398 4638 3459 4729 ιι,
3486 4654 3577 4713 col.
3604 4638 3746 4703 ISIM

629 4770 994 4838 Quorumdam
1023 4770 1291 4824 hominum
1307 4776 1542 4838 peccata,
1576 4776 1709 4830 etc.,
1735 4781 1908 4836 usque
1927 4765 1992 4819 ad
2020 4764 2142 4819 abs-
2253 4759 2396 4831 seq.)
3704 4812 3731 4838 με

556 4822 712 4919 catuli
757 4879 859 4917 non
902 4871 1139 4934 possunt.
1199 4822 1481 4915 Manifesta
1520 4875 1584 4915 ea
1632 4822 1918 4920 dicit,lde
1947 4856 2143 4927 quibus
2345 4850 2402 4905 Si
2470 4846 2689 4905 modum
2766 4848 3064 4918 quaerimus
3135 4846 3406 4919 quomodo
3476 4822 3744 4934 Ῑοξιξιυδῃῗξ

554 4956 764 5012 clarum
808 4908 1072 5026 estrquod
1115 4954 1297 5010 animo
1331 4953 1481 5018 ﬁant,
1528 4962 1663 5013 etc.,
1700 4968 1860 5024 usque
1917 4908 1986 5005 ad
2035 4965 2143 5021 quo
2252 4944 2415 5009 Deus,
2438 4950 2570 5009 etc.,
2600 4957 2764 5013 ιιδιιυε
2803 4941 2872 4995 ad
2902 4939 3209 5010 repellenda
3238 4948 3344 4995 εει·
3378 4935 3493 5007 (Μον
3520 4925 3689 5026 mf",
3704 4908 3743 4962 ιι

556 5010 990 5105 manifestentui'.
1046 5044 1185 5118 (Id.,
1244 5044 1334 5102 lib.
1391 5062 1429 5100 11
1480 5046 1544 5099 de
1597 5010 1787 5101 Serm:
1829 5010 2097 5098 Domini-1

2255 5031 2387 5101 Gen,
2415 5033 2484 5088 ad
2512 5031 2639 5097 litt.,
2673 5010 2806 5086 tom.
2835 5028 2922 5097 III,
2953 5036 3095 5101 part.
3121 5047 3163 5098 1,
3186 5029 3291 5086 col.
3319 5027 3421 5086 592
3439 5032 3491 5080 et
3512 5010 3628 5087 se‘l-i
3670 5098 3739 5118 μ’]

554 5098 1012 5210 augusti,
1040 5098 1185 5211 aa:
1214 5098 1653 5209 .,".'.l;..97.,"

2325 5098 2586 5182 Divitibus
2614 5125 2774 5196 hujus
2795 5098 2997 5193 sa'culi,
3029 5135 3161 5193 etc.,
3190 5142 3361 5197 usque
3380 5123 3443 5179 ad
3470 5098 3740 5211 Wlapw‘f‘:

2254 5220 2382 5274 dant
2412 5233 2589 5273 veram
2622 5216 2804 5272 vitam.
2836 5216 2983 5272 Nihil
3006 5217 3153 5274 enim
3198 5225 3308 5272 tam
3349 5207 3609 5273 timendum

1167 5333 1397 5396 CAPUT
1437 5332 1526 5389 Vl.
2254 5311 2479 5376 divitiis,
2516 5325 2678 5380 quam
2724 5310 3000 5381 superbia,
3042 5318 3175 5376 etc.,
3224 5304 3384 5381 usque
3424 5301 3489 5359 ad
3512 5287 3738 5396 paul—ntuli“

1210 5381 1283 5469 f“
1309 5381 1344 5392 "
1364 5381 1388 5391 “
1457 5381 1526 5389 “”
2256 5402 2465 5458 mundi.
2500 5402 2622 5475 (Id.,
2655 5419 2814 5458 serm.
2841 5401 2906 5458 de
2934 5401 3073 5458 verb.
3103 5400 3332 5474 Evang.,
3370 5410 3489 5456 tom.
3512 5389 3565 5454 Ὺ,
3587 5383 3688 5455 93"“
3710 5381 3735 5431 ¹¹

629 5496 937 5569 Quicunque
962 5508 1082 5553 sunt
1106 5498 1200 5553 sub
1222 5497 1379 5567 jugo,
1409 5506 1544 5563 etc.,
1568 5511 1743 5567 usque
1782 5494 1846 5550 ad
1890 5505 2147 5567 quazstum
2256 5498 2359 5554 col.
2389 5498 2493 5554 957
2524 5507 2579 5554 et
2609 5506 2753 5570 seq.)
3616 5562 3641 5573 υ
3670 5554 3679 5565 ,

553 5609 666 5650 esse
698 5556 960 5666 pietatem.
990 5592 1123 5662 Qua:
1154 5591 1221 5647 de
1264 5607 1424 5647 servo
1455 5592 1681 5646 Hebraeo
1734 5592 2146 5661 praecipiuntur,
2327 5587 2395 5643 Ut
2426 5556 2815 5660 apprcltenilant
2843 5605 3017 5644 veram
3053 5590 3233 5643 vitam.
3275 5586 3371 5656 Qui
3417 5577 3577 5638 nolunt
3604 5556 3731 5666 ἀξνῗξξ

555 5646 881 5759 etc.,rusque
910 5685 979 5741 ad
1000 5646 1332 5740 recusasset.
1363 5682 1489 5753 (Id.,
1522 5682 1612 5736 lib.
1650 5646 1849 5749 Quivst.
1882 5646 1936 5739 in
1970 5646 2145 5739 Exod:
2256 5685 2397 5751 ﬁeri,
2418 5646 2505 5740 vel
2541 5684 2631 5755 qui
2687 5700 2792 5739 non
2825 5692 3041 5747 curant,
3090 5690 3227 5747 etc.,
3253 5646 3409 5752 u:quc
3447 5670 3507 5727 σά
3538 5653 3648 5737 quod
3677 5646 3731 5701 Μ

558 5794 798 5850 mxvtt,
826 5786 959 5834 tom.
985 5772 1072 5847 III,
1100 5784 1241 5850 part.
1273 5790 1313 5841 1,
1344 5773 1449 5831 col.
1482 5771 1631 5848 621.)

2256 5782 2468 5837 damus.
2503 5777 2625 5852 (Id.,
2657 5776 2813 5846 ibid.,
2845 5775 2949 5832 col.
2975 5773 3082 5830 412
3102 5784 3156 5831 ct
3177 5773 3330 5849 seq.)
