3902 6300
130 334 250 395 809

1061 340 1423 402 exeosmo
1461 342 1527 401 IN
1566 342 1718 402 EPP.
1759 342 1981 405 mnu.
2019 320 2090 389 —'
2127 342 2232 403 ΕΡ.
2267 345 2360 403 an
2395 345 2530 404 τιτ.

3310 352 3417 410 410

184 463 197 467 ’
215 457 428 516 Deiecit
474 458 527 515 in
583 457 822 516 salutare
855 466 1007 517 tuum
1049 460 1230 518 anima
1257 474 1399 523 mea.
1440 462 1621 519 Bonus
1647 472 1733 521 est
1758 469 1806 528 Α
1833 476 1988 520 error
2012 466 2215 536 appetit
2241 466 2559 534 inﬁdelium,
2588 468 2799 525 veriora
2824 469 2878 527 in
2907 477 3168 529 aeternum
3194 488 3418 531 manen-

126 566 295 624 ergo,
322 561 453 617 ctc.,
487 567 651 623 usque
678 553 749 606 ad
777 569 808 607 ιι
834 553 1181 611 credentibus
1209 569 1316 610 non
1342 555 1575 612 videtur.
1603 556 1727 629 (ld.,

130 643 199 700 in
224 642 420 715 psalm.
449 659 637 711 cxvm,
666 653 797 700 tom.
828 644 920 711 IV,
947 654 1090 716 part.
1119 661 1180 711 ιι,
1209 647 1315 703 col.
1347 646 1530 719 1557.)

213 732 276 790 Si
302 734 446 790 enim
469 749 715 792 amamus
752 734 1050 805 Christum,
1084 738 1269 809 utique
1295 739 1586 796 adventum
1615 742 1732 813 ejus

129 821 458 882 desiderare
495 824 776 894 debemus,
805 835 933 895 ctc.,
963 844 1125 899 usque
1151 829 1221 883 ad
1258 828 1418 885 modo
1443 831 1568 902 quis
1604 846 1732 903 pro-

127 914 314 972 hibet.
351 915 492 988 (ld.,
537 916 595 973 in
617 918 807 990 psalm.
837 932 1042 986 cxcvn,
1081 928 1212 977 tom.
1239 919 1332 988 ιν,
1360 930 1503 992 part.
1531 937 1596 990 ιι,
1623 922 1727 979 col.

129 1008 285 1066 1913
309 1018 365 1065 et
388 1010 529 1083 seq.)

215 1101 478 1174 Superest
513 1105 644 1161 mihi
694 1116 893 1163 corona
929 1104 1176 1177 justitim.
1218 1106 1413 1164 Omnia
1452 1108 1558 1165 dici
1600 1123 1730 1180 pos-

127 1204 271 1249 sunt
295 1194 362 1251 de
390 1195 482 1251 illa
513 1196 772 1254 ineffabili
797 1198 1156 1269 perfruitione
1183 1201 1452 1257 veritatis.
1487 1200 1557 1256 Et
1578 1210 1729 1257 tanto

62 1270 78 1281 ’
128 1285 322 1355 magis
349 1287 531 1342 omnia
562 1288 666 1344 dici
693 1298 940 1360 possunt,
982 1302 1189 1361 quanto
1231 1292 1410 1347 minus
1433 1291 1595 1363 digne
1624 1292 1729 1348 dici

131 1372 348 1446 aliquid
377 1386 576 1448 potest.
604 1377 741 1434 Nam
781 1389 838 1435 et
862 1380 954 1436 lux
979 1391 1062 1437 est
1085 1381 1534 1451 illuminatorum,
1563 1390 1619 1440 et
1642 1398 1729 1439 re-

131 1468 300 1538 quies
339 1472 784 1540 exercitatorum,
816 1484 873 1531 et
909 1476 1087 1546 patria
1113 1478 1475 1544 redeuntium,
1517 1487 1574 1534 et
1603 1491 1729 1535 esca

130 1556 523 1631 indigentium,
565 1573 622 1620 et
644 1579 843 1621 corona
885 1563 1218 1623 vincentium
1245 1585 1261 1622 :
1293 1577 1349 1624 et
1394 1584 1731 1641 quaecunque

128 1646 283 1707 bona
314 1653 685 1724 temporaliter
712 1658 1052 1715 transeuntia
1108 1675 1205 1731 per
1234 1668 1499 1717 creatura:
1542 1669 1728 1733 partes

1838 554 1911 608 tia
1954 554 2007 609 in
2038 553 2297 612 Creatore
2341 558 2582 613 onmium
2612 559 2772 615 simul
2821 561 3103 619 inventura
3133 575 3217 621 est
3244 566 3419 637 pietas

1835 646 2092 703 ﬁliorum.

1904 738 2205 794 Alexander
2243 742 2510 808 wrarius.,
2555 753 2659 811 etc,
2704 758 2876 815 usque
2918 746 2986 801 ad
3037 748 3228 801 resistit
3254 747 3418 804 verbis

1835 830 2047 884 nostris.
2071 828 2189 886 Non
2215 832 2293 887 ait
2312 834 2523 897 reddat,
2543 836 2638 891 sed
2664 836 2851 894 reddet
2872 837 2948 893 illi
2976 837 3258 907 Dominus,
3284 849 3417 906 ctc.,

1796 984 1803 989 _
1834 937 1998 995 usque
2036 922 2106 978 ad
2134 938 2277 995 saepe
2303 927 2637 985 cecinerunt.
2671 928 2796 999 (ld.,
2824 930 2916 986 lib.
2955 931 3021 986 de
3050 930 3219 988 Serm.
3256 931 3415 988 Dom.

1833 1011 1892 1067 in
1917 1022 2112 1080 monte,
2144 1022 2275 1069 tom.
2306 1013 2394 1081 111,
2425 1026 2565 1087 part.
2597 1034 2633 1082 I,
2668 1019 2771 1075 col.
2804 1020 2989 1093 I265.)

1905 1106 1974 1162 Et
2004 1107 2304 1165 redditione
2352 1110 2539 1167 reddet
2565 1112 2720 1168 vobis
2751 1114 2933 1170 omnia
2976 1114 3140 1182 mala,
3168 1124 3298 1183 ctc.,
3325 1131 3418 1172 us-

1832 1218 1932 1273 que
1960 1200 2030 1257 ad
2059 1202 2141 1259 vel
2172 1201 2471 1276 lecit.|(ld.,
2490 1206 2579 1260 lib.
2600 1203 2784 1263 Locut.
2814 1206 2969 1274 Gen.,
2996 1218 3128 1266 tom.
3160 1208 3244 1276 Ill,
3276 1215 3419 1281 part.

1837 1310 1879 1362 I,
1910 1294 2014 1351 col.
2046 1296 2198 1368 502.)

1907 1386 1976 1443 In
2005 1389 2175 1458 prima
2219 1406 2334 1445 mea
2374 1391 2694 1462 defensione,
2744 1404 2876 1460 ctc.,
2912 1411 3082 1467 usque
3127 1398 3192 1451 ad
3232 1398 3417 1453 Arnen.

1836 1477 1953 1535 Non
2004 1491 2127 1536 orat
2157 1496 2254 1553 pro
2280 1482 2609 1553 Alexandro,
2661 1498 2795 1554 ctc.,
2827 1504 2988 1559 usque
3021 1490 3089 1542 ad
3124 1504 3228 1544 non
3261 1487 3417 1544 exhl-
3473 1537 3481 1550 .

1836 1571 2032 1627 Interit.
2086 1572 2213 1643 (ld.,
2261 1574 2352 1629 lib.
2384 1590 2401 1631 ι
2435 1576 2499 1629 de
2534 1574 2705 1632 Serm.
2755 1578 2911 1634 Dom.
2958 1580 3014 1634 in
3039 1590 3258 1642 monte.,
3286 1587 3417 1634 tom.

1834 1661 1924 1732 IlI,
1950 1675 2092 1735 part.
2124 1680 2164 1733 ι,
2193 1665 2300 1723 col.
2336 1666 2517 1739 I266.)

136 1811 3415 1859 -——_.___._______________________

1072 1973 1181 2055 ΙΝ
1260 1974 1851 2056 EPISTOLAM
1910 1977 2046 2057 AD
2121 1981 2501 2061 TITUM.

1529 2135 1995 2157 --

676 2214 1186 2276 ARGUMENTUM.

126 2398 489 2471 presbyterii,
537 2406 593 2461 et
624 2398 693 2454 de
741 2399 972 2470 spiritali
997 2401 1429 2470 conversatione,
1477 2411 1534 2459 et
1563 2403 1734 2461 haere-

125 2489 268 2547 ticis
324 2490 584 2557 vitandis,
637 2491 731 2562 qui
782 2491 1166 2551 traditionibus
1207 2489 1450 2552 Judaieis
1480 2496 1729 2566 credunt,

126 2582 383 2640 scribens
411 2582 460 2639 ei
499 2597 533 2639 a
553 2580 823 2654 Nicopoli.

663 2695 893 2754 CAPUT
930 2696 1222 2757 PRIMUM.

207 2785 417 2843 Paulus
444 2804 623 2845 servus
649 2787 773 2857 Dei,
800 2791 1088 2862 apostolus,
1117 2801 1246 2863 ctc.,
1280 2809 1451 2867 usque
1473 2796 1543 2854 ad
1572 2795 1729 2854 Chri-

127 2888 218 2936 sto
245 2876 375 2934 Iesu
399 2876 676 2936 Saluatore
701 2892 899 2938 nostro.

207 2971 353 3029 Dicit
387 2971 705 3045 Apostolus,
736 2983 980 3047 tempora
1010 2986 1236 3047 :eterna,
1283 2989 1412 3042 ctc.,
1456 2998 1619 3053 usque
1662 2985 1733 3040 ad

128 3060 379 3118 futurum
428 3073 566 3120 erat.
598 3063 726 3138 (ld.,
767 3064 857 3122 lib.
898 3083 974 3125 xu
1014 3069 1080 3125 de
1105 3069 1263 3128 Civit.
1296 3071 1413 3139 Dei,
1444 3081 1579 3131 tom.
1618 3073 1730 3140 VII,

132 3156 246 3215 oui.
268 3157 374 3215 565
398 3167 455 3215 et
479 3159 621 3231 seq.)

211 3247 272 3305 Si
300 3250 353 3306 in
372 3250 643 3322 principio
669 3253 952 3325 temporis,
978 3262 1113 3322 ctc.,
1144 3272 1308 3329 usque
1331 3258 1402 3312 ad
1417 3256 1627 3329 justum
1647 3266 1731 3315 est

131 3342 306 3399 enim.
340 3343 466 3415 (ld.,
494 3342 635 3400 lib.t
674 3345 740 3400 de
781 3343 913 3402 Gen.
947 3356 1117 3403 contr.
1172 3347 1435 3418 Manich.,
1471 3360 1604 3408 tom.
1636 3350 1725 3419 111,

130 3441 282 3505 part.
309 3448 351 3500 I,
374 3432 476 3490 col.
506 3433 612 3489 174
637 3443 694 3490 et
727 3434 869 3508 seq.)

208 3520 390 3590 Quaeri
430 3531 609 3593 potest
654 3523 927 3594 quomodo
972 3524 1040 3581 ab
1086 3525 1348 3597 Apostolo
1376 3526 1582 3583 dictum
1631 3528 1725 3595 sit,

1754 2231 1804 2292 Β
1830 2224 2068 2292 veritati,
2123 2232 2257 2293 ctc.,
2308 2240 2470 2296 usque
2496 2225 2567 2280 ml
2612 2239 2719 2282 non
2766 2225 3106 2284 contradicit.
3136 2225 3273 2298 (ld.,
3313 2224 3419 2284 col.

211 2305 398 2365 Titum
442 2308 861 2366 commonefacit
895 2318 951 2366 et
990 2312 1210 2367 instruit
1235 2310 1303 2369 de
1348 2314 1733 2372 constitutione
1779 2364 1782 2367 λ

1836 2317 1988 2389 965.)

1910 2408 2055 2464 Dixit
2071 2408 2288 2480 quidam
2313 2424 2379 2464 ea:
2404 2407 2530 2475 illis,
2547 2417 2683 2477 ctc.,
2704 2424 2877 2481 usque
2897 2410 2964 2466 ad
2989 2428 3020 2465 a
3047 2410 3281 2466 ueritate.
3302 2408 3423 2467 1am
3494 2413 3506 2425 ⁸

1834 2502 1965 2559 illud
1982 2518 2087 2559 non
2113 2502 2302 2568 miror,
2330 2504 2473 2573 quod
2502 2503 2682 2568 homo,
2701 2512 2831 2570 ctc.,
2858 2520 3019 2575 usque
3032 2504 3103 2558 ad
3122 2503 3419 2559 secundum

1836 2610 1932 2652 vos
1977 2596 2253 2651 dixerunt.
2291 2594 2418 2665 (ld.,
2452 2594 2544 2648 lib.
2576 2603 2747 2649 contr.
2774 2594 2925 2649 inim.
2961 2594 3059 2665 leg.
3110 2603 3159 2649 et
3211 2593 3421 2665 proph.,

1836 2703 1966 2748 tom.
1996 2689 2133 2756 vut,
2161 2690 2265 2747 col.
2289 2688 2394 2745 διδ
2419 2700 2474 2744 et
2497 2688 2640 2760 seq.)
2834 2670 2847 2685 ’

1907 2781 2101 2838 Omnia
2125 2780 2346 2846 munda,
2369 2788 2500 2847 ctc.,
2532 2793 2703 2850 usque
2730 2778 2798 2836 ad
2831 2788 2881 2834 et
2920 2778 3259 2836 conscientia.
3285 2777 3425 2835 Cum

1833 2873 1912 2931 ait
1939 2872 2251 2945 Apostolus.
2281 2870 2474 2929 Omnia
2516 2871 2716 2927 munda
2759 2870 2999 2936 mundis,
3030 2882 3251 2928 naturas
3279 2871 3426 2941 ipsas

1835 2966 2062 3038 intelligi
2098 2965 2286 3032 voluit,
2313 2974 2447 3032 ctc.,
2478 2981 2640 3034 usque
2685 2964 2755 3019 ad
2806 2980 2960 3021 mens
2987 2974 3041 3021 et
3068 2964 3421 3021 conscientia.

1835 3056 1961 3128 (Idi,
1983 3057 2053 3111 lib
2076 3064 2245 3112 contr.
2282 3054 2477 3111 Faust.
2514 3057 2598 3111 tit.
2653 3073 2768 3124 LXI,
2812 3065 2944 3113 tom.
2988 3055 3124 3123 Vlll,
3169 3055 3274 3112 col.
3317 3054 3424 3111 497

1833 3157 1891 3206 et
1911 3150 2058 3221 seq.)

1904 3245 2206 3302 lmmundis
2225 3252 2406 3301 autem
2437 3253 2493 3299 et
2516 3241 2827 3300 inﬁdelibus
2848 3242 2983 3300 nihil
3018 3251 3105 3299 est
3142 3241 3424 3309 mundum,

1833 3341 1961 3401 ctc.,
1995 3352 2158 3406 usque
2197 3335 2265 3389 ad
2288 3336 2378 3405 qui
2407 3334 2676 3405 displicet.
2699 3333 2826 3406 (ld.,
2853 3335 2911 3390 in
2931 3335 3121 3406 psalm.
3149 3345 3264 3398 unt,
3290 3339 3423 3389 tom.

1832 3426 1924 3494 IV,
1960 3436 2102 3499 part.
2143 3442 2204 3491 ιι,
2234 3426 2340 3482 col.
2371 3424 2558 3495 I362.)

1903 3520 2205 3576 lmmundis
2218 3528 2274 3576 et
2300 3518 2632 3586 inﬁdelibus,
2646 3532 2878 3589 quorum
2901 3516 3104 3589 polluta
3128 3524 3254 3573 sunt
3273 3528 3428 3572 mens

128 3611 279 3669 Ante
306 3622 548 3685 tempora
577 3625 806 3681 acterna,
850 3625 986 3684 ctc.,
1016 3632 1180 3689 usque
1207 3620 1278 3673 ad
1305 3628 1518 3691 tempus
1543 3628 1727 3677 autem
1757 3605 1805 3671 C
1834 3621 1891 3668 et
1920 3613 2279 3679 conscientia,
2302 3621 2611 3683 ctc.,usque
2625 3610 2695 3665 ad
2712 3609 3047 3666 enuntiatur.
3066 3608 3299 3682 (ld.,lib.
3342 3620 3422 3664 xu

130 3704 417 3761 mutabile.
459 3705 585 3777 (ld.,
620 3706 712 3762 lib.
753 3705 977 3776 Qulest.,
1005 3718 1135 3765 tom.
1168 3712 1259 3779 VI,
1285 3712 1388 3768 col.
1424 3713 1540 3786 84.)

208 3793 390 3866 Hujus
414 3796 486 3851 rei
505 3798 702 3868 gratia,
726 3807 858 3865 ctc.,
886 3814 1057 3870 usque
1076 3801 1143 3857 ad
1168 3802 1388 3858 crimine
1415 3814 1510 3859 est.
1539 3803 1729 3862 Nullus

126 3888 192 3946 in
214 3885 461 3945 Ecclesia
490 3899 637 3947 recte
656 3900 842 3961 posset
866 3892 1133 3960 ordinari,
1172 3903 1306 3963 ctc.,
1354 3912 1518 3968 usque
1547 3897 1617 3951 ad
1642 3913 1729 3954 re-

129 3984 440 4041 mittantur.
477 3983 603 4057 (Id.,
634 3984 724 4040 lib.
775 3988 845 4042 ad
869 3986 1023 4043 Boni.
1078 4004 1271 4059 papam
1300 3990 1463 4056 urbis,
1493 3999 1624 4047 tom.
1659 3989 1728 4057 Χ,

125 4085 276 4146 part.
309 4090 349 4141 :,
370 4074 476 4132 col.
503 4074 611 4133 563
640 4084 696 4133 et
716 4079 859 4149 seq.)

204 4166 513 4235 Quemlibet
535 4167 693 4224 valde
713 4166 923 4239 justum
961 4170 1296 4229 discutiasin
1316 4173 1419 4231 hac
1433 4173 1567 4243 vita,
1592 4183 1729 4244 ctc.,

130 4275 307 4331 usque
330 4257 401 4313 ad
430 4258 822 4335 norkperl‘ecta
870 4261 1116 4320 libertas.
1170 4264 1296 4336 (ld.,
1354 4275 1508 4323 tract.
1558 4267 1623 4325 41
1672 4268 1732 4324 in

123 4347 321 4415 10am,
354 4357 483 4405 tom.
508 4348 598 4417 111,
628 4359 771 4424 part.
802 4368 868 4421 tt,
897 4354 1004 4413 col.
1037 4355 1223 4427 1697.)

206 4438 306 4496 Illa
331 4455 454 4512 quae
468 4441 684 4513 apathia
698 4440 887 4501 Graece
909 4445 1130 4513 dicitur,
1159 4456 1292 4516 ctc.,
1319 4465 1485 4522 usque
1514 4450 1583 4505 ad
1604 4465 1732 4509 esse

122 4531 399 4605 peiorem.
427 4529 555 4605 (ld.,
584 4532 676 4596 lib.
718 4550 809 4589 m
858 4537 923 4594 de
969 4535 1123 4595 Civit.
1155 4539 1277 4608 Dei,
1304 4549 1436 4600 tom.
1468 4540 1583 4612 VII,
1625 4542 1728 4600 col.

125 4623 293 4696 sis.)

210 4711 381 4772 Unius
409 4720 594 4775 uxoris
622 4720 720 4788 uir,
768 4729 896 4788 ctc.,
944 4737 1115 4795 usque
1156 4724 1227 4780 ad
1256 4736 1521 4794 sanctum,
1560 4730 1733 4785 conti-

126 4819 363 4865 nentem.
415 4810 674 4870 Ecclesiae
701 4814 1130 4886 dispensatorem
1161 4832 1267 4872 non
1295 4817 1461 4876 licere
1485 4821 1731 4876 ordinari

125 4900 244 4959 nisi
286 4902 447 4960 unius
480 4906 668 4963 uxoris
719 4908 921 4974 virum,
949 4916 1082 4974 etc.,
1106 4925 1270 4981 usque
1288 4912 1359 4964 ad
1383 4926 1605 4983 semper
1646 4923 1732 4971 est

122 4992 360 5053 malum.
391 4993 514 5068 (ld.,
543 4997 635 5055 lib.
660 4998 726 5055 de
763 4998 911 5056 Bono
938 4976 1338 5071 conjug.,'tom.
1364 5001 1458 5070 VI,
1487 4976 1593 5059 col.
1624 5004 1729 5062 537
1758 4976 1810 5037 Ι)

126 5090 195 5139 et
229 5097 349 5154 seq.

229 5097 349 5154 seq.

205 5083 613 5247 Ampzectentem
641 5198 783 5249 eum,
805 5191 937 5251 ctc.,
966 5198 1138 5254 usque
1158 5184 1228 5240 ad
1254 5183 1392 5240 lucri
1418 5186 1612 5257 gratia.
1643 5185 1729 5241 ln-

126 5277 221 5326 ter
267 5270 457 5338 multa,
506 5284 639 5343 ctc.,
694 5291 856 5345 usque
906 5276 977 5329 ad
1006 5291 1230 5332 servare
1281 5292 1370 5334 res
1424 5295 1569 5334 suas.
1603 5278 1726 5351 (lu.,

120 5376 294 5418 urna.
323 5362 389 5417 de
414 5364 550 5420 vcrb.
580 5368 762 5437 Apost.
814 5376 944 5423 tom.
990 5366 1053 5432 V,
1104 5378 1243 5440 part.
1279 5385 1317 5436 ι,
1349 5371 1453 5427 col.
1484 5369 1634 5441 961.)

203 5451 342 5525 Quis
361 5457 507 5514 enim
523 5459 686 5517 audet
705 5461 1046 5532 apertissime
1061 5461 1329 5532 loquendo
1353 5467 1729 5545 contradicere

1833 3704 1898 3760 de
1920 3703 2134 3769 Trinit.,
2165 3715 2297 3760 tom.
2329 3701 2463 3770 VIII,
2492 3702 2597 3759 col.
2629 3699 2766 3757 1000
2786 3710 2843 3756 et
2865 3700 3007 3773 seq.)

1903 3796 2233 3864 Conﬁtentur
2245 3811 2300 3851 se
2321 3810 2491 3860 nosse,
2513 3802 2648 3860 ctc.,
2668 3807 2842 3863 usque
2867 3793 2945 3848 ad
2966 3791 3158 3846 bonum
3195 3789 3424 3861 reprobi.

1831 3886 2153 3958 Quicunque
2182 3895 2344 3959 negat
2372 3885 2517 3957 quod
2543 3885 2703 3942 Jesus
2730 3900 2836 3941 non
2882 3885 2953 3941 sit
2989 3883 3258 3949 Christus,
3289 3891 3425 3949 ctc.,

1830 3994 1995 4051 usque
2024 3977 2095 4032 ad
2122 3976 2642 4034 eteontremiscunt.
2663 3976 2789 4048 (ld.,
2810 3990 2969 4030 serm.
2998 3975 3053 4029 in
3071 3971 3427 4045 epist..loan.,

1835 4082 1967 4128 tom.
2007 4070 2095 4139 111,
2141 4079 2286 4143 part.
2336 4085 2399 4138 ιι,
2447 4068 2553 4126 col.
2594 4066 2738 4123 2027
2786 4075 2844 4125 et
2887 4081 3029 4139 seq.,
3078 4074 3135 4122 et
3189 4063 3332 4121 2054
3371 4071 3430 4120 et

1832 4176 1929 4220 seu
1937 4202 1950 4217 .

1895 4163 2051 4308 ﬁlia
2099 4251 2284 4308 ovium
2321 4249 2431 4306 late
2475 4249 2682 4322 iacent,
2724 4255 2856 4316 ctc.,
2903 4262 3068 4318 usque
3110 4245 3179 4301 ad
3231 4243 3424 4300 ambos

1832 4343 2053 4401 occidit.
2071 4343 2193 4416 (ld.,
2219 4343 2316 4398 lib.‘
2333 4342 2399 4398 de
2422 4340 2661 4410 Pastor.,
2686 4349 2820 4399 tom.
2845 4337 2913 4407 V,
2939 4348 3080 4412 part.
3110 4355 3153 4405 I,
3184 4336 3287 4394 col.
3321 4334 3429 4391 274

1833 4449 1890 4496 et
1909 4440 2053 4513 seq')
2463 4506 2691 4565 CAPUT
2738 4505 2803 4562 ιι.

1908 4624 1987 4681 Tu
2001 4636 2174 4682 autent
2186 4625 2420 4698 loquere,
2433 4633 2568 4691 ctc.,
2585 4635 2758 4693 usque
2779 4620 2847 4677 ad
2866 4632 3017 4675 nemo
3038 4626 3086 4672 te
3105 4620 3425 4672 contemnat.

1837 4718 2108 4792 Jejuuium
2141 4734 2397 4791 magnum
2426 4725 2482 4773 et
2502 4713 2773 4788 generale,
2813 4720 2945 4779 ctc.,
2970 4725 3134 4781 usque
3181 4707 3252 4761 ad
3303 4704 3428 4761 Sal-

1834 4812 2039 4867 vatoris
2061 4811 2230 4866 nostri
2259 4808 2387 4866 Jesu
2423 4799 2643 4864 Christi.
2674 4805 2797 4879 (ld.,
2824 4813 2979 4858 tract.
3012 4801 3066 4855 in
3093 4798 3297 4870 Evang.
3319 4812 3425 4853 sec.

1833 4903 2021 4969 Joau.,
2053 4911 2183 4959 tom.
2213 4901 2296 4967 Ill,
2321 4908 2466 4972 part.
2496 4915 2556 4963 ιι,
2589 4896 2693 4953 col.
2726 4894 2913 4967 1529.)

2467 5051 2696 5111 CAPUT
2737 5049 2827 5108 Ill.

1906 5172 2143 5227 Admone
2190 5168 2308 5224 illos
2352 5167 2698 5240 principibus,
2743 5172 2877 5230 ctc.,
2929 5176 3102 5232 usque
3131 5159 3197 5216 ad
3239 5158 3424 5214 Anien.

1836 5262 1968 5329 Quis
1994 5278 2098 5316 non
2138 5260 2404 5327 intelligat
2459 5258 2512 5312 in
2546 5258 2764 5312 lavacro
2810 5249 3257 5326 regenerationis,
3290 5258 3422 5316 ctc.,

1836 5371 1995 5425 usque
2044 5354 2112 5408 ml
2178 5366 2273 5423 per
2325 5350 2641 5423 patientiam
2695 5356 3099 5417 exspectamus.
3158 5342 3284 5415 (ld.,
3328 5341 3421 5399 lib.

1833 5456 2002 5499 contr.
2047 5441 2233 5499 Faust.
2269 5451 2402 5497 tom.
2435 5438 2567 5507 VIII,
2600 5438 2707 5496 col.
2741 5437 2849 5493 475
2881 5444 2936 5492 et
2965 5435 3105 5507 seq.)

1154 5762 2424 5802 ψ
