3902 6300
583 314 685 373 ιη

1801 312 2009 372 FLORI
2047 312 2318 370 DIACONI
2349 311 2651 370 MONACHI
2920 352 2925 359 ε
3707 317 3768 376 lli

1323 615 1473 692 VIN
1536 610 2127 691 EPISTOLAM
2192 606 2323 688 AD
2388 604 3117 691 PI’IILEMONEM.

1129 842 1660 913 ARGUMENTUM.‘

662 950 960 1006 Philemoni
1006 949 1298 1005 familiares
1341 950 1549 1005 litteras
1594 948 1724 1005 facit
1772 965 1872 1021 pro
1916 948 2191 1006 Onesimo-

2206 867 2256 925 Α
2285 855 2843 928 scripsitApostolus,
2867 863 2926 911 ut
2952 870 3060 911 non
3091 856 3245 927 quasi
3268 871 3338 911 ex
3366 858 3676 922 necessitate,
3692 872 3771 923 etc,

2280 967 2445 1022 usque
2486 950 2555 1004 ad
2584 966 2684 1021 pro
2732 951 2870 1004 bona
2926 948 3223 1005 voluntate.
3256 948 3381 1019 (Id.,
3414 948 3501 1004 lib.
3538 950 3595 1005 de
3619 949 3769 1022 Perfert.

592 1059 747 1098 servo
770 1043 907 1113 ejus,
946 1044 1189 1096 scribens
1212 1043 1258 1098 ei
1278 1044 1344 1097 ah
1370 1044 1505 1098 urbe
1539 1042 1709 1099 Roma
1739 1044 1806 1099 de
1835 1059 2055 1100 carcere
2076 1059 2174 1116 per
2272 1045 2408 1116 just.
2437 1045 2595 1126 hom.“
2620 1053 2729 1098 tom
2756 1043 2826 1109 Χ,
2856 1052 2997 1114 part.
3028 1042 3190 1109 I,COI.
3217 1042 3372 1115 275.)

590 1133 1013 1203 suprascriptum
1042 1131 1384 1189 Onesimum.

1102 1247 1330 1305 CAPUT
1359 1247 1650 1305 PRIMUM.

659 1335 864 1394 Paulus
914 1341 1114 1394 vinctus
1156 1340 1351 1396 Christi
1385 1340 1514 1395 Jesu
1545 1352 1591 1395 et
1638 1340 1937 1395 Timotheus
1986 1341 2171 1410 frater,

582 1440 715 1497 etc.,
748 1446 919 1502 usque
950 1433 1015 1487 ad
1042 1433 1263 1502 teipsum
1301 1432 1430 1486 milii
1458 1431 1630 1487 debes.
1679 1431 1762 1487 Ad
1803 1432 2174 1488 Philemonem

2354 1154 2441 1211 Ita
2474 1157 2640 1228 frater
2664 1175 2778 1229 ego,
2808 1166 2941 1223 etc.,
2975 1172 3145 1227 usque
3174 1156 3240 1213 ad
3278 1158 3464 1211 Amen.
3490 1155 3608 1211 Cum
3631 1158 3770 1213 homine

2282 1249 2337 1305 in
2358 1248 2469 1304 Deo
2499 1248 2716 1314 frueris,
2759 1258 2890 1314 etc.,
2922 1264 3084 1319 usque
3125 1247 3194 1301 ad
3228 1247 3635 1302 ineommutahili
3671 1249 3769 1302 lotio.

2284 1339 2411 1414 (Id.,
2448 1339 2539 1394 lib.
2572 1340 2635 1395 de
2658 1338 2843 1396 Doctr.
2880 1337 3097 1403 Christ.,
3133 1345 3264 1394 tom.
3292 1337 3385 1405 III,
3419 1345 3551 1408 part.
3578 1354 3611 1405 ι,
3647 1339 3771 1395 coli!

2283 1439 2338 1487 et
2358 1429 2496 1503 seq.)

590 1575 3771 1603 mm

1434 1730 1545 1808 IN
1611 1710 2199 1808 EPISTOLAM
2280 1732 2415 1807 AD
2494 1730 2999 1810 HEBBEOS.

1126 1969 1633 2028 ARGUMENTUM.

650 2062 710 2120 In
760 2063 954 2136 primis
996 2063 1284 2119 dicendum
1314 2074 1400 2120 est
1426 2082 1524 2120 cur
1554 2066 1830 2136 apostolus
1867 2066 2066 2123 Paulus
2114 2068 2167 2124 in

582 2157 683 2213 hac
707 2156 935 2227 epistola
959 2157 1247 2213 scribendo
1279 2174 1385 2212 non
1411 2158 1714 2213 servaverit
1740 2174 1948 2215 morem
1982 2175 2166 2226 suum,

581 2259 643 2305 ut
662 2250 748 2306 vel
770 2250 1093 2319 vocabulum
1122 2250 1359 2305 nominis
1386 2250 1467 2306 sui
1494 2251 1576 2308 vel
1605 2253 1812 2307 ordinis
1835 2254 2171 2308 describeret

580 2342 920 2415 dignitatem.
968 2342 1095 2400 Haac
1139 2358 1305 2398 causa
1350 2354 1471 2399 est:
1512 2345 1653 2415 quod
1682 2347 1748 2401 ad
1785 2362 1878 2402 eos
1922 2349 2167 2403 scribens

579 2435 669 2504 qui
716 2450 783 2490 ex
808 2433 1226 2491 circumcisione
1275 2436 1641 2502 crediderant,
1700 2438 1856 2509 quasi
1923 2439 2166 2510 gentium

550 2513 860 2597 'apostolus
888 2533 943 2581 et
964 2541 1073 2581 non
1100 2525 1449 2582 Hebraeorum
1480 2545 1493 2582 :
1526 2529 1706 2583 sciens
1735 2545 1951 2600 quoque
1978 2545 2165 2585 eorum

576 2618 905 2689 superbiam,
946 2632 1209 2690 suamque
1235 2620 1598 2675 humilitatem
1622 2620 1737 2692 ipse
1762 2620 2161 2689 demonstrans,

491 2784 494 2787 η
576 2709 834 2764 meritum
860 2707 1021 2765 oliicii
1042 2713 1127 2765 sui
1152 2711 1630 2769 noluitanteferre.
1660 2712 1794 2768 Nam
1813 2713 1974 2769 simili
2004 2715 2163 2771 modo

574 2800 735 2856 etiam
795 2801 1032 2858 Joannes
1082 2804 1363 2874 apostolus
1415 2815 1641 2877 propter
1696 2806 2056 2864 humilitatem
2110 2809 2163 2864 in

573 2892 799 2963 epistola
824 2908 921 2947 sua
947 2909 1142 2949 nomen
1167 2911 1324 2950 suum
1355 2895 1544 2951 eadem
1586 2898 1797 2954 ratione
1834 2914 1941 2954 non
1964 2908 2165 2971 praetu-

570 2981 653 3061 ιιι.
671 2980 822 3038 Hanc
846 3000 976 3057 ergo
997 2986 1279 3056 epistolam
1305 2988 1480 3043 fertur
1502 2989 1790 3059 Apostolus
1819 2993 1884 3046 ad
1904 2992 2163 3050 Hebraeos

561 3074 936 3143 ronscriptam
968 3074 1239 3132 Heliraiea
1270 3076 1451 3149 lingua
1483 3081 1696 3136 misisse
1725 3101 1738 3136 :
1765 3084 1919 3153 cujus
1942 3100 2160 3141 sensum

569 3174 627 3220 et
694 3166 940 3221 ordinem
1017 3168 1259 3225 retinens
1338 3170 1513 3226 Lucas
1590 3175 1962 3247 evangelista,
2038 3188 2163 3249 post

571 3266 859 3313 excessum
893 3259 1123 3330 apostoli
1147 3260 1295 3316 Pauli
1326 3260 1513 3320 Graeco
1541 3281 1793 3323 sermone
1834 3271 2155 3340 composuit.

1069 3370 1298 3429 CAPUT
1363 3373 1655 3433 PRIMUM.

643 3459 937 3533 Mullifarie
960 3464 1237 3538 multisque
1263 3468 1454 3534 modis,
1502 3480 1634 3535 etc.,
1675 3487 1848 3542 usque
1895 3474 1962 3528 ad
1988 3473 2159 3530 luere-

570 3551 685 3607 dem
714 3556 1094 3611 universorum.
1156 3558 1282 3615 Erat
1327 3559 1416 3615 ille
1444 3561 1698 3618 dominus
1748 3564 2155 3635 prophetarum,

569 3653 700 3713 etc.,
732 3665 894 3720 usque
914 3651 986 3704 ad
1016 3650 1266 3708 dominus
1287 3662 1422 3707 erat.
1453 3652 1573 3725 (Id.,
1607 3664 1759 3710 tract.
1784 3655 1856 3710 25
1882 3657 1936 3711 in
1952 3657 2154 3732 Evang.

566 3755 669 3793 sec.
693 3739 854 3794 Joan.
882 3748 1014 3797 tom.
1042 3742 1129 3807 IIl,
1163 3753 1305 3814 part.
1335 3761 1395 3808 ιι,
1429 3745 1537 3801 col.
1568 3746 1710 3802 I595
1736 3756 1785 3801 et
1819 3749 1960 3821 seq.)

638 3828 887 3904 Tempus,
904 3835 1191 3890 constituit
1220 3836 1484 3892 Dominus
1508 3839 1811 3907 promissis,
1836 3849 1968 3906 etc.,
1996 3857 2158 3912 usque

566 3925 636 3982 ad
661 3927 927 3982 creditum
952 3937 1383 3998 exspectaretur.
1404 3928 1526 4001 (Id.,
1544 3939 1697 3983 tract.
1716 3931 1769 3985 in
1783 3931 1917 4001 psal.
1940 3931 2155 4005 Lxmn.)

498 4086 503 4090 l
642 4014 746 4073 Per
775 4035 927 4089 quem
953 4019 1073 4088 fecit
1100 4030 1146 4073 et
1172 4020 1386 4074 swcula.
1410 4018 1686 4079 Creaturu:
1710 4024 1944 4077 motibus
1971 4038 2153 4093 corpe-

570 4119 700 4165 runt
737 4122 961 4165 currere
997 4119 1263 4182 tempora,
1304 4123 1433 4179 etc.,
1479 4130 1640 4184 usque
1677 4115 1746 4169 ad
1791 4116 1841 4169 in
1880 4116 1996 4187 ipso
2031 4126 2158 4171 sunt

569 4202 775 4259 omnia.
796 4203 921 4276 (Id.,
945 4203 1036 4258 lib.
1065 4202 1212 4259 Sent.
1239 4202 1512 4277 Prosperi,
1531 4213 1661 4262 tom.
1689 4206 1757 4272 X,
1785 4219 1929 4279 part.
1956 4224 2013 4273 ιι,
2047 4209 2151 4264 col.

570 4282 757 4366 assa.)
1652 4348 1657 4351 .

643 4374 753 4453 Qui
777 4402 897 4441 cum
939 4387 1006 4442 sit
1039 4378 1286 4458 splendor
1331 4388 1531 4459 gloriae,
1576 4401 1621 4446 et
1647 4391 1821 4463 ﬁgura
1848 4392 2157 4448 substantia?

562 4479 699 4550 ejus.
727 4478 809 4535 .In
837 4480 1145 4536 aeternitate
1167 4480 1438 4537 stabilitas
1476 4493 1579 4548 est,
1616 4493 1746 4548 etc.,
1786 4501 1948 4555 usque
1986 4484 2055 4538 ad
2102 4493 2159 4540 et

561 4570 733 4630 Filius
754 4588 894 4628 unus
916 4582 997 4628 est
1014 4572 1173 4628 Deus.
1200 4572 1320 4645 (Id.,
1352 4590 1508 4628 serm.
1539 4575 1603 4629 de
1626 4576 1764 4629 verb.
1790 4575 1993 4649 Evang.
2020 4586 2150 4635 tom.

566 4658 630 4730 V,
660 4670 802 4734 part.
838 4680 875 4730 ι,
908 4660 1011 4720 col.
1037 4661 1140 4719 666
1167 4680 1335 4734 usque
1355 4665 1421 4718 ad
1452 4664 1599 4738 670.)

636 4753 965 4827 Portansque
994 4752 1191 4822 omnia,
1232 4766 1363 4821 etc.,
1386 4772 1556 4827 usque
1588 4757 1652 4811 ad
1683 4757 1903 4827 faciens.
1933 4758 2154 4814 Creato-

562 4849 639 4904 ris
667 4848 1078 4913 omnitenentis,
1117 4858 1243 4909 etc.,
1270 4866 1431 4921 usque
1461 4851 1531 4904 ad
1560 4852 1864 4920 gubernare
1893 4860 2151 4908 cessaret.

559 4939 751 5011 (Idem,
800 4939 892 4994 lib.
941 4938 1090 4995 Sent.
1134 4938 1400 5013 Prosperi,
1443 4954 1572 4998 tom.
1626 4941 1693 5010 X,
1740 4951 1880 5014 part.
1937 4960 1994 5009 ιι,
2047 4943 2150 4999 col.

559 5034 746 5097 I882.)

2195 1975 2245 2036 B
2277 1983 2405 2031 tam.
2451 1974 2641 2045 (Idem,
2676 1984 2832 2032 tract.
2875 1976 2930 2030 in
2965 1976 3102 2048 psal.
3153 1995 3203 2042 ι,
3233 1985 3369 2031 tom.
3412 1976 3499 2042 IV,
3525 1986 3643 2048 part.
3665 1977 3771 2044 1,001.

2277 2067 2427 2141 595.)

2348 2158 2506 2214 Sedet
2548 2161 2617 2214 ad
2658 2160 2945 2227 dexteram,
2993 2171 3123 2228 etc.,
3162 2179 3341 2234 usque
3382 2164 3448 2218 ad
3492 2180 3643 2217 omnes
3671 2162 3771 2229 aags’i

2277 2247 2393 2302 Dei.
2421 2249 2736 2319 Quanquam
2767 2251 2939 2320 possit
2967 2252 3130 2307 etiam
3160 2251 3246 2308 ille
3274 2255 3419 2317 dies,
3453 2264 3576 2317 etc.,
3603 2252 3771 2323 usquead

2270 2342 2549 2411 praedicat.
2580 2343 2770 2414 (Idem,
2796 2344 2848 2399 in
2870 2343 3006 2415 psal.
3034 2361 3092 2410 ιι,
3122 2354 3251 2401 tom.
3277 2346 3374 2412 IV,
3405 2358 3537 2416 part.
3559 2362 3592 2412 ι,
3613 2344 3768 2411 colit.)

2344 2430 2413 2487 Et
2444 2435 2512 2488 ad
2550 2435 2794 2506 Angelos,
2829 2446 2959 2503 etc.,
3004 2453 3175 2508 usque
3208 2438 3280 2492 ad
3323 2439 3583 2509 ﬂammam
3606 2433 3769 2507 ignitﬁl

2272 2525 2396 2595 hoe,
2444 2529 2694 2598 quamvis
2732 2540 2839 2583 non
2879 2530 3159 2586 videamus
3201 2532 3587 2601 apparitionem
3628 2528 3765 2598 angue

2272 2634 2418 2685 rum,
2447 2627 2578 2685 etc.,
2607 2636 2769 2692 usque
2810 2621 2879 2675 ad
2924 2622 3174 2677 minister
3211 2622 3331 2677 Dei.
3361 2622 3483 2696 (Id.,
3510 2624 3559 2677 in
3582 2620 3767 2693 psalcm,

2272 2717 2402 2765 tom.
2434 2710 2522 2776 IV,
2550 2720 2691 2781 part.
2718 2728 2778 2777 ιι,
2810 2712 2914 2768 col.
2951 2712 3087 2769 1518
3104 2723 3163 2768 et
3187 2715 3337 2786 seq.)

2339 2802 2488 2858 Illam
2511 2804 2682 2875 ipsam
2723 2819 3009 2876 supernam
3041 2818 3202 2877 atque
3232 2807 3514 2863 ccelestem
3538 2805 3767 2875 undepue-

2270 2896 2550 2967 grinamur
2590 2899 2849 2967 patriam,
2901 2909 3033 2963 etc.,
3072 2915 3235 2970 usque
3296 2902 3369 2954 ad
3405 2898 3664 2971 republica.
3693 2896 3765 2967 (14η

2268 2989 2359 3043 lib.
2394 3006 2453 3045 ιιι
2485 2991 2547 3044 de
2581 2989 2794 3057 Trinit.,
2829 3001 2960 3047 tom.
2997 2992 3132 3058 VIII,
3156 2993 3263 3049 col.
3297 2992 3450 3065 875.)

2339 3081 2420 3134 Ad
2458 3080 2507 3134 F
2510 3083 2657 3137 ilium
2680 3076 2856 3137 autem
2873 3126 2885 3150 ,
2915 3094 3044 3148 etc.,
3092 3100 3264 3156 usque
3291 3086 3361 3141 ad
3392 3102 3499 3156 pne
3527 3081 3764 3156 participi“

2267 3172 2390 3225 tuis.
2424 3171 2552 3225 Erat
2576 3173 2733 3229 sedes
2761 3174 2910 3244 regni
2935 3173 3133 3243 judicis
3159 3176 3480 3246 temporalis
3502 3168 3764 3245 pertinenti)

2267 3279 2362 3319 eos
2394 3265 2485 3335 qui
2517 3266 2617 3321 sub
2649 3266 2783 3337 lege,
2811 3275 2943 3332 etc.,
2968 3284 3132 3339 usque
3156 3269 3226 3322 ad
3262 3270 3446 3325 dictus
3485 3278 3561 3324 est
3583 3266 3761 3323 Chrisms.

2266 3356 2393 3429 (Id.,
2424 3370 2580 3413 tract.
2609 3360 2665 3414 in
2707 3359 2842 3431 psal.
2887 3375 3030 3426 mv,
3074 3370 3205 3417 tom.
3240 3359 3499 3434 IV,‘part.
3541 3377 3574 3427 ι,
3607 3351 3763 3415 (ποιεῦ

2265 3461 2322 3509 et
2348 3454 2490 3525 seq.)

2338 3544 2563 3602 Messias
2586 3546 2870 3612 Hebraice,
2914 3547 3107 3602 Latine
3129 3547 3384 3605 Christus
3410 3556 3511 3613 est,
3539 3551 3648 3607 etc.,
3668 3551 3763 3607 atqu

2264 3636 2333 3692 ad
2362 3638 2713 3709 singulariter
2741 3639 3014 3695 Christus.
3047 3639 3171 3711 (Id.,
3220 3651 3380 3695 tract.
3430 3642 3482 3694 in
3526 3637 3759 3705 Emam-

2262 3728 2450 3793 J’oan.,
2484 3737 2614 3784 tom.
2647 3729 2732 3795 lIl,
2756 3738 2897 3800 part.
2930 3746 2989 3794 ιι,
3019 3732 3123 3785 col.
3150 3730 3337 3803 1444.)

2334 3818 2481 3875 Dicis
2509 3829 2561 3875 et
2590 3829 2714 3875 ante
2739 3822 3167 3878 incarnationem
3194 3822 3426 3890 Christi,
3448 3832 3568 3887 etc.,
3596 3810 3761 3899 usquead
3832 3836 3833 3899 )

2261 3925 2292 3965 a
2320 3909 2574 3966 Iordane.
2609 3913 2797 3979 (Idem,
2835 3914 2924 3968 lib.
2976 3930 2995 3969 ι
3033 3925 3200 3971 contr.
3255 3888 3503 3983 Maxim.,
3546 3925 3655 3969 tom.
3682 3888 3761 3967 VIII.

2262 4004 2365 4089 eo].
2395 4004 2500 4060 782
2527 4012 2582 4059 et
2609 4007 2767 4078 seq.)-

2333 4099 2403 4153 Et
2426 4110 2480 4152 tu
2513 4101 2565 4153 in
2604 4101 2882 4172 principio,
2912 4110 3039 4165 etc.,
3069 4116 3242 4173 usque
3283 4104 3354 4157 ad
3377 4103 3500 4158 anni
3531 4099 3597 4154 tui
3617 4089 3762 4150 nouit-
3832 4089 3833 4125 ‘

2259 4189 2458 4260 ﬁcient.
2477 4189 2532 4246 In
2556 4190 2824 4261 principio
2849 4200 3048 4251 terram
3079 4199 3131 4246 tu
3162 4192 3422 4259 fundasti,
3458 4189 3662 4249 Domine,
3680 4189 3759 4240 νισι.

2258 4299 2424 4355 usque
2452 4286 2521 4338 ad
2546 4287 2647 4341 hoc
2669 4289 2842 4342 solum
2872 4303 2999 4344 vere
3027 4298 3127 4343 est.
3160 4288 3348 4359 (Idem,
3376 4290 3431 4344 in
3456 4287 3577 4360 psal.
3602 4298 3661 4344 Cl,
3679 4278 3757 4329 νοηθ-
3832 4316 3833 4329 η

2259 4374 2350 4442 IV,
2384 4386 2521 4447 part.
2553 4394 2611 4442 ιι,
2645 4379 2747 4434 col.
2782 4379 2920 4435 1512
2944 4381 3011 4435 ad
3042 4380 3223 4452 1515.)
3678 4390 3685 4399 ’

2334 4467 2564 4524 Mutahis
2611 4486 2671 4525 ea
2707 4480 2762 4526 et
2803 4471 3181 4537 mutabuntur,
3211 4481 3344 4538 etc.,
3393 4487 3547 4544 usque
3572 4467 3627 4520 ad
3651 4461 3683 4517 si
3832 4464 3833 4475 ‘

2260 4557 2376 4613 dies
2397 4568 2498 4613 est.
2526 4559 2648 4629 (Id.,
2673 4560 2807 4631 psal.
2833 4577 2961 4617 om
2981 4603 2994 4629 ,
3017 4570 3148 4617 tom.
3172 4561 3264 4628 IV,
3290 4573 3430 4633 part.
3456 4540 3515 4627 ιι,
3537 4556 3622 4613 col.
3642 4540 3757 4611 llﬁll
3832 4588 3833 4633 ι

2333 4650 2448 4705 Non
2481 4653 2624 4706 enim
2658 4652 2977 4709 discernens
2999 4695 3012 4720 ,
3041 4665 3174 4720 etc.,
3228 4672 3391 4726 usque
3436 4653 3501 4707 ad
3531 4645 3648 4720 quod
3670 4642 3755 4726 εει-ιιι

2262 4735 2386 4814 (Id.,
2416 4744 2506 4797 lib.
2530 4760 2545 4797 ι
2566 4756 2729 4799 contr.
2757 4742 3062 4811 Max-indm,
3088 4757 3216 4801 tom.
3235 4723 3377 4812 VIII,
3408 4723 3756 4827 col.756etst‘l-l
3832 4820 3833 4827 γ

2334 4836 2416 4889 Ad
2439 4853 2589 4908 (Ιυεηι
2638 4846 2841 4903 autem,
2876 4846 3008 4902 etc.,
3052 4852 3223 4908 usque
3254 4837 3320 4893 ad
3348 4832 3607 4892 scabellum
3632 4821 3754 4897 pem

2263 4939 2494 4983 tuorum.
2524 4928 2686 4984 Sedet
2713 4944 2842 5001 ergo
2872 4946 2902 4983 a
2930 4930 3139 4985 dextris
3175 4929 3353 4986 Patris
3378 4929 3564 4989 Filius,
3586 4929 3683 4979 etc.,
3701 4924 3755 4963 ⁸³·

2265 5034 2363 5089 que
2408 5022 2476 5072 ad
2523 5019 2895 5075 indesinenter
2940 5021 3238 5091 peragitur.
3292 5020 3416 5093 (Id.,
3453 5020 3504 5073 in
3543 5010 3751 5085 paul-0'"
3832 5010 3833 5077 i

631 5123 776 5179 Deus
810 5122 954 5179 enim
985 5124 1325 5197 omnipotens
1354 5135 1410 5183 et
1436 5125 1798 5190 omnitenens,
1835 5135 1962 5192 etc.,
1997 5143 2159 5198 usque

2272 5120 2396 5165 tom.
2425 5110 2514 5175 IV,
2543 5120 2682 5180 part.
2714 5122 2785 5178 ιι,
2813 5111 2918 5166 col.
2954 5111 3089 5167 1460
3115 5120 3169 5167 et
3196 5111 3338 5183 seq.)

558 5217 629 5272 ad
657 5217 780 5288 quia
808 5217 950 5272 idem
983 5218 1116 5289 ipse.
1151 5219 1341 5291 (Idem,
1372 5219 1465 5273 lib.
1510 5234 1607 5273 VIII
1641 5218 1705 5273 de
1734 5217 1865 5272 Gen.
1902 5217 1993 5273 ad.
2026 5218 2154 5278 litt..

559 5319 693 5366 tom.
721 5309 809 5377 III,
844 5319 983 5379 part.
1015 5328 1055 5377 I,
1086 5312 1187 5368 col.
1221 5311 1318 5366 591
1351 5319 1403 5365 et
1428 5310 1568 5382 seq.)

628 5400 895 5456 Fundavit
936 5412 1057 5473 post
1093 5403 1274 5457 omnia
1319 5410 1518 5457 terram
1551 5417 1714 5471 super
1751 5400 2148 5456 firmamentum

556 5491 695 5562 ejus,
725 5500 855 5558 etc.,
886 5509 1048 5563 usque
1071 5493 1140 5546 ad
1165 5493 1217 5546 in
1249 5490 1507 5547 saaculum
1534 5490 1739 5545 saeculi.
1770 5492 1959 5563 (Idem,
1989 5501 2147 5547 tract.

555 5584 611 5643 in
633 5586 821 5658 psalm.
850 5604 965 5651 cm,
998 5596 1127 5642 tom.
1161 5584 1245 5650 IV,
1280 5595 1419 5655 part.
1454 5603 1516 5652 ιι,
1544 5587 1646 5642 col.
1684 5586 1863 5651 1555.)

629 5679 1003 5754 Purgalionem
1029 5688 1359 5752 peccatorum
1388 5680 1602 5750 faciens.
1636 5680 1902 5751 Asperges
1933 5694 2039 5744 me,
2069 5681 2152 5735 in-

555 5774 694 5849 quit,
743 5766 979 5846 hyssopo
1020 5778 1074 5827 et
1111 5769 1431 5835 mundabor,
1471 5778 1599 5835 etc.,
1638 5785 1798 5842 usque
1827 5772 1899 5824 ad
1926 5756 2152 5825 munda-

2335 5201 2526 5257 Nonne
2543 5178 2754 5267 omnes,
2781 5211 2914 5267 etc.,
2939 5218 3111 5273 usque
3135 5203 3202 5257 ad
3231 5178 3445 5274 capiunt
3465 5195 3640 5254 salutis.
3663 5178 3750 5239 Sub'

2259 5299 2457 5352 stantia
2480 5340 2494 5363 ,
2530 5297 2612 5351 vel
2636 5299 2681 5353 si
2711 5298 2903 5354 melius
2929 5298 3033 5353 diei
3071 5307 3279 5370 potest,
3309 5294 3531 5353 essentia
3556 5278 3748 5378 nisi),

2258 5406 2422 5459 usque
2447 5390 2516 5442 ad
2561 5389 2757 5445 Genesi
2790 5391 3055 5461 scriptum
3099 5400 3201 5447 est.
3240 5390 3358 5459 (Id.,
3388 5388 3473 5443 lib.
3518 5384 3574 5437 de
3602 5374 3743 5430 Trinfle

2257 5492 2389 5538 tom.
2424 5482 2575 5550 VIII,
2608 5483 2710 5539 col.
2745 5485 2840 5541 881
2877 5493 2931 5540 et
2957 5486 3097 5557 seq.)

2868 5627 3124 5684 'CAPUT
3163 5614 3229 5682 ll.

2332 5761 2465 5830 Qum
2496 5780 2614 5817 cum
2653 5762 2861 5817 initium
2882 5803 2896 5830 ,
2931 5773 3055 5828 etc.,
3086 5778 3257 5834 usque
3281 5763 3344 5816 ad
3369 5753 3615 5815 secimdnm
3645 5743 3744 5795 διαί
