3902 6300
74 360 205 420 415

939 333 1308 396 EXPOSITIO
1346 329 1413 387 IN
1454 328 1604 385 EPP.
1646 324 1873 382 PAULI.
1914 354 1985 367 --
2018 323 2124 379 ΕΡ.
2177 320 2269 379 AD
2307 316 2515 375 HEBR.

3270 298 3376 359 114

76 474 438 532 uoluntatem.
471 464 577 523 Sed
609 462 738 534 quid
766 459 909 513 ultra
931 454 1249 517 diﬂ'erimus,
1278 459 1407 515 etc.,
1436 460 1597 517 usque
1618 445 1687 497 ad
1714 447 1764 506 Α
1790 451 1947 496 antea
1970 440 2279 497 Iudaeorum
2304 433 2596 492 secundum
2612 408 2855 484 ordinem
2871 421 3046 477 Aaron
3070 418 3123 472 in
3145 412 3378 471 victimis

2469 526 2479 534 .
2581 522 2592 534 ι
2788 518 2822 534 ,ο
2882 510 3198 534 __-_,2n-2--...
3254 505 3328 534 ΙΙιΙ

80 569 176 624 lex
209 566 462 621 dabatur.
497 558 619 631 (Id.,
648 553 801 619 ibid.,
830 550 933 607 col.
958 546 1109 616 885.)

167 657 300 730 Non
327 655 464 710 enim
485 626 713 720 angelis,
738 653 869 708 etc.,
894 654 1065 711 usque
1093 637 1155 691 ad
1172 650 1274 688 non
1303 630 1594 701 subjectum
1617 626 1685 680 ei.

569 763 649 818 Ex
672 764 905 815 tractatu
933 752 1072 825 psal.
1100 765 1222 805 vm.

165 881 366 942 Omnis
390 878 532 935 (ilius
559 871 823 934 hominis,
851 866 1013 921 homo
1045 881 1056 916 :
1087 857 1336 931 quamvis
1366 867 1473 909 non
1512 849 1691 905 omnis

86 981 287 1042 homo,
313 982 446 1036 etc.,
470 982 632 1038 usque
655 963 723 1017 ad
744 959 967 1032 spiritus
988 952 1366 1022 subjiciuntur.
1388 945 1511 1015 (Id.,
1535 951 1687 996 tract.

184 1034 324 1145 pedi.
364 1034 495 1126 vui,
537 1034 670 1113 tom.
700 1052 790 1116 1V,
819 1057 959 1120 part.
990 1063 1043 1111 ι,
1074 1043 1179 1100 col.
1209 1039 1313 1095 105
1338 1047 1393 1093 et
1426 1034 1569 1106 seq.)

171 1136 335 1215 Nunc
366 1165 542 1210 autem
580 1146 797 1204 necdum
832 1141 1062 1197 videmus
1082 1178 1096 1203 ,
1133 1144 1238 1190 etc.
1263 1173 1277 1197 ,
1300 1144 1470 1200 usque
1508 1125 1572 1180 ad
1603 1138 1696 1195 per

91 1252 407 1325 passionem
443 1237 820 1300 consummari.
898 1230 1050 1298 Quod
1101 1234 1280 1282 autent
1333 1220 1429 1276 tibi
1482 1218 1696 1272 videtur

92 1315 239 1400 nihil
281 1352 538 1411 maguum
574 1333 641 1389 de
688 1329 800 1384 Deo
820 1325 998 1397 Patre,
1029 1328 1160 1385 etc.,
1192 1332 1354 1389 usque
1381 1315 1450 1368 ad
1472 1318 1693 1368 creatu-

96 1399 161 1492 ί.
210 1399 478 1489 ετεηιότί.
528 1424 663 1496 (Id.,
715 1419 804 1473 tib.
860 1424 1029 1471 contr.
1071 1408 1378 1474 Maximin.,
1419 1413 1549 1460 tum.
1584 1399 1696 1458 VIII

93 1526 211 1585 col.
240 1520 392 1595 803.)

175 1592 539 1686 Quod'itaque
566 1605 826 1676 scriptum
855 1595 1038 1679 estad
1076 1592 1349 1653 Hebrmos,
1376 1598 1498 1671 etc.,
1539 1597 1700 1655 usque

95 1666 467 1779 suam;
492 1666 739 1771 regnum.
775 1691 900 1764 (Id.,
925 1676 1081 1749 tua,
1110 1684 1213 1740 col.
1251 1681 1397 1751 787.)
1437 1666 1443 1671 '

177 1800 285 1867 Qui
316 1772 455 1852 enim
498 1787 826 1857 sanctiﬁcat,
865 1791 915 1837 et
952 1778 1042 1851 qui
1079 1772 1480 1842 sanctiﬁcantur
1502 1783 1567 1822 ea:
1594 1780 1699 1819 uno

98 1907 306 1949 omnes.
359 1887 612 1955 Loquens
655 1875 916 1934 Dominus
960 1869 1028 1925 ad
1070 1866 1285 1921 Patrem
1316 1870 1369 1916 et
1403 1872 1570 1914 orans
1604 1868 1705 1925 pro

103 1977 394 2052 discipulis
432 1942 548 2030 suis
586 1968 759 2026 dicit:
801 1957 1096 2020 Sanetilica
1126 1969 1242 2019 eos,
1288 1960 1393 2007 etc.
1440 1963 1602 2018 usque
1633 1942 1705 1999 ad

97 2043 273 2144 quod.
305 2070 420 2141 ipse
460 2079 577 2121 sum
604 2076 724 2133 ego.
761 2057 885 2129 χιιι,
928 2058 1078 2107 tract.
1115 2046 1219 2103 105
1262 2046 1317 2099 in
1349 2043 1551 2112 Evang.
1601 2055 1704 2095 sec.

96 2137 301 2228 joan.,
326 2137 469 2217 tom.
502 2158 589 2219 111,
616 2160 759 2226 part.
792 2166 855 2215 ιι,
886 2145 988 2203 col.
1022 2139 1159 2197 1915
1183 2147 1240 2194 et
1263 2137 1403 2207 seq.)

182 2253 257 2309 Et
278 2222 467 2309 iterant
485 2222 643 2304 :Ecce
664 2261 779 2316 ego,
800 2250 929 2296 etc.:
948 2248 1117 2305 usque
1131 2235 1199 2287 ad
1224 2226 1554 2314 participavit
1570 2222 1710 2293 ejus-

105 2350 256 2404 dem.
282 2344 466 2413 Quod,
499 2338 629 2412 quid
653 2346 736 2391 est
763 2332 906 2389 aliud
928 2371 943 2394 ,
990 2341 1152 2398 quam
1197 2337 1405 2405 eorum,
1438 2316 1713 2388 particeps

99 2442 289 2496 factus
315 2445 418 2502 est,
454 2397 588 2495 etc.,
616 2444 776 2500 usque
817 2424 883 2479 ad
907 2397 1170 2477 habitavit
1205 2416 1257 2470 in
1282 2397 1456 2469 nobis.
1504 2408 1628 2480 (Id.,
1656 2408 1715 2462 in

99 2530 247 2604 psal.
272 2542 425 2589 xvm,
450 2535 583 2580 tom.
611 2521 699 2585 IV,
732 2525 929 2589 parm,
958 2510 1061 2568 col.
1079 2506 1226 2578 I55.)

186 2620 257 2676 Ut
279 2636 369 2692 per
394 2624 612 2672 mortem
634 2652 648 2678 ,
671 2619 778 2666 etc.
797 2650 811 2671 ,
845 2618 1019 2675 usque
1045 2602 1112 2656 ad
1141 2596 1353 2654 obnoxii
1377 2600 1526 2650 erant
1555 2588 1717 2646 servi-

104 2714 238 2770 tuti.
279 2684 509 2767 Poterat
548 2706 714 2761 etiam
757 2702 859 2756 hoc
907 2696 1114 2752 donare
1159 2684 1508 2746 credentibus
1534 2722 1549 2748 ,
1582 2688 1714 2751 etc.,

108 2820 282 2878 usque
323 2802 390 2857 ad
427 2793 809 2855 immortalitas
857 2789 1168 2844 consecuta.
1237 2778 1377 2850 (Id.,
1417 2775 1510 2829 lib.
1562 2787 1601 2827 ιι
1652 2769 1718 2825 de

105 2863 275 2968 Bapt.
303 2908 477 2965 parm,
507 2899 642 2944 tom.
674 2882 747 2949 Χ,
770 2890 916 2953 part.
940 2893 978 2943 ι,
1007 2872 1110 2932 col.
1143 2870 1241 2928 181
1275 2877 1331 2926 et
1353 2863 1493 2935 seq.)

184 2949 571 3043 Desidet-emus
601 2949 787 3031 vitam’
808 2967 1012 3027 Christi
1040 3005 1057 3032 ,
1087 2972 1221 3028 etc.,
1280 2972 1443 3029 usque
1467 2953 1534 3008 ad
1554 2992 1570 3018 ,
1599 2949 1721 3022 plus

108 3040 381 3137 amandus
425 3084 528 3131 est.
580 3070 708 3141 (Id.,
740 3080 894 3121 serm.
939 3062 998 3116 in
1036 3056 1174 3114 verb.
1228 3052 1453 3121 Evang.,
1493 3054 1625 3101 tom.
1656 3040 1716 3106 V,

110 3181 266 3247 part.
292 3186 335 3236 ι,
356 3167 460 3224 col.
490 3162 594 3219 726
621 3170 676 3217 et
701 3159 842 3247 seq.)

189 3261 468 3330 Nusquam
496 3253 633 3308 enim
654 3246 866 3319 angelos
902 3237 1266 3314 apprehendit,
1292 3242 1427 3299 etc.,
1458 3242 1631 3299 usque
1656 3241 1686 3281 a

110 3364 164 3410 et
189 3354 268 3407 eis
315 3317 403 3422 qui
439 3317 1039 3401 tentantur'auziliari.
1089 3331 1227 3387 Cum
1264 3324 1520 3382 omnibus
1551 3317 1726 3375 modis

115 3413 420 3504 medeatur,
434 3448 566 3500 etc.,
591 3447 753 3503 usque
779 3428 847 3483 ad
874 3426 962 3481 ille
977 3421 1256 3481 sustinuit.
1281 3418 1400 3492 (Id.,
1416 3415 1508 3470 lib.
1523 3413 1587 3469 de
1605 3426 1728 3468 vera

116 3532 329 3605 Relig.,
359 3537 490 3587 tom.
522 3524 609 3590 III,
641 3528 764 3594 part
794 3535 830 3584 ι,
856 3516 962 3573 col.
996 3511 1144 3581 151.)

656 3627 669 3648 “
748 3646 1098 3712 CAPUTI“.

198 3790 381 3858 Unde,
411 3791 601 3859 fratres
624 3780 818 3847 sancti,
861 3784 993 3839 etc.,
1036 3782 1207 3841 usque
1236 3766 1302 3821 ad
1328 3770 1538 3832 propter
1565 3760 1737 3812 incre-

118 3887 424 3944 dulitatem.
470 3878 641 3936 Hodie
672 3876 722 3931 si
747 3885 933 3929 vocem
969 3864 1086 3935 ejus
1117 3856 1423 3920 audieritis,
1448 3851 1616 3907 nolite
1639 3847 1736 3903 ob-

121 3983 326 4039 durare
361 3974 527 4034 corda
551 3978 757 4035 vestra,
787 3972 921 4029 etc.,
948 3972 1109 4030 usque
1137 3952 1205 4007 ad
1231 3947 1494 4005 Dominus
1518 3940 1734 4012 plebem

339 4031 438 4141 (Id.
466 4065 522 4121 in
543 4031 904 4137 psalmtxcw,
938 4046 1180 4114 tom.lV,
1208 4050 1350 4117 part.
1380 4054 1442 4105 tt,
1466 4035 1567 4093 col.
1599 4031 1738 4088 1225

121 4173 187 4222 et
211 4159 356 4233 seq.)

766 4263 996 4325 CAPUT
1025 4261 1113 4318 IV.

205 4372 503 4449 Timeamus
540 4399 662 4456 ergo
717 4388 867 4442 etes,
900 4388 1070 4444 usque
1121 4370 1188 4426 ad
1236 4359 1576 4438 nunquamd

126 4486 433 4558 loqueretur
448 4449 664 4550 posthac
680 4456 784 4527 die.
814 4464 1131 4553 Genet-alio,
1152 4456 1348 4532 inquit,
1377 4471 1498 4528 qua:
1532 4465 1640 4507 non
1666 4449 1747 4504 di-

129 4541 279 4635 re'xit
303 4589 399 4630 cor
416 4541 594 4634 suum,
626 4574 788 4635 usque
818 4548 885 4615 ad
913 4564 967 4614 et
996 4557 1140 4613 valet
1186 4550 1332 4625 quod
1371 4563 1477 4604 non
1502 4541 1733 4599 valebat.
1770 4570 1821 4629 Β

130 4633 262 4743 (ιιι,
290 4667 348 4722 in
390 4661 578 4736 psalm.
612 4633 818 4720 Lxsvn,
851 4658 983 4707 tom.
1018 4647 1083 4703 IV
1108 4652 1249 4717 part.
1291 4654 1330 4707 ι,
1362 4638 1465 4695 col.
1499 4633 1650 4703 991.)

208 4725 401 4830 Itaque
418 4750 749 4822 relinquitur,
780 4754 907 4809 etc.,
935 4750 1106 4810 usque
1133 4736 1197 4791 ad
1219 4743 1486 4789 teneamus
1509 4725 1616 4797 spei
1647 4736 1741 4776 ηο-

131 4864 265 4912 stne
291 4846 690 4920 confessionem.
720 4831 1119 4893 Misericordias
1150 4824 1359 4883 Domini
1390 4823 1446 4876 in
1478 4826 1743 4883 aeternum

134 4905 460 5005 cantabunt,
484 4944 618 5001 etc.,
646 4945 807 5003 usque
833 4927 902 4981 ad
932 4922 1107 4978 nullus
1143 4927 1226 4975 est
1254 4916 1398 4971 linis.
1427 4911 1551 4984 (Id.,
1576 4907 1646 4963 lib
1680 4905 1745 4959 de

136 5034 298 5097 Civil.
329 5030 445 5099 Dei,
478 5038 607 5086 tom.
640 5024 752 5090 VII,
786 5019 890 5077 col.
918 5016 1023 5073 803
1052 5022 1107 5069 et
1127 5013 1271 5081 seq.)

217 5120 345 5181 Non
389 5122 526 5178 enim
565 5089 814 5172 habemus
865 5106 1186 5180 pontiﬁcem,
1238 5110 1369 5162 etc.,
1402 5106 1573 5164 usque
1602 5091 1669 5146 ad
1691 5089 1746 5142 in

138 5217 347 5277 auxilio
384 5222 694 5286 Opportuna.
740 5206 874 5262 Cum
917 5197 1206 5269 aliquoties
1244 5194 1297 5247 in
1337 5184 1635 5258 Scripturis
1669 5181 1751 5236 in-

139 5308 398 5367 veniatur
418 5302 665 5361 homines
691 5297 866 5353 dictos
885 5306 1006 5348 esse
1034 5290 1150 5344 sine
1165 5281 1409 5356 querela,
1433 5290 1567 5342 etc.,
1589 5278 1751 5343 usque

141 5402 218 5459 ad
243 5408 390 5457 esset
417 5412 547 5453 caro
577 5388 801 5464 peccati.
830 5385 953 5458 (Id.,
998 5383 1090 5437 lib.
1118 5380 1181 5434 de
1210 5376 1339 5432 Nat.
1368 5382 1415 5428 et
1447 5378 1583 5443 grnt.
1617 5373 1748 5421 tom.

144 5488 221 5562 Χ,
251 5490 394 5564 part.
430 5487 483 5555 1,
516 5483 619 5542 col.
651 5480 758 5537 255
782 5485 838 5534 et
861 5472 1002 5546 seq.)

792 5605 1020 5667 CAPUT
1059 5602 1128 5658 V.

227 5742 416 5803 Omnis
445 5753 668 5809 namque
698 5732 963 5806 pontifex,
995 5735 1124 5791 etc.,
1175 5733 1346 5790 usque
1392 5715 1459 5772 ad
1504 5714 1751 5787 quoniam

152 5836 440 5913 imbecilles
485 5832 610 5913 [acti
639 5830 761 5890 estis
794 5826 863 5883 ad
891 5820 1227 5880 audiendum.
1277 5815 1446 5870 Erant
1488 5809 1751 5867 sacriﬁcia

1731 1828 1781 1888 B

1691 3201 1797 3282 dC

1790 550 2068 605 pecorum,
2085 542 2214 595 etc.,
2233 545 2394 600 usque
2411 526 2479 581 ad
2511 522 2664 592 cujus
2685 518 2854 576 nostis
2875 510 3223 572 sacrificium.
3254 505 3377 579 (Id.,

1789 586 1843 686 ira
1871 586 2232 700 putarunt,
2264 586 2489 700 tom._lV
2514 586 2654 688 part.
2678 631 2713 676 ι,
2748 610 2850 666 col.
2878 606 2985 663 502
3014 614 3071 660 et
3099 600 3239 672 seq.)
3424 586 3431 587 ί

1863 720 2147 776 Snblatum
2188 723 2274 772 est
2319 692 2465 769 enim
2511 705 2837 765 sacriﬁcium
2868 701 3072 763 Aaron,
3121 704 3178 751 et
3218 691 3386 761 etrapit

1791 827 1911 869 esse
1959 807 2289 867 sacriﬁcium
2330 802 2627 860 secundum
2681 797 2926 853 ordinem
2964 784 3382 844 Melchisedech.

1793 906 1850 964 Si
1887 915 2069 961 natum
2100 919 2163 959 ex
2199 908 2381 965 utero,
2410 906 2540 962 etc.,
2571 909 2732 966 usque
2756 890 2823 945 ad
2854 905 2885 944 a
2904 886 3062 943 nobis
3084 889 3383 949 acceptam.

1795 998 1914 1071 (Id.,
1942 1000 1996 1051 in
2024 994 2160 1067 psal.
2191 1009 2302 1058 cxx,
2334 1000 2466 1047 tom.
2501 986 2587 1053 IV,
2618 994 2760 1057 part.
2792 998 2853 1048 ιι,
2891 979 2995 1036 col.
3028 973 3210 1045 1459.)

1866 1089 2074 1143 Etenim
2104 1103 2222 1141 cum
2253 1082 2504 1138 deberetis
2543 1076 2782 1148 magistri
2819 1089 2950 1137 esse,
2979 1076 3296 1135 etc.,usque
3323 1061 3389 1116 ad

1796 1182 1865 1237 ad
1901 1181 2265 1236 discretionem
2314 1175 2431 1231 boni
2471 1189 2534 1226 ac
2579 1170 2727 1225 mali.
2782 1166 2915 1221 Cum
2956 1163 3067 1235 jam
3121 1154 3393 1215 deberetis

1798 1282 2038 1342 tempore
2072 1272 2188 1340 ipso
2231 1283 2352 1325 esse
2374 1266 2641 1324 doctores,
2681 1267 2812 1323 etc.,
2846 1272 3007 1325 usque
3035 1252 3102 1306 ad
3130 1265 3236 1306 non
3269 1247 3396 1301 subs

1800 1368 2031 1423 trahitur
2072 1336 2501 1419 fundamentum.
2535 1356 2658 1427 (Id.,
2685 1361 2835 1407 tract.
2871 1350 2938 1404 98
2967 1349 3023 1401 in
3044 1346 3229 1409 Joan.,
3263 1336 3391 1395 tom;

1798 1458 1883 1523 III,
1928 1465 2070 1529 part.
2105 1471 2167 1519 ιι,
2198 1453 2299 1509 col.
2332 1449 2469 1507 I889.
2495 1458 2549 1503 et
2580 1444 2722 1516 seq.)

1875 1521 2012 1605 sunt
2062 1546 2289 1620 quidam
2311 1543 2580 1606 homines,
2636 1537 2728 1609 qui
2779 1549 2903 1591 eum
2949 1528 3220 1587 audierint
3268 1521 3397 1594 quia

1802 1642 2036 1699 humiles
2080 1615 2206 1695 esse
2246 1637 2466 1699 debent,
2521 1640 2626 1687 etc.
2658 1669 2672 1694 ,
2716 1642 2879 1698 usque
2930 1624 2997 1677 ad
3030 1618 3201 1676 solido
3252 1615 3394 1670 cibo.

1805 1735 1928 1807 (Id.,
1955 1735 2009 1790 in
2034 1731 2170 1804 psal.
2201 1745 2366 1795 cxxx,
2394 1735 2525 1782 tom.
2559 1722 2649 1789 IV,
2671 1729 2809 1794 part.
2835 1731 2894 1773 ιιι
2924 1715 3027 1772 col.
3069 1710 3253 1782 I712.)

2418 1853 2646 1914 CAPUT
2684 1848 2774 1906 VI.

1883 1979 2213 2047 Quapropter
2238 1969 2634 2027 intermittentes
2673 1958 3024 2017 inchoationis
3062 1950 3258 2009 Christi
3291 1964 3402 2005 ser-

1809 2086 2034 2132 monem,
2067 2076 2194 2131 etc.,
2221 2078 2393 2133 usque
2429 2059 2498 2114 ad
2540 2067 2587 2112 et
2629 2053 2851 2109 ostentui
2881 2048 3146 2104 habentes.
3181 2041 3297 2112 Ipsa
3333 2037 3401 2093 ab

1811 2162 2083 2235 Egyptiis
2128 2157 2434 2230 separatio,
2487 2141 3215 2223 signiﬁcatdiscessionem,
3262 2142 3401 2198 etc.,

1816 2224 1975 2327 usque
1997 2253 2064 2308 ad
2092 2224 2407 2307 mortilicari
2429 2253 2488 2300 ut
2521 2243 2785 2299 vivamus.
2826 2235 2951 2309 (Id.,
2979 2232 3071 2287 lib.
3100 2229 3166 2284 de
3190 2224 3324 2281 Fide
3354 2229 3404 2279 et

1817 2348 2098 2418 operibus.,
2124 2356 2256 2398 tum.
2290 2340 2389 2405 VI,
2419 2336 2522 2394 col.
2554 2333 2706 2405 208.)

1889 2442 2052 2496 Terra
2095 2439 2263 2501 enim,
2289 2446 2420 2497 etc.,
2453 2445 2626 2501 usque
2659 2426 2725 2481 ad
2755 2424 2824 2479 ad
2854 2415 3302 2490 conﬁrmationem
3330 2417 3406 2463 est

1809 2535 2191 2605 juramentum.
2247 2529 2325 2583 De
2371 2524 2524 2581 cmlis
2576 2518 2724 2576 nulla
2782 2512 3047 2571 dubitatio
3095 2518 3208 2571 est,
3265 2513 3406 2569 etc.,

1818 2643 1980 2697 usque
2011 2625 2077 2678 ad
2108 2627 2463 2693 praeparatur.
2489 2615 2612 2687 (Id.,
2643 2613 2700 2667 in
2740 2607 2931 2681 psalm.
2967 2614 3232 2663 Lxxxvut,
3273 2607 3404 2651 tom.

1822 2715 1911 2783 IV,
1944 2732 1997 2786 p.
2033 2730 2093 2778 ιι,
2125 2712 2229 2768 col.
2263 2708 2447 2778 “25.)

1891 2805 1959 2859 In
2003 2820 2104 2876 quo
2149 2800 2503 2856 abundantius
2540 2793 2711 2851 volens
2749 2788 2922 2852 Deus,
2960 2794 3101 2850 etc.,
3143 2792 3312 2850 usque
3341 2774 3412 2832 ad

1820 2899 2053 2971 pontifex
2097 2897 2267 2968 [actus
2313 2895 2369 2947 in
2402 2902 2677 2946 a'ternum.
2722 2884 2874 2939 Jacta
2911 2880 2964 2934 in
3004 2879 3170 2933 Deum
3222 2884 3411 2929 curam

1824 3000 1969 3047 tuam
1998 3031 2012 3056 ,
2071 2984 2175 3044 e'tc.
2198 3028 2213 3054 ,
2263 3001 2423 3055 usque
2460 2982 2528 3035 ad
2566 2976 2972 3034 ﬂuctuationem
2991 2971 3160 3041 justo.
3202 2963 3327 3035 (Id.,
3356 2958 3413 3016 in

1823 3083 2011 3157 psalm.
2053 3095 2163 3147 Ltv,
2191 3087 2321 3132 tom.
2358 3075 2447 3140 IV,
2477 3090 2531 3145 p.
2562 3088 2600 3135 1,
2634 3067 2744 3124 col.
2777 3064 2927 3136 614.)

1904 3174 1971 3228 Et
2001 3172 2349 3232 incedentem,
2378 3174 2508 3231 etc.,
2537 3175 2711 3232 usque
2747 3157 2812 3213 ad
2860 3157 3031 3226 factus
3059 3168 3113 3206 in
3142 3154 3413 3205 quernum.

1828 3268 2137 3338 lmpietates
2188 3273 2400 3318 nostras
2455 3268 2510 3312 tu
2555 3250 2953 3326 pr0pitiaberis.
3007 3246 3088 3301 Tu
3141 3240 3412 3304 sacerdos,

1828 3373 1957 3425 etc.,
1987 3375 2147 3431 usque
2172 3355 2240 3410 ad
2263 3352 2539 3408 auferetur
2560 3346 2823 3402 velamen.
2848 3342 2945 3416 (Id.
2970 3340 3025 3395 in
3050 3334 3240 3412 psalm.
3266 3347 3415 3401 thv,

1831 3465 1962 3513 tom.
1995 3451 2085 3519 IV,
2116 3468 2171 3522 p.
2204 3466 2241 3515 1,
2272 3446 2373 3504 coI.
2404 3444 2505 3499 7T7
2537 3451 2590 3495 et
2618 3438 2756 3510 seq.)

2438 3553 2663 3613 CAPUT
2708 3548 2815 3605 VII.

1908 3679 2010 3734 llic
2038 3678 2174 3732 enim
2203 3668 2602 3734 Melchisedech,
2629 3673 2761 3728 etc.,
2790 3673 2965 3730 usque
2995 3655 3061 3712 ad
3101 3661 3150 3708 et
3184 3666 3291 3707 non
3330 3665 3415 3704 se-

1837 3772 2067 3829 cundum
2097 3769 2331 3822 ordinem
2363 3765 2540 3817 Aaron
2582 3756 2725 3811 dici?
2767 3753 2946 3808 Locus
2970 3744 3212 3818 diligenti
3242 3743 3421 3800 censi;-

1839 3865 2116 3922 derutione
2152 3875 2314 3930 usque
2362 3856 2431 3910 ad
2483 3845 2898 3907 resurrectionis
2945 3838 3272 3908 exemplum.
3318 3833 3421 3906 (Id.

1839 3958 1929 4013 lib.
1958 3972 1988 4010 χ
2019 3955 2083 4009 de
2110 3924 2296 4008 Genesi
2342 3949 2411 4002 ad
2456 3946 2713 4007 litteram,
2749 3950 2862 3995 tom
2892 3934 2979 4001 III,
3024 3947 3079 4004 p.
3109 3947 3150 3998 ι,
3180 3927 3286 3985 col.
3316 3924 3425 3981 £25

1842 4061 1895 4109 et
1923 4048 2064 4119 seq.)

1916 4137 2195 4197 Translata
2239 4135 2376 4191 enim
2416 4126 2743 4189 sacerdotio,
2770 4129 2903 4187 etc.,
2934 4131 3108 4188 usque
3138 4113 3205 4170 ad
3240 4126 3425 4170 secutu-

1844 4240 1968 4293 dum
1992 4234 2224 4289 ordinem
2258 4222 2655 4283 Melchisedech.
2685 4215 2982 4290 Oportebat
3007 4212 3153 4269 enim
3169 4249 3185 4275 ,
3211 4215 3271 4264 ut
3295 4207 3426 4262 ev'a-

1581 4374 1607 4414 ε
1638 4354 1745 4412 alia
1845 4342 2121 4389 cuaturus,
2149 4332 2280 4388 etc.,
2307 4335 2468 4390 usque
2511 4315 2579 4369 ad
2604 4312 2849 4371 ordinem
2876 4300 3291 4362 Melchisedech.
3322 4296 3426 4371 (Id.

2266 4412 2273 4414 Α
2495 4407 2556 4414 --
2769 4399 2836 4414 ...
3018 4395 3084 4414 ..η
3111 4393 3127 4414 ,

1849 4422 2046 4487 Qua’st.
2074 4418 2129 4470 in
2157 4412 2344 4476 Leril.,
2375 4424 2467 4479 qu.
2492 4407 2581 4472 83,
2608 4413 2738 4459 tom.
2769 4399 2862 4465 VI,
2883 4396 2987 4453 col.
3014 4393 3129 4463 50.)

1920 4506 2229 4581 Reprobntio
2267 4475 2474 4575 quidem
2504 4497 2584 4567 ﬁt,
2616 4504 2744 4560 etc.,
2769 4503 2945 4561 usque
2975 4485 3042 4539 ad
3072 4498 3176 4537 non
3201 4480 3314 4533 sine
3336 4475 3431 4547 fu—

1848 4571 2150 4675 rejurando.
2190 4571 2548 4654 Circumcisio
2586 4583 2871 4657 praeputii,
2911 4588 2967 4633 et
2997 4584 3193 4633 caetera
3238 4571 3427 4640 hujus-

1848 4699 1989 4755 modi
2020 4694 2216 4766 priori,
2241 4700 2373 4755 etc.,
2403 4701 2564 4757 usque
2593 4682 2662 4737 ad
2702 4676 2993 4749 sepultum
3016 4668 3265 4725 violator.
3302 4663 3430 4736 (Id.,

1848 4792 1997 4863 epist.
2021 4758 2101 4840 ad
2135 4780 2468 4850 Hieronym.,
2502 4784 2633 4829 tom.
2666 4771 2731 4837 Il,
2762 4767 2865 4823 col.
2894 4763 2996 4820 28I
3029 4769 3084 4816 et
3110 4758 3251 4829 seq.)

1921 4879 2024 4935 Alii
2040 4875 2250 4949 quidem
2269 4848 2379 4925 sine
2391 4865 2746 4938 jurejurando
2769 4855 3082 4915 sacerdotes,
3108 4858 3238 4914 etc.,
3262 4848 3435 4918 usque

1853 4974 1920 5029 ad
1948 4938 2150 5039 semper
2192 4966 2360 5019 vivens
2407 4958 2475 5012 ad
2509 4947 2949 5023 interpellandum
2997 4959 3093 5015 pro
3121 4940 3288 4997 nobis.
3329 4938 3435 4994 Do-

1855 5066 2034 5121 minus
2054 5034 2398 5128 omnipotens
2418 5048 2569 5104 dicit.
2600 5043 2716 5099 Non
2740 5049 2821 5096 est
2846 5036 2979 5094 mihi
3003 5034 3272 5096 voluntas,
3299 5040 3432 5099 διας,

1853 5173 2014 5228 usque
2040 5153 2107 5207 ad
2139 5123 2452 5221 perseverat
2475 5141 2528 5195 in
2552 5136 2712 5193 caelo.
2740 5132 2863 5205 (Id.,
2878 5128 2971 5184 lib.
2992 5127 3168 5183 adver.
3191 5123 3432 5188 Judteos,

1856 5262 1987 5307 tom.
2020 5245 2156 5310 VIII,
2185 5240 2289 5297 col.
2327 5238 2388 5293 61
2418 5242 2474 5289 et
2500 5230 2643 5301 seq.)
3237 5272 3249 5283 _

1929 5339 2071 5395 Talis
2100 5336 2238 5391 enim
2266 5327 2499 5391 decebat,
2522 5332 2659 5388 etc.,
2684 5331 2857 5390 usque
2884 5315 2951 5371 ad
2978 5312 3180 5368 Filium
3206 5311 3263 5363 in
3287 5316 3441 5375 teterr-~

1860 5449 1984 5489 num
2019 5428 2323 5501 perfectum.
2365 5417 2655 5475 Evidenter
2697 5410 2979 5481 Scriptura
3019 5411 3268 5467 testatur,
3303 5407 3434 5462 etc.,

1859 5490 2627 5596 usquead.ineontaminabilis
2649 5520 2754 5561 non
2768 5501 3011 5559 haberet.
3041 5495 3162 5570 (Id.,
3191 5492 3280 5547 lib.
3310 5507 3349 5545 ιι
3375 5490 3441 5545 tte

1860 5582 2129 5685 Baptismo
2173 5605 2534 5680 paruulorum,
2573 5610 2703 5656 tom.
2750 5595 2830 5665 Χ,
2877 5608 2933 5665 ι).
2984 5607 3034 5658 ι,
3084 5586 3187 5644 col.
3236 5582 3341 5638 162
3386 5587 3443 5636 et

1861 5706 2001 5778 seq.)

1934 5761 2233 5868 In’telligere
2262 5788 2541 5855 debemus,
2570 5798 2637 5840 ne
2676 5782 2823 5855 ipsos
2864 5774 3085 5850 quidem
3114 5761 3445 5840 superbissi-
