3902 6300
517 302 623 368 415

1713 301 1916 361 FLOR!
1952 296 2223 359 nucem
2260 294 2565 356 moment
2958 274 2959 277 ‘
3637 296 3706 353 tu

520 442 657 491 mos,
685 434 818 492 etc.,
848 396 1009 496 usque
1037 424 1106 478 ad
1132 431 1187 479 et
1211 421 1353 493 quod
1378 419 1656 475 offerebat.
1692 419 1817 489 (Id.,
1837 419 1926 472 lib.
1956 433 2008 474 1v
2031 416 2094 472 de
2121 419 2169 479 Α
2196 415 2338 486 quod
2371 416 2441 471 ita
2470 414 2654 485 coepit,
2681 420 2809 479 etc.,
2847 426 3010 484 usque
3048 409 3120 466 ad
3143 409 3497 466 distinctione
3523 409 3706 467 declare

525 516 743 584 Trinit.,
773 527 902 572 tom.
933 515 1060 578 VIII,
1092 516 1196 570 col.
1224 513 1372 583 901.)

1108 650 1333 709 CAPUT
1375 650 1502 705 VIII.

598 747 897 819 Capitulum
940 754 1113 801 autem
1139 758 1295 813 super
1323 759 1384 796 ea
1410 756 1528 812 quae
1552 740 1821 803 dicuntur,
1844 745 1975 804 etc.,
2010 752 2102 792 us-

527 853 633 909 que
659 839 727 895 ad
752 838 887 910 quod
915 838 970 891 in
1005 833 1300 889 melioribus
1331 830 1813 902 repromissiouibus
1841 828 2101 882 sancitum

518 940 623 1005 est.
666 929 958 984 Audiamus
1003 942 1071 983 ex
1100 924 1390 995 Evangelio
1422 941 1434 976 :
1474 923 1600 992 quia
1631 921 1718 976 lex
1762 935 1859 992 per
1883 919 2102 992 Moysen

528 1021 653 1077 data
678 1026 792 1076 est:
824 1019 996 1090 gratia
1025 1026 1083 1072 et
1109 1016 1313 1079 veritas
1334 1029 1434 1084 per
1450 1012 1632 1068 Iesum
1654 1011 1929 1067 Christum
1961 1009 2103 1065 facta

529 1121 630 1168 est.
663 1111 722 1167 Si
751 1111 894 1167 enim
924 1109 1298 1173 discernimus,
1323 1114 1452 1170 etc.,
1481 1120 1642 1175 usque
1667 1103 1735 1157 ad
1759 1102 2106 1157 Testamento

529 1204 767 1261 revelata
787 1214 932 1260 sunt.
956 1202 1080 1273 (Id.,
1106 1202 1162 1255 in
1184 1198 1373 1271 psalm.
1401 1212 1573 1262 1.111111,
1599 1203 1729 1251 tom.
1750 1195 1838 1261 IV,
1855 1209 1908 1264 p.
1936 1209 1975 1260 1,
1998 1191 2101 1247 col.

528 1295 634 1352 950
667 1304 722 1350 et
749 1296 889 1364 seq.)
1202 1338 1207 1344 .

602 1386 747 1442 Nam
774 1387 819 1440 si
848 1384 981 1439 illud
1024 1383 1171 1456 prius
1198 1380 1353 1450 culpa
1392 1386 1620 1435 vacasset
1638 1417 1653 1441 ,
1680 1384 1811 1441 etc.,
1840 1388 2011 1445 usque
2038 1370 2107 1428 ad

527 1497 687 1554 prope
728 1479 993 1534 interitum
1034 1486 1131 1532 est.
1176 1474 1234 1530 Si
1279 1481 1553 1544 quaeratur
1593 1486 1624 1526 a
1668 1470 1823 1526 nobis
1859 1484 1956 1524 cur
2000 1483 2109 1524 non

531 1586 597 1628 eo
629 1571 737 1626 ritu
765 1568 1006 1626 colamus
1031 1568 1198 1623 Deum
1221 1580 1328 1635 quo
1358 1564 1662 1627 coluerunt,
1691 1569 1820 1643 etc.,
1849 1575 2010 1632 usque
2040 1558 2109 1613 ad

531 1661 809 1731 impletum
845 1660 1123 1731 probatur.
1164 1658 1289 1729 (Id.,
1318 1655 1409 1711 lib.
1440 1665 1621 1711 contra
1648 1651 1930 1719 Faustum,
1976 1659 2107 1706 tom.

532 1737 668 1820 VIII,
700 1753 805 1808 col.
830 1752 925 1807 501
954 1762 1012 1807 et
1038 1750 1180 1823 seq.)

603 1844 807 1915 Nempe
849 1844 902 1899 in
944 1843 1222 1899 veteribus
1262 1840 1450 1906 libris,
1479 1848 1612 1905 etc.,
1644 1854 1805 1909 usque
1844 1836 1913 1891 ad
1951 1850 2112 1892 omne

536 1953 721 1995 semen
748 1936 936 1992 Israel.
969 1934 1091 2007 (Id.,
1122 1934 1212 1990 lib.
1243 1934 1307 1990 de
1336 1932 1540 2004 Spiritu
1568 1941 1617 1986 et
1646 1929 1853 1998 littera,
1880 1938 2009 1985 tom.
2039 1927 2109 1993 Χ,

533 2043 590 2100 p.
618 2044 659 2093 1,
685 2025 786 2083 col.
816 2026 915 2081 221
946 2034 1003 2080 et
1027 2024 1167 2094 seq.)

520 2108 529 2112 θ
608 2121 803 2194 Legem
849 2134 987 2190 pone
1032 2118 1201 2185 mibi,
1231 2116 1491 2183 Domine,
1522 2123 1651 2181 etc.,
1694 2131 1855 2187 usque
1888 2113 1956 2167 ad
2005 2127 2116 2168 non

540 2211 730 2268 titulus
754 2211 997 2267 honoris.
1028 2209 1151 2282 (Id.,
1176 2211 1231 2265 in
1257 2207 1444 2281 psalm.
1477 2222 1667 2276 cxvm,
1696 2203 1937 2271 tom.lY,
1968 2219 2022 2275 p.
2052 2219 2114 2271 ιι,

539 2302 644 2358 col.
678 2302 816 2359 1528
851 2310 906 2357 et
938 2302 1080 2372 seq.)

612 2392 764 2448 Sicut
812 2391 897 2446 lex
938 2397 1247 2447 sanctorum
1292 2386 1492 2458 scripta
1533 2387 1588 2442 in
1631 2385 1829 2441 tabulis
1869 2383 2115 2456 lapideis,

537 2492 669 2550 etc.,
696 2498 859 2554 usque
892 2483 962 2537 ad
1002 2481 1094 2553 qui
1127 2480 1284 2537 datus
1309 2487 1393 2535 est
1420 2479 1591 2535 nobis.
1635 2476 1717 2549 (S.
1746 2477 1910 2548 Aug.,
1938 2475 2029 2531 lib.
2057 2478 2120 2530 de

540 2574 685 2647 Spir.
707 2585 754 2630 et
776 2575 878 2644 lit.,
913 2583 1040 2631 tom.
1065 2572 1134 2641 Χ,
1158 2590 1213 2645 p.
1240 2589 1281 2640 1,
1315 2572 1417 2628 col.
1445 2571 1552 2626 225
1584 2579 1640 2628 et
1666 2570 1807 2643 seq.)

1158 2706 1383 2765 CAPUT
1421 2705 1512 2762 IX.

614 2802 814 2860 Habuit
843 2803 1082 2876 quidem,
1110 2809 1239 2865 etc.,
1270 2814 1443 2869 usque
1480 2797 1545 2852 ad
1566 2838 1581 2865 ,
1617 2796 1757 2864 quod
1782 2795 1979 2851 dicitur
1998 2812 2123 2850 san-

541 2907 648 2954 cta.
670 2896 854 2951 Prima
877 2903 996 2950 erat
1025 2892 1345 2965 ingredienti
1372 2897 1530 2961 porta
1561 2888 1685 2943 atrii
1711 2907 1724 2942 :
1754 2904 1874 2958 quae
1904 2887 2124 2958 patebat

541 2988 754 3058 viginti,
782 2994 885 3042 etc.
909 3026 924 3052 ,
957 3000 1114 3055 usque
1143 2983 1211 3037 ad
1236 2984 1288 3039 in
1311 2980 1552 3036 Levitico
1572 2980 1832 3050 scriptum
1856 2988 1957 3033 est.
1999 2977 2123 3048 (Id.,

2196 505 2292 559 vit.
2327 505 2448 577 (Id.,
2482 505 2572 559 tib.
2613 503 2812 570 Quaest.
2846 504 2899 558 in
2940 502 3130 569 Num.,
3155 511 3287 557 tom.
3319 501 3418 566 IlI,
3440 510 3567 572 part.
3588 505 3707 567 1,col.

2196 595 2303 651 752
2329 605 2385 650 et
2411 596 2550 668 seq.)

2271 685 2374 740 Ubi
2398 688 2535 741 enim
2561 685 2966 751 Testamentum,
2992 694 3123 751 etc.,
3148 699 3327 757 usque
3361 684 3430 740 ad
3469 685 3592 755 quod
3611 679 3713 741 reas-

2200 778 2345 833 davit
2374 772 2458 832 ad
2490 795 2577 833 vos
2625 777 2789 833 Deus.
2819 777 3025 845 Habeo,
3064 785 3191 842 etc.,
3224 793 3398 847 usque
3426 776 3493 829 ad
3518 778 3713 846 possedit

2200 868 2326 939 (Id.,
2350 871 2406 923 in
2433 868 2568 940 psal.
2596 870 2807 940 1.1m.)

2277 960 2429 1015 Sicut
2478 961 2769 1031 Apostolus
2820 960 2888 1015 ad
2943 959 3198 1016 Hebraws
3255 959 3418 1026 dicit,
3474 958 3717 1016 Testamen-

2203 1058 2338 1117 tum,
2372 1060 2502 1116 etc.,
2551 1067 2712 1123 usque
2745 1050 2815 1106 ad
2860 1060 2915 1106 et
2959 1051 3074 1121 ipse
3121 1050 3306 1107 nobis.
3358 1050 3482 1123 (Id.,
3527 1060 3634 1108 tom.
3659 1051 3714 1119 Vl,

2204 1144 2310 1202 col.
2341 1145 2409 1200 86
2438 1154 2489 1199 et
2516 1145 2655 1215 seq.)

2278 1233 2457 1288 Etiam
2482 1233 2898 1299 tabernaculum,
2924 1240 3057 1300 etc.,
3083 1249 3259 1303 usque
3282 1233 3356 1289 ad
3377 1234 3716 1306 exspectantibus

2206 1339 2262 1378 se
2317 1323 2371 1376 in
2390 1322 2637 1397 salutem.
2680 1323 2757 1379 De
2811 1324 3095 1380 sacriﬁciis
3147 1325 3467 1380 animalium
3517 1325 3620 1394 quis
3655 1341 3717 1380 no-

2208 1423 2401 1480 strum,
2424 1423 2556 1481 etc.,
2587 1417 2865 1487 usquead
2909 1417 3173 1488 implevit.
3203 1417 3337 1491 (Id.,
3369 1426 3498 1472 tom.
3522 1416 3632 1486 VIII,
3649 1418 3715 1473 col.

2208 1508 2314 1565 546
2351 1518 2406 1565 et
2435 1508 2573 1580 seq.)

2827 1599 3053 1658 CAPUT
3095 1599 3159 1655 X.

2285 1716 2533 1772 Umbram
2566 1718 2703 1773 enim
2727 1717 2939 1782 habens,
2975 1726 3108 1784 etc.,
3145 1732 3324 1788 usque
3354 1717 3423 1772 ad
3454 1715 3594 1771 semel
3616 1732 3720 1769 nsa-

2214 1807 2345 1862 dati.
2376 1807 2612 1863 Montem
2663 1807 2793 1862 Sion
2841 1806 3002 1861 istum
3047 1821 3206 1878 quem
3253 1805 3513 1861 habitasti
3551 1805 3597 1860 in
3626 1804 3717 1875 ipso,

2213 1898 2303 1953 ubi
2338 1905 2455 1953 erat
2504 1896 2732 1967 populus
2759 1903 2902 1962 ante,
2936 1905 3070 1963 etc.,
3097 1913 3263 1968 usque
3306 1896 3380 1951 ad
3407 1895 3594 1951 umbrae
3617 1894 3718 1949 tolle-

2216 1999 2424 2046 rentur.
2462 1989 2545 2062 (S.
2575 1989 2735 2060 Aug.,
2782 1990 2837 2044 in
2878 1988 3015 2060 psal.
3063 2004 3257 2056 1.xx111,
3302 1997 3442 2045 tom.
3460 1986 3545 2053 IV,
3569 1995 3718 2057 ρει-ιι,

2215 2080 2318 2138 col.
2349 2080 2499 2153 954.)
3232 2100 3241 2115 -

2286 2174 2396 2230 Cur
2423 2180 2601 2229 autem
2645 2187 2753 2228 non
2799 2172 2976 2229 dicam
3011 2179 3283 2242 praecepta
3324 2170 3441 2237 illa,
3468 2178 3584 2234 etc.,
3616 2184 3721 2238 usqu

2218 2265 2287 2321 ad
2311 2265 2436 2321 boni
2460 2279 2566 2341 non
2592 2262 2742 2318 ﬁant.
2772 2262 2899 2335 (Id.,
2927 2263 3081 2333 epist.
3110 2264 3181 2316 ad
3205 2260 3541 2331 liieronym.,
3567 2267 3667 2313 tom.
3680 2255 3719 2319 ll,

2218 2358 2321 2414 col.
2349 2356 2499 2428 281.)

2289 2447 2393 2503 Sed
2417 2449 2471 2501 in
2496 2448 2623 2518 ipsis
2650 2444 3072 2502 commemoratio
3092 2453 3452 2516 peccatorum,
3474 2450 3591 2507 etc.,
3608 2453 3719 2509 usque

2220 2540 2289 2594 ad
2319 2538 2519 2608 auferri
2547 2547 2779 2596 peccata.
2815 2535 3099 2592 Mauil‘este
3124 2535 3415 2606 Scriptura
3449 2541 3656 2595 testatur,
3682 2530 3722 2583 il-

2222 2630 2329 2685 lum
2353 2629 2692 2701 sanguinem,
2716 2636 2848 2695 etc.,
2880 2644 3043 2699 usque
3071 2628 3141 2682 ad
3165 2626 3617 2698 praeﬁgurabatur.
3640 2621 3717 2695 (Id.,

2222 2729 2355 2777 tom.
2382 2720 2446 2785 Il,
2471 2729 2613 2792 part.
2646 2737 2686 2787 1,
2711 2720 2816 2776 col.
2851 2718 3003 2789 703.)

2293 2814 2423 2870 Ideo
2457 2813 2753 2885 ingrediens
2784 2811 3039 2867 mundum
3077 2811 3229 2876 dicit,
3267 2819 3404 2876 etc.,
3434 2821 3586 2878 usque
3598 2804 3661 2860 ed
3684 2810 3716 2855 st

2223 2906 2439 2977 faciam,
2461 2905 2620 2971 Deus,
2647 2903 2962 2960 uoluntatem
3000 2912 3164 2957 tuam.
3190 2900 3527 2958 Sacriﬁcium
3551 2906 3599 2952 et
3620 2894 3718 2950 obh—

2226 3000 2426 3056 tiouem
2455 2997 2691 3063 noluisti,
2725 2995 2802 3051 ait
2822 2994 3069 3050 Domino.
3103 2994 3329 3063 Antiqui
3367 2993 3717 3055 enim,etc.,lt-

544 3077 637 3133 lib.
671 3076 869 3143 Quwst.
900 3078 954 3130 in
983 3076 1157 3131 Exod.
1178 3081 1234 3129 in
1256 3074 1574 3145 expositione
1597 3072 1940 3139 tabernaculi,
1967 3070 2122 3143 paulo

624 3171 719 3188 .,..
826 3187 832 3188 ,
1167 3185 1193 3188 _
1256 3185 1271 3188 _
1325 3167 1397 3188 η.
1451 3167 1551 3188 mm
1590 3166 1798 3188 -.-ηκ

2228 3109 2325 3164 que
2349 3091 2418 3145 ad
2447 3089 2589 3144 Deus
2615 3101 2788 3152 meus,
2828 3084 2995 3140 volui.
3027 3082 3152 3157 (Id.,
3188 3082 3245 3138 in
3284 3081 3420 3154 psal.
3444 3094 3607 3143 suis,
3633 3084 3716 3128 tou.

546 3180 666 3226 ante
683 3171 859 3240 ﬁnem,
893 3178 1026 3225 tom.
1054 3169 1138 3237 Ill,
1166 3185 1221 3240 p.
1255 3185 1293 3222 1.
1318 3167 1420 3223 col.
1449 3167 1552 3222 670
1581 3178 1636 3223 et
1656 3166 1800 3239 seq.)

616 3259 744 3315 Post
787 3261 1129 3315 uelamentum
1159 3268 1332 3313 autem
1356 3299 1371 3324 ,
1400 3266 1529 3325 etc.,
1581 3272 1748 3328 usque
1771 3256 1871 3321 ad,
1916 3273 2020 3311 non
2056 3267 2131 3311 est

546 3346 704 3405 ‘modo
748 3349 1027 3404 dicendum
1065 3365 1156 3419 per
1197 3347 1424 3419 singula.
1471 3347 1535 3402 Et
1562 3346 1764 3401 dividet
1799 3344 1948 3401 vobis
1979 3343 2128 3400 vela-

551 3454 700 3505 men,
725 3448 856 3505 etc.,
884 3455 1047 3510 usque
1066 3440 1136 3494 ad
1150 3437 1535 3509 praecipiuntur
1551 3445 1635 3491 est
1658 3435 1868 3507 ﬁgurat.
1896 3434 2018 3507 (Id.,
2035 3434 2126 3491 lib.

552 3529 753 3598 Qutrst.
786 3532 840 3587 in
876 3529 1075 3602 Ezod.,
1107 3546 1199 3602 qu.
1235 3530 1355 3597 112,
1395 3538 1525 3584 tom.
1555 3528 1642 3594 III,
1672 3544 1724 3598 p.
1760 3544 1810 3595 1,
1842 3527 1948 3584 col.
1980 3526 2128 3600 655.)

620 3621 1055 3693 Propitiatorium
1104 3629 1282 3677 autem
1329 3619 1458 3691 quid
1503 3621 1667 3685 dicat,
1696 3627 1828 3684 etc.,
1869 3635 2029 3690 usque
2060 3617 2130 3672 ad

550 3712 604 3768 in
637 3712 731 3768 Dei
758 3712 1148 3769 misericordia.
1188 3710 1270 3784 (S.
1299 3710 1436 3783 Aug.
1464 3709 1616 3776 ibid.,
1646 3717 1773 3765 tom.
1801 3707 1887 3776 III,
1914 3716 2056 3779 part.
2088 3723 2128 3776 1,

550 3807 655 3863 col.
689 3807 793 3864 655
812 3817 869 3864 et
889 3808 1029 3880 seq.)

625 3897 724 3952 His
757 3915 874 3954 vero
898 3900 974 3953 ita
1013 3899 1326 3968 compositis,
1370 3906 1472 3954 etc.
1494 3940 1510 3965 ,
1565 3914 1734 3970 usque
1763 3898 1830 3953 ad
1869 3914 2033 3968 usque
2062 3897 2131 3951 ad

553 3998 752 4059 tempus
783 3991 1114 4045 correctionis
1152 3990 1426 4061 impositis.
1468 3990 1684 4060 Septem
1720 3991 1912 4046 diebus
1942 3988 2132 4044 vestiet

554 4094 615 4134 se
658 4094 723 4134 ea
770 4079 1041 4145 sawrdos;
1071 4088 1208 4146 etc.,
1248 4097 1412 4151 usque
1440 4081 1509 4135 ad
1540 4080 1963 4137 misericordiam
1984 4078 2131 4147 judi-

555 4169 661 4225 cio.
708 4167 802 4239 (S.
853 4169 1016 4241 Aug.,
1058 4168 1225 4236 ibid.,
1273 4177 1402 4225 tom.
1443 4169 1543 4238 lIl,
1588 4178 1728 4241 part.
1783 4186 1835 4237 1,
1874 4169 1979 4226 col.
2029 4168 2131 4224 640

558 4268 617 4317 et
641 4260 782 4333 seq.)

626 4352 866 4409 Christus
879 4363 1074 4421 autem,
1096 4361 1413 4425 etc.,usque
1442 4354 1510 4410 ad
1533 4355 1881 4425 redemptione
1900 4355 2128 4410 inventa.

2230 3185 2320 3252 IV,
2347 3192 2489 3254 part.
2530 3199 2569 3248 1,
2601 3180 2704 3237 col.
2732 3178 2833 3233 441
2865 3186 2922 3233 et
2947 3176 3090 3248 seq.)

2304 3277 2444 3333 Sunt
2485 3276 2648 3330 etiam
2696 3272 2788 3342 qui
2830 3269 3137 3335 universas,
3181 3276 3315 3331 etc.,
3342 3281 3500 3336 usque
3540 3263 3597 3316 ad
3628 3256 3716 3313 etin

2228 3368 2492 3426 Ecclesia.
2536 3363 2659 3436 (Id.,
2705 3364 2763 3418 in
2785 3359 2921 3434 psal.
2962 3375 3049 3427 οι,
3098 3368 3229 3413 tom.
3274 3356 3369 3424 IV,
3410 3363 3540 3427 part.
3573 3366 3619 3415 ιι,
3649 3345 3713 3401 col.

2230 3457 2415 3530 1962.)

2302 3548 2578 3621 Sapientia
2612 3545 2903 3603 aediﬁcavit
2931 3544 3036 3601 sibi
3077 3544 3321 3609 domum,
3366 3549 3422 3597 et
3450 3530 3642 3594 sull'ulsit

2229 3617 2442 3696 lumnas
2471 3646 2699 3711 septem,
2726 3646 2859 3705 etc.,
2881 3651 3044 3706 usque
3070 3633 3140 3688 ad
3167 3627 3589 3705 participantibus
3620 3617 3716 3711 mitti:

2229 3740 2453 3789 stratur.
2486 3705 2610 3802 (Id.,
2635 3729 2726 3783 lib.
2758 3728 2822 3783 de
2847 3705 3067 3782 Civitate
3100 3726 3218 3793 Dei,
3258 3735 3391 3781 tom.
3424 3719 3521 3784 VII,
3551 3714 3629 3772 col.
3652 3705 3716 3763 555

2231 3832 2285 3879 et
2306 3821 2445 3895 seq.)

2304 3913 2555 3985 Superius
2585 3914 2781 3979 dicens,
2820 3920 2946 3975 etc.,
2973 3923 3146 3980 usque
3168 3908 3237 3964 ad
3258 3917 3312 3963 et
3345 3902 3624 3963 sacerdotem
3645 3905 3716 3947 m-

2231 4021 2386 4077 gnum
2409 4020 2565 4074 super
2584 4004 2796 4058 domum
2810 4000 2932 4058 Dei.
2950 3999 3124 4055 Verus
3146 3997 3237 4054 ille
3255 3997 3531 4056 mediator,
3549 3989 3593 4043 in
3605 3992 3715 4077 qui?

2233 4073 2346 4148 tum
2391 4093 2644 4160 formam,
2675 4102 2805 4159 etc.,
2833 4107 2996 4161 usque
3026 4090 3095 4144 ad
3132 4088 3496 4159 plenissimam
3529 4073 3716 4161 perditi

2233 4199 2376 4240 mur.
2408 4184 2534 4254 (1.1.,
2563 4152 2654 4238 lib.
2694 4200 2729 4237 χ
2758 4152 2821 4237 de
2860 4152 3081 4236 Civitate
3114 4152 3236 4245 Dei,
3267 4185 3398 4233 tom.
3436 4169 3533 4236 v11,
3555 4152 3714 4221 001.198

2232 4290 2288 4337 ει
2316 4294 2431 4337 sea.

2316 4295 2375 4335 se
2417 4318 2431 4332 .

2302 4279 2626 4425 AcEeZlamus
2664 4384 2784 4422 cum
2808 4382 2927 4421 uero
2961 4364 3138 4430 corde,
3166 4370 3300 4429 etc.,
3330 4370 3491 4428 usque
3512 4349 3569 4406 ad
3584 4344 3713 4430 (1⁸⁸⁸9

556 4442 727 4499 Filius
752 4443 847 4500 Dei
874 4442 1004 4500 fecit
1030 4460 1160 4501 nos:
1192 4443 1365 4500 iactus
1391 4454 1475 4499 est
1500 4446 1640 4500 inter
1665 4460 1785 4510 nos,
1802 4453 1935 4510 etc.,
1968 4461 2128 4516 usque
2155 4482 2207 4544 Β
2232 4461 2462 4516 videritis
2493 4459 2993 4530 appropinquantem
3020 4426 3179 4508 diem.
3219 4426 3427 4508 Fidelis
3450 4439 3658 4544 Dominus
3682 4426 3715 4526 ξπ

554 4536 627 4591 ad
657 4537 770 4606 ipse
799 4537 1070 4593 sacerdos.
1111 4536 1192 4609 (S.
1220 4540 1358 4610 Aug.
1394 4539 1452 4592 in
1490 4538 1623 4609 psal.
1658 4553 1840 4605 cxux,
1879 4547 2007 4594 tom.
2039 4536 2128 4607 IV,

557 4637 699 4700 part.
727 4645 790 4696 ιι,
813 4629 916 4686 col.
946 4628 1086 4686 1952
1106 4639 1161 4686 et
1181 4630 1320 4702 seq.)

571 4743 578 4750 -
631 4719 691 4776 Si
713 4722 850 4775 enim
872 4721 1086 4793 sanguis
1112 4723 1397 4788 hircorum,
1428 4732 1557 4789 etc.,
1587 4738 1756 4794 usque
1772 4724 1841 4779 ad
1859 4723 1929 4779 ad
1952 4738 2136 4778 emun-

562 4811 826 4867 dationem
849 4815 1040 4868 carnis.
1072 4813 1391 4884 Dejuvenca
1421 4813 1541 4870 rufa
1559 4856 1574 4878 ,
1611 4817 1765 4888 cujus
1801 4831 2041 4873 emerem
2063 4814 2131 4871 ad

562 4924 760 4979 aquam
778 4911 1132 4981 aspersionis,
1163 4919 1291 4977 etc.,
1315 4928 1474 4984 usque
1499 4912 1568 4966 ad
1596 4912 1688 4981 qui
1726 4927 1854 4968 vere
1880 4911 1964 4965 vir
1988 4925 2137 4966 mun-

563 4997 665 5053 dus
694 5007 793 5054 est.
823 4999 905 5069 (S.
928 5000 1085 5069 Aug.,
1118 5002 1173 5056 in
1201 4998 1366 5058 Num.
1395 5016 1487 5071 qu.
1527 5000 1618 5067 55,
1645 5010 1775 5057 tom.
1808 5000 1894 5067 III,
1923 5008 2064 5068 part.
2095 5015 2135 5067 1,

566 5088 671 5145 col.
701 5088 804 5143 752
826 5099 879 5145 et
904 5092 1045 5163 seq.)

638 5182 845 5249 Quanto
875 5187 1039 5256 magis
1077 5188 1288 5259 sanguis
1335 5185 1551 5250 Christi,
1578 5192 1707 5249 etc.,
1740 5199 1911 5254 usque
1956 5185 2023 5241 ad
2069 5185 2138 5239 ad

566 5275 894 5332 serviendum
923 5276 1031 5332 Deo
1053 5279 1275 5333 viventi?
1300 5276 1413 5333 Hoc
1457 5277 1803 5341 sacriﬁcium,
1828 5277 1918 5332 ubi
1958 5291 2137 5332 sacer-

568 5366 667 5422 dos
694 5374 778 5422 est
800 5368 1041 5433 victima,
1068 5377 1197 5432 etc.,
1230 5384 1389 5438 usque
1417 5366 1481 5422 ad
1511 5378 1561 5423 ει
1590 5368 1853 5423 habitavit
1876 5368 1928 5421 in
1956 5368 2130 5422 nobis.

566 5458 690 5531 (Id.,
720 5476 821 5515 ser.
851 5462 915 5515 de
950 5459 1100 5516 Sacr.
1132 5461 1435 5530 vespertino,
1490 5471 1619 5517 tom.
1652 5462 1719 5528 V,
1751 5470 1891 5533 part.
1938 5476 1998 5526 11,
2029 5460 2131 5516 col.

569 5550 699 5606 1501
731 5561 784 5608 et
808 5553 948 5624 seq.)

639 5641 706 5695 Et
739 5642 854 5695 ideo
888 5642 1025 5696 Novi
1057 5640 1370 5696 Testamenti
1395 5642 1650 5696 mediator
1680 5652 1775 5707 est,
1807 5651 1937 5705 etc.,
1967 5653 2137 5709 usque

569 5734 636 5789 ad
669 5735 758 5805 qui
801 5734 969 5787 vocati
1011 5743 1129 5789 sunt
1169 5744 1375 5789 a’trrmr
1407 5733 1744 5788 Itwreditatis.
1784 5732 1965 5787 Primo
1994 5731 2137 5784 enim

2234 4552 2414 4607 verbis
2452 4520 2585 4606 suis.
2633 4520 2772 4616 Quid
2800 4548 2945 4602 enim
2972 4544 3244 4616 promisit,
3273 4552 3400 4603 etc.,
3441 4545 3577 4603 usque
3608 4520 3658 4576 αι(
3681 4520 3711 4567 ίί¹

2235 4645 2486 4701 omnibus
2525 4641 2780 4713 cperibus
2823 4639 2958 4694 suis.
3004 4636 3128 4709 (Id.,
3182 4637 3239 4690 in
3279 4631 3410 4705 psal.
3453 4634 3602 4683 οων,
3629 4620 3711 4666 tom.

2235 4734 2325 4803 IV,
2359 4743 2502 4805 part.
2528 4750 2601 4800 11,
2630 4733 2737 4789 col.
2760 4730 2899 4787 1880
2921 4738 2977 4786 et
3000 4729 3142 4799 seq.)

2324 4792 2627 4880 voluntarie
2665 4824 2803 4878 enim
2844 4819 3200 4892 peccantibus,
3249 4825 3380 4881 etc.,
3421 4792 3644 4892 ιιδίιυεὲδ

2238 4920 2453 4990 portetis
2481 4915 2897 4988 promissionem.
2944 4912 3082 4966 Ecce
3120 4910 3266 4966 enim
3294 4886 3706 4990 Dominus,_

2238 4970 2298 5067 ιιι
2323 4970 2702 5083 ignis'veniet,
2749 5014 2879 5070 etc.,
2913 5021 3074 5075 usque
3103 5005 3171 5057 ad
3207 5016 3334 5057 caro
3375 5002 3505 5054 sunt.
3532 4984 3625 5058 (ld-.
3651 4970 3707 5025 (ξδ’

2239 5104 2304 5159 de
2325 5104 2542 5158 Civitate
2563 5100 2681 5165 Dei,
2705 5107 2834 5154 tom.
2866 5095 2975 5162 VII,
3006 5095 3109 5149 col.
3144 5093 3292 5164 692.)
3584 5160 3624 5168 Δ,
3650 5152 3685 5168 μ

2310 5197 2495 5249 Adhuc
2524 5160 2677 5248 enimt
2696 5160 2977 5254 modicum,
3009 5196 3137 5253 etc.,,
3171 5160 3340 5255 usque
3377 5179 3438 5235 ad
3461 5169 3538 5229 ³⁸⁸⁸

2241 5286 2633 5356 acquisitionem
2681 5282 2891 5336 animm.
2931 5278 3067 5334 Justi
3116 5277 3251 5331 recti
3296 5257 3612 5356 exsultate

2241 5343 2407 5445 mino,
2441 5385 2567 5439 etc.,
2603 5391 2762 5445 usque
2797 5372 2864 5426 ad
2900 5380 2954 5426 et
2978 5370 3279 5425 vincentem
3311 5363 3527 5421 coronat.
3556 5343 3643 5415 (ωσι
3671 5346 3704 5383 ’³

2241 5468 2376 5541 psal.
2408 5474 2734 5531 xxx11,tom.
2765 5462 2852 5517 IV.
2880 5469 3019 5530 part.
3050 5476 3088 5525 1,
3110 5457 3224 5520 col.
3254 5455 3397 5526 279.)

2855 5611 3083 5670 CAPUT
3124 5610 3211 5666 XI.

2330 5728 2423 5782 Est
2490 5736 2663 5782 autem
2736 5725 2863 5794 ﬁdes
2932 5722 3304 5794 sperandarum
3374 5698 3603 5801 substantia
3644 5694 3697 5737 η’

3810 4638 3816 4897 4

3808 5202 3813 5403 ἰ

3800 5668 3813 6127 ξ
