3902 6300
108 316 230 371 417

998 315 1357 374 ΕΧΡΟΞΙΤΙΟ
1393 316 1458 370 IN
1495 315 1643 370 EPP.
1684 312 1905 368 PAULI.
1946 345 2014 354 —-
2051 310 2155 368 ΕΡ.
2196 316 2287 368 AD
2321 313 2524 369 HEBR.

3255 315 3360 371 M8

106 461 271 508 rum,
326 456 430 500 etc.
459 486 474 510 ,
534 461 702 516 usque
762 445 828 499 ad
877 446 1135 499 consecuti
1188 454 1307 497 sunt
1357 460 1517 498 senes.
1570 442 1693 497 Ilaéc
1719 448 1768 507 Α
1797 442 2065 511 principes
2094 451 2310 512 propter
2335 443 2562 498 Pilatum
2586 443 2984 511 intellexerunt,
3005 444 3096 514 qui
3120 446 3361 502 testimo-

102 544 200 591 est
230 537 376 590 enim
419 537 533 592 laus
559 537 702 601 ﬁdei,
729 537 772 590 si
795 537 938 606 quod
981 536 1239 601 creditur,
1283 543 1413 599 etc.,
1441 550 1599 604 usque
1622 535 1690 587 ad

102 641 238 696 quae
261 645 366 683 non
397 630 664 684 videntur.
692 628 772 699 (S.
805 628 966 700 Aug.,
994 628 1047 682 in
1068 627 1251 694 Joan.,
1279 636 1410 684 tom.
1429 624 1512 691 III,
1543 634 1688 696 part.

101 731 190 787 Iv,
217 721 323 776 col.
352 721 533 795 1857.)

187 809 328 865 Fide
360 811 718 882 intelligimus,
765 821 894 880 etc.,
945 828 1117 884 usque
1160 814 1226 868 ad
1252 829 1368 886 quae
1405 829 1497 884 per
1531 812 1688 882 ﬁdem

101 910 210 963 est,
245 900 412 956 [iteres
453 912 524 956 est
552 904 842 958 institutus.
870 903 1281 959 Consideremus
1327 919 1390 958 ea
1422 919 1540 974 quae
1563 902 1690 959 fecit

101 989 282 1056 Deus,
317 999 446 1056 etc.,
480 1008 642 1062 usque
667 993 735 1046 ad
779 1009 948 1062 usque
997 1009 1136 1048 nunc
1165 1003 1439 1063 operatur.
1481 993 1601 1064 (ld.,
1626 993 1690 1047 de

102 1079 249 1137 Gen.
291 1083 360 1136 ad
391 1082 636 1149 litteram,
672 1092 799 1139 tom.
828 1081 910 1148 IIl,
943 1092 1084 1155 part.
1126 1100 1165 1150 ι,
1196 1084 1300 1140 col.
1329 1084 1434 1140 555
1467 1093 1522 1138 et
1545 1083 1688 1157 seq.)

182 1172 245 1228 In
299 1174 560 1246 principio
611 1175 739 1231 fecit
775 1176 916 1232 Deus
954 1175 1148 1232 cmlum
1191 1185 1248 1231 et
1291 1185 1508 1231 terram.
1558 1175 1690 1230 Ter-

101 1279 197 1329 ra,
232 1273 362 1330 etc.,
413 1282 572 1336 usque
612 1268 681 1320 ad
728 1266 968 1322 condidit
1013 1267 1310 1322 mundum;
1338 1267 1459 1338 (ld.,
1505 1275 1686 1322 contra

99 1353 380 1421 Monk/3.,
408 1365 537 1412 tom.
563 1356 646 1421 III,
676 1365 816 1426 part.
842 1375 880 1424 ι,
911 1361 1014 1413 col.
1045 1357 1146 1414 176
1185 1366 1241 1414 et
1266 1357 1405 1429 seq.)

182 1463 324 1520 Fide
349 1467 436 1537 qui
464 1478 678 1522 vocatur
700 1467 986 1533 Abraham,
1013 1475 1145 1533 etc.,
1191 1482 1358 1538 usque
1412 1467 1479 1522 ad
1535 1467 1685 1539 cujus

96 1556 306 1625 artifex
326 1565 373 1612 et
397 1557 633 1612 conditor
659 1556 821 1612 Deus.
843 1557 1040 1613 Beatus
1065 1557 1394 1627 Stephanus,
1428 1566 1560 1624 etc.,
1596 1575 1685 1614 us—

94 1663 211 1716 que
247 1647 317 1700 ad
353 1646 528 1702 fuerat
578 1647 925 1719 amputanda.
967 1645 1092 1719 (ld.,
1137 1646 1229 1702 lib.
1258 1647 1322 1702 de
1355 1645 1509 1702 Civil.
1561 1647 1678 1717 Dei,

97 1744 245 1792 tom.
279 1737 386 1802 VII,
417 1738 520 1794 col.
550 1737 655 1794 495
679 1747 736 1795 et
759 1738 905 1809 seq.)
1019 1752 1084 1803 in)
1207 1735 1214 1740 ’

1791 531 1938 584 nium
1963 531 2197 600 ejusde’ni
2233 532 2421 602 psalmi
2453 533 2831 588 adhibuerunt.

1859 622 1916 676 In
1938 623 2130 678 Vetere
2143 623 2508 689 Testamento,
2535 625 2746 694 quando
2768 624 3200 692 commendabas,
3228 634 3357 693 etc.,

1790 730 1951 784 usque
1977 715 2042 768 ad
2071 715 2122 768 in
2153 714 2378 769 Domino
2408 723 2815 784 praecesserunt.
2858 715 2954 787 (Id.
2983 715 3072 770 lib.
3103 715 3167 771 de
3204 713 3356 770 Crat.

1791 801 1928 857 Novi
1959 803 2290 871 Testamenti,
2322 813 2450 859 tom.
2480 804 2547 870 II,
2577 805 2681 860 col.
2719 803 2823 859 546
2849 814 2904 860 et
2929 809 3071 875 seq.)

1860 893 1965 947 Alii
1988 905 2160 948 autem
2186 895 2394 950 distenti
2421 905 2564 960 sunt,
2591 903 2722 960 etc.,
2752 911 2918 966 usque
2959 897 3026 951 ad
3049 906 3228 952 utnon
3248 898 3358 953 sine

1791 984 1936 1039 nobis
1976 995 2478 1040 consummarentur.
2518 986 2585 1041 Et
2613 987 2666 1041 in
2694 987 2798 1042 illis
2820 989 3080 1058 patribus,
3108 999 3238 1055 etc.,
3270 1008 3357 1045 uso

1785 1091 1886 1143 que
1907 1076 1975 1128 ad
2005 1075 2258 1131 Ecclesiae
2295 1091 2428 1132 meae
2454 1076 2690 1132 minimis
2715 1078 2871 1133 meis.
2908 1078 3090 1150 (lbid.,
3130 1088 3262 1136 tom.
3285 1080 3350 1147 II,

1788 1164 1894 1220 col.
1927 1164 2031 1220 549
2059 1175 2116 1221 et
2143 1165 2284 1237 seq.)

2388 1255 2612 1314 CAPUT
2647 1257 2760 1314 XII.

1858 1366 2086 1439 Ideoque
2113 1377 2162 1422 et
2199 1384 2290 1423 nos
2325 1376 2524 1423 tantam
2553 1368 2794 1423 habentes
2847 1368 3141 1439 impositam
3171 1370 3354 1426 nubem

1784 1460 2011 1525 testium,
2042 1468 2171 1524 etc.,
2203 1474 2373 1529 usque
2398 1460 2465 1515 ad
2495 1469 2648 1527 atque
2672 1459 2726 1513 in
2744 1461 2958 1514 dextera
2989 1460 3124 1514 sedis
3147 1460 3243 1516 Dei
3274 1479 3354 1517 se-

1783 1554 1890 1608 det.
1921 1553 2072 1609 Tunc
2095 1553 2236 1609 enim
2259 1562 2315 1608 et
2343 1552 2427 1608 lex
2466 1552 2737 1622 impletur,
2777 1559 2908 1616 etc.,
2940 1569 3099 1623 usque
3124 1555 3193 1607 ad
3219 1570 3352 1624 quas

1783 1660 2046 1715 nusquam
2075 1645 2304 1714 futurus.
2335 1644 2456 1715 (ld.,
2486 1644 2578 1698 lib.
2599 1645 2662 1700 de
2683 1645 3066 1700 catecltizandis
3092 1645 3350 1714 Rudibus,

1783 1746 1839 1794 et
1874 1749 2004 1795 tom.
2035 1721 2132 1805 VI:
2159 1738 2260 1794 col.
2301 1737 2406 1795 558
2434 1737 2574 1811 seq.)

177 1833 318 1891 Fide
353 1847 400 1891 et
437 1839 550 1908 ipsa
589 1835 723 1893 Sara
750 1835 961 1904 sterilis,
987 1843 1120 1902 etc.,
1142 1848 1311 1906 usque
1347 1835 1413 1891 ad
1433 1835 1502 1890 ad
1530 1851 1680 1890 oram
1709 1800 1757 1860 Β
1853 1829 2151 1900 Recogitate
2205 1831 2340 1883 enim
2406 1846 2546 1895 eum,
2593 1838 2721 1895 etc.,
2772 1845 2943 1900 usque
2994 1829 3060 1885 ad
3107 1831 3352 1887 adversus

94 1930 272 1984 maris
299 1929 708 1984 innumerabilis.
726 1929 899 1985 Ambo
923 1929 1162 1986 seniores
1179 1937 1353 1996 erant,
1375 1937 1504 1996 etc.,
1520 1947 1680 2001 usque

93 2022 175 2074 ad
235 2030 316 2076 est
354 2021 575 2077 mortui.
620 2021 757 2094 (ld.,
792 2021 883 2076 lib.
918 2035 1050 2078 xvm
1093 2022 1156 2076 de
1191 2019 1346 2078 Civil.
1399 2019 1497 2076 Dei
1546 2029 1675 2076 tom.

93 2108 220 2174 VII,
251 2109 352 2166 col.
379 2109 480 2166 507
507 2119 563 2166 et
589 2110 733 2183 seq.)

171 2219 347 2277 Natus
375 2231 457 2277 est
477 2222 658 2293 itaque
675 2222 924 2290 Abrahae,
964 2231 1096 2289 etc.,
1125 2236 1288 2292 usque
1320 2219 1388 2273 ad
1433 2233 1673 2291 congau-

93 2312 254 2366 debit
281 2313 431 2368 mihi.
469 2311 591 2385 (ld.,
619 2330 683 2370 ex
705 2313 795 2368 lib.
818 2314 881 2369 de
920 2313 1070 2370 Civil.
1106 2313 1228 2380 Dei,
1258 2321 1389 2367 tom.
1425 2312 1536 2378 VII,
1566 2312 1672 2368 col.

96 2402 258 2460 5I0.I
594 2457 596 2460 ,

176 2404 232 2457 0.

174 2402 343 2550 Ju).rta
361 2496 517 2565 ﬁdem
554 2457 786 2566 defuncti
812 2507 956 2565 sunt,
987 2505 1119 2564 etc.,
1150 2511 1318 2567 usque
1351 2496 1419 2551 ad
1459 2495 1674 2552 Paravit

95 2589 244 2642 enim
262 2587 365 2642 illis
392 2587 668 2644 civitatem.
695 2589 832 2657 Quid
857 2598 942 2645 est
971 2588 1113 2660 quod
1139 2589 1274 2644 dixit
1315 2586 1504 2654 Iacob,
1539 2597 1670 2656 etc.,

95 2695 269 2750 usque
293 2679 359 2732 ad
402 2679 658 2736 Dominus
701 2679 1000 2749 pollicetur.
1059 2679 1181 2752 (ld.,
1225 2677 1316 2734 lib.
1360 2676 1557 2744 Quiut.
1615 2679 1673 2732 in

97 2768 238 2823 Gen.
264 2777 392 2824 tom.
420 2767 507 2836 III,
529 2785 584 2840 p.
609 2785 650 2836 ι,
689 2769 792 2825 col.
825 2768 976 2841 590.)

173 2881 351 2937 Incoia
387 2897 488 2952 ego
507 2897 628 2938 sum
648 2882 704 2936 in
727 2890 891 2948 terra,
923 2890 1054 2946 etc.,
1083 2897 1246 2952 usque
1271 2882 1340 2937 ad
1363 2883 1672 2953 peregrina-

97 2982 194 3028 tur
217 2988 247 3026 a
269 2972 509 3028 Domino.
539 2972 664 3044 (ld.,
701 2973 757 3028 in
782 2971 970 3045 psalm.
997 2987 1185 3040 cxvnr,
1219 2980 1350 3030 tom.
1394 2975 1484 3042 IV,
1517 2991 1575 3048 ρ.
1605 2991 1667 3045 ιι,

95 3066 211 3121 col.
248 3066 382 3121 1518
413 3075 469 3122 et
487 3065 626 3136 seq.)

1779 1932 2046 1992 peccatum
2103 1931 2466 1992 repugnantes;
2506 1921 2803 1977 Perfectior
2842 1923 2894 1976 in
2922 1923 3024 1978 hac
3055 1923 3186 1988 vita,
3221 1933 3351 1990 etc.,

1779 2028 1939 2081 usque
1959 2011 2029 2064 ad
2057 2011 2240 2080 utique
2269 2019 2552 2082 martyres.
2585 2011 2710 2082 (ld.,
2733 2028 2890 2067 serm.
2917 2013 2980 2067 de
3006 2013 3141 2068 verb.
3168 2014 3349 2085 Apost.

1779 2109 1912 2157 tom.
1947 2101 2012 2165 V,
2040 2116 2092 2170 p.
2123 2117 2162 2166 ι,
2193 2099 2294 2154 col.
2325 2099 2485 2170 868.)

1848 2190 1916 2244 Et
1949 2190 2092 2244 obliti
2135 2191 2257 2244 estis
2303 2189 2694 2254 consolationis,
2729 2198 2857 2256 etc.,
2906 2205 3078 2260 usque
3120 2193 3187 2248 ad
3231 2210 3352 2266 ergo

1777 2280 2004 2336 adulteri
2050 2292 2232 2336 etnon
2273 2280 2374 2350 ﬁlii
2421 2283 2561 2337 estis.
2611 2282 2666 2337 In
2697 2283 2910 2340 Christo
2949 2285 3020 2340 sit
3067 2301 3224 2356 quem
3270 2289 3352 2344 vis

1774 2385 1894 2426 esse
1949 2371 2350 2438 Christianum,
2401 2382 2505 2427 etc.
2534 2413 2548 2439 ,
2595 2389 2756 2445 usque
2804 2374 2872 2428 ad
2917 2374 2970 2429 in
3016 2376 3352 2448 passionibus

1775 2462 2055 2533 suis.'(ld.,
2089 2462 2153 2516 de
2183 2460 2357 2527 Past.,
2392 2471 2518 2518 tom.
2547 2462 2616 2530 V,
2646 2474 2787 2535 part.
2819 2480 2857 2530 I,
2885 2465 2990 2521 col.
3023 2465 3181 2539 276.)

1846 2551 2104 2623 Flagellat
2147 2563 2329 2607 autem
2373 2567 2588 2609 omnem
2633 2554 2798 2609 ﬁlium
2824 2595 2840 2623 ,
2890 2565 3030 2622 etc.,
3075 2575 3235 2629 usque
3280 2561 3350 2614 ad

1775 2643 1892 2699 sine
1916 2643 2144 2714 ﬂagello.
2184 2643 2306 2715 (ld.,
2336 2644 2390 2699 in
2423 2645 2558 2714 psal.
2601 2661 2730 2702 xxxx
2765 2655 2820 2702 et
2848 2663 3054 2714 xxxvn,
3093 2656 3224 2705 tom.
3256 2650 3349 2719 IV,

1773 2749 1828 2804 p.
1863 2751 1902 2800 ι,
1935 2735 2036 2790 col.
2061 2734 2212 2805 274.)

1845 2829 2013 2897 Quem
2037 2830 2180 2884 enim
2209 2827 2383 2901 diligit
2420 2829 2677 2886 Dominus
2709 2833 2952 2904 corripit,
3002 2841 3133 2900 etc.,
3190 2851 3352 2908 usque

1774 2920 1843 2974 ad
1893 2920 1946 2974 in
1996 2919 2306 2975 inﬁrmitate
2351 2920 2648 2991 perﬁcitur.
2693 2922 2814 2995 (ld.,
2843 2925 2900 2979 in
2943 2924 3078 2996 psal.
3126 2942 3345 2994 uuis,

1772 3019 1906 3068 tom.
1935 3009 2022 3077 IV,
2053 3028 2107 3082 p.
2153 3028 2215 3079 ιι,
2239 3011 2340 3068 col.
2375 3011 2559 3086 1M5.)

173 3155 300 3211 Ideo
325 3171 431 3212 non
479 3123 826 3212 confunditur
855 3156 996 3212 Deus
1033 3156 1217 3212 vocari
1266 3157 1407 3213 Deus
1457 3171 1666 3226 eorum,
1697 3163 1742 3226 ο
1847 3123 2072 3226 Q‘Iando
2093 3125 2336 3226 ,ῩΫηίΒίι
2366 3126 2529 3226 [lens’
2569 3135 2698 3226 Cic"
2727 3145 2887 3226 “8W
2920 3130 2990 3184 ad
3020 3135 3351 3226 °°_'_"Para‘i°

97 3251 316 3320 paravit
339 3251 481 3306 enim
500 3250 604 3306 illis
632 3251 927 3306 civitatem.
949 3249 1222 3306 Abraham
1249 3258 1304 3306 et
1325 3250 1475 3307 Isaac
1500 3260 1554 3307 et
1573 3252 1669 3308 Ja-

98 3343 228 3409 cob,
252 3352 380 3409 etc.,
410 3359 572 3414 usque
596 3343 664 3396 ad
693 3342 948 3399 custodit.
978 3340 1104 3414 (ld.,
1153 3351 1333 3397 contra
1381 3340 1669 3412 Faustum,

97 3444 238 3490 tom.
271 3434 398 3500 VIII,
431 3434 536 3490 col.
557 3433 708 3505 454.)

175 3525 310 3580 Fide
335 3526 516 3582 obtulit
541 3525 804 3580 Abraham
829 3524 1005 3591 Isaac,
1028 3535 1159 3592 etc.,
1181 3540 1352 3596 usque
1380 3527 1447 3581 ad
1471 3527 1674 3583 benedi-

95 3619 180 3674 xit
217 3617 370 3674 Isaac
396 3627 446 3674 et
486 3618 650 3674 Iacob
683 3627 732 3673 et
761 3617 923 3673 Esau.
977 3617 1128 3674 Hanc
1173 3634 1301 3691 ergo
1357 3620 1671 3690 promissio-

95 3725 228 3765 nem
278 3720 432 3780 pater
481 3710 602 3779 pius
642 3709 868 3765 ﬁdeliter
897 3719 1103 3777 tenens,
1133 3718 1264 3777 etc.,
1291 3727 1452 3782 usque
1481 3712 1550 3765 ad
1569 3712 1676 3782 spi-

97 3802 188 3856 nis
207 3799 442 3856 Judaicis
466 3809 772 3858 coronatus.
827 3799 948 3873 (ld.,
987 3799 1078 3856 lib.
1116 3817 1206 3857 xv:
1251 3801 1315 3857 de
1367 3800 1518 3857 Civil.
1573 3802 1673 3858 Dei

98 3905 239 3950 tom.
267 3893 376 3960 VII,
404 3893 506 3950 col.
535 3892 682 3958 511.)

177 3985 365 4057 Magna
394 3986 547 4051 ﬁdes,
570 4001 766 4056 magna
808 3986 1001 4056 pietas,
1030 3994 1165 4052 etc.,
1195 4002 1356 4057 usque
1384 3987 1452 4039 ad
1476 3986 1675 4057 impos-

96 4078 259 4133 sibile
317 4092 436 4133 esse
486 4077 746 4134 Creatori.
811 4078 910 4144 (Id.
943 4119 958 4144 ,
1011 4095 1165 4133 serm.
1207 4078 1270 4133 de
1321 4077 1676 4134 immolatione

95 4169 286 4234 Isaac,
317 4178 445 4224 tom.
469 4169 536 4234 V,
561 4185 614 4239 ρ.
640 4185 677 4235 ι,
703 4169 806 4225 col.
836 4169 950 4240 27.)

175 4279 310 4335 Fide
333 4280 496 4336 Jacob
522 4282 770 4347 moriens,
797 4291 925 4347 etc.,
964 4296 1132 4351 usque
1159 4282 1250 4348 ad,
1291 4281 1548 4352 excipiens
1590 4299 1679 4338 etc-

95 4370 389 4440 ploratores
418 4386 533 4424 cum
559 4385 704 4440 pace.
734 4369 872 4437 Quid
903 4378 986 4425 est
1025 4369 1170 4439 quod
1225 4371 1490 4436 adoravit,
1543 4379 1674 4427 etc..

97 4479 266 4534 usque
291 4463 359 4516 ad
389 4463 465 4518 rei
491 4461 683 4517 futura:
708 4478 819 4533 prae
866 4463 1234 4535 ﬁgurabatur.)
1262 4461 1362 4534 (Id.
1389 4461 1588 4529 Quaest.
1619 4464 1676 4520 in

96 4555 261 4620 Gen.,
296 4563 425 4609 tom.
459 4553 547 4619 IIl,
579 4570 632 4624 p.
661 4556 713 4621 I,
743 4553 845 4610 col.
879 4551 1031 4626 583.)

174 4646 244 4701 Et
269 4647 392 4716 quid
423 4646 594 4700 adhuc
616 4646 786 4701 dicam
802 4647 828 4700 ?
851 4655 957 4703 etc.
978 4688 993 4711 ,
1019 4661 1190 4717 usque
1225 4647 1292 4702 ad
1319 4648 1674 4718 repromissio-

98 4753 213 4790 nes.
233 4735 502 4790 Abraham
527 4750 632 4790 non
660 4735 829 4790 solum
861 4751 964 4790 non
992 4744 1074 4792 est
1093 4736 1358 4806 culpatus,
1409 4745 1544 4803 etc.,
1586 4755 1676 4792 us-

95 4843 201 4898 que
229 4827 296 4879 ad
325 4825 580 4880 miracula
608 4825 856 4882 iaciebat.
905 4825 1003 4898 (Id.
1026 4867 1040 4893 ,
1066 4843 1130 4881 ex
1155 4827 1245 4881 lib.
1270 4828 1334 4880 de
1371 4826 1523 4885 Cit-it.
1553 4828 1673 4897 Dei,

97 4930 232 4974 tom.
264 4918 370 4986 VII,
403 4919 504 4973 col.
533 4918 648 4991 55.)

177 5007 561 5064 Obturaverunt
589 5026 682 5063 ora
711 5009 938 5073 leonum,
963 5017 1095 5074 etc.,
1122 5025 1291 5080 usque
1314 5011 1382 5080 ad
1410 5011 1474 5064 de
1505 5029 1677 5067 resur-

99 5100 328 5154 rectione
358 5109 589 5154 mortuos
618 5116 761 5154 suos.
803 5099 1071 5154 Pluralem
1113 5116 1394 5156 numerum
1442 5118 1539 5172 pro
1569 5106 1678 5159 sin-

94 5191 276 5263 gulari
301 5191 535 5259 positum
567 5205 687 5247 esse
709 5191 1090 5262 intelligamus,
1118 5191 1418 5246 clauserunt
1455 5209 1548 5246 ora
1578 5193 1679 5249 leo-

98 5299 250 5345 num,
295 5297 420 5336 cum
461 5282 606 5338 solus
649 5282 838 5337 Daniel
885 5283 1175 5353 signiﬁcari
1229 5283 1578 5354 intelligatur.
1610 5285 1676 5340 Et

95 5374 381 5445 pluraliter
410 5374 611 5430 dictum
646 5375 770 5429 secti
796 5384 938 5439 sunt,
974 5391 1096 5430 cum
1139 5376 1205 5429 de
1232 5376 1344 5430 solo
1377 5376 1513 5431 Isaia
1559 5386 1670 5430 tra-

95 5465 282 5521 datur.
311 5463 463 5520 Sicut
496 5464 549 5519 in
573 5463 776 5534 psalmo
800 5465 962 5520 etiam
991 5465 1133 5535 quod
1159 5465 1360 5520 dictum
1381 5474 1482 5530 est,
1533 5467 1675 5520 Asti-

99 5567 275 5612 terunt
306 5573 444 5626 reges
467 5568 640 5622 teme,
676 5567 722 5610 et
753 5558 1008 5626 principes
1036 5568 1378 5611 convenerunt
1397 5559 1450 5610 in
1483 5575 1670 5623 unum,

99 5651 366 5723 pluralem
407 5667 684 5705 numerum
718 5666 815 5720 pro
841 5650 1097 5719 singulari
1118 5651 1351 5720 positum
1377 5650 1428 5702 in
1452 5651 1673 5705 Actibus

102 5741 468 5815 apostolorum
484 5740 787 5810 exponitur.
814 5740 945 5795 Nam
963 5755 1117 5810 reges
1143 5749 1360 5812 propter
1382 5739 1669 5808 Herodem,

1772 3224 2053 3270 creaturae.
2087 3215 2211 3288 (ld.,
2240 3216 2331 3270 lib.
2381 3215 2531 3273 Sent.
2581 3215 2849 3291 Prosperi,
2907 3231 3037 3278 tom.
3069 3223 3119 3280 Χ
3140 3264 3155 3292 ,
3197 3241 3250 3296 p.
3284 3241 3353 3296 ιι,

1772 3306 1876 3364 col.
1912 3307 2092 3378 l882.)

1841 3397 2066 3454 Multum
2109 3408 2192 3456 est
2225 3410 2406 3457 autem
2451 3404 2613 3474 quod,
2645 3411 2773 3471 etc.,
2812 3420 2973 3477 usque
3021 3406 3091 3461 ad
3130 3407 3349 3464 unicum

1772 3488 2118 3561 ﬂagellatum.
2150 3492 2273 3564 (ld.,
2302 3493 2359 3548 in
2379 3494 2515 3565 psal.
2548 3511 2816 3565 Lmvm,
2863 3506 2992 3554 tom.
3036 3497 3125 3566 IV,
3177 3515 3232 3570 p.
3284 3516 3348 3570 ιι,

1773 3585 1874 3641 col.
1906 3585 2088 3658 1151.)

1845 3699 2148 3756 Misericors
2195 3700 2476 3767 Dominus,
2521 3711 2652 3766 etc.,
2707 3719 2866 3772 usque
2900 3703 2969 3756 ad
3013 3703 3349 3774 disciplinam

1774 3801 1929 3864 pater
1967 3792 2100 3863 ejus.
2135 3792 2257 3863 (ld.,
2289 3792 2341 3847 in
2369 3792 2505 3864 psal.
2537 3807 2678 3859 cxrv,
2723 3800 2854 3848 tom.
2901 3791 2988 3859 IV,
3040 3809 3096 3865 p.
3136 3810 3195 3859 II,
3245 3795 3348 3850 col.

1775 3881 1921 3951 488.)

1849 3979 1985 4045 Quia
2023 3993 2130 4034 non
2171 3977 2391 4049 repellet
2419 3977 2697 4044 Dominus,
2752 3986 2880 4042 etc.,
2924 3995 3081 4050 usque
3108 3977 3176 4032 ad
3210 3988 3349 4032 tern-

1776 4073 1962 4145 porale
1990 4083 2092 4128 est.
2127 4072 2247 4144 (ld.,
2280 4073 2336 4127 in
2378 4071 2512 4142 psal.
2544 4086 2680 4139 xcv,
2715 4079 2843 4128 tom.
2898 4069 2990 4136 IV,
3032 4086 3086 4142 p.
3137 4087 3198 4138 ιι,
3245 4072 3346 4128 col.

1780 4164 1982 4238 1205.)

1849 4256 2035 4328 Neque
2066 4255 2350 4327 quisquam
2380 4254 2610 4327 superbe
2653 4253 2720 4310 de
2759 4268 2819 4310 se
2849 4263 3172 4324 praesumat,
3224 4265 3355 4324 etc.,

1780 4367 1943 4421 usque
1960 4350 2028 4404 ad
2041 4356 2387 4405 convertetur
2408 4349 2461 4403 in
2488 4348 2712 4404 luctum.
2757 4345 2891 4420 (ld.,
2927 4349 2983 4403 in
3003 4348 3137 4419 psal.
3165 4363 3351 4417 Lmv,

1782 4449 1914 4496 tom.
1946 4439 2031 4505 VI,
2063 4452 2202 4512 part.
2230 4457 2271 4507 ι,
2299 4441 2404 4496 col.
2434 4439 2584 4512 946.)

1851 4534 2049 4589 Deinde
2071 4544 2242 4603 patres
2261 4533 2492 4605 quidem,
2522 4542 2644 4598 etc.,
2675 4546 2848 4602 usque
2881 4531 2949 4586 ad
2977 4531 3033 4586 in
3057 4533 3355 4602 recipienda

1780 4624 2246 4692 sanctiﬁcationem
2291 4624 2423 4693 ejus.
2458 4623 2638 4678 Donec
2664 4622 2945 4676 domemur
2971 4629 3026 4676 et
3073 4623 3354 4692 perdome-

1781 4729 1922 4778 mur,
1969 4719 2098 4778 etc.,
2146 4729 2308 4783 usque
2335 4712 2403 4765 ad
2432 4719 2620 4781 parcat
2645 4709 2740 4765 tibi
2775 4716 2829 4764 et
2869 4708 3084 4763 deserat
3130 4717 3198 4764 te.
3229 4709 3352 4780 (ld.,

1780 4819 1934 4857 serm.
1969 4802 2033 4856 de
2071 4801 2210 4856 verb.
2259 4800 2486 4872 Evang.,
2541 4809 2671 4856 tom.
2729 4799 2795 4867 V,
2845 4815 2901 4870 p.
2947 4815 2986 4866 ι,
3041 4799 3143 4856 coI.
3175 4798 3277 4856 376
3301 4811 3358 4858 et

1781 4908 1898 4965 seq.
1915 4894 1935 4966 )

1851 4985 2035 5041 Omnis
2056 4996 2228 5040 autem
2253 4985 2554 5057 disciplina,
2575 4993 2702 5047 etc.,
2727 4997 2896 5052 usque
2911 4983 2976 5037 ad
2997 4985 3160 5056 magis
3182 4996 3356 5041 autem

1777 5089 2009 5135 sanetur.
2044 5079 2386 5149 Disciplinam
2417 5092 2577 5148 quam
2605 5074 2778 5132 Graeci
2801 5075 3069 5146 appellant
3104 5078 3353 5148 paideian

1778 5186 1939 5240 usque
1961 5169 2282 5237 adjustitim.
2308 5168 2407 5240 (Id.
2423 5168 2476 5221 in
2496 5165 2632 5237 psal.
2657 5181 2844 5232 cxvm,
2869 5175 2999 5222 tom.
3024 5165 3112 5235 IV,
3131 5177 3273 5238 part.
3295 5170 3352 5237 2,

1781 5257 1881 5313 col.
1915 5258 2052 5313 1547
2086 5267 2139 5313 et
2171 5260 2308 5328 seq.)

1857 5371 1922 5427 Ut
1950 5371 2189 5427 nonnulli
2227 5371 2280 5424 in
2308 5369 2495 5424 Graeco
2532 5367 2803 5437 epistimin
2835 5367 3166 5437 interpretati
3209 5378 3356 5435 sunt,

1781 5473 1908 5530 etc.,
1939 5481 2099 5534 usque
2125 5463 2193 5516 ad
2223 5459 2667 5528 reddetjustitite.
2696 5459 2794 5531 (Id.
2832 5459 2922 5514 lib.
2955 5475 3045 5514 xw
3072 5461 3136 5515 de
3165 5459 3354 5518 Trinit.

1784 5567 1912 5612 tom.
1950 5555 2080 5622 VIII,
2108 5555 2210 5610 col.
2244 5554 2377 5609 1056
2398 5563 2452 5609 et
2477 5554 2619 5623 seq.)

1853 5649 2045 5704 Pacem
2073 5651 2368 5720 sequimini,
2413 5657 2539 5712 etc.,
2573 5663 2743 5719 usque
2796 5648 2862 5701 ad
2894 5648 3190 5717 inquisisset
3217 5665 3353 5702 eam.

1781 5743 1900 5799 Filii
1928 5742 2020 5798 Dei
2051 5758 2237 5799 sumus
2284 5751 2338 5799 et
2369 5757 2721 5812 agnoscamus
2745 5740 2886 5817 quod
2919 5739 3010 5796 ubi
3032 5738 3148 5808 ejus
3169 5752 3357 5794 sumus
