3902 6300
617 281 724 337 HJ

1610 282 1674 345 Β.
1715 283 1776 343 Β.
1812 283 2045 365 LUPUS
2088 285 2600 359 FERRARIENSIS
2646 289 2897 351 ABBAS.

3694 316 3754 375 tit

617 411 3748 489 ___==a========a===mm_

1412 591 1589 741 B.
1716 586 2546 749 SERVATI
2649 599 3098 757 LUPI

851 852 1347 918 PRESBYTER]
1390 855 1495 919 ET
1539 855 1884 921 ABBATIS
1926 859 2505 925 FERRARIENSIS
2547 863 2873 929 ORDlNlS
2912 867 3197 934 SANCTI
3240 871 3623 944 BENEDICTI

1842 1061 2671 1211 ΟΡΕΒΑ.

2139 1329 2341 1350 —

608 1430 1114 1517 STEPHANUS
1152 1433 1565 1499 BALUZIUS
1606 1434 1961 1526 Intelcnsis
2002 1437 2083 1526 jn
2112 1456 2331 1526 unum‘
2363 1436 2637 1526 collegit,
2679 1439 2976 1526 epistolas
3007 1440 3094 1505 ad
3119 1443 3304 1526 ﬁdem
3337 1449 3681 1513 vetustissimi
3698 1471 3759 1515 co-

1610 1514 1772 1577 dicis
1809 1516 2150 1578 emendavit
2188 1514 2479 1597 notisque
2522 1514 2894 1582 “lustravit.

614 1654 615 1657 η
675 1612 853 1677 (Juxta
871 1614 1138 1669 editionem
1155 1628 1282 1667 anno
1310 1615 1430 1670 1710
1451 1615 1614 1669 datam
1636 1624 1690 1669 et
1713 1619 2069 1681 posterioribus
2093 1620 2225 1667 curis
2247 1618 2309 1667 ab
2333 1621 2440 1679 Ipso
2464 1618 2660 1671 Baluzio
2677 1620 2849 1674 multis
2874 1624 2928 1675 in
2952 1621 3074 1674 locis
3093 1632 3287 1677 auctam
3307 1633 3454 1692 atque
3473 1631 3728 1695 ementium)

1423 1778 1942 1857 STEPHANI
2020 1742 2439 1858 BALUZII
2516 1752 3080 1871 Panemo.

684 1986 873 2041 Annus
914 1983 1091 2056 agitur
1129 1982 1462 2039 centesimus
1487 1990 1543 2039 et
1569 1983 1861 2041 vicesimus
1890 2002 1958 2042 ex
1986 2002 2093 2057 quo
2117 1988 2201 2042 vir
2228 1998 2275 2052 Α
2303 1986 2471 2042 editio
2508 1994 2767 2056 corrupte
2786 1984 3027 2041 obtrudit
3075 1986 3311 2040 recusias
3345 1987 3491 2053 illas;
3516 2003 3645 2060 quam
3661 1988 3754 2047 Junii

614 2074 952 2131 clarissimus
995 2072 1245 2143 Papirius
1286 2071 1569 2129 Massonus
1613 2073 1666 2128 in
1708 2075 1983 2144 publicum
2019 2077 2201 2133 emisit

611 2166 869 2240 epistolas
902 2165 1059 2237 Lupi,
1089 2166 1301 2221 abbatis
1326 2166 1643 2221 monasterii
1669 2164 2059 2235 Ferrariensis,
2106 2168 2202 2226 de-

613 2259 846 2330 scriptas
890 2273 958 2313 ex
990 2255 1268 2313 veteribus
1299 2257 1633 2312 membranis
1658 2258 1900 2328 ejusdem
1929 2272 2203 2316 monaste-

610 2347 704 2413 rii,
725 2362 952 2419 quarum
980 2346 1055 2400 illi
1088 2346 1298 2414 copiam
1326 2344 1530 2401 fecerat
1546 2345 1742 2402 Petrus
1762 2348 1945 2405 Daniel
1973 2351 2199 2409 ballivtts

610 2436 723 2495 fani
776 2436 949 2492 sancti
982 2434 1257 2490 Benedicti
1291 2435 1356 2489 ad
1385 2433 1639 2506 Ligerim.
1673 2434 1816 2492 Sane
1845 2438 2064 2493 dubiutn
2092 2454 2200 2493 non

610 2536 695 2584 est
719 2526 848 2597 quin
879 2525 1169 2596 plurimum
1202 2524 1493 2580 debeamus
1537 2525 1768 2581 eruditis
1818 2526 2014 2597 vigiliis
2054 2527 2197 2585 Mas-

607 2620 749 2682 soni,
773 2619 866 2689 qui
897 2615 1182 2673 nonnullos
1215 2628 1460 2672 veterum
1495 2618 1821 2688 scriptorum
1851 2618 2022 2675 libros
2050 2635 2081 2674 e
2116 2628 2198 2675 te-

605 2711 794 2768 nebris
815 2710 959 2767 eruit
986 2710 1184 2779 quibus
1217 2707 1426 2764 fortean
1451 2710 1713 2766 hactenus
1739 2726 2071 2767 careremus.
2091 2713 2198 2769 Sed

606 2812 790 2857 tamen
816 2802 1108 2872 optandum
1138 2810 1282 2855 esset
1321 2808 1382 2854 ut
1408 2816 1567 2870 quam
1609 2800 1665 2855 in
1694 2802 2079 2872 conquirendis
2100 2816 2197 2857 ve-

606 2893 1274 2950 terumlucubrationilms
1294 2893 1625 2964 diligentiam
1654 2894 1916 2956 adhibuit,
1948 2896 2195 2949 eamdem

606 2985 664 3040 in
696 2984 919 3038 edendis
945 2982 1305 3047 adhibuisset,
1338 2997 1513 3052 neque
1550 2991 1715 3037 totam
1747 2984 1997 3040 fiduciam
2033 2984 2198 3039 collo—

606 3083 787 3130 casset
815 3074 868 3128 in
900 3074 1318 3127 amanuensibus
1343 3080 1397 3127 et
1426 3072 1681 3127 librariis.
1722 3072 1856 3127 Nam
1902 3074 1987 3128 his
2027 3073 2198 3144 impu-

605 3164 828 3221 tandutn
858 3163 1091 3217 arbitror
1128 3162 1271 3232 quod
1305 3170 1546 3217 vetustos
1570 3171 1821 3218 auctores
1866 3179 1896 3218 a
1944 3162 2196 3218 Massouo

604 3253 781 3310 editos
835 3262 944 3306 tam
992 3251 1134 3306 foede
1170 3251 1464 3307 maculatos
1492 3251 1778 3308 habemus.
1827 3249 2014 3322 Neque
2047 3253 2191 3308 enim

2301 2077 2736 2134 observationem
2787 2093 2907 2132 esse
2939 2077 3279 2133 verissimam
3309 2094 3408 2150 ego
3449 2096 3628 2149 quoque
3650 2082 3753 2151 deum

2302 2168 2486 2226 bendi.
2511 2168 2696 2238 Itaque
2720 2169 3010 2238 optandum
3036 2176 3202 2232 esset,
3234 2185 3334 2223 ceu
3364 2172 3591 2236 diximus,
3615 2183 3656 2227 ut
3671 2174 3756 2243 pub

2301 2259 2697 2330 diligentiorem
2725 2274 2945 2329 operam
2981 2258 3033 2313 in
3068 2258 3153 2313 his
3194 2260 3312 2314 suis
3356 2263 3639 2318 editionihus
3675 2261 3756 2317 adni-

2301 2352 2506 2407 buisset
2534 2350 2836 2407 Massonus.
2873 2351 2951 2405 Ex
2975 2351 3165 2406 eadem
3204 2367 3373 2421 porro
3420 2354 3684 2420 indiligentia
3714 2354 3753 2406 h-

2298 2452 2447 2498 ctum
2503 2455 2587 2499 est
2639 2452 2700 2499 ut
2744 2444 2878 2514 Lupi
2934 2443 3192 2515 epistolas
3237 2446 3526 2501 habeamus
3572 2445 3754 2501 fmilissint

2298 2540 2690 2603 conspurcatas
2718 2573 2733 2601 ,
2783 2534 3025 2603 adeoque
3077 2534 3314 2591 miseras
3341 2552 3405 2592 ac
3432 2536 3645 2608 perditas,
3679 2534 3753 2588 nisi

2297 2623 2481 2694 Lupus
2510 2624 2671 2680 hodie
2695 2624 3064 2690 revivisceret,
3095 2626 3185 2680 vix
3215 2642 3273 2682 se
3309 2630 3443 2697 ipse,
3468 2628 3650 2699 opinor,
3677 2627 3754 2695 agni-

2298 2722 2456 2769 turus
2476 2714 2776 2786 esset..Quo
2802 2715 3003 2768 factum
3033 2723 3118 2770 est
3145 2725 3226 2780 ut,
3254 2733 3382 2772 cum
3406 2719 3485 2772 vir
3498 2719 3684 2774 eruditus
3700 2721 3753 2769 te

2298 2807 2459 2863 dreas
2535 2808 2876 2863 Duchesnius
2928 2815 3200 2862 vetustum
3257 2810 3496 2865 codicem
3545 2808 3753 2878 Lupinamn

2297 2900 2650 2971 epistularum
2705 2910 2897 2956 nactus
2946 2909 3112 2966 esset,
3160 2916 3360 2956 novam
3388 2918 3555 2958 earum
3575 2902 3751 2955 editionem

2295 2991 2646 3046 adornaverit
2671 3006 2736 3045 ac
2762 2990 3112 3060 publicaverit
3132 3008 3146 3043 :
3165 2990 3216 3044 in
3240 3006 3375 3060 qua,
3397 2991 3510 3045 tttid
3532 2984 3751 3052 dicatum

2295 3095 2384 3134 res
2407 3091 2490 3134 est
2514 3120 2529 3146 ,
2559 3079 2988 3148 quamplurimas
3014 3093 3231 3133 errores
3277 3080 3524 3145 sustulit,
3550 3094 3632 3133 non
3653 3086 3751 3128 tamen

2294 3188 2505 3228 omnes.
2540 3172 2708 3227 Erant
2734 3171 2878 3226 enim
2907 3171 3084 3226 adhuc
3112 3170 3284 3225 multo
3308 3172 3455 3241 plura
3482 3187 3584 3241 quae
3600 3167 3749 3223 ementis

2295 3263 2441 3318 tione
2465 3263 2794 3333 indigebant.
2825 3261 3064 3317 Tandem
3087 3263 3154 3316 ad
3184 3278 3272 3317 me
3295 3273 3504 3318 ventum
3525 3260 3749 3326 est,Ledof.

604 3342 869 3414 suspicari
902 3342 1027 3397 licet
1053 3356 1173 3397 eam
1200 3342 1252 3396 in
1290 3342 1540 3397 Massono
1569 3342 1683 3397 sive
1706 3343 2049 3398 oscitantiam
2076 3344 2188 3397 sive
2217 3361 2266 3422 Β
2296 3352 2646 3408 novissimum
2693 3353 2956 3408 εαίιοι-ειη
2992 3366 3214 3421 operum
3249 3351 3387 3424 Lup;
3431 3353 3613 3409 abba“,
3642 3348 3750 3403 rem.

606 3434 956 3506 supinitatem
1003 3432 1172 3490 fuisse
1201 3443 1259 3488 ut
1292 3433 1345 3489 in
1383 3434 1608 3506 singulis
1637 3432 1750 3490 fere
1778 3434 1936 3491 lineis
1966 3436 2190 3492 recede-

600 3538 691 3585 ret
728 3543 759 3582 a
793 3527 1069 3583 codicibus
1120 3527 1316 3597 quibus
1351 3525 1623 3583 utebatur.
1656 3527 1724 3583 Et
1754 3536 1932 3583 tamen
1980 3539 2189 3584 certum

602 3628 690 3675 est
725 3618 900 3674 nullos
927 3627 1175 3674 auctores
1202 3618 1569 3690 indiligentius
1597 3632 1720 3675 esse
1751 3627 2011 3679 tractatos
2026 3636 2190 3690 quam

598 3726 739 3784 quos
775 3710 975 3781 Papirii
1016 3709 1251 3765 Massoni
1297 3725 1430 3765 cura
1480 3708 1736 3781 vulgavit.
1782 3710 2041 3781 Exemplo
2082 3713 2192 3766 sint

596 3817 767 3874 Opera
791 3802 1083 3874 Agohardi,
1115 3801 1508 3873 archiepiscopi
1533 3801 1929 3874 Lugdunensis,
1952 3800 2003 3860 et
2026 3804 2189 3860 Gesta

596 3892 916 3950 Collationis
975 3891 1421 3963 Carthaginensis
1470 3892 1613 3948 inter
1651 3893 1948 3955 catholicos
1985 3904 2041 3949 et
2080 3896 2189 3949 Do-

596 3985 851 4039 natistas.
884 3984 950 4039 Et
975 3984 1260 4040 Gestorum
1302 3983 1519 4054 quidem
1546 3984 1823 4055 exemplar
1852 3994 2030 4051 vetus,
2060 3985 2188 4042 illud

599 4075 779 4144 ipsum
806 4073 1061 4131 nimirum
1085 4090 1194 4146 quo
1218 4089 1348 4130 usus
1368 4084 1453 4130 est
1483 4073 1789 4142 Massonus,
1822 4085 2003 4132 exstat
2027 4078 2188 4133 hodie

601 4164 660 4219 in
688 4163 1009 4220 bibliotheca
1046 4163 1379 4231 Colbertina,
1408 4165 1502 4222 sed
1529 4166 1665 4221 adeo
1690 4167 1962 4222 diversum
1987 4169 2054 4222 ab
2076 4167 2189 4222 edi-

598 4256 752 4311 tione
778 4253 1045 4324 Massoni,
1077 4264 1136 4311 ut
1164 4270 1227 4311 ea
1257 4256 1450 4311 deinde
1496 4257 1565 4312 ad
1592 4257 1948 4326 ejusdemmet
1985 4258 2187 4314 codicis

598 4344 765 4403 ﬁdem
794 4345 1096 4401 recudenda
1126 4344 1288 4401 fuerit
1324 4346 1503 4401 studio
1536 4343 1682 4401 Petri
1712 4344 1910 4400 Pithoei
1932 4346 2033 4400 viri
2058 4360 2187 4401 eru-

596 4436 855 4492 ditissimi
884 4444 941 4491 et
969 4435 1022 4490 in
1047 4436 1417 4507 hujuscemodi
1438 4437 1603 4493 rebus
1631 4434 1857 4492 multum
1879 4436 2181 4499 exercitati,

596 4543 630 4583 a
660 4527 818 4583 nobis
851 4528 1067 4583 demum
1107 4526 1276 4584 multo
1305 4525 1516 4583 felicius
1553 4529 1834 4583 emendata
1871 4536 1927 4582 et
1953 4528 2096 4583 edita
2130 4528 2183 4581 in

594 4626 745 4674 temo
787 4617 965 4689 primo
1008 4629 1208 4674 nostra:
1258 4616 1594 4673 collectionis
1621 4617 2011 4674 Conciliorum.
2041 4620 2184 4689 Ago-

2295 3444 2509 3500 riensis.
2536 3445 2720 3515 Itaque
2752 3443 3117 3499 necessarium
3147 3444 3360 3499 videtur
3385 3445 3607 3500 nonnulla
3628 3433 3749 3512 prchn'

2294 3534 2360 3589 de
2382 3548 2519 3588 nova
2554 3534 2654 3589 h..c
2681 3534 2919 3589 editione
2947 3542 3003 3588 et
3034 3543 3213 3589 tecum
3242 3536 3436 3604 paucis
3458 3549 3597 3606 agere
3627 3532 3671 3586 de
3698 3527 3751 3579 hoc

2247 3666 2259 3676 .
2292 3639 2414 3680 meo
2437 3625 2706 3680 instituto.

2362 3714 2495 3771 Cum
2545 3716 2778 3786 primum
2811 3714 2878 3769 ad
2919 3715 3034 3770 lucc
3061 3715 3266 3782 studia,
3298 3733 3419 3788 qtae
3447 3729 3572 3771 nunc
3593 3712 3750 3767 exerceat

2289 3806 2438 3861 viros
2465 3807 2730 3871 eruditos,
2762 3806 3002 3860 animum
3032 3806 3234 3876 appuli,
3279 3809 3333 3863 id
3362 3807 3488 3864 mihi
3524 3801 3749 3874 ncgotiicre

2292 3895 2403 3951 didi
2438 3895 2491 3949 in
2519 3895 2713 3965 primis
2741 3895 2856 3950 dari
2891 3903 2971 3960 ut,
2998 3895 3042 3950 si
3069 3912 3178 3967 quo
3204 3899 3369 3952 modo
3393 3910 3601 3969 possem,
3623 3900 3750 3946 eacon-

2291 3995 2556 4040 verterem
2588 3986 2640 4040 in
2666 4001 2821 4040 nsum
2851 3986 3146 4056 publicum.
3176 3987 3244 4041 Et
3274 4004 3305 4042 a
3336 4003 3498 4059 puero
3516 3971 3748 4055 magnam}i

2290 4090 2504 4147 semper
2547 4076 2885 4146 antiquitatis
2913 4091 3064 4131 cura.
3098 4077 3287 4147 Itaque
3320 4094 3523 4149 semper
3546 4070 3678 4129 amavi
3701 4078 3749 4119 tt-

2288 4177 2475 4225 cutere
2505 4166 2709 4229 forulos
2737 4166 3185 4224 bibliothecarum
3205 4209 3222 4231 ,
3257 4172 3337 4225 sic
3368 4170 3645 4225 existimas
3671 4158 3749 4212 ῐυωί

2290 4273 2408 4312 rum
2439 4265 2498 4311 ut
2531 4257 2732 4327 aliquid
2760 4256 2985 4313 fortuito
3009 4260 3365 4314 nanciscerer
3394 4257 3527 4329 quod
3565 4244 3749 4307 utiliterit

2289 4347 2559 4416 publicum
2595 4348 2879 4411 ederetur;
2910 4347 2995 4401 vel
3034 4347 3080 4403 si
3122 4347 3359 4404 obtineri
3400 4349 3450 4402 id
3490 4360 3580 4400 non
3615 4339 3747 4411 ροςεθο

2288 4435 2477 4491 saltem
2528 4444 2769 4490 vetustos
2809 4427 3076 4491 editorum
3118 4447 3401 4493 auctorum
3427 4420 3748 4496 codicesrepeli‘

2289 4542 2425 4591 rem,
2470 4541 2701 4596 quorum
2755 4542 2856 4598 ope
2909 4529 3159 4583 renovari
3192 4538 3248 4583 et
3286 4528 3490 4585 restitui
3533 4525 3747 4595 posse!“

2286 4631 2405 4686 qua:
2430 4614 2543 4685 jam
2572 4617 2715 4673 edita
2742 4616 2979 4672 fuerant.
3021 4616 3076 4671 id
3123 4633 3252 4672 vero
3292 4619 3403 4688 jam
3443 4616 3563 4672 satis
3593 4606 3745 4667 feliciter.

594 4709 752 4766 bardi
789 4723 921 4766 vero
951 4709 1119 4767 codex
1161 4710 1580 4780 manuscriptus,
1621 4726 1728 4780 quo
1757 4726 1884 4766 usus
1912 4719 1997 4766 est
2044 4710 2181 4764 Mas-
2208 4715 2254 4777 C
2284 4709 2494 4780 opinor,
2522 4718 2787 4766 tentatum
2813 4719 2898 4765 est
2936 4710 2988 4765 in
3010 4704 3282 4765 'Salviano
3311 4694 3748 4765 Massiliensem!"

595 4817 787 4870 sonus,
815 4812 998 4859 exstat
1028 4803 1083 4858 in
1112 4803 1438 4859 bibliotheca
1468 4803 1635 4873 regia.
1654 4802 1807 4857 Hunc
1824 4818 1924 4874 ego
1939 4801 2182 4858 codicem

594 4893 850 4949 manibus
894 4894 1035 4950 meis
1061 4894 1311 4958 tractavi,
1351 4894 1553 4949 contuli
1592 4908 1716 4948 cum
1745 4892 1928 4959 edito,
1954 4900 2009 4949 et
2035 4906 2185 4948 com-

594 4996 812 5057 pertum
839 4986 1012 5041 habeo
1038 4987 1331 5043 editionem
1356 4985 1590 5042 Massoni
1617 4986 1939 5042 immensum
1970 4982 2185 5040 diﬂ'erre

598 5092 632 5131 a
671 5075 842 5130 veteri
879 5076 1083 5131 codice.
1109 5076 1297 5148 Neque
1327 5092 1427 5149 ego
1466 5086 1647 5132 tamen
1695 5076 1749 5130 id
1781 5075 1991 5146 primus
2021 5074 2185 5129 adno-

598 5166 709 5222 tavi
735 5205 752 5233 ,
780 5168 873 5222 sed
894 5165 1218 5225 Franciseus
1242 5167 1462 5225 Juretus
1483 5168 1568 5223 vir
1590 5168 1943 5224 clarissimus.
1967 5166 2017 5221 Is
2031 5166 2174 5222 enim

596 5259 654 5315 in
681 5260 826 5316 notis
847 5261 914 5316 ad
938 5261 1219 5331 epistolam
1243 5263 1329 5319 9|.
1358 5262 1534 5317 lvonis
1554 5261 1922 5340 Carnolensis,
1946 5258 2177 5317 ail‘erens

593 5351 773 5405 Locum
808 5351 972 5406 illum
1013 5368 1082 5409 ex
1127 5354 1351 5422 epistola
1384 5352 1654 5423 Agobardi
1689 5352 1754 5406 ad
1796 5353 2177 5421 imperatorem

594 5439 927 5499 Ludovicum
960 5444 1140 5510 Pium,
1168 5445 1391 5500 reiculos
1418 5446 1538 5501 illas
1566 5462 1660 5517 pro
1680 5445 1866 5516 quibus
1889 5443 2175 5508 contendit,

592 5532 847 5588 arbitrari
870 5544 925 5588 ut
950 5544 1215 5598 stercora,
1247 5533 1525 5589 admonuit
1575 5535 1653 5590 sic
1704 5534 1965 5603 scriptum
2005 5548 2063 5587 se
2094 5532 2174 5585 vi-

592 5621 738 5681 disse
759 5624 813 5681 in
835 5625 1023 5682 codice
1044 5625 1267 5694 antiquo
1286 5622 1488 5695 Papirii
1517 5625 1771 5683 Massoui.
1803 5625 1934 5682 Nam
1961 5624 2176 5695 vulgata

2281 4801 2461 4856 centio
2488 4801 2783 4868 Lirinensi,
2814 4817 2954 4872 quos
2982 4800 3232 4857 dedimus
3253 4812 3306 4856 et
3332 4802 3566 4857 meliores
3584 4803 3625 4850 et
3643 4799 3747 4845 απυ-

2282 4891 2537 4948 datiores.
2588 4891 2828 4947 Tandem
2860 4907 3005 4948 anno
3052 4892 3192 4947 1664
3238 4894 3324 4948 vir
3365 4884 3747 4949 eruditissimuste

2281 4981 2414 5036 mihi
2462 4982 2824 5037 amicissimus
2854 4982 3110 5039 Nicotaus
3153 4983 3536 5054 Cocquelinus,
3561 4967 3747 5032 doctor“

2283 5076 2463 5131 socius
2506 5075 2837 5133 Sorbonicus
2863 5118 2877 5144 ,
2926 5079 3059 5134 mihi
3090 5081 3347 5136 utendum
3388 5078 3527 5136 dedit
3549 5057 3748 5129 velllsliﬁi’

2284 5186 2432 5225 mum
2460 5171 2725 5237 codicem,
2755 5172 2975 5241 Optimae
3004 5172 3155 5227 illum
3182 5182 3343 5237 notze,
3368 5174 3418 5227 in
3439 5184 3537 5241 quo
3564 5159 3747 5222 ωηιὶοετν

2284 5269 2373 5316 tur
2404 5260 2644 5330 epistolae
2690 5262 2820 5333 Lupi
2861 5262 3076 5319 abbatis
3122 5263 3521 5326 Ferrariensis.
3553 5255 3626 5327 qni
3665 5252 3745 5301 η⁰¹³⁶

2280 5361 2455 5408 exstat
2481 5354 2534 5407 in
2565 5352 2891 5408 bibliotheca
2929 5353 3257 5409 Colbertina.
3303 5353 3453 5409 Hunc
3490 5366 3576 5421 ego
3592 5339 3743 5399 codicem

2282 5442 2439 5498 avide
2484 5442 2667 5497 statim
2712 5442 2914 5498 contuli
2967 5459 3091 5498 cum
3132 5444 3314 5508 edito;
3362 5443 3583 5509 adeoque
3622 5429 3746 5518 disert.

2282 5547 2413 5605 pare
2441 5533 2509 5588 ab
2537 5547 2603 5588 eo
2628 5534 2737 5588 vidi
2769 5534 3033 5588 editiones
3078 5541 3139 5587 ut
3178 5549 3283 5589 non
3324 5534 3460 5587 ultra
3493 5520 3742 5605 dubila'ﬂf"

2283 5598 2413 5694 quin
2445 5624 2619 5700 denuo
2666 5624 2987 5681 recudendce
3022 5631 3207 5681 essent
3257 5622 3360 5678 illa:
3406 5618 3531 5689 Lupi
3573 5598 3740 5681 ερὶςιολθ
