3902 6300
85 352 117 405 λ
131 348 201 404 Η
1592 338 1972 396 ΕΡιΒΤΟΙΑΕ.
3294 357 3323 410 ι
3337 357 3403 412 ιε

89 478 465 536 nequaquam
513 462 911 533 desperaverim
959 459 1101 531 quod
1151 461 1307 525 aliis,
1358 463 1586 517 necdum
1636 461 1707 514 sit
1737 466 1780 522 Α
1812 460 1949 515 ratio
1976 463 2316 530 persuadeat,
2363 461 2579 532 planum
2623 462 2894 533 igiturest
2937 465 3232 520 verisimile
3277 483 3402 523 esse

89 558 308 611 datum
345 555 476 609 mihi
511 564 571 608 ut
615 554 835 622 aliquod
885 553 1136 608 solatium
1187 553 1341 607 vobis
1383 553 1711 622 persuadere
1812 569 1916 608 non
1945 555 2016 608 illi
2049 554 2258 609 femina:
2292 556 2586 610 venerabili
2621 557 2816 621 solum,
2843 557 2937 612 sed
2980 559 3142 612 etiam
3173 561 3327 614 vobis
3361 576 3393 616 a

89 646 326 717 possim
373 659 404 697 a
455 644 682 698 Domino
727 655 1081 700 reservatum.
1138 641 1344 696 Vilibus
1397 642 1713 712 plerumque
1812 645 1922 699 Deo
1955 663 2204 716 magnum
2236 647 2488 717 quiddam
2521 649 2837 717 przestitum,
2870 649 2996 703 dum
3046 653 3188 720 quod
3237 654 3396 709 vobis

93 735 427 792 mmedium
458 737 721 805 quieritur
761 736 902 806 quod
953 733 1360 804 pretiosissimis
1391 744 1444 787 et
1474 733 1606 786 artis
1636 733 1710 786 vi-

92 830 484 902 gilantissima
533 829 848 898 compositis
896 827 1170 897 diligentia
1202 825 1407 880 frustra
1446 826 1536 878 diu
1588 833 1705 877 ten-

95 931 294 976 tatum
329 929 434 974 est.
455 920 650 988 itaque
677 919 1072 972 firmamentum
1101 916 1256 985 justi,
1290 924 1348 969 ut
1379 915 1531 969 vobis
1561 916 1711 968 vide-

95 1022 225 1076 tur,
279 984 485 1066 doloris
530 984 696 1065 vestri
745 1011 878 1064 duas
929 1010 980 1063 in
1028 984 1231 1078 partes,
1274 1007 1531 1076 epistolas
1578 1005 1710 1060 mihi

96 1104 420 1167 reddendo,
456 1102 738 1157 divisistis.
787 1102 893 1171 ιο
923 1100 1124 1155 Eartun
1155 1099 1354 1169 prima,
1400 1113 1518 1166 quae
1545 1105 1598 1150 et
1627 1096 1709 1152 vel

99 1195 380 1256 maxima,
411 1194 497 1247 illa
529 1202 633 1257 est,
663 1193 806 1262 quod
834 1199 952 1245 vota
984 1200 1165 1245 vestra
1195 1199 1250 1243 et
1276 1205 1419 1258 spes,
1451 1205 1614 1259 quam
1655 1189 1706 1241 iu

97 1292 434 1339 sanctorum
471 1291 768 1351 martyrum
801 1280 1186 1335 intercessione
1229 1279 1564 1340 locaveratis,
1613 1293 1709 1332 vos

97 1372 268 1428 velut
299 1373 455 1426 irrita
489 1371 816 1426 fefellerunt.
841 1370 1046 1431 Altera,
1064 1385 1183 1438 qum
1211 1370 1456 1439 proxime
1478 1368 1706 1436 primam

100 1465 353 1527 accedit,
385 1465 526 1532 quod
553 1463 774 1516 sinister
802 1461 890 1516 ille
915 1476 1076 1516 casus
1123 1469 1382 1528 quantum
1412 1459 1566 1513 vobis
1601 1458 1706 1511 im-

100 1555 420 1626 portaverit
463 1555 788 1608 incommodi
854 1553 1184 1622 quotidianis
1244 1552 1418 1606 meriti
1473 1551 1710 1622 negotiis

104 1645 402 1716 cogimini,
424 1646 549 1699 dum
580 1660 677 1699 vos
696 1661 835 1700 onus
855 1645 1274 1699 domesticarum
1291 1643 1710 1712 divinarumque

102 1751 322 1798 rerum,
357 1736 498 1804 quod
531 1735 671 1789 illius
702 1733 1066 1789 memorabilis
1101 1733 1315 1788 feminae
1345 1732 1448 1787 ﬁda
1475 1734 1705 1789 societas

1811 737 2116 803 (ligendum
2168 737 2336 792 fuerat
2395 739 2510 808 ipse
2563 740 2706 793 ttltro
2751 740 3052 808 ingesserit,
3083 758 3398 812 quanquam

1811 830 2046 891 occulto,
2078 829 2300 883 minime
2350 837 2528 883 tamen
2581 829 2782 896 injusto
2827 831 3052 900 judicio.
3099 832 3256 887 Certe
3307 833 3396 886 illa

1811 923 1910 975 etsi
1954 937 2018 974 ex
2051 931 2231 975 vestro
2265 922 2541 975 consortio
2579 922 2749 974 inulta
2783 921 3072 986 didicerat,
3099 922 3172 975 ita
3203 932 3262 976 ut
3288 940 3395 980 non

1810 1011 1890 1064 sui
1933 1025 2100 1064 sexus
2133 1011 2310 1076 modo,
2338 1026 2524 1064 verum
2557 1011 2718 1063 etiam
2757 1013 2968 1064 turbam
3013 1013 3253 1066 virorum
3301 1029 3398 1068 sua

1812 1102 2008 1172 insigni
2068 1103 2350 1170 prudentia
2407 1103 2672 1172 gravitate
2721 1112 2883 1170 atque
2937 1103 3243 1167 honestate,
3279 1119 3401 1172 quas

1810 1208 1900 1245 res
1951 1207 2202 1260 magnam
2255 1193 2377 1244 vita:
2440 1192 2688 1244 humana:
2747 1193 2990 1246 tribuunt
3036 1194 3397 1263 dignitatem,

1810 1278 1969 1349 longe
1997 1291 2299 1348 superaret,
2327 1296 2390 1334 ac
2417 1296 2646 1350 corpore
2674 1280 2892 1343 femina,
2925 1282 3108 1336 animo
3137 1284 3190 1335 in
3219 1284 3395 1336 virum

1807 1371 2130 1440 profecerat,
2164 1373 2231 1425 ad
2261 1374 2538 1441 sapientiae
2573 1382 2764 1426 vestra:
2800 1372 3076 1444 fastigium
3115 1391 3393 1445 nunquam

1807 1462 2021 1531 penitus
2049 1463 2364 1531 aspirasset,
2397 1479 2674 1533 nunquam
2705 1472 2914 1518 tantum
2955 1467 3119 1519 robur
3145 1483 3392 1536 seraper-

1807 1569 1911 1623 que
1940 1556 2194 1619 similem,
2225 1572 2386 1625 quam
2422 1557 2474 1610 in
2515 1558 2666 1612 vobis
2694 1558 3047 1629 singulariter
3077 1561 3178 1630 12
3206 1578 3399 1618 onmes

1807 1642 2116 1706 mirantur,
2172 1646 2534 1699 constantiam
2591 1647 2714 1701 ullis
2765 1663 3002 1717 unquam
3064 1651 3400 1719 profectibus

1806 1737 2152 1804 :equavisset.
2185 1735 2493 1807 Nunquam,
2523 1740 2566 1794 si
2599 1743 3009 1810 supervixisset,
3045 1752 3252 1798 tantum
3303 1763 3396 1800 ve-

104 1825 232 1880 leve
283 1823 506 1886 fecerat,
540 1825 734 1878 vestris
763 1838 828 1877 ex
864 1833 978 1878 toto
1003 1823 1313 1892 impositum
1352 1837 1417 1876 ac
1453 1822 1697 1876 relictum

1805 1837 1932 1881 stne
1964 1838 2224 1896 quantum
2258 1846 2355 1885 vos
2381 1841 2435 1884 et
2487 1831 2627 1885 illius
2669 1843 2724 1887 et
2754 1843 2950 1888 vestrae
2984 1847 3258 1906 perpetme
3308 1853 3396 1891 sa.

104 1915 421 1971 cervicibus
471 1916 673 1970 obruit.
725 1916 936 1970 Revera
988 1914 1164 1968 valida
1217 1922 1446 1983 utraque
1495 1929 1603 1978 res,
1649 1924 1704 1968 et

108 2023 238 2076 qua:
276 2015 474 2077 praeter
521 2009 840 2076 sapientem,
871 2007 962 2077 qui
994 2007 1218 2062 adversa
1250 2021 1466 2075 quoque
1497 2005 1705 2060 modice

105 2095 262 2152 ferre
285 2097 558 2161 didicerit,
589 2097 746 2152 facile
775 2097 1068 2166 quemlibet
1098 2113 1194 2151 sua
1229 2095 1369 2151 mole
1395 2098 1565 2167 possit
1610 2112 1706 2166 op-

105 2190 376 2260 primere.
407 2190 486 2243 Ac
537 2191 712 2260 primo
757 2190 975 2259 quidem
1003 2205 1164 2258 quam
1211 2189 1465 2258 proposui
1497 2189 1708 2258 pariter

108 2282 360 2335 conabor
403 2297 508 2335 non
560 2281 877 2337 subvertere
925 2295 990 2335 ac
1036 2282 1250 2350 penitus
1283 2279 1497 2335 auferre
1540 2279 1704 2351 (quod

105 2387 340 2442 prorsus
396 2372 726 2442 impossibile
781 2372 1037 2444 perfectis
1087 2374 1252 2428 etiam
1294 2375 1628 2440 oratoribus,
1657 2375 1702 2430 si

107 2471 323 2527 essent,
353 2463 534 2527 video,
565 2463 733 2517 nmlto
765 2463 937 2533 magis
984 2462 1163 2534 mihi),
1193 2463 1287 2518 sed
1321 2471 1566 2529 tenuare,
1605 2464 1704 2517 im-

107 2551 470 2621 becillcmque
526 2553 769 2622 inspectu
818 2553 1043 2607 rationis
1093 2551 1324 2608 edicere.
1363 2553 1524 2608 Certe
1577 2553 1705 2608 hinc

109 2643 443 2708 movemini,
475 2651 624 2697 certe
673 2643 799 2697 hinc
845 2641 1153 2707 aliieimiui,
1205 2644 1349 2712 quod
1399 2659 1497 2699 vos
1545 2658 1702 2698 cassa

110 2740 242 2785 vota
283 2731 537 2786 frustrata
567 2734 692 2799 sint,
727 2749 791 2787 ac
836 2748 962 2802 spes
1002 2733 1055 2787 in
1105 2735 1456 2805 martyribus,
1488 2735 1596 2788 imo
1648 2734 1702 2788 in

114 2823 235 2878 Deo
275 2823 378 2878 sita
427 2825 675 2879 illuserit.
713 2825 876 2891 Quasi
907 2840 1035 2880 vero
1081 2825 1134 2879 id
1178 2827 1332 2880 vobis
1377 2826 1703 2879 onmimolis

115 2923 336 2969 constet
363 2916 503 2984 quod
531 2925 808 2984 tantopere
837 2915 1155 2984 poposcistis
1185 2925 1384 2970 vestrte
1412 2916 1704 2983 uxorisque

115 3002 284 3058 saluti
339 3005 657 3058 εοιιιιιιιειο.
714 3006 864 3070 Quod
899 3018 1030 3057 sane
1063 3006 1108 3058 si
1153 3006 1303 3059 vobis
1332 3007 1466 3059 satis
1513 3006 1702 3075 explo-

113 3104 297 3153 ratum
345 3096 553 3162 fuisset,
590 3097 1080 3168 acriorisjustique
1120 3097 1319 3151 doloris
1351 3098 1538 3167 ingens
1583 3113 1700 3151 esse

1805 1915 1900 1968 luti
1933 1931 2227 1984 procurare
2274 1919 2556 1986 potuisset.
2589 1921 2668 1974 Ac
2696 1937 2795 1990 per
2822 1922 2946 1985 hoc,
2983 1926 3236 1992 quoniam
3264 1926 3392 1981 dum

1806 2007 1858 2060 in
1907 2008 2010 2061 hoc
2055 2009 2231 2078 fragili
2276 2026 2558 2064 versamur
2611 2027 2838 2081 corpore
2865 2056 2878 2077 ,
2911 2016 3057 2068 omni
3109 2019 3392 2085 perturba-

1808 2097 1955 2152 tione
2000 2099 2072 2151 ita
2102 2115 2296 2154 vacare
2327 2116 2430 2154 non
2462 2117 2750 2171 possumus
2777 2104 2906 2172 quin
2953 2105 3246 2175 aliquando
3291 2109 3390 2161 ali-

1804 2202 1907 2256 qua
1958 2189 2292 2257 mgritudinis
2339 2190 2586 2245 molestia
2635 2193 2951 2260 quatiamur
2979 2234 2994 2260 ,
3044 2197 3187 2264 quod
3229 2213 3393 2267 posse

1805 2276 2034 2345 sapienti
2062 2278 2376 2345 contingere
2405 2278 2709 2348 philosophi
2739 2291 3066 2350 putaverunt
3099 2285 3202 2340 hoc
3235 2288 3388 2340 vobis

1803 2367 2022 2422 evenire
2050 2376 2250 2437 optem,
2283 2377 2344 2423 ut
2373 2385 2533 2424 casus
2561 2373 2838 2436 adversos,
2874 2382 2932 2427 ut
2954 2376 3129 2443 primo
3157 2389 3384 2448 aspectu

1805 2468 2064 2529 apparet,
2093 2461 2290 2529 quibus
2316 2461 2472 2532 vulgo
2513 2462 2712 2516 inculta
2745 2466 3054 2520 mortalium
3102 2470 3387 2526 multitudo

1805 2542 2103 2614 subruitur,
2137 2561 2332 2605 vestrm
2362 2553 2562 2607 mentis
2583 2554 2847 2622 sapientia
2879 2557 3081 2612 sensim
3122 2560 3386 2625 emolliat,

1807 2641 1914 2695 imo
1943 2643 2138 2695 divinm
2179 2643 2440 2698 voluntati
2469 2653 2706 2699 vestram
2739 2657 3128 2718 contemperet.
3161 2651 3383 2718 Deinde,
3420 2697 3429 2701 _

1805 2733 1930 2800 quia
1959 2733 2081 2786 vita:
2128 2731 2287 2800 hujus
2315 2734 2732 2789 obscurissimas
2773 2739 3029 2793 tenebras
3069 2755 3249 2795 sermo
3299 2741 3386 2795 di-

1803 2824 1962 2877 vinus
1989 2825 2208 2879 irradiat
2230 2825 2382 2893 juxta
2414 2826 2540 2880 illud
2571 2843 2584 2879 :
2613 2826 2850 2881 Lucerna
2873 2830 3089 2894 pedibus
3114 2833 3240 2887 meis
3269 2850 3386 2889 ver-

1806 2919 1925 2972 bum
1954 2929 2121 2983 tuum,
2146 2930 2190 2973 et
2221 2919 2396 2974 lumen
2433 2922 2629 2974 semitis
2652 2922 2779 2975 meis
2811 2922 2986 2991 (Psal.
3018 2926 3228 2996 cxvm),
3252 2943 3382 2996 quo-

1807 3011 1965 3064 modo
1998 3011 2108 3079 ipse
2141 3010 2334 3065 formet
2359 3014 2602 3066 eamdem
2630 3013 2795 3067 vitam
2825 3015 3039 3082 penitus
3069 3017 3378 3073 intuendum

1806 3111 1907 3155 est.
1961 3101 2226 3156 Nimirum
2269 3103 2320 3157 iu
2353 3103 2632 3158 Dominica
2669 3105 2913 3161 oratione
2959 3107 3200 3176 quotidie
3245 3109 3384 3164 dici-

114 3188 403 3242 videbatnr
429 3189 624 3253 fomes,
653 3189 779 3242 dum
805 3205 900 3243 vos
923 3206 1028 3244 non
1060 3190 1212 3258 quasi
1245 3189 1413 3242 filium
1455 3191 1700 3259 corripe-
1731 3175 1775 3237 (ἶ
1809 3208 1929 3247 mus
1963 3210 1975 3246 :
2014 3191 2138 3246 Fiat
2185 3193 2424 3247 voluntas
2465 3206 2577 3258 tua,
2623 3196 2828 3250 scilicet
2880 3175 2989 3252 non
3031 3201 3238 3264 uestra,
3267 3217 3388 3270 qua:

117 3287 230 3342 ret,
255 3278 345 3333 sed
373 3280 535 3333 veluti
573 3281 628 3333 in
654 3281 1024 3335 adversarium
1056 3281 1237 3336 divina
1267 3296 1502 3335 censura
1531 3281 1701 3334 desae-

116 3372 306 3426 visset.
333 3370 581 3426 Attamen
610 3373 688 3427 sic
723 3387 935 3443 quoque
962 3389 1068 3426 non
1115 3373 1514 3440 desperationis
1544 3374 1701 3426 hara»

117 3464 303 3516 thrqu
345 3465 705 3529 subeundum,
755 3465 849 3519 sed
880 3464 1138 3519 divinitas
1184 3465 1392 3519 infensa
1449 3459 1701 3536 precibus

115 3553 351 3610 assiduis
408 3568 470 3612 ac
520 3554 808 3612 summissa
868 3553 1043 3610 fuerat
1098 3553 1360 3611 flectenda
1422 3554 1696 3626 patientia.

115 3643 274 3704 Nunc
305 3659 481 3703 autem
513 3667 635 3704 cum
669 3649 808 3705 Deus
856 3667 1046 3705 omnes
1076 3651 1324 3704 homines
1354 3650 1531 3718 salvos
1577 3649 1704 3703 velit

121 3741 265 3803 tieri,
287 3754 350 3792 ac
380 3741 431 3793 in
457 3741 670 3794 nomine
697 3742 882 3811 ipsius,
909 3741 999 3811 qui
1025 3741 1276 3794 Salvator
1295 3741 1513 3803 dicitur,
1542 3756 1702 3794 nemo

117 3831 357 3902 postulet
389 3831 489 3886 nisi
548 3833 638 3902 qui
672 3834 904 3902 propriae
946 3832 1104 3886 saluti
1151 3832 1387 3901 prolicua
1421 3831 1698 3900 ﬂagitarit,

113 3940 345 3994 cumque
368 3941 464 3980 vos
495 3925 547 3979 in
597 3927 815 3980 nomine
847 3926 1141 3980 Salvatoris
1172 3925 1324 3994 plena
1380 3925 1483 3978 lide
1519 3925 1698 3994 petic-

117 4015 264 4079 ritis,
291 4017 414 4085 quis
442 4032 546 4069 non
590 4017 841 4086 opinetur
873 4033 974 4069 non
1025 4017 1123 4085 ιι
1154 4016 1443 4069 exauditos
1483 4015 1698 4083 quidem

117 4120 219 4158 vos
244 4107 307 4158 ad
341 4105 631 4175 temporale
679 4091 884 4168 votum,
925 4106 1207 4159 exauditos
1257 4112 1436 4157 autem
1469 4103 1534 4156 ad
1580 4119 1703 4171 per-

120 4205 336 4264 petuam
367 4197 630 4251 salutem?
678 4197 790 4266 Ego
833 4197 988 4266 plane
1021 4196 1334 4250 firmissime
1376 4195 1700 4250 crediderim

116 4298 175 4340 et
207 4287 352 4342 vobis
378 4299 431 4342 et
463 4290 614 4342 uxori
649 4287 766 4357 ejus
790 4289 951 4342 etiam
985 4289 1275 4342 immaturo
1298 4301 1522 4340 excessu
1571 4301 1701 4339 cou-

119 4375 336 4428 sultum.
366 4375 618 4442 Qumritis
646 4377 1139 4446 quemadmodum?
1163 4375 1368 4445 Nempe
1397 4375 1540 4443 qitod
1570 4390 1702 4428 con-

110 4467 269 4536 juges
296 4480 360 4520 ex
392 4463 599 4522 duobus
629 4467 948 4536 corporibus
974 4467 1025 4520 in
1055 4482 1216 4520 unam
1251 4466 1451 4520 redacti
1481 4480 1700 4532 compa-

1804 3284 1990 3354 ignara
2022 3299 2201 3338 rerum
2217 3284 2317 3337 sibi
2342 3285 2634 3338 salubrium
2669 3285 2776 3338 falli
2807 3289 3128 3350 consuescit,
3149 3291 3241 3344 sed
3271 3303 3384 3352 tua,

1801 3389 1942 3442 qum,
1993 3382 2182 3444 utpote
2205 3374 2319 3435 Dei,
2352 3374 2530 3428 futura
2560 3376 2865 3445 praenoscit.
2901 3375 3152 3432 Salvator
3171 3395 3386 3449 quoque

1803 3473 1987 3517 uoster
2017 3465 2266 3532 passione
2293 3465 2630 3533 impendente
2659 3481 2781 3519 cum
2813 3466 3056 3530 dixisset,
3121 3465 3304 3530 Pater,
3342 3487 3388 3522 si

1801 3555 1920 3626 ﬁeri
1947 3566 2134 3627 potest,
2167 3566 2455 3613 trtmseata
2507 3572 2586 3611 me
2629 3556 2767 3612 milia
2810 3558 2906 3610 iste
2953 3557 3145 3626 (Matth
3212 3576 3386 3620 xxvii.

1804 3650 2065 3717 assumpti
2111 3649 2344 3702 hominis
2403 3649 2773 3702 infirmitatem
2801 3689 2815 3710 ,
2866 3647 2974 3702 imo
3021 3648 3385 3701 membrorum

1801 3755 2046 3801 suorum,
2078 3749 2299 3809 propter
2345 3739 2486 3810 quod
2534 3741 2599 3793 ad
2631 3741 2728 3794 has
2773 3755 2962 3808 preces
3008 3738 3384 3802 descenderat,

1802 3829 2221 3884 imbecillitatem
2258 3829 2337 3884 sic
2356 3831 2534 3883 divina
2556 3831 2753 3884 virtute
2782 3831 3081 3885 consolidat
3110 3849 3127 3886 :
3168 3830 3388 3885 Verum-

1801 3932 2101 3973 tamennon
2135 3921 2268 3973 sicut
2303 3936 2394 3988 ego
2420 3919 2554 3983 volo,
2591 3921 2680 3973 sed
2720 3922 2854 3973 sicut
2901 3931 2980 3973 tu.
3028 3920 3250 3976 Scilicet
3279 3921 3384 3975 fal-

1801 4011 1912 4066 lere
1939 4005 2158 4079 fallique
2188 4012 2403 4065 nescius
2447 4012 2726 4080 magister,
2765 4013 2910 4080 quoi
2941 4011 3083 4068 Deus
3135 4029 3234 4068 suo
3283 4029 3384 4068 nos

1802 4101 2049 4170 exemplo
2102 4101 2334 4154 instituit
2363 4110 2423 4154 ut
2466 4116 2589 4154 eum
2617 4102 2840 4156 adversa
2890 4112 3166 4173 urgerent,
3197 4104 3275 4158 sic
3321 4119 3385 4158 ea

1801 4191 2072 4260 depellere
2102 4191 2354 4260 precibus
2376 4206 2718 4257 conaremur,
2744 4201 2803 4246 ut
2827 4193 2878 4246 in
2903 4193 2988 4248 his
3012 4194 3173 4248 etiam
3200 4201 3387 4248 contra

1802 4293 2046 4337 nostrum
2074 4291 2258 4338 votum
2289 4281 2406 4351 ejus
2441 4282 2556 4336 fieri
2594 4281 2926 4336 voluntatem
2957 4283 3248 4338 salubriter
3270 4299 3388 4336 am-

1801 4375 2180 4444 plecterentur.
2226 4373 2485 4438 Recolite,
2513 4389 2716 4443 quaeso.
2753 4374 3001 4440 Paulum,
3031 4375 3186 4444 cujus
3234 4384 3381 4428 tanta

1801 4478 1919 4520 erat
1946 4466 2239 4521 eminentia
2276 4466 2412 4520 utin
2450 4466 2668 4519 tertimn
2699 4477 2884 4534 raptus
2919 4467 3114 4520 caelum
3141 4466 3375 4520 audierit

119 4572 265 4626 gem,
311 4557 436 4611 licet
479 4559 902 4612 concordissime
943 4558 1197 4622 vixerint,
1243 4573 1348 4611 non
1401 4573 1508 4610 uua
1554 4557 1699 4611 letho
1729 4527 1776 4584 D
1807 4559 1908 4628 13
1950 4574 2144 4612 arcana
2187 4557 2350 4612 verba
2393 4567 2594 4612 sanctte
2624 4557 2911 4611 Trinitatis
2948 4574 3068 4626 qua:
3113 4572 3218 4610 non
3259 4557 3406 4611 licet.

119 4648 496 4713 resolvuntur;
547 4659 603 4703 et
631 4657 892 4716 quantum
933 4649 997 4700 ad
1035 4648 1292 4702 usitatmn
1330 4655 1537 4701 natura:
1580 4662 1700 4716 per—

119 4738 257 4790 tinet
298 4738 578 4802 ordinem,
617 4753 839 4792 necesse
869 4747 952 4791 est
995 4754 1156 4790 unum
1191 4738 1346 4791 alteri
1389 4753 1694 4807 superesse.

120 4825 260 4881 Hine
297 4825 410 4895 jam
460 4835 638 4880 vestra
684 4827 966 4896 prudentia
1019 4825 1266 4895 intelligit
1309 4827 1529 4896 quando
1575 4842 1699 4881 seu-

122 4919 286 4974 tentia
313 4919 364 4972 in
393 4919 664 4972 hominem
716 4919 971 4972 divinitus
999 4919 1216 4982 emissa,
1245 4917 1405 4971 Terra
1444 4935 1518 4980 es,
1561 4928 1608 4971 et
1641 4919 1722 4970 in‘

121 5021 314 5064 terram
340 5009 439 5063 ibis
482 5009 636 5080 (Gen.
687 5011 793 5080 tu),
823 5007 1024 5063 differri
1056 5007 1448 5076 aliquantulum
1499 5015 1696 5078 potest,

121 5100 176 5153 in
218 5108 531 5168 perpetuum
573 5107 758 5154 autem
793 5098 946 5152 vitari
982 5114 1084 5150 non
1135 5105 1327 5165 potest,
1358 5095 1478 5148 fidis
1505 5104 1697 5165 optan-

121 5191 250 5244 dum
291 5190 626 5262 conjugibus,
672 5205 797 5244 cum
825 5197 945 5242 uter
979 5202 1164 5243 eorum
1204 5202 1554 5241 remansuros
1603 5187 1694 5250 sit,

121 5296 249 5337 eum
286 5280 396 5336 fore
426 5283 767 5352 superstitem
800 5282 890 5351 qui
913 5281 983 5335 sit
1028 5289 1081 5334 et
1109 5280 1174 5333 ad
1203 5280 1563 5334 calamitatem
1615 5279 1698 5334 fe-

125 5372 338 5426 rendam
389 5374 660 5428 robustior
693 5383 748 5428 et
794 5374 860 5427 ad
892 5373 1036 5440 justa
1086 5373 1153 5426 de
1200 5389 1350 5428 more
1392 5373 1698 5428 Christiano

125 5461 356 5516 curanda
405 5464 576 5532 magis
605 5463 849 5518 idoneus.
886 5461 1002 5516 Non
1032 5463 1176 5516 enim
1213 5478 1344 5517 sexu
1397 5461 1700 5515 differentia
1715 5489 1744 5540 ’μ

127 5553 356 5618 virtutis;
386 5555 480 5609 sed
511 5557 693 5610 animo
735 5555 994 5626 capienda
1026 5564 1125 5610 est.
1155 5556 1368 5626 Alioqui
1392 5571 1497 5610 non
1539 5543 1730 5609 videe‘T

131 5645 356 5715 religiosi
387 5648 640 5719 conjuges
663 5649 1111 5717 quemadmodum
1137 5648 1238 5702 sibi
1268 5649 1480 5703 sincero
1515 5662 1697 5702 amore

133 5736 354 5793 devincti
409 5738 535 5794 sint.
587 5738 717 5794 Cum
761 5739 873 5796 hinc
921 5739 995 5794 ita
1047 5753 1107 5794 se
1151 5739 1350 5795 habere
1395 5739 1696 5797 indubitata

1803 4647 2006 4701 homini
2039 4647 2206 4716 loqui,
2238 4656 2414 4700 tamen
2447 4646 2728 4699 Dominum
2764 4658 2951 4724 orasse
2974 4659 3082 4712 quo
3124 4659 3154 4696 a
3187 4659 3247 4697 se
3282 4659 3380 4696 an-
3445 4717 3454 4724 .

1802 4737 1978 4806 gelum
2007 4736 2243 4795 Satanae,
2273 4752 2301 4788 a
2331 4751 2438 4805 quo
2469 4734 2862 4796 tribulabatur,
2891 4733 3256 4796 submoveret,
3287 4747 3387 4786 uec

1801 4827 2098 4880 obtimdssc
2137 4826 2278 4896 quod
2312 4826 2500 4888 voluit,
2544 4824 2636 4877 sed
2677 4823 2818 4890 quod
2859 4821 3080 4890 profuit.
3115 4821 3386 4875 Revocate

1799 4917 1853 4971 in
1885 4918 2196 4972 memoriam
2227 4917 2504 4978 Davidem,
2534 4923 2798 4982 quatenus
2827 4929 2886 4966 se
2913 4929 3010 4982 pro
3046 4913 3380 4981 impetranda

1801 5008 1912 5061 filio
1940 5009 2046 5062 vita
2077 5009 2384 5062 ntacerarit.
2422 5007 2486 5060 Et
2523 5015 2672 5059 certe
2701 5021 2822 5058 cum
2871 5015 3050 5060 tantus
3091 5017 3233 5059 esset
3265 5022 3386 5075 pro-

1800 5099 1984 5169 pheta,
2027 5115 2094 5154 ne
2126 5113 2437 5166 responsum
2469 5095 2686 5165 quidem
2727 5095 2963 5148 divinum
3005 5104 3113 5148 tam
3150 5095 3374 5150 immani

1801 5189 2081 5243 confectus
2139 5203 2372 5242 mwrore
2425 5183 2742 5256 promeruit.
2821 5185 3156 5255 Qua-cunque
3206 5195 3382 5239 autem

1800 5283 1994 5350 scripta
2030 5290 2171 5342 sunt,
2207 5279 2276 5332 ad
2311 5288 2543 5331 nostram
2579 5275 2870 5329 doctrinam
2911 5277 3104 5328 serium
3143 5286 3286 5339 sunt,
3325 5285 3380 5327 ut

1799 5391 1894 5444 per
1925 5374 2232 5443 patientiam
2272 5379 2318 5422 et
2357 5369 2762 5422 consolationem
2801 5366 3197 5436 Scripi‘uiarum
3237 5384 3400 5432 spem.

1798 5464 2080 5518 habeamus
2105 5461 2281 5532 (llam.
2307 5461 2416 5530 xv).
2450 5460 2589 5528 Ergo
2620 5459 2934 5528 perpendite
2957 5457 3188 5528 qualiter
3211 5458 3376 5512 David

1799 5569 2010 5609 cassam
2039 5567 2256 5623 precum
2287 5567 2506 5606 suarum
2533 5559 2788 5620 expertus
2818 5549 3152 5625 instantiam,
3179 5564 3376 5604 conso-

1798 5644 2051 5698 lationem
2080 5642 2286 5697 ratione
2311 5641 2718 5712 percepcrit,vac
2733 5639 2960 5710 justitia:
2981 5641 3074 5707 Dei
3103 5637 3382 5708 subjectus

1804 5734 2079 5792 humiliter
2107 5733 2457 5806 acquicvcrit.
2491 5731 2606 5788 Non
2639 5731 2772 5787 estis
2804 5740 2911 5786 tam
2949 5729 3184 5786 fundatis
3222 5727 3376 5784 forti-
