3902 6300
549 334 658 390 415

1568 328 1629 386 Β.
1671 329 1729 386 8.
1773 326 1930 385 LUPI
1969 325 2262 384 ABB.\TlS
2306 324 2814 383 FEllllAltlENSlS
3680 334 3748 391 tu

553 450 777 505 tudinis.
822 446 976 515 Quod
1023 444 1251 517 prtet‘ato
1305 445 1506 501 dictum
1535 453 1620 500 est
1660 443 1946 514 Apostolo,
1986 443 2137 498 vobis
2166 447 2218 502 Α
2243 454 2344 494 nec
2388 438 2532 494 ﬁniri
2567 412 2735 510 posse
2775 439 3044 494 videatur.
3088 438 3146 494 ιιι
3188 452 3304 495 esse
3335 439 3648 497 verissimum
3674 445 3749 515 ipse

550 557 878 611 responsum
929 539 1157 609 accipite
1192 555 1206 590 :
1246 537 1441 606 Sufﬁcit
1473 537 1565 590 tibi
1601 536 1774 606 gratia
1807 551 1923 588 mea
1958 548 1978 587 :
2014 551 2137 589 nam

553 631 717 686 uirtus
739 633 795 685 in
819 631 1128 699 inﬁrmitate
1153 630 1421 699 per/icitur
1443 626 1528 700 (II
1550 626 1674 682 Cor.
1705 626 1826 696 xu).
1861 626 2140 696 Siquidem

552 730 610 776 et
634 723 750 793 ipse
780 737 1068 778 mererem
1098 722 1312 789 scriptae
1337 719 1620 783 orationis,
1649 719 1695 773 si
1723 721 1846 790 quis
1871 720 1918 773 ei
1949 718 2142 773 subor-

554 823 643 869 tus
683 813 888 879 fuerat,
926 816 1028 869 hoc
1067 814 1377 867 admonitus
1418 813 1640 868 oraculo
1681 813 1824 866 aliud
1865 821 2137 880 oportere,

552 904 818 974 deposuit.
877 904 1191 973 llnjusmodi
1241 904 1526 974 pneccptis
1572 912 1627 958 et
1665 902 1926 972 exemplis
1971 918 2140 956 sacra:

553 994 851 1064 Scriptura:
899 995 1134 1064 capitula
1190 995 1532 1048 exuberant:
1580 1010 1720 1062 qua},
1765 993 2046 1063 quoniam,
2082 1000 2141 1046 ut

552 1085 780 1155 insignis
829 1085 906 1139 ait
935 1093 1090 1154 poeta
1139 1084 1385 1156 (Virgil..
1425 1084 1562 1149 Ecl.,
1600 1086 1694 1154 x):
1744 1084 1866 1137 Non
1901 1085 2140 1137 canimus

549 1176 747 1238 surdis,
775 1175 1190 1246 epistolarisqtte
1219 1183 1461 1228 coarctat
1495 1174 1768 1243 angustia,
1801 1173 2136 1242 praeteriens,

547 1267 702 1320 vobis
731 1266 1122 1320 consideranda
1164 1265 1430 1334 relinquo.
1470 1263 1755 1318 Sullecerit
1783 1264 1897 1317 huic
1935 1270 2140 1315 tantum

547 1355 792 1425 tetigisse
830 1371 951 1424 quae
985 1355 1099 1409 sola
1137 1363 1353 1422 recepta
1383 1353 1620 1406 vulneris
1651 1349 1810 1418 hujus
1849 1360 2136 1414 tumorem,

552 1458 819 1516 quantutn
854 1461 976 1501 mea
1003 1446 1109 1500 fert
1134 1445 1337 1515 opinio,
1369 1443 1606 1497 mulcere
1635 1451 1796 1510 atque
1827 1440 1998 1494 lenire
2033 1438 2140 1492 lar-

551 1539 733 1610 giente
753 1539 981 1593 Domino
1011 1547 1282 1611 poterunt.
1315 1538 1633 1606 Quanquam
1663 1536 1791 1590 mihi
1825 1535 1992 1590 multa
2021 1535 2134 1588 vol-

547 1629 695 1682 venti
731 1627 876 1682 aliud
907 1630 1072 1684 etiam
1112 1637 1395 1692 occurrat,
1427 1628 1570 1697 quod
1607 1627 1709 1681 hoc
1742 1627 1832 1680 Dei
1870 1625 2138 1693 judicium

546 1719 851 1774 clementius
894 1735 1058 1788 quam
1106 1719 1400 1773 iracundiae
1447 1717 1618 1772 videri
1672 1717 1852 1786 possit
1891 1715 2137 1770 certissi-

2243 530 2646 595 concesserim;
2711 529 2952 600 illudque
3005 529 3150 599 quod
3201 530 3343 586 inter
3396 531 3500 585 alia
3545 535 3748 605 posuistis,
3833 529 3835 605 i

2242 637 2349 677 non
2377 638 2536 693 posse
2567 639 2666 693 pro
2692 623 2972 679 voluntate
3012 625 3287 680 hominem
3319 627 3494 681 dolori
3527 629 3661 684 ﬁnem
3687 634 3750 686 ito-

2240 728 2465 782 ponere,
2505 729 2666 783 quem
2693 730 2794 770 nec
2822 715 3072 786 prtesciat
3089 756 3104 780 ,
3133 731 3236 771 nec
3264 717 3615 773 imminentem
3639 733 3749 789 queat

2241 806 2497 879 etl‘ugere,
2529 809 2876 864 vehementer
2900 811 3162 880 approbo,
3197 810 3436 879 satisque
3461 812 3683 866 catholica
3703 816 3750 868 di-
3833 806 3835 870 Υ

2243 909 2388 954 ctum
2432 901 2664 956 intueor.
2716 899 2832 955 Non
2867 911 2952 956 est
2983 901 3128 955 enim
3168 901 3219 954 in
3255 909 3518 970 potestate
3546 902 3748 958 hominum
3833 913 3835 970 ᾗ

2245 992 2329 1045 via
2373 992 2514 1062 ejus,
2547 992 2640 1046 sed
2684 1008 2712 1046 a
2743 992 2972 1046 Domino
3015 1007 3236 1060 gressus
3278 993 3551 1046 hominum
3581 994 3751 1062 dirigun~

2245 1088 2351 1145 tur,
2385 1092 2440 1136 et
2470 1083 2689 1136 humani
2726 1081 2949 1138 libertas
2981 1082 3192 1136 arbitrii
3231 1091 3350 1152 eget
3379 1083 3662 1136 omnimodo
3689 1100 3751 1136 au-

2243 1172 2372 1226 xilio
2409 1173 2595 1242 gratia:
2625 1173 2749 1237 Dei;
2785 1173 2878 1228 sed
2919 1173 3076 1242 plane
3117 1189 3239 1243 quae
3271 1173 3418 1228 faeta
3460 1183 3576 1228 sunt
3616 1174 3750 1229 inlecta

2241 1279 2364 1319 esse
2411 1280 2514 1318 non
2560 1273 2805 1334 possunt,
2850 1279 2950 1319 nec
2979 1264 3132 1319 dolor
3173 1279 3436 1321 revocare
3479 1264 3606 1317 valet
3643 1267 3751 1320 semd

2241 1354 2550 1422 praeterita,
2596 1368 2696 1408 nec
2739 1361 2823 1407 est
2865 1356 2918 1407 in
2963 1353 3183 1408 homine
3217 1353 3361 1408 unde
3410 1369 3441 1406 a
3469 1354 3625 1422 seipse
3655 1365 3751 1422 petat

2243 1445 2522 1500 auxilium.
2542 1445 2804 1512 Quocirca
2834 1446 3159 1517 deprehensi
3190 1447 3521 1516 quibuslibet
3544 1451 3750 1517 angustiis.

2241 1548 2349 1604 quo
2387 1534 2571 1588 verius
2615 1549 2717 1588 nos
2764 1536 3031 1590 sentimus
3082 1535 3427 1605 fragrliores,
3473 1536 3568 1590 hoc
3603 1547 3751 1603 oportet

2242 1627 2475 1682 celerius
2507 1627 2577 1682 ad
2615 1627 2814 1682 divinae
2848 1628 3212 1683 miserationis
3257 1629 3553 1684 subsidium
3579 1629 3691 1682 velut
3709 1628 3750 1680 ad

2243 1727 2460 1786 portum
2532 1718 2862 1772 tutissimum
2929 1718 3373 1790 confungiamus.
3440 1717 3750 1789 Eleganterde

547 1824 699 1864 mum
730 1810 1135 1864 documentum.
1167 1806 1302 1861 Nam
1334 1806 1459 1876 quia
1489 1806 1722 1876 ﬂagellat
1747 1821 1950 1860 omnem
1971 1803 2139 1872 ﬁlium
2170 1797 2217 1854 Β
2246 1809 2375 1863 illud
2405 1809 2607 1864 dictum
2636 1818 2720 1864 est
2747 1827 2761 1862 :
2793 1806 3017 1863 Necesse
3043 1817 3120 1863 est
3143 1810 3330 1863 adesse
3363 1811 3584 1863 divinum
3608 1810 3750 1861 ubiut»

549 1915 703 1970 quem
729 1900 908 1970 recipit
946 1898 1134 1971 (Hebr.
1165 1901 1286 1967 xu),
1315 1897 1564 1953 allectum
1593 1906 1834 1952 vestrum
1871 1896 1924 1950 in
1957 1895 2140 1950 uxoris

549 2004 738 2044 arnore
763 1987 991 2043 forsitan
1020 1986 1354 2046 subdivisum
1383 2002 1490 2041 non
1515 2002 1730 2057 passus,
1756 1985 1933 2056 putari
1961 1993 2142 2054 potest

548 2078 618 2132 ad
648 2093 707 2133 se
735 2077 908 2132 solum
952 2076 1056 2148 14
1085 2077 1378 2130 amandum
1410 2077 1782 2141 revocavisse;
1827 2089 1890 2129 ac
1934 2074 1980 2129 si
2011 2073 2138 2140 quid

550 2167 671 2236 ejus
716 2167 934 2238 corpori
983 2168 1412 2236 intemperanter
1457 2167 1728 2238 diligendo
1767 2166 1888 2236 plus
1923 2164 2072 2233 justo
2105 2180 2138 2218 a

545 2265 700 2318 vobis
753 2264 1019 2318 indultum
1068 2263 1280 2330 fuerat,
1328 2264 1569 2332 ejusdem
1621 2263 1868 2331 corporis
1923 2263 2140 2316 subtra-

546 2357 728 2411 ctione
774 2357 1016 2426 punisse.
1067 2355 1313 2424 Cumque
1359 2371 1457 2424 per
1499 2355 1814 2424 prophetam
1865 2352 2134 2422 loquitur:

547 2447 671 2502 Non
687 2457 960 2517 consurget
981 2447 1174 2517 duplex
1197 2445 1467 2499 tribulatio
1491 2445 1732 2514 (Nalmm
1759 2446 1819 2514 I),
1836 2442 2138 2512 (ιιιοόξιλΧΧ

545 2537 898 2604 interpretum
947 2537 1026 2590 sic
1071 2535 1346 2605 expressit
1393 2534 1673 2588 translatio
1709 2551 1722 2586 :
1771 2534 1895 2587 Non
1923 2535 2136 2603 judicat

542 2627 686 2681 Deus
710 2627 786 2680 bis
813 2630 869 2680 in
897 2627 1151 2696 idipsum,
1177 2627 1265 2680 hic
1289 2626 1580 2680 emendare
1610 2625 1861 2696 dignatus
1885 2635 1970 2678 est
1996 2623 2139 2692 quod

541 2729 605 2772 ut
634 2721 795 2774 homo
829 2720 1142 2775 excessistis
1186 2722 1368 2790 (nemo
1395 2720 1541 2774 enim
1585 2719 1818 2774 mundus
1857 2734 1886 2772 a
1929 2720 2135 2790 sorde),

542 2826 611 2864 ne
634 2811 761 2880 quid
788 2811 1006 2881 gravius
1033 2810 1086 2864 in
1117 2826 1211 2864 vos
1236 2808 1559 2878 quandoque
1587 2809 1928 2864 decerneret.
1955 2809 2136 2874 Quare

544 2902 642 2956 Dei
681 2903 934 2972 amplecti
983 2902 1190 2957 debetis
1238 2901 1539 2956 inmensam
1585 2901 1862 2969 pietatem,
1913 2912 2005 2969 qut
2040 2915 2138 2956 vos

543 3007 642 3047 sua
685 2993 876 3062 dignos
907 2990 1233 3059 judicaverit
1278 2991 1640 3056 correctione,
1671 3006 1834 3060 quam
1873 2989 2138 3044 olfensam

545 3091 789 3138 metuere
829 3082 1126 3152 disciplime
1168 3081 1318 3135 illius
1353 3081 1580 3134 verbera
1610 3081 1965 3134 suStinentes.
2001 3077 2134 3144 Fili,

2243 1916 2460 1954 manum
2493 1909 2658 1954 cessat
2691 1899 2970 1953 auxilium.
3020 1898 3131 1954 Nec
3171 1899 3386 1969 longus,
3430 1899 3750 1954 dominodom-

2241 2005 2455 2056 nemur,
2521 1991 2774 2045 terendus
2828 1998 2912 2046 est
2961 1989 3131 2044 labor.
3183 1989 3318 2044 Nam
3374 1991 3468 2060 qui
3521 1990 3655 2043 adse
3685 1990 3748 2041 hoc

2241 2084 2402 2138 modo
2429 2091 2614 2138 votat:
2648 2082 2832 2138 Venite
2857 2083 2926 2137 ad
2962 2099 3043 2137 me
3073 2083 3162 2152 qui
3199 2081 3457 2136 laboratis
3489 2081 3667 2153 (Matth.
3687 2081 3749 2148 ιι).
3833 2111 3835 2160 ς

2241 2175 2478 2231 nitentes
2525 2175 2765 2246 adjuvat,
2812 2174 2878 2228 ad
2929 2189 2987 2228 se
3033 2173 3419 2243 pervenientes
3463 2171 3693 2233 informat,
3719 2171 3750 2222 in
3833 2225 3835 2230 λ

2241 2280 2302 2320 se
2337 2275 2720 2335 permanentes
2757 2263 2944 2335 procul
2983 2263 3147 2317 dubio
3183 2270 3436 2318 coronat.
3483 2262 3638 2329 Quare
3660 2258 3749 2330 quod

2242 2357 2456 2414 dixistis
2499 2364 2857 2411 memoratum
2897 2354 3146 2420 dolorem.
3174 2355 3356 2424 quoad
3399 2353 3628 2408 viveretis
3651 2366 3748 2405 man-

2242 2464 2430 2503 surum
2476 2447 2784 2509 vobiscum,
2836 2447 3107 2516 expressit
3160 2445 3265 2508 hoc
3316 2461 3346 2498 a
3393 2445 3566 2508 vobis,
3604 2444 3746 2504 sentio,

2242 2548 2497 2593 concreta
2537 2537 2697 2606 longo
2739 2551 2837 2590 usu
2882 2535 3196 2604 magnitudo
3234 2534 3474 2599 amoris;
3521 2533 3602 2588 sed
3640 2533 3678 2584 in
3710 2546 3744 2582 ea

2242 2642 2340 2682 vos
2369 2627 2734 2681 obstinatione
2767 2626 2872 2697 ιθ
2899 2625 3140 2680 animum
3188 2625 3522 2696 relinquere,
3567 2631 3747 2693 quantum

2242 2722 2437 2784 audeo,
2476 2721 2764 2784 dehortor;
2802 2719 3068 2788 siquidem
3097 2727 3152 2772 et
3187 2717 3260 2772 illi
3289 2718 3448 2786 cujus
3471 2733 3613 2770 causa
3636 2730 3748 2768 cmer-

2242 2811 2313 2866 sit
2357 2811 2490 2865 nihil
2534 2811 2948 2866 immoderatum
2991 2810 3264 2878 proderit,
3313 2819 3372 2864 et
3413 2809 3554 2862 vobis
3596 2805 3746 2860 multum

2241 2901 2344 2956 nisi
2376 2901 2695 2970 deponatur,
2746 2898 2962 2954 olliciet.
3008 2899 3262 2966 Quinimo
3298 2909 3471 2954 totum
3502 2914 3585 2954 vos
3617 2911 3744 2950 curan-

2242 2992 2370 3046 dum
2406 2991 2816 3060 sanandumque
2844 2989 3073 3044 Domino
3110 2989 3434 3058 permittite.
3465 2988 3546 3043 cui
3578 2995 3645 3040 est
3674 2998 3747 3052 ρετο

2243 3081 2402 3138 facile
2427 3083 2571 3152 quod
2604 3090 2789 3137 nostra
2821 3090 3016 3136 natura
3043 3079 3419 3134 difﬁcillimum
3441 3079 3640 3149 judicat.
3665 3073 3744 3127 ham

543 3172 726 3240 inquit
753 3142 1027 3234 Salomon,
1055 3170 1163 3225 noli
1201 3169 1421 3237 deﬁcere
1455 3187 1487 3223 a
1519 3168 1798 3238 disciplina
1828 3167 2062 3231 Domini,
2089 3142 2137 3220 et
2165 3142 2210 3203 Ο
2243 3174 2364 3243 quis
2407 3142 2648 3243 speravit
2686 3172 2740 3226 in
2766 3171 2995 3227 Domino
3029 3179 3087 3226 et
3123 3171 3384 3240 deceptus
3425 3142 3539 3224 est?
3568 3166 3741 3221 Obsecro.

548 3278 615 3315 ne
638 3260 878 3329 [aligeris
903 3276 1022 3323 cum
1043 3260 1108 3312 ab
1141 3275 1202 3313 eo
1225 3259 1486 3328 argueris.
1516 3258 1684 3324 Quem
1718 3259 1857 3312 enim
1881 3257 2138 3312 Dominus

540 3351 736 3420 diligit,
783 3352 1021 3420 corripit,
1057 3359 1104 3404 et
1133 3352 1286 3421 quasi
1317 3362 1468 3420 pater
1488 3352 1541 3405 in
1572 3352 1686 3420 ﬁlio
1721 3351 2010 3420 complacet
2033 3351 2133 3406 sibi

551 3441 740 3513 (Prov.
774 3449 880 3511 tu).
917 3443 1159 3512 Denique
1198 3458 1428 3513 quorum
1468 3445 1629 3499 isthic
1665 3453 1884 3514 peccata
1923 3459 2028 3498 non
2059 3444 2140 3499 vi-

543 3534 700 3598 sitat,
752 3548 996 3602 quosque
1042 3533 1235 3587 florere
1283 3549 1381 3603 pro
1427 3544 1555 3589 voto
1602 3535 1890 3603 permittit,
1945 3535 1999 3589 in
2040 3536 2138 3592 hos

546 3634 672 3694 post
727 3633 954 3678 mortem
1009 3622 1252 3692 ejusdem
1303 3625 1384 3678 ira
1429 3625 1670 3680 desaevit.
1723 3627 1800 3681 De
1850 3626 2045 3681 talibus
2083 3628 2135 3681 in

541 3714 803 3782 psalterio
844 3714 1074 3785 legimus
1110 3731 1124 3766 :
1161 3714 1228 3768 In
1259 3713 1438 3769 labore
1470 3715 1741 3770 hominum
1777 3735 1884 3771 non
1917 3729 2059 3782 sunt,
2087 3728 2137 3773 et

541 3823 663 3860 cum
684 3807 978 3862 hominibus
1004 3824 1109 3860 non
1133 3806 1544 3876 ﬂagellobuntur
1567 3805 1741 3879 (Psal.
1771 3811 1962 3879 Lxxu).
1987 3808 2055 3863 Et
2081 3810 2136 3865 in

544 3898 674 3954 Job:
704 3901 911 3954 Ducunt
939 3903 991 3952 in
1015 3900 1162 3952 bonis
1181 3900 1291 3952 dies
1312 3915 1458 3964 suos,
1481 3909 1528 3953 et
1551 3899 1607 3953 in
1625 3909 1815 3969 puncto
1838 3901 1906 3953 ad
1928 3900 2136 3969 inferna

542 3992 862 4045 descendunt
907 3991 1204 4062 (Jobﬂxxr).
1269 3989 1540 4046 Prmtcrea
1589 3991 1692 4046 hoc
1741 3991 1872 4045 mihi
1921 3991 2140 4059 subjicit

550 4097 725 4145 mens,
759 4081 991 4135 voluisse
1016 4082 1182 4134 Deum
1222 4083 1383 4136 rebus
1420 4081 1554 4150 ipsis
1583 4097 1678 4136 vos
1705 4083 1943 4152 experiri
1973 4098 2135 4151 quam

549 4172 621 4225 sit
659 4171 847 4225 infelix
880 4171 972 4240 qui
1013 4171 1066 4225 in
1095 4179 1415 4239 perpetuum
1445 4169 1774 4242 abjungatur
1802 4171 1870 4225 ab
1911 4173 2049 4241 ipso,
2083 4173 2135 4226 in

546 4279 658 4332 quo
682 4271 766 4317 est
791 4272 1050 4333 perpetua
1076 4273 1133 4317 et
1155 4278 1282 4317 vera
1307 4263 1613 4328 delectatio,
1646 4264 1691 4318 si
1733 4272 1843 4317 tam
1887 4263 2138 4318 immani-

550 4364 634 4408 ter
674 4353 870 4408 alliciat
919 4353 1047 4408 licet
1092 4353 1340 4408 ﬁdissimi
1390 4363 1555 4425 atque
1600 4355 1907 4410 charissimi
1959 4364 2136 4410 tamen

548 4445 809 4510 hominis,
856 4452 1236 4498 momentanea
1286 4445 1578 4513 separatio.
1623 4444 1758 4499 Cum
1803 4446 1917 4500 lucc
1946 4445 2134 4499 verisi-

547 4534 696 4589 milia
718 4547 838 4589 esse
867 4534 1171 4598 videantur,
1199 4532 1428 4598 abolete,
1459 4549 1663 4602 qutcso,
1694 4543 1956 4604 quantum
1987 4545 2136 4604 pote-

546 4626 668 4689 stis,
699 4624 767 4679 de
805 4639 913 4694 quo
949 4638 1130 4678 sermo
1163 4623 1412 4688 habetur,
1445 4637 1758 4688 mwrorem,
1801 4633 1855 4679 et
1883 4640 2007 4678 cum
2035 4623 2136 4678 Job

509 4703 512 4706 ’
547 4717 754 4771 dicite:
788 4716 1047 4768 Dominus
1081 4715 1248 4780 dedit,
1282 4713 1541 4768 Dominus
1575 4714 1812 4769 abstulit.
1849 4714 1997 4770 Sicut
2031 4715 2139 4770 Do-

549 4806 693 4858 mino
729 4804 951 4870 placuit,
987 4805 1061 4857 ita
1089 4803 1286 4872 factum
1313 4817 1332 4856 :
1358 4805 1425 4858 sit
1463 4820 1648 4859 nomen
1683 4805 1892 4858 Domini
1927 4805 2143 4859 benedio

550 4905 691 4946 ctum
722 4892 857 4963 (Job
893 4894 966 4965 ι).
1015 4893 1084 4947 Ει
1126 4894 1531 4962 cumApostolo
1579 4895 1631 4948 in
1679 4895 1772 4950 Dei
1821 4895 2131 4964 spatiamini

550 4980 803 5036 laudibus
833 4983 1074 5038 dicentes
1097 4999 1110 5035 :
1135 4981 1449 5037 Benedictus
1475 4983 1615 5038 Deus
1643 4993 1690 5038 et
1715 4982 1876 5038 Pater
1900 4983 2002 5054 15
2024 4984 2134 5040 Do-

550 5075 683 5128 mini
713 5077 880 5128 nostri
909 5075 1038 5129 .lesu
1069 5073 1296 5141 Christi,
1335 5074 1498 5130 Pater
1536 5077 2050 5142 ntisericordiarum,
2084 5087 2133 5133 et

551 5167 696 5222 Deus
722 5166 881 5220 totius
904 5167 1296 5230 consolationis,
1320 5169 1411 5238 qui
1444 5168 1750 5223 consolatur
1773 5186 1866 5224 nos
1902 5170 1958 5225 in
1992 5171 2135 5225 omni

552 5257 892 5314 tribulatione
938 5269 1117 5312 nostra
1161 5258 1243 5329 (ll
1269 5258 1395 5313 Cor.
1441 5259 1504 5331 ι).
1556 5259 1747 5315 Restat
1787 5275 1914 5330 pars
1963 5260 2136 5316 altera

553 5351 790 5419 suscepti
839 5351 1038 5423 negotii
1068 5365 1226 5422 :quze
1273 5351 1585 5422 stringenda
1623 5351 1860 5406 breviter
1908 5359 2011 5416 est,
2064 5366 2132 5407 ne

555 5441 696 5498 forte
729 5442 879 5513 plura
914 5445 1100 5499 dicens
1133 5444 1234 5498 sitn
1267 5445 1444 5506 oneri.
1473 5444 1565 5514 qui
1588 5445 1812 5514 gestiam
1841 5459 1963 5500 esse
1989 5443 2134 5498 sola-

556 5534 651 5589 tio.
696 5535 831 5591 llinc
858 5537 1170 5600 instaurari,
1202 5537 1310 5590 imo
1340 5551 1689 5606 perseverare
1713 5536 1914 5591 doloris
1939 5536 2134 5592 vulnus

555 5627 886 5694 asseruistis,
937 5627 1081 5697 quod
1127 5627 1433 5696 duplicatus
1480 5627 1721 5697 quotidie
1765 5628 2135 5697 dispositionis

557 5715 710 5774 labor
735 5717 864 5790 quid
892 5717 1018 5775 boni
1043 5716 1388 5789 perdideritis
1421 5719 1729 5786 admoneat,
1759 5734 1824 5775 ac
1851 5727 2134 5788 propterea

2241 3271 2413 3318 totum
2462 3278 2558 3318 cor
2597 3269 2838 3316 vestrum
2890 3260 2959 3314 ad
2999 3259 3299 3330 rogandum
3335 3259 3502 3314 Deum
3543 3254 3740 3311 ell'umlite.

2240 3355 2507 3410 Prtestare
2544 3353 2658 3406 vult
2700 3351 2792 3422 qui
2835 3366 2894 3406 se
2935 3359 2993 3404 ut
3039 3359 3278 3419 rogetur,
3319 3346 3612 3408 admonuit,
3639 3340 3742 3395 Petili
3831 3349 3833 3420 ς

2238 3457 2285 3502 et
2310 3445 2573 3516 accipietis
2601 3443 2782 3514 (Joan.
2818 3442 2952 3513 xvi).
2983 3441 3154 3497 Petite
3183 3449 3242 3494 ut
3263 3439 3381 3510 ipse
3409 3439 3550 3492 vobis
3572 3433 3740 3489 allectum

2239 3537 2468 3607 inspiret
2517 3533 2786 3605 rogandi,
2834 3543 2890 3586 et
2939 3529 3191 3586 eﬂectum
3242 3529 3360 3600 ipse
3411 3530 3595 3583 tribuat
3633 3525 3740 3588 impe-

2237 3629 2436 3684 trandi.
2469 3629 2638 3681 Dicite
2664 3625 2807 3694 quod
2835 3624 3170 3680 clarissimus
3196 3623 3452 3692 idemque
3477 3616 3741 3675 suavissimus

2238 3731 2429 3774 auctor
2449 3718 2782 3788 Augustinus
2814 3715 2933 3787 (lib.
2966 3732 3000 3770 x
3021 3714 3285 3784 Confess.,
3319 3729 3441 3783 cap.
3468 3713 3551 3768 29.
3574 3705 3738 3769 5|,37l1

2237 3809 2321 3862 Da
2357 3811 2495 3878 quod
2521 3809 2699 3878 jubes,
2735 3815 2784 3860 et
2810 3805 2940 3875 jube
2975 3804 3114 3874 quod
3145 3805 3239 3857 vis.
3280 3801 3554 3871 Siquidem
3590 3801 3740 3850 suanos

2239 3899 2380 3953 Deus
2407 3898 2583 3968 gratia
2615 3906 2673 3950 ut
2704 3894 2842 3949 velle
2875 3909 2939 3949 ac
2975 3907 3134 3963 posse
3165 3892 3370 3962 aliquid
3418 3890 3535 3946 boni
3558 3892 3740 3956 queamus

2238 3999 2292 4044 et
2322 3988 2580 4059 prrevcnit
2608 3995 2662 4042 et
2691 3985 3059 4056 subsequitur.
3091 3983 3245 4050 Quod
3281 3984 3558 4038 evidenter
3583 3978 3626 4029 in
3644 3968 3739 4025 Psal-

2239 4080 2343 4133 tnis
2407 4060 2727 4139 didicimus,
2771 4074 2860 4130 ιιδί
2897 4075 3157 4144 scriptum
3199 4082 3324 4128 est:
3365 4073 3497 4127 Deus
3531 4060 3740 4122 meandi-

2238 4172 2524 4228 sericordia
2563 4171 2680 4241 ejus
2718 4169 2996 4239 prwceniet
3032 4185 3111 4221 me
3135 4165 3310 4234 (Psal.
3350 4167 3518 4237 Lvtn).
3541 4160 3692 4228 Utique
3709 4158 3738 4202 et

2237 4261 2600 4316 misericordia
2637 4270 2732 4314 tua
2764 4260 3107 4329 subsequetur
3131 4273 3211 4310 me
3235 4258 3476 4310 omnibus
3495 4253 3643 4307 diebus
3668 4245 3738 4297 rite

2237 4369 2368 4407 mea:
2391 4350 2565 4423 (Psal.
2597 4350 2754 4423 χχιι).
2783 4349 3125 4419 Ac'quiescite
3151 4347 3381 4420 Spiritui
3403 4354 3576 4402 sancto
3588 4336 3736 4411 βετω-

2239 4443 2417 4498 videtn
2447 4442 2687 4497 monenti
2708 4459 2721 4494 :
2744 4439 2902 4494 Jacta
2929 4441 2981 4494 in
3007 4439 3229 4494 Domino
3251 4455 3433 4492 curam
3457 4447 3601 4495 tuam,
3620 4440 3654 4483 et
3672 4427 3736 4493 ἄρα

2238 4543 2288 4588 te
2307 4533 2532 4587 enutriet
2561 4530 2735 4601 (Psal.
2759 4535 2901 4602 Liv);
2934 4547 2998 4584 ac
3025 4530 3251 4583 Domino
3280 4527 3584 4584 ﬁducialiter
3605 4519 3734 4574 dicite:

2241 4623 2322 4679 Tu
2343 4640 2396 4678 es
2426 4623 2685 4694 refugium
2717 4639 2888 4675 meum
2927 4638 2958 4674 a
2983 4619 3318 4674 tribulatione
3343 4635 3460 4690 qutt-
3481 4604 3734 4669 circumdedit

2235 4731 2319 4769 me
2344 4712 2516 4785 (Psal.
2541 4712 2712 4783 χχχι).
2743 4712 2810 4766 Ει
2837 4727 2958 4766 cum
2981 4709 3237 4780 Apostolo
3261 4709 3375 4779 jam
3407 4705 3686 4762 exsultantes
3703 4695 3732 4743 in

2237 4807 2330 4862 Dei
2361 4805 2606 4860 laudibus
2649 4804 2979 4875 ingeminat-e
3013 4801 3296 4870 poteritis:
3324 4798 3508 4854 Omnia
3527 4785 3733 4864 pessumis

2232 4913 2294 4952 eo
2323 4896 2415 4967 qui
2447 4913 2526 4950 me
2558 4895 2815 4964 confortat
2843 4892 3098 4964 (Philipp.
3131 4891 3226 4961 tv).
3272 4889 3502 4944 Tristitia
3536 4883 3648 4938 enim
3673 4890 3734 4971 stt“

2234 4989 2340 5045 culi
2362 4999 2582 5044 mortem
2605 4995 2850 5057 aperatur
2870 4982 2956 5054 (11
2979 4981 3102 5036 Cor.
3127 4983 3246 5053 vu),
3270 4981 3409 5036 haud
3437 4976 3625 5031 dubium
3647 4977 3730 5035 qum

2236 5081 2593 5151 spiritualem,
2633 5077 2726 5133 sed
2756 5086 2814 5131 ct
2860 5075 3216 5144 corporalem,
3264 5083 3324 5127 ut
3372 5071 3560 5140 optitne
3600 5057 3728 5153 nostis.

2237 5185 2378 5240 stepe
2405 5167 2712 5226 consciscit.
2742 5167 3103 5234 Quamobrem
3133 5163 3388 5218 (erumnis
3415 5159 3633 5214 vitiorum
3655 5160 3731 5240 qui“

2238 5263 2339 5316 bus
2365 5261 2662 5330 premimur
2690 5257 3094 5319 contristemur,
3127 5262 3183 5308 et
3221 5254 3290 5306 ab
3323 5265 3502 5306 eorum
3530 5243 3634 5298 falsa
3655 5231 3728 5330 dul-

2237 5327 2447 5417 cedine,
2475 5359 2677 5421 quanta
2706 5362 2991 5418 possumus
3018 5343 3374 5400 amaritudine
3403 5333 3612 5408 separari
3636 5327 3726 5421 nin-

2240 5461 2379 5506 tnur,
2411 5459 2476 5497 ac
2513 5442 2670 5512 hujus
2712 5440 3004 5495 incolatum
3031 5439 3174 5502 vitae,
3207 5438 3259 5490 in
3297 5451 3400 5506 qua
3432 5433 3538 5486 sine
3569 5416 3722 5496 quereh

2242 5551 2348 5590 non
2403 5535 2622 5598 vivitur,
2665 5532 2907 5587 modeste
2957 5532 3214 5584 feramus.
3278 5513 3723 5606 Cancrum”???

2243 5645 2272 5679 a
2302 5626 2410 5680 Deo
2435 5606 2832 5693 exspectantes,
2871 5623 2924 5676 in
2956 5637 3021 5676 eo
3046 5622 3200 5690 plena
3235 5620 3336 5674 ﬁde
3364 5619 3596 5672 lietcmur.
3619 5603 3722 5693 lieni:

2244 5731 2347 5789 que
2378 5715 2503 5771 illud
2535 5691 2637 5787 17
2663 5715 2806 5786 quod
2850 5713 2903 5768 in
2933 5712 3224 5784 Evangelia
3253 5708 3597 5782 promittitur:
3623 5691 3723 5747 licet

3827 5371 3829 5486 l
