3902 6300
94 342 229 403 με

1577 339 1956 398 ΕΡΙδΤΟιᾹζ.

3287 346 3399 403 “6

97 457 204 526 qui
251 455 469 525 lugent,
507 455 759 526 quoniam
793 454 899 525 ipsi
936 453 1348 511 consolabuntur
1389 451 1603 522 (Matth.
1634 453 1708 522 v),
1741 458 1792 515 Α
1816 453 2128 524 gratissimo
2156 463 2353 512 vestrae
2390 456 2755 527 gravitatisel
2790 456 3092 514 honestatis
3124 460 3397 529 exemplo.

99 561 231 601 non
280 548 352 602 de
400 546 465 600 iis
511 545 601 615 qui
649 544 832 616 lugent
880 545 946 601 de
993 545 1286 601 amissione
1330 544 1620 600 cbarorum
1657 552 1715 598 et.

100 635 509 706 temporalium
537 636 942 701 commodorum
962 675 977 699 ,
1010 651 1196 690 verum
1226 635 1294 689 de
1327 633 1434 690 illis
1462 633 1550 705 qui
1580 648 1717 688 mm-
1744 662 1751 671 -

102 733 273 789 rent,
329 725 485 780 initio
533 722 762 792 sejuncti
795 738 827 780 a
869 722 1145 780 mortifera
1187 724 1442 779 vitiorum
1485 722 1747 779 delecta»

104 817 298 881 tione,
332 816 506 871 donec
535 816 821 873 virtutibus
849 814 1085 883 Spiritus
1112 815 1286 871 sancti
1316 815 1490 886 gratia
1517 827 1714 869 conso-

101 909 388 964 lationem
418 908 701 978 recipiant,
728 907 811 965 vel
838 908 904 963 de
930 906 1015 963 bis
1036 908 1126 978 qui
1154 916 1375 977 propter
1401 920 1497 961 sua
1526 904 1714 975 proxi-
1750 942 1753 949 ν

103 1015 416 1059 morumve
464 1009 687 1071 peccata
754 1000 1046 1056 salubriter
1087 997 1430 1070 aﬂliguntur,
1496 1003 1717 1066 propter

103 1092 269 1162 quod
301 1089 449 1146 illius
466 1089 652 1159 felicis
676 1091 799 1146 vita:
825 1090 1157 1153 dilationem,
1183 1089 1267 1144 cui
1297 1089 1438 1144 votis
1466 1088 1717 1143 omnibus
1741 1134 1749 1141 .

105 1181 492 1252 suspiramus,
522 1181 824 1237 rectissime
853 1180 1191 1251 intelligitur.
1215 1178 1449 1234 Proinde
1471 1187 1718 1249 petentes

103 1271 403 1342 quondam
429 1270 582 1325 uxori
619 1271 959 1341 refrigerium
986 1270 1394 1339 sempiternum,
1421 1285 1542 1339 quae
1570 1283 1716 1323 mor-

106 1372 259 1428 tem,
289 1372 353 1417 ut
376 1362 671 1428 credimus,
698 1377 805 1416 non
844 1362 1091 1439 incurrit,
1121 1362 1215 1417 sed
1242 1362 1411 1425 exuit,
1441 1360 1596 1416 vobis
1621 1376 1718 1431 ρας

107 1452 380 1521 tientiam
424 1460 480 1506 et
510 1451 564 1506 iu
601 1450 757 1506 bonis
799 1451 1008 1505 actibus
1053 1450 1509 1520 perseverantiam
1556 1459 1749 1519 atque

106 1541 432 1614 profectum
464 1540 737 1612 postulate
776 1557 808 1596 a
834 1542 1056 1597 Domino
1085 1542 1194 1597 Deo
1240 1552 1445 1604 nostro,
1487 1550 1544 1597 et
1571 1543 1719 1599 dicto

109 1634 292 1691 citius
333 1633 757 1690 consolationem
786 1642 967 1690 vestro
998 1633 1245 1690 infundet
1272 1635 1514 1705 pectori;
1548 1635 1619 1690 ita
1654 1643 1717 1690 ut

113 1725 371 1782 audiatis
414 1723 729 1796 Apustolum
778 1724 1149 1781 cohortantem
1197 1743 1210 1779 :
1255 1723 1487 1787 Gaudete
1525 1727 1579 1781 in
1607 1726 1717 1780 Do-

1817 542 1950 597 Nam
1984 560 2070 600 me
2094 546 2195 601 hoc
2224 556 2465 619 tempore
2484 549 2848 605 discessurum
2878 551 3053 605 inanis
3074 552 3226 608 vobis
3255 552 3398 608 fama

1816 635 2042 689 mentita
2069 644 2174 691 est.
2206 636 2357 704 Quod
2386 639 2510 704 etsi,
2536 639 2677 711 quod
2700 640 2914 710 penitus
2942 641 3086 707 nolo,
3110 643 3395 714 continge-

1816 735 1920 794 ret,
1951 728 2031 783 sic
2059 743 2274 799 quoque
2304 730 2372 784 ad
2397 745 2497 785 vos
2524 732 2642 786 sine
2669 731 2830 787 dubio
2856 748 3227 804 properarem.
3253 732 3398 788 Tan-

1817 829 1905 876 tus
1943 822 2089 875 enim
2129 822 2260 876 mihi
2292 823 2459 878 vestri
2500 838 2653 878 amor
2693 823 2971 886 incumbit.
3002 833 3059 879 ttt
3089 824 3398 880 nullatenus

1814 911 1972 965 vobis
2013 909 2798 983 insalutatis,’sanctorumque
2829 922 3128 985 martyrum
3154 914 3402 985 neglecto

1815 1004 2152 1073 patrocinio,
2200 1005 2269 1059 ad
2312 1006 2543 1076 patriam
2591 1018 2911 1061 remearem.
2961 1005 3133 1075 Cupio
3180 1016 3233 1062 te
3288 1006 3396 1060 mei

1817 1111 2112 1150 memorem
2162 1098 2300 1152 bene
2347 1098 2530 1153 valere
2594 1098 2647 1152 in
2690 1099 2957 1163 Domino,
3018 1099 3399 1169 prosperisque

1815 1185 2019 1256 pollere
2043 1188 2404 1251 successibus,
2437 1188 2661 1242 Domine
2693 1190 3187 1246 desiderantissime
3208 1190 3393 1261 Pater,

1815 1285 1873 1331 et
1899 1277 1964 1332 de
1990 1288 2074 1332 me
2092 1279 2304 1346 Optime
2329 1294 2425 1348 per
2448 1279 2627 1334 omnia
2657 1279 2868 1335 merite.

2317 1411 2422 1482 19
2460 1409 2794 1495 EPISTOLA
2832 1411 2899 1468 v.

2433 1537 2501 1578 AD
2538 1537 2780 1578 εωωει.

1866 1631 2177 1688 ~Fidissimo
2211 1632 2359 1687 Patri
2388 1633 2697 1704 Eginhacdo
2725 1634 2911 1704 Lupus
2933 1634 3183 1691 salutem.

1888 1727 2202 1783 Memoriam
2236 1742 2328 1781 vos
2356 1727 2556 1782 habere
2594 1730 2705 1782 mei
2729 1742 2891 1797 quam
2920 1738 3133 1799 gratum
3170 1726 3399 1783 habeam

110 1817 273 1870 mino
306 1831 549 1884 semper;
591 1815 781 1870 iterum
815 1815 956 1882 dico,
1002 1817 1222 1886 gaudete
1257 1812 1425 1883 (Phil.
1460 1815 1555 1888 ιν).
1600 1816 1714 1886 Ego
1744 1815 1790 1875 Β
1817 1834 2157 1888 nequaquam
2184 1817 2342 1874 facile
2368 1818 2515 1874 dictu
2544 1826 2650 1884 est,
2676 1819 2975 1888 praesertim
3002 1834 3124 1874 cum
3151 1819 3400 1873 eminen-

112 1920 257 1961 sane
287 1906 434 1976 quod
463 1905 664 1974 dignati
702 1904 834 1960 estis
862 1914 1069 1960 vestros
1103 1914 1267 1959 aestus
1310 1920 1520 1960 mecum
1558 1921 1711 1961 com-

112 1997 432 2061 municare,
475 1996 734 2053 attentius
770 2006 826 2052 et
852 2014 951 2068 pro
987 1997 1074 2050 illa
1117 2005 1171 2051 et
1196 2012 1293 2066 pro
1323 1998 1476 2053 vobis
1513 1998 1716 2068 suppli-

112 2102 253 2143 care
283 2088 539 2143 conabor.
577 2085 776 2151 Credo,
801 2087 1049 2156 quamvis
1084 2102 1191 2141 non
1222 2102 1341 2142 meo
1371 2089 1585 2150 merito,
1616 2102 1709 2141 ve-

116 2187 237 2232 stra
268 2185 449 2232 tamen
478 2176 646 2231 Deum
679 2176 980 2232 humilitate
1009 2176 1354 2247 placandum,
1385 2179 1474 2248 qui
1513 2180 1715 2247 absque

116 2276 378 2337 respectu
425 2276 619 2323 vestra:
671 2268 1056 2337 magnitudinis
1104 2284 1225 2323 cum
1288 2284 1404 2323 mea
1451 2270 1715 2338 parvitate

117 2357 383 2413 conferre
417 2368 528 2413 tam
562 2359 702 2414 seria
744 2376 848 2414 non
879 2359 1185 2415 borruistis.
1220 2360 1443 2416 Ostendi
1478 2372 1536 2415 ut
1562 2363 1710 2432 potui

120 2456 181 2502 et
232 2447 471 2502 humana
519 2448 930 2503 ratiocinatione
975 2459 1031 2504 et
1079 2450 1276 2505 divinis
1303 2452 1715 2507 auctoritatibus

119 2555 236 2594 non
275 2555 372 2595 vos
422 2540 705 2595 exauditos
748 2541 816 2595 ad
855 2549 1038 2596 votum
1087 2541 1359 2611 patienter
1407 2542 1711 2610 ferendum,

123 2631 442 2702 dolorisque
491 2632 705 2696 vulnus,
754 2633 897 2703 quod
959 2632 1357 2688 irremediabile
1408 2634 1712 2698 videbatur,

122 2720 589 2791 quemadmodum
637 2722 869 2792 mitigari
921 2732 1121 2791 posset.
1172 2723 1376 2777 Vestrae
1418 2722 1716 2791 prudentiae

124 2824 195 2866 ac
231 2810 403 2867 solita:
446 2812 770 2883 dignationis
805 2814 909 2869 erit
951 2828 1073 2883 qua;
1117 2815 1205 2883 pia
1253 2814 1553 2871 intentione
1606 2831 1714 2871 non

126 2899 388 2965 docendi,
434 2901 528 2956 sed
576 2902 1034 2956 commentos-andi
1085 2918 1247 2956 causa
1297 2903 1516 2971 ptot‘usa
1565 2912 1713 2967 sunt,

124 3003 284 3056 teque
311 2990 397 3058 pia
429 2998 609 3045 mente
637 2989 899 3055 lectitare,
928 3000 983 3045 et
1002 2992 1046 3045 si
1068 3007 1174 3061 qua
1208 2993 1260 3045 in
1288 2991 1373 3045 Itis
1401 2993 1520 3062 capi
1547 2994 1720 3063 possit

126 3079 363 3145 utilitas,
402 3095 499 3149 pro
521 3078 646 3148 jure
672 3082 925 3137 amicitia:
952 3091 1187 3137 vestram
1218 3084 1499 3153 deputare.

1750 1958 1755 1965 .
1816 1911 1906 1965 tiae
1962 1922 2156 1966 vestra:
2197 1909 2501 1965 sublimitas
2561 1924 2628 1964 eo
2671 1904 2842 1980 usque
2884 1924 2945 1965 se
2988 1909 3301 1965 submiserit
3341 1917 3404 1964 ut

1813 2002 2075 2057 ultronea:
2127 2002 2468 2057 salutationis
2524 2016 2723 2056 munus
2770 2001 2873 2056 hac
2920 1999 3041 2055 vice
3084 1999 3398 2065 meruerim,

1812 2091 2065 2162 quamvis
2093 2090 2394 2160 optaverim
2432 2089 2631 2144 vestris
2659 2088 2807 2143 reﬁci
2846 2088 3061 2153 litteris,
3101 2094 3398 2156 quantum-

1813 2197 1919 2253 que
1941 2180 2054 2249 jam
2087 2194 2250 2235 aestus
2279 2180 2356 2234 rei
2388 2188 2528 2234 noue
2554 2178 2883 2234 deferbuerit
2907 2180 3136 2243 discere,
3166 2189 3328 2249 atque
3353 2180 3400 2235 si

1752 2326 1757 2331 .
1811 2271 1967 2327 vobis
1997 2269 2125 2324 hinc
2148 2285 2177 2322 a
2207 2270 2475 2339 parvitate
2502 2282 2621 2323 mea
2651 2268 2945 2338 quidquam
2969 2269 3278 2339 persuaderi
3307 2283 3405 2337 po-

1814 2362 1998 2417 tuerit.
2030 2360 2141 2430 Ego
2173 2368 2342 2421 certe,
2375 2359 2826 2428 quemadmodum
2867 2357 3136 2428 pollicitus
3172 2372 3314 2421 sum,
3345 2370 3404 2414 et

1811 2468 1912 2523 pro
1940 2452 2082 2506 illius
2105 2450 2440 2506 charissima:
2474 2448 2805 2517 sempiterno
2842 2448 3120 2518 refrigerio
3147 2450 3400 2518 speciali-

1814 2551 1899 2596 ter
1930 2556 1996 2595 ac
2020 2539 2259 2610 quotidie
2291 2538 2575 2593 Dominum
2601 2537 2863 2607 supplico,
2890 2546 2946 2591 et
2970 2538 3113 2606 quod
3140 2538 3294 2593 vobis
3316 2538 3401 2593 vel

1814 2631 1868 2686 in
1908 2629 2161 2700 praesenti
2201 2628 2287 2683 vel
2333 2626 2510 2682 futura
2546 2626 2654 2681 vita
2696 2625 3034 2681 conducibile
3069 2624 3231 2680 credo
3266 2627 3402 2698 vigi-

1812 2718 1945 2777 lanti
2003 2717 2405 2787 perseverantia
2469 2716 2743 2786 postulare
2804 2731 2910 2769 non
2964 2716 3171 2770 desino.
3227 2713 3405 2770 Proli-

1758 2860 1763 2867 .
1814 2811 2024 2865 ciamne
2049 2809 2275 2879 aliquid,
2303 2824 2399 2863 vos
2425 2807 2649 2862 forsitan
2676 2807 2941 2862 sentiatis.
2973 2806 3401 2877 Haudquaquam
3438 2818 3439 2821 ‘

1816 2911 1995 2957 tamen
2020 2899 2375 2955 dubitaverim
2403 2900 2595 2954 haram
2627 2899 2859 2954 fructum
2886 2897 3204 2966 petitionum
3236 2898 3289 2953 in
3319 2898 3402 2954 di—

1815 2990 1939 3046 vina
1971 2990 2320 3046 miseratione
2346 3004 2629 3059 reponere,
2661 3005 2727 3045 ac
2752 2988 2879 3043 licet
2903 3004 3107 3052 serum,
3135 2996 3400 3057 quantum

1818 3086 1886 3140 ad
1913 3084 2026 3139 voti
2066 3090 2277 3152 spectat
2313 3080 2729 3148 impatientiam,
2767 3086 3037 3131 maturum
3069 3088 3249 3132 tamen
3275 3091 3403 3146 pro-

207 3171 315 3241 ]8
346 3170 607 3225 Libellum
638 3183 664 3212 ι
692 3173 759 3226 de
802 3173 1074 3227 adoranda
1122 3187 1302 3237 cruce,
1350 3188 1472 3228 meo
1510 3173 1714 3244 judicio
1742 3157 1787 3219 Ο
1819 3183 1938 3245 pter
1967 3173 2109 3227 illius
2127 3171 2350 3239 iustitiae
2375 3171 2584 3240 pondus
2607 3168 2727 3223 sine
2751 3166 2916 3221 dubio
2946 3165 3262 3235 prmstolari.
3294 3165 3404 3233 Ob—

126 3262 502 3329 ulilissimum,
544 3279 706 3334 quem
751 3279 872 3319 meo
913 3264 1117 3319 nomini
1160 3264 1475 3328 dedicastis,
1518 3273 1577 3318 ut
1613 3280 1715 3335 par

129 3351 239 3407 fuit
271 3352 552 3422 amplexus
589 3369 729 3408 sum.
762 3354 939 3423 Atque
980 3355 1186 3409 utinam
1215 3370 1420 3410 morem
1452 3356 1582 3410 mihi
1622 3372 1715 3427 ge-

129 3450 315 3496 rentes
342 3441 422 3496 sic
447 3441 625 3496 omnia
656 3457 989 3512 quiscunque
1024 3444 1091 3499 ab
1123 3444 1276 3499 initio
1303 3444 1583 3499 enodauda
1614 3462 1712 3500 vo-

129 3530 218 3587 bis
245 3530 387 3594 misi,
418 3531 500 3587 vel
533 3532 635 3588 boc
663 3548 810 3587 anno
846 3533 1061 3604 reliqui,
1090 3536 1302 3605 aperire
1326 3551 1431 3591 non
1458 3551 1714 3608 gravare-

130 3623 303 3678 mini!
343 3622 592 3679 Profecto
627 3639 734 3680 nor.
771 3625 901 3679 mibi
942 3625 1258 3697 soluungsed
1295 3627 1480 3682 multis
1503 3629 1717 3684 videtur

131 3714 226 3770 hic
260 3714 411 3769 labor
453 3714 732 3784 prodesse.
780 3715 985 3770 Tamen
1023 3725 1078 3770 et
1117 3731 1215 3785 pro
1261 3717 1363 3772 hoc
1393 3719 1534 3787 quod
1573 3734 1715 3772 nunc

132 3803 270 3859 mihi
298 3819 397 3859 nec
425 3805 667 3874 opinanti
694 3805 941 3869 misistis,
967 3816 1018 3860 et
1045 3808 1143 3875 pro
1168 3806 1289 3860 aliis
1319 3807 1515 3877 quibus
1557 3823 1588 3861 a
1616 3823 1713 3861 vo-

132 3895 223 3951 bis
256 3894 534 3950 institutus
564 3894 678 3965 jam
714 3905 874 3950 antea
912 3912 1055 3962 sum,
1100 3899 1368 3952 maximas
1407 3912 1573 3968 agens
1614 3899 1715 3954 ba-

133 3985 376 4055 bensque
413 3987 637 4056 gratias,
673 3989 799 4057 quid
831 3987 975 4043 Deus
1013 3999 1206 4044 vestrae
1243 3989 1718 4056 indulgentissime

133 4075 387 4148 dignetur
413 4078 679 4149 inspirare
702 4080 889 4150 pietati
919 4081 1182 4136 sollicitus
1210 4083 1587 4150 praestolabor.

211 4168 382 4225 Medio
426 4169 567 4224 Maio
608 4170 716 4224 vita
775 4171 972 4226 comite
1015 4171 1142 4227 hinc
1185 4173 1440 4227 recedere
1478 4173 1715 4231 decrevi.

138 4261 259 4330 Quo
286 4270 548 4332 tempore,
589 4262 697 4317 Deo
729 4264 962 4330 volente,
999 4264 1139 4319 sicut
1174 4265 1348 4328 vobis,
1381 4266 1424 4320 si
1455 4267 1710 4322 recorda-

134 4353 292 4420 mini,
313 4354 444 4420 dixi,
473 4355 542 4410 ad
563 4370 658 4410 vos
682 4365 941 4411 venturus
966 4372 1111 4421 sum,
1141 4364 1197 4412 et
1219 4357 1423 4426 aliquot
1452 4359 1595 4428 apud
1622 4374 1717 4413 vos

136 4446 256 4501 dies
293 4444 559 4512 facturus,
590 4455 649 4501 ut
679 4455 733 4501 et
779 4447 948 4504 libros
970 4458 1182 4504 vestros
1215 4448 1369 4504 vobis
1407 4449 1713 4515 restituam,

1817 3277 1973 3319 secro
1996 3272 2203 3325 autem,
2235 3259 2393 3330 legite
2424 3258 2547 3312 libri
2570 3257 2743 3312 sancti
2776 3256 3061 3325 Augustini
3084 3255 3152 3312 de
3173 3254 3406 3313 Civitate

1816 3357 1914 3414 Dei
1939 3371 2055 3423 ut,
2074 3354 2287 3410 titulum
2313 3352 2406 3416 27,
2432 3359 2490 3406 et
2517 3351 2694 3406 videte
2728 3350 2773 3405 si
2806 3364 2911 3405 non
2942 3350 3028 3404 liis
3054 3364 3175 3419 qua:
3207 3349 3406 3421 scripsi

1815 3448 1966 3517 paria
1990 3446 2056 3500 de
2084 3445 2273 3500 eadem
2299 3442 2607 3499 calamitate
2633 3441 2715 3495 vir
2741 3439 2832 3494 ille
2855 3439 3020 3495 divini
3053 3439 3251 3510 ingenii
3273 3453 3404 3494 sen-

1816 3537 1975 3601 serit;
2018 3551 2139 3606 qute
2174 3534 2333 3605 plane
2363 3546 2637 3602 nunquam
2672 3538 2801 3585 ante
2830 3529 3064 3599 iegeratn
3094 3544 3108 3581 :
3147 3528 3240 3583 sed
3277 3543 3403 3583 cum

1816 3638 2003 3699 postea
2030 3642 2095 3682 ea
2120 3626 2534 3696 percurrissem,
2557 3624 2846 3679 admodum
2875 3622 3103 3675 miratus
3129 3635 3250 3675 sum
3282 3634 3404 3674 mea

1819 3729 1929 3775 tam
1963 3719 2160 3774 similia
2197 3733 2357 3773 sensu
2401 3717 2589 3781 fuisse,
2626 3724 2686 3770 ut
2721 3715 2789 3769 ab
2820 3714 2864 3768 is
2900 3713 3135 3767 colorem
3173 3712 3408 3767 traxisse

1815 3811 2032 3881 penitus
2052 3810 2383 3864 viderentur.
2408 3809 2674 3863 Caeterum
2699 3803 3047 3875 profectionis
3070 3803 3124 3873 in
3146 3801 3403 3872 patriam,

1817 3915 1885 3955 ac
1923 3914 2021 3969 per
2063 3898 2168 3955 hoc
2210 3899 2277 3952 ad
2316 3911 2432 3961 vos,
2477 3905 2689 3970 tempus
2729 3893 3064 3963 aliquantum
3105 3890 3406 3962 producere

1818 3999 2039 4046 coactus
2081 4004 2222 4045 sum.
2256 3987 2500 4057 Namque
2545 3984 2837 4040 venerabili
2867 3983 2977 4053 20
3020 3983 3138 4038 viro
3175 3981 3404 4037 ltMarc-

1817 4081 2034 4145 vvardo,
2093 4094 2190 4150 per
2261 4092 2421 4147 quem
2483 4090 2600 4131 mea
2669 4073 2907 4130 reversio
2974 4072 3403 4129 administranda

1817 4181 1920 4239 est,
1947 4187 2073 4227 cum
2104 4171 2157 4226 in
2193 4169 2403 4229 Italiam
2436 4168 2644 4239 legatus
2673 4166 3003 4228 mitteretur,
3042 4179 3110 4219 ac
3136 4178 3225 4218 me
3252 4163 3406 4233 prius

1818 4265 1889 4319 ad
1931 4278 2089 4318 suum
2132 4259 2460 4330 colloquium
2510 4267 2570 4312 ut
2610 4256 3000 4312 amicissimum
3046 4253 3405 4318 evocavisset,

1819 4352 1953 4417 mihi
1987 4351 2333 4409 consuluerat
2362 4358 2420 4404 ut
2452 4349 2579 4404 hinc
2608 4349 2698 4402 die
2721 4363 2825 4417 qua
2855 4345 3287 4416 signiticavcram
3310 4358 3406 4397 vo-

1822 4446 1905 4501 bis
1932 4445 2191 4500 recedens
2223 4442 2565 4499 sanctitatem
2595 4448 2830 4494 vestram
2856 4447 3041 4507 petere
3071 4434 3402 4490 debuissem.

136 4545 200 4593 et
239 4536 430 4608 quibus
480 4537 759 4608 indignere
806 4539 1043 4605 discam,
1099 4539 1354 4611 fruarque
1401 4541 1713 4611 aliquandiu
1744 4523 1794 4581 D
1823 4538 2021 4593 Verum
2060 4535 2287 4591 illustris
2326 4533 2497 4588 abbas
2526 4532 2785 4589 [tabanus
2812 4526 3154 4598 postmodum
3192 4537 3406 4594 regres-

137 4638 321 4688 vestro
374 4631 695 4699 suavissimo
753 4630 1021 4703 alloquio,
1068 4640 1233 4704 atque
1276 4631 1540 4692 informer
1581 4633 1717 4690 mihi

216 4841 245 4872 ι
271 4829 348 4885 De
378 4828 654 4899 adoranda
692 4844 864 4884 cruce.
929 4828 1031 4884 Hic
1077 4828 1383 4899 Eginhardi‘
1423 4827 1564 4885 liber
1607 4843 1715 4883 non

140 4909 335 4958 exstat.
367 4898 561 4956 Utrum
587 4914 716 4954 vero
750 4900 797 4953 is
826 4900 1058 4969 scriptus
1090 4898 1161 4953 sit
1188 4900 1478 4953 occasione
1511 4899 1717 4954 Claudii

143 4970 490 5027 Taurineusis
520 4969 827 5023 damnantis
847 4970 1247 5024 venerationem
1286 4980 1486 5022 sanctae
1515 4970 1711 5031 crucis,

143 5049 204 5095 ut
224 5040 447 5094 Baronio
476 5040 706 5104 videtur,
728 5040 848 5094 aliis
868 5038 1261 5094 discutiendum
1292 5037 1553 5107 relinquo.
1573 5036 1715 5093 Solis

145 5110 284 5167 enim
315 5109 639 5178 coniecturis
677 5109 729 5162 iu
764 5125 830 5164 eo
864 5117 1179 5178 argumento
1213 5122 1373 5176 agere
1408 5123 1710 5178 possumus.

220 5180 247 5221 δ
277 5177 651 5234 Μιιτέιυανάιισ.
684 5178 811 5235 Ηίεο
841 5177 1106 5247 scriptura
1131 5186 1388 5232 constans
1413 5188 1497 5230 εει
1532 5177 1584 5247 in
1616 5192 1711 5232 ve-

151 5250 248 5304 teri
270 5249 472 5312 codice,
499 5264 620 5303 cum
644 5249 696 5302 in
712 5245 1203 5303 editioneMassoui
1220 5262 1433 5316 semper
1451 5246 1710 5315 scriptum

150 5319 572 5374 sitMarcwndus.
594 5318 980 5373 Marcvvardum
1006 5319 1168 5371 etiam
1193 5318 1293 5385 (sic
1313 5319 1455 5371 enim
1477 5316 1715 5371 scriben-

152 5392 272 5443 dum
299 5397 411 5451 est,
441 5402 541 5458 pro
578 5388 986 5458 Marcunardus)
1028 5397 1183 5442 vocat
1208 5387 1435 5456 chinn,
1461 5387 1715 5458 abbaset

152 5461 263 5519 ipse
279 5456 635 5513 Prumiensis:
657 5477 675 5509 ι
693 5457 852 5512 Anno
865 5458 1155 5512 Dnminicaa
1182 5457 1569 5512 Iucarnatiouis
1584 5456 1713 5519 829,

153 5498 480 5591 'l'ancradus,
504 5528 774 5584 secundus
817 5528 983 5583 abbas
1011 5527 1345 5583 Prumiensis
1375 5498 1713 5590 monasterii:

152 5600 307 5662 obiit;
339 5607 394 5652 et
426 5598 814 5655 Marcunardus
836 5600 884 5652 ei
925 5599 978 5652 in
1027 5598 1287 5668 regimine
1326 5596 1608 5668 successit,
1635 5596 1719 5650 vir

155 5670 403 5740 prudens,
416 5677 471 5723 et
491 5684 661 5740 saepe
682 5668 924 5740 religioni
944 5667 1175 5740 deditus.
1205 5686 1224 5719 ι
1252 5668 1382 5740 Item
1408 5667 1714 5740 Tltcganus,

158 5732 564 5812 'cborrpiscopus
591 5732 950 5808 Trevirénsis,
976 5739 1032 5795 in
1068 5752 1233 5811 opere
1251 5738 1318 5796 de
1338 5732 1518 5795 Gestis
1535 5732 1669 5794 Ludi

1818 4644 1915 4686 sus
1951 4643 1984 4683 a
2021 4627 2242 4700 palatio,
2290 4624 2433 4681 foret
2473 4639 2646 4680 necne
2693 4637 2791 4693 per
2833 4621 2889 4675 id
2938 4617 3195 4688 temporis
3238 4615 3406 4671 isthic

1819 4821 1928 4877 vici
1946 4820 2051 4883 Pii,
2077 4835 2198 4889 cap.
2227 4819 2299 4874 55
2323 4836 2337 4872 :
2366 4835 2388 4869 ι
2424 4816 2554 4889 Post
2578 4815 2682 4869 hoc
2704 4809 2855 4889 misit
2874 4809 3172 4889 imperator
3195 4805 3412 4889 legatos.

1822 4876 1950 4948 suos
1969 4876 2049 4946 ad.
2068 4876 2407 4952 Lotharium,
2436 4883 2826 4958 Marcwardum
2850 4876 3209 4958 venerabilem
3231 4876 3413 4958 abba-

1823 4945 1955 5026 tem,
1988 4945 2108 5016 cum
2140 4961 2351 5014 czeteris
2382 4945 2637 5026 fidelibus
2661 4954 2795 5008 suis.
2834 4969 2855 5003 ι
2911 4950 2978 5004 Ει
3003 4947 3200 5016 alioqui
3226 4945 3417 5026 Marc--

1820 5017 2041 5087 vvaritus
2064 5045 2264 5085 nomen
2281 5037 2365 5084 est
2386 5025 2794 5086 Germanicum,
2835 5030 2896 5075 ut
2922 5026 3071 5089 patet
3114 5032 3178 5089 ex
3211 5017 3403 5089 Anna-

1820 5086 1963 5156 libus
1996 5100 2350 5155 Fuldensibus
2400 5098 2467 5151 ad
2518 5090 2861 5168 annum‘8_§(_)
2900 5086 2957 5144 et
2998 5103 3071 5168 ei
3114 5086 3413 5168 Lamberto

1822 5168 2430 5239 Sebafnaburgeusigad
2471 5180 2673 5239 annum
2724 5162 2908 5239 itii}:
2949 5178 2973 5239 μ
3033 5158 3409 5239 Ιξρβλὶιιςιρὶι,

1821 5226 2064 5296 Natalem
2097 5226 2303 5293 Do‘t'niui
2330 5234 2647 5308 Babenberg
2693 5232 3005 5308 celebravit.
3148 5226 3412 5308 Bertoldo

1818 5312 1941 5366 duci
1966 5309 2378 5364 (larnoteusium
2403 5300 2654 5360 ducatum
2678 5303 2795 5358 sine
2816 5301 3051 5374 legitima
3069 5300 3413 5374 discussione:

1824 5381 2032 5437 absenti
2056 5373 2299 5441 abstulit,
2319 5388 2374 5431 et
2398 5375 2729 5430 Marcvtardo
2750 5369 2964 5428 cuidam
2986 5369 3287 5441 propinquo
3303 5382 3415 5441 suo
3458 5388 3463 5397 ν

1824 5451 2064 5506 tradidit.
2097 5469 2116 5500 ι
2160 5449 2228 5502 Et
2265 5437 2334 5503 ad
2361 5463 2560 5518 annum
2589 5443 2726 5518 U50
2770 5437 3002 5518 vivebat
3036 5437 3416 5518 itarevvardus

1824 5523 1994 5577 abbas
2034 5518 2340 5581 Fuldcnsis,
2384 5528 2443 5571 ut
2487 5517 2540 5571 iu
2579 5512 3004 5587 Antiquitatibus
3047 5507 3417 5587 Fuldensibus.
3456 5572 3461 5581 η

1824 5576 1980 5646 docet
2018 5576 2439 5657 Cltristopliurus
2487 5576 3179 5657 Broweru'sauhjarcvvardo
3219 5576 3414 5657 abbati.

1823 5642 2417 5736 ratittéiis’tggic'cessn
2450 5657 2587 5730 Eigil
2607 5642 2759 5713 anno
2783 5654 2911 5720 853,
2962 5661 3023 5707 ut
3064 5650 3310 5705 dicemus
3330 5642 3418 5700 an

1824 5729 2105 5804 epistolam
2126 5729 2227 5788 55.
2527 5729 2537 5730 ’
2870 5762 2880 5772 .
3302 5760 3305 5763 λ
