3902 6300
494 294 601 357 447

1512 291 1570 346 Β.
1614 290 1673 346 S.
1716 289 1873 346 LUPI
1909 285 2204 345 ABBA'IIS
2241 288 2750 345 FERRARIENSIS
3635 298 3710 354 ΗΒ

496 415 716 479 propter
760 406 1083 478 legationem
1130 406 1232 461 sibi
1275 405 1651 469 commissam,
1697 405 1767 459 ad
1813 404 2075 474 liquidum
2106 409 2152 467 Α
2181 405 2443 479 videntur
2470 406 2675 461 habere
2702 404 3039 475 productam,
3068 422 3265 478 magna
3295 409 3557 465 hesitatio
3573 416 3711 477 est,is

497 498 643 552 scire
670 512 776 551 non
816 496 1020 566 potuit;
1061 503 1223 564 atque
1250 494 1320 549 ob
1338 510 1459 550 eam
1485 508 1598 548 rem
1639 495 1886 548 hortatus
1908 503 1994 549 est
2018 504 2080 548 ut

499 590 734 647 reditum
773 603 951 643 meum
982 588 1050 643 ad
1076 586 1212 642 Non.
1243 585 1367 641 Jun.
1403 585 1698 651 differrem,
1729 585 1945 655 quando
1985 601 2077 640 so-

499 681 754 739 lemnitas
781 682 952 736 sancti
978 678 1243 735 Bouil‘acii
1281 694 1339 734 se
1376 679 1568 734 abesse
1599 678 1825 733 minime
1853 677 2079 744 sineret,

500 772 606 826 nisi
639 771 777 827 forte
799 770 899 841 ipsi
920 784 1131 840 quoque
1158 768 1456 840 imperialis
1474 767 1738 838 jussionis
1756 778 1813 822 et
1829 783 1894 823 ea
1916 783 2079 837 quam

499 864 821 937 gravissima
837 863 1210 933 praejudicaret
1229 863 1544 921 auctoritas.
1572 862 1758 932 Itaque
1780 876 1902 915 cum
1924 873 2081 915 suam

500 965 623 1025 post
671 955 1061 1027 regressionem
1115 952 1482 1008 Marcvrardus
1536 968 1602 1008 ex
1656 942 1743 1007 me
1796 951 2083 1021 quaesitum

500 1047 717 1118 quando
754 1046 1090 1116 potissimum
1121 1044 1320 1100 reverti
1355 1044 1549 1099 vellem
1580 1043 1837 1108 misisset,
1881 1057 2090 1096 memo-

501 1146 634 1193 ratae
659 1137 737 1192 rei
767 1151 933 1192 causa
961 1149 1131 1204 equos
1154 1135 1261 1190 huc
1286 1132 1632 1189 adducendos
1655 1140 1715 1186 ut
1742 1132 1915 1202 pridie
1943 1129 2081 1185 Non.

499 1225 624 1281 Jun.
667 1234 883 1282 curaret
920 1224 1080 1295 petii,
1122 1240 1230 1294 quo
1267 1222 1485 1279 Christo
1522 1221 1755 1292 propitio
1784 1233 1810 1262 ι
1838 1235 1958 1275 vni.
2002 1219 2125 1274 ω..

500 1317 742 1387 ejusdem
766 1316 969 1371 mensis
994 1315 1099 1370 iter
1135 1315 1204 1369 ad
1241 1328 1338 1369 vos
1380 1328 1593 1384 possem
1631 1312 1913 1383 arripere:
1941 1310 2087 1380 quod

408 1432 417 1439 -
502 1405 623 1472 ille,
672 1407 720 1462 si
765 1406 878 1460 vita
931 1419 1114 1460 comes
1156 1402 1352 1469 fuerit,
1403 1403 1770 1458 indubitanter
1823 1399 2091 1471 implebit.

502 1496 683 1565 Quare
723 1504 929 1565 certum
976 1495 1395 1565 diemquidem,
1441 1510 1550 1565 quo
1589 1494 1658 1549 ad
1696 1509 1794 1549 vos
1828 1500 2089 1547 venturus

502 1590 628 1654 sim,
657 1589 963 1659 exprimere
990 1603 1097 1643 non
1124 1588 1329 1653 audeo;
1359 1587 1452 1642 sed
1480 1588 1620 1641 intra
1646 1601 1766 1642 eam
1799 1585 2091 1640 hebdoma—

503 1686 630 1739 dam
656 1698 781 1754 qua:
807 1683 946 1740 Non.
976 1681 1102 1738 Jun.
1128 1682 1360 1752 eruperit
1394 1681 1615 1736 omnino
1654 1695 1744 1736 me
1778 1685 2085 1743 venturum,

2179 510 2285 565 qua
2308 509 2395 550 me
2426 478 2602 550 adhuc
2620 495 2872 551 laborare
2895 495 3185 567 profiteor;
3215 506 3533 552 utrumnam
3558 514 3712 559 natura

2180 587 2520 643 serviendum
2560 588 2653 652 sit,
2685 596 2745 642 ut
2771 588 3091 658 penultima,
3118 596 3180 642 ut
3201 598 3314 655 est,
3349 589 3510 660 longa
3534 606 3716 659 pronun-

2180 676 2375 742 tietur;
2399 693 2467 732 an
2498 685 2718 748 propter
2751 678 2878 732 illud
2905 680 3050 749 quod
3090 680 3344 734 Donatus
3371 681 3468 746 ait,
3498 680 3549 736 Si
3577 686 3715 751 penul-

2183 767 2312 821 tima
2338 767 2609 836 positione
2636 767 2791 839 longa
2828 767 3010 834 fuerit,
3044 769 3160 838 ipsa
3194 779 3457 835 acuetur,
3500 780 3554 823 ut
3589 770 3719 825 Cum

2182 854 2265 909 lus
2278 871 2297 920 ;
2348 856 2422 910 ita
2450 866 2630 911 tamen
2663 858 2709 913 si
2736 857 3004 926 positione
3048 858 3230 930 longa,
3279 874 3396 913 non
3431 874 3499 915 ex
3524 867 3647 915 muta
3679 873 3719 918 et

2183 948 2385 1015 liquida
2414 947 2599 1015 fuerit,
2630 965 2755 1005 nam
2791 950 3019 1005 mutabit
3055 960 3376 1016 accentum,
3405 960 3466 1004 ut
3507 951 3718 1021 pharetra,

2185 1041 2240 1096 in
2272 1049 2467 1096 natura
2498 1041 2657 1096 simul
2684 1050 2742 1098 et
2770 1042 2860 1097 tali
2891 1043 3158 1113 positione
3184 1044 3495 1114 productis,
3529 1058 3716 1100 commu-

2186 1135 2274 1189 nis
2295 1134 2506 1206 syllaba
2526 1145 2734 1189 natura:
2761 1134 3092 1204 prmjudicet,
3138 1144 3194 1192 et
3220 1145 3489 1191 accentus
3526 1137 3575 1190 in
3610 1146 3720 1193 aute-

2187 1225 2538 1295 penultimam
2569 1225 2949 1281 transferatur.
2982 1225 3224 1297 Namque
3254 1226 3400 1281 nihil
3441 1228 3494 1281 in
3536 1229 3718 1283 auctori-

2188 1317 2292 1373 bus
2318 1306 2547 1372 sblidum
2577 1318 2751 1373 adhuc
2790 1318 3030 1388 reperire
3066 1319 3215 1389 potui
3249 1318 3404 1372 unde
3447 1328 3560 1372 uter
3582 1333 3720 1373 eorum

2191 1423 2387 1464 sensus
2411 1409 2691 1464 autastrui
2716 1418 2809 1464 aut
2842 1410 3084 1465 abdicari
3127 1409 3265 1464 milii
3300 1423 3469 1479 posse
3509 1409 3718 1464 videatur.
3812 1416 3813 1453 l

2190 1499 2309 1555 Erit
2339 1501 2506 1572 igitur
2525 1507 2721 1555 vestra:
2748 1500 3060 1570 prudentiae
3075 1501 3218 1555 hanc
3263 1499 3720 1570 ambiguitatemdi-

2193 1597 2392 1650 rimere
2415 1603 2472 1651 et
2491 1602 2673 1649 utrum
2699 1609 2893 1650 eorum
2922 1594 3102 1663 aliquo
3125 1594 3467 1648 documento
3489 1590 3721 1647 fortissimo

2195 1688 2472 1742 roborare.
2516 1684 2804 1756 Siquidem
2828 1686 2894 1741 ad
2936 1684 3339 1748 dillicultatem,
3390 1684 3537 1754 quod
3568 1694 3718 1737 certam

504 1774 616 1829 Deo
661 1774 894 1839 volente,
940 1773 1223 1828 confirmo.
1271 1772 1448 1841 Atque
1490 1771 1695 1825 utinam
1738 1777 2089 1824 exoneratnm

2196 1775 2322 1830 hinc
2344 1774 2540 1829 millius
2570 1776 2781 1845 reperio
2808 1772 3496 1856 regulam,acceditetiam
3515 1773 3605 1826 hoc
3620 1773 3720 1841 quod

504 1866 650 1921 omni
677 1881 930 1921 curarum
957 1864 1205 1920 molestia
1236 1871 1475 1918 vestrum
1507 1862 1750 1932 reperire
1780 1868 1911 1914 tunc
1966 1873 2085 1913 me-

504 1973 632 2012 rear
655 1958 918 2023 animum,
952 1966 1011 2011 ut
1043 1972 1151 2012 non
1173 1964 1330 2012 vacet
1368 1955 1527 2010 modo
1552 1969 1652 2025 pro
1689 1953 1848 2008 solita
1893 1953 2085 2023 digna-

507 2048 995 2118 tiouequaecunque
1020 2045 1267 2101 amicalia
1282 2045 1604 2100 videbuntur
1631 2058 1841 2098 mecum
1861 2040 2087 2097 confer-

506 2153 601 2203 re,
651 2154 842 2195 verum
891 2138 1055 2193 etiam
1102 2137 1197 2191 ubi
1225 2136 1309 2191 vel
1359 2151 1538 2191 meum
1593 2134 1678 2189 vel
1727 2134 1950 2187 aliorum
1998 2147 2095 2189 me

506 2227 732 2293 deﬁcit,
781 2237 1022 2283 vestrum
1071 2227 1213 2283 adsit
1262 2226 1567 2281 consultum
1630 2225 1945 2295 ingenium;
1997 2223 2086 2278 cui

507 2329 769 2390 quantum
804 2334 1104 2392 assurgam,
1135 2328 1506 2389 quantumque
1533 2316 1795 2380 deferam,
1825 2324 2087 2385 quantum

507 2413 739 2481 denique
764 2427 838 2467 .eo
867 2426 953 2466 me
974 2410 1056 2467 vel
1086 2408 1328 2479 adjutum
1349 2410 1434 2465 vel
1461 2408 1827 2480 adjuvandum
1845 2406 2085 2471 credam,

506 2515 567 2559 ut
599 2504 922 2560 adulationis
969 2519 1207 2559 morsum
1255 2502 1531 2575 etfugiam,
1586 2502 1711 2557 nolo
1736 2500 1977 2583 amplius
2005 2500 2089 2555 di-

506 2612 661 2664 cere;
700 2597 843 2654 Deus
870 2598 1081 2663 viderit,
1114 2597 1270 2667 cujus
1293 2598 1525 2668 idipsum
1547 2597 1724 2669 gratia
1753 2595 2092 2666 procuravit.

505 2687 609 2758 21
634 2686 850 2743 Interim
876 2687 992 2743 huic
1005 2703 1125 2758 quae
1138 2685 1341 2756 suhjeci
1365 2694 1611 2757 paterna,
1639 2701 1742 2756 qua
1769 2699 1854 2739 me
1875 2697 2089 2753 semper

507 2780 725 2844 fovetis,
752 2781 955 2851 pietate
973 2779 1322 2835 considerare
1335 2778 1654 2847 dignamini,
1685 2786 1744 2831 ut
1768 2790 1831 2830 ea
1859 2775 2086 2846 praevisa

508 2872 641 2927 mihi
663 2870 875 2926 facilius
903 2870 1224 2940 expediatis.
1258 2870 1314 2925 In
1337 2869 1504 2939 priori
1542 2868 1679 2922 libro
1716 2866 2100 2921 Arithmetirte

506 2960 728 3016 Boetius
747 2969 941 3029 quarto
960 2958 1196 3028 capitulo
1216 2958 1295 3013 sic
1315 2958 1498 3027 ponit:
1528 2955 1681 3021 Quod
1702 2964 1877 3008 autem
1891 2953 2089 3007 dictum
2132 2966 2137 2969 ‘

508 3061 583 3105 est
610 3050 894 3104 secundant
936 3049 1163 3103 duarum
1188 3044 1451 3119 'gencrum
1489 3046 1785 3100 contrarias
1823 3044 2090 3113 passiones

508 3140 814 3210 hujusmodi
842 3148 939 3204 est,
969 3140 1038 3194 ab
1058 3153 1124 3193 eo
1147 3139 1266 3193 loco
1287 3152 1458 3208 usque
1496 3140 1562 3191 ad
1584 3138 1700 3192 haec
1744 3137 1933 3198 verba,
1968 3150 2088 3203 qua:
2116 3119 2158 3181 C

510 3232 698 3305 paucis
751 3230 1054 3301 interjectis
1096 3230 1479 3300 subjiciuntur,
1525 3230 1709 3299 Spatia
1753 3237 1828 3283 est
1857 3227 2090 3281 maxima

511 3320 823 3392 parvissima
842 3320 1157 3390 quantitate,
1172 3319 1351 3372 minus
1374 3319 1504 3373 mihi
1531 3334 1691 3387 quam
1705 3317 1866 3372 velim
1880 3317 1961 3372 cla
1970 3333 2098 3371 rum

509 3419 616 3464 est.
648 3409 706 3463 ιη
730 3410 922 3465 eodem
965 3408 1129 3476 libro,
1157 3409 1394 3480 capitulo
1422 3409 1512 3473 21,
1547 3418 1709 3481 negat
1739 3424 1861 3464 esse
1886 3409 2092 3479 difficile

512 3500 888 3571 diligentibus,
942 3510 1140 3571 praeter
1164 3516 1300 3571 quas
1344 3501 1460 3572 ipse
1508 3502 1843 3571 expresserit
1885 3510 2095 3571 partes,

512 3592 838 3662 multiplices
877 3594 1329 3663 superpartientis
1376 3595 1674 3649 secundum
1730 3603 2089 3649 monstratum

512 3697 544 3738 a
567 3697 626 3738 se
655 3684 878 3739 modum.
895 3691 1123 3738 caeteras
1161 3685 1410 3755 reperiri.
1438 3683 1591 3751 Quod
1616 3686 1661 3738 si
1689 3700 1789 3754 per
1814 3701 1910 3740 vos
1935 3686 2092 3755 plene

512 3777 656 3846 quod
685 3775 843 3845 paulo
886 3775 1146 3845 prtemisit
1189 3776 1437 3847 superius
1477 3777 1816 3842 intellexero,
1865 3778 1954 3832 ubi
1994 3779 2101 3843 ait,

521 3867 958 3937 Vocabunturque
995 3869 1050 3921 Iti
1092 3868 1377 3922 secundum
1400 3870 1640 3937 praprias
1683 3879 1855 3937 partes
1902 3868 2096 3938 duplex

513 3959 976 4028 superbipartiens,
1007 3967 1062 4012 et
1090 3959 1391 4028 sequentia,
1420 3960 1675 4013 nimirum
1700 3960 1828 4014 mihi
1857 3974 1961 4013 nou
1991 3961 2097 4015 erit

514 4048 748 4103 diﬂlcile.
773 4048 918 4103 Idem
941 4059 1130 4103 auctor
1140 4051 1373 4104 eximius
1395 4050 1632 4105 secundo
1651 4049 1892 4118 ejusdem
1914 4050 2096 4119 operis

516 4140 677 4201 libro.
711 4139 950 4208 itemque
984 4141 1220 4194 secundo
1238 4141 1436 4210 capite,
1466 4150 1514 4194 et
1545 4149 1600 4193 ut
1640 4141 1736 4204 ait,
1770 4140 1966 4210 inquit,
1996 4140 2099 4195 Ni-

512 4231 839 4284 cliomacltus
867 4231 1249 4295 inmusitatutn,
1285 4231 1421 4296 sive,
1451 4240 1511 4284 ut
1536 4230 1671 4286 alibi.
1688 4231 1885 4299 reperi,
1916 4246 2099 4284 cnmu-
2144 4256 2149 4261 -

509 4324 709 4378 sitaton
744 4323 1008 4377 tlieorema
1037 4321 1337 4391 proﬁciens,
1376 4330 1514 4387 cte.;
1560 4336 1683 4391 quas
1701 4322 1864 4375 verba
1909 4320 2097 4377 Graeca

510 4428 678 4482 quam
709 4411 944 4466 habeant
986 4410 1370 4480 proprietatem
1405 4412 1597 4466 nescio
1618 4411 1664 4467 si
1698 4420 1846 4467 recte
1874 4427 2098 4482 accepeo

2188 1866 2764 1934 in'mett'ofejusmodi,
2788 1876 2846 1921 ut
2883 1875 2987 1932 est,
3032 1878 3298 1932 aratrum,
3333 1881 3549 1936 semper
3573 1865 3718 1935 produ-

2188 1965 2335 2011 ctam
2383 1955 2600 2011 invenio
2646 1955 3031 2026 penultimam,
3063 1972 3186 2011 cum
3245 1957 3294 2011 si
3349 1957 3407 2010 in
3465 1956 3722 2010 naturaliter

2187 2062 2404 2119 quoque
2431 2047 2606 2118 longis
2628 2047 2932 2103 communis
2958 2047 3160 2117 syllaba
3187 2046 3394 2110 valeat,
3428 2044 3711 2100 manifestum
3812 2050 3813 2061 ³

2189 2144 2258 2198 sit
2284 2152 2465 2196 aratra
2494 2142 2850 2206 nominativo,
2874 2142 3203 2206 accusativo,
3233 2149 3293 2196 ei.
3317 2139 3562 2195 vocativo
3586 2137 3717 2207 plura-

2189 2232 2330 2287 libus
2355 2247 2453 2302 per
2479 2230 2753 2303 dactylum
2777 2232 2902 2300 poni
2925 2232 3182 2300 potuisse.
3219 2229 3374 2286 Suut'
3409 2237 3465 2284 et
3501 2228 3593 2282 alia
3614 2244 3717 2282 com-
3812 2252 3813 2255 η

2189 2323 2343 2393 plura
2372 2322 2775 2391 interroganda,
2804 2337 2923 2391 qua:
2965 2331 3148 2377 notata
3174 2329 3366 2387 teneo,
3390 2335 3598 2391 quaeque
3613 2334 3717 2373 com-

2191 2412 2444 2477 modius,
2509 2412 2556 2467 si
2615 2412 2756 2467 Deus
2804 2427 3007 2481 vosque
3062 2410 3476 2482 permiseritis,
3531 2422 3712 2479 presens

2191 2503 2511 2572 disquiram.
2579 2502 2647 2556 Et
2695 2500 2926 2556 obsecro
2970 2514 3068 2570 per
3113 2514 3285 2570 quam
3340 2498 3474 2553 mihi
3522 2498 3716 2566 pietatem

2190 2594 2428 2664 gnatuito
2461 2607 2677 2663 seraper
2695 2591 3022 2648 exhibuistis
3041 2600 3100 2645 ut
3125 2590 3317 2662 quoad
3337 2588 3545 2643 veniam
3565 2587 3622 2640 ad
3638 2600 3713 2645 vos,
3812 2620 3813 2653 ἦ

2192 2701 2313 2757 qua:
2364 2684 2672 2740 necessaria
2723 2683 2856 2737 mihi
2902 2683 3056 2739 scitis
3103 2696 3190 2737 me
3233 2681 3387 2735 unde
3434 2681 3615 2734 discam
3644 2675 3713 2728 nisi

2191 2793 2259 2832 ex
2324 2776 2478 2832 vobis
2552 2784 2762 2831 restare
2794 2814 2810 2841 ,
2888 2788 2958 2830 ex
3006 2773 3203 2828 abditis
3251 2780 3455 2827 vestra:
3505 2767 3715 2824 memoris
3812 2820 3813 2839 η

2192 2867 2501 2939 diligentius
2543 2877 2736 2921 eruere
2764 2879 2829 2920 ac
2870 2864 3005 2919 mihi
3024 2862 3148 2935 jure
3169 2862 3423 2919 caritatis
3448 2867 3501 2916 et
3526 2856 3714 2913 amicitia

2192 2958 2336 3012 ultro
2375 2957 2586 3027 aperire
2614 2954 2944 3024 dignemini;
2978 2961 3039 3007 ut
3077 2954 3285 3008 semina
3320 2952 3376 3006 in
3405 2964 3490 3004 me
3522 2946 3655 3003 vestri
3675 2944 3717 2996 li.

2192 3057 2380 3122 gentes
2417 3045 2855 3119 ingenii,frugem
2887 3045 3032 3103 illius
3079 3047 3147 3102 ad
3191 3045 3462 3116 plurimos
3507 3036 3714 3095 transuit.

2192 3142 2339 3196 tatis.

2258 3233 2364 3304 23
2397 3232 2667 3288 Praeterea
2712 3232 2947 3302 scriptor
2983 3208 3164 3300 regius
3204 3225 3537 3285 Bertcaudus
3575 3219 3711 3317 dicitur

2190 3325 2536 3393 antiquarum
2575 3321 2914 3388 litterarum,
2942 3320 3205 3375 duntaxat
3247 3331 3438 3374 earum
3466 3328 3573 3384 qua:
3595 3322 3713 3364 maxr

2191 3429 2293 3470 tua:
2326 3422 2469 3479 sunt,
2505 3421 2562 3469 et
2589 3413 2829 3468 unciales
2850 3428 2881 3467 a
2903 3412 3227 3483 quibusdam
3255 3408 3441 3465 vocari
3469 3404 3711 3478 existiman-
3812 3404 3813 3419 ‘

2192 3514 2303 3572 tur,
2332 3505 2535 3561 habere
2576 3519 2885 3560 mensuram
2928 3502 3277 3575 descriptam.
3327 3502 3509 3569 Itaque
3544 3496 3581 3551 si
3601 3502 3711 3563 penes

2190 3613 2287 3652 vos
2307 3604 2412 3662 est,
2435 3596 2630 3651 mittite
2651 3596 2779 3650 mihi
2806 3610 2926 3649 eam
2951 3610 3047 3665 per
3072 3595 3233 3656 hunc,
3262 3607 3473 3663 quasso,
3495 3587 3711 3657 pictorem.

2192 3704 2315 3744 cum
2358 3687 2595 3752 redierit,
2641 3686 2900 3742 schedula
2937 3695 3116 3740 tamen
3157 3679 3559 3754 diligentissime
3587 3668 3713 3741 sig"lo

2194 3777 2421 3833 munita.

2263 3866 2328 3921 Α.
2371 3865 2601 3922 Gellium
2631 3865 2939 3945 misissem',
2973 3865 3074 3920 nisi
3127 3878 3319 3919 rursus
3362 3862 3503 3916 illum
3530 3868 3552 3896 ⁸
3593 3850 3710 3945 alibis

2196 3960 2528 4019 retinuisset,
2577 3966 2800 4028 questus
2844 3939 3068 4011 necdum
3115 3955 3216 4009 sibi
3259 3970 3386 4010 eum
3433 3963 3541 4005 esse
3564 3939 3710 3998 descri-

2195 4062 2369 4122 ptum.
2403 4049 2746 4120 Scripturum
2780 4063 2837 4103 se
2862 4057 3041 4102 tamen
3088 4046 3242 4100 vobis
3270 4046 3407 4100 dixit
3427 4038 3552 4113 quod
3575 4028 3709 4105 prtia-

2199 4151 2310 4198 tum
2348 4141 2549 4196 librum
2592 4139 2643 4194 vi
2691 4137 3157 4194 mihiextorserit.
3201 4135 3402 4192 Verum
3451 4139 3501 4187 et
3541 4126 3655 4182 illum
3673 4125 3709 4170 el

2197 4246 2386 4286 omnes
2431 4238 2677 4295 cieteros,
2726 4227 2918 4298 quibus
2944 4238 3121 4281 vestra
3149 4224 3469 4281 liberalitate
3489 4218 3706 4279 inluni)“

2198 4336 2305 4384 me,
2339 4320 2383 4375 si
2417 4319 2559 4373 Deus
2580 4317 2711 4383 vult,
2750 4317 2901 4371 vobis
2938 4316 3050 4386 ipse
3080 4316 3352 4371 restituet.
3404 4326 3407 4327 '
3662 4383 3682 4394 ﬂ

2267 4410 2465 4465 Abdita
2498 4408 2551 4462 in
2583 4407 2699 4477 lege
2727 4416 2784 4460 et
2827 4384 3065 4461 maxime
3092 4403 3281 4459 Graeca
3330 4398 3551 4458 nomina,
3576 4384 3704 4477 etalii

512 4471 639 4557 riui.
691 4501 749 4556 ln
797 4471 1005 4557 eodem-
1040 4471 1197 4565 libro,
1223 4516 1343 4571 cap.
1374 4499 1466 4567 25,
1495 4501 1565 4556 ab
1593 4515 1658 4555 eo
1686 4501 1805 4556 loco
1835 4501 1926 4557 ubi
1954 4471 2095 4557 seri-
2123 4477 2175 4537 D
2199 4515 2266 4556 ex
2298 4498 2488 4555 Servio
2514 4471 2664 4553 item.
2689 4495 2898 4562 Graeca,
2933 4511 3053 4565 quae
3088 4495 3244 4549 initio
3270 4491 3422 4548 vobis
3448 4471 3706 4571 direxi,_53l'

511 4602 663 4664 ptttm
693 4601 778 4648 est
806 4610 820 4647 :
854 4591 1039 4648 Omnis
1081 4608 1283 4663 quoque
1307 4593 1470 4648 cubas
1504 4594 1594 4665 qui
1617 4610 1682 4649 ex
1704 4603 2120 4665 tatragonorum'

510 4687 785 4756 superﬁcie
821 4685 874 4739 in
898 4685 1303 4756 profunditatem
1342 4688 1573 4757 corporis
1604 4688 1783 4754 crevit,
1822 4702 1993 4757 usque
2027 4687 2096 4743 ad

512 4790 661 4839 eum,
695 4775 925 4845 Angulus
951 4791 1068 4830 vero
1092 4778 1246 4841 ’octo,
1289 4793 1512 4847 quorum
1537 4777 1759 4849 singulis
1785 4779 1883 4833 sub
1928 4778 2097 4832 tribus

512 4864 774 4932 ejusmodi
820 4865 1131 4930 continetur,
1171 4864 1352 4935 quales
1393 4868 1593 4937 priores
1648 4868 1795 4937 fuere
1838 4868 2103 4937 tetragani

517 4952 657 5004 unde
683 4952 843 5004 cubus
871 4952 977 5021 ipse
1000 4954 1288 5023 productus
1317 4966 1415 5023 est,
1435 4957 1671 5012 utverbo
1694 4957 1860 5026 ipsius
1885 4956 2099 5025 Iezjuar,

518 5047 746 5117 ﬁguram
770 5046 850 5100 rei
870 5047 1082 5103 subtilis
1109 5063 1216 5102 non
1242 5063 1526 5118 assequor,
1550 5055 1605 5101 et
1626 5055 1685 5101 ut
1725 5062 1822 5115 per
1851 5061 1945 5101 vos
1979 5046 2106 5114 ejus

517 5135 849 5192 intellectura
878 5136 1087 5205 capiam
1131 5139 1480 5193 vehementer
1518 5136 1752 5208 indigeo.
1780 5136 1837 5190 In
1867 5135 2098 5192 Victorii

516 5239 734 5297 quoque
757 5224 1020 5280 calculum
1054 5228 1254 5298 prmvia
1300 5227 1394 5283 Dei
1437 5227 1611 5298 gratia
1659 5233 1947 5297 vestraque
1995 5227 2095 5281 do-

516 5322 693 5378 ctrina
716 5320 921 5392 ingredi
946 5322 1122 5393 cupio.
1150 5321 1454 5389 Quinetiam
1480 5322 1534 5378 in
1576 5319 1883 5391 hujusmodi
1909 5321 2098 5377 dietiot-

515 5411 700 5476 nibus,
725 5420 786 5465 ut
805 5421 890 5467 est
915 5421 1154 5466 aratrum
1171 5450 1187 5475 ,
1217 5411 1443 5466 salubris
1462 5452 1479 5479 ,
1503 5420 1560 5467 et
1588 5411 1806 5476 similia,
1837 5412 1946 5482 22
1976 5426 2099 5482 quae

515 5515 623 5556 non
650 5503 810 5558 modo
839 5504 1128 5575 positione,
1154 5502 1250 5558 sed
1291 5503 1456 5557 etiam
1500 5513 1693 5559 natura
1740 5505 2094 5575 peuultimam

517 5685 691 5743 densi.

2150 4604 2154 4615 '
2196 4602 2304 4649 tem
2334 4606 2480 4647 nunc
2508 4591 2713 4644 utinam
2756 4603 2825 4643 ne
2862 4587 3160 4660 gravemini
3204 4585 3504 4657 explanare.
3551 4567 3705 4628 Valeas.

2198 4682 2502 4738 clarissime
2529 4688 2830 4750 praeceptor
2868 4688 2924 4733 et
2962 4679 3123 4733 Pater
3178 4676 3512 4737 dulcissime,
3539 4668 3705 4738 9W

2198 4774 2380 4844 risque
2403 4779 2661 4843 perpetuo
2690 4770 3031 4827 successibus
3055 4767 3280 4840 polleas.

2769 4899 3104 4958 EPISTOLA
3132 4899 3221 4954 Vl.

2744 5031 2813 5072 AD
2844 5028 3239 5071 κεοικθειιτυι.

2272 5137 2605 5196 Charissimo
2647 5146 2702 5193 et
2721 5133 3549 5207 desiderantissime»Reginberto
3573 5120 3697 5184 Lup“

2200 5240 2256 5286 et
2280 5230 2516 5299 Adalgus
2544 5238 2804 5285 aeternam
2833 5228 3085 5285 salutem.

2273 5297 2524 5377 Graviter
2567 5322 2619 5375 in
2668 5335 2754 5376 me
2804 5320 3012 5391 Lupum
3042 5320 3236 5374 littera:
3264 5317 3579 5373 tum-invecta
3595 5297 3694 5353 sutili

2200 5415 2343 5484 quod
2383 5413 2632 5468 videlicet
2670 5413 2816 5469 omni
2861 5411 3218 5485 germanitate
3270 5419 3427 5479 atque
3465 5406 3620 5485 nam“.
3653 5391 3695 5485 αξ

2197 5476 2368 5576 usque
2387 5514 2621 5560 mentem
2650 5476 2892 5560 emerim
2918 5511 2977 5558 ut
3004 5476 3369 5558 infelicitatem
3396 5504 3522 5552 tuam
3560 5476 3693 5537 saltem

585 5584 614 5663 ll
653 5615 850 5693 ﬁbbas.
912 5616 1057 5674 Idem
1082 5623 1188 5673 .est
1226 5615 1506 5685 Rabanus,
1547 5616 1728 5674 Abhas
1785 5616 2088 5674 Fuldensis.
2155 5618 2290 5677 Nam
2346 5629 2469 5693 tum
2524 5618 2707 5690 Lupus
2786 5616 3101 5673 morabatur
3155 5616 3208 5671 in
3278 5599 3565 5669 monasterio
3604 5580 3695 5642 Fu"
