3902 6300
444 285 548 341 ιεςι

1455 276 1616 335 B.‘S.
1657 277 1814 334 LUPl
1852 273 2143 330 ABBATIS
2179 273 2690 334 FERRARIENSIS

449 397 716 469 siquidem
749 394 1108 468 pneriliajam
1123 392 1365 466 deposui.
1385 392 1555 448 Tenet
1583 392 1822 445 animum
1845 403 2042 446 causa-
2073 393 2120 450 Α
2148 388 2312 443 etiam
2355 389 2409 443 in
2441 391 2658 459 passivo
2705 390 2989 462 praesentis
3022 393 3279 464 temporis
3307 393 3743 449 declinationem

462 506 580 544 rum
611 505 766 543 amor
787 489 1019 552 utilium,
1038 487 1103 541 ad
1117 503 1235 556 quae
1265 482 1714 554 deprehendemla
1741 480 2036 550 plurimum

452 597 540 637 nte
562 581 804 648 adjuvari
828 580 1028 650 optime
1053 580 1118 634 de
1160 577 1313 631 nobis
1357 575 1536 630 meriti
1567 573 1753 642 Adalgi
1790 570 2035 639 germani

453 671 627 726 nostri
652 669 914 724 confiteor
945 668 1213 727 instantia,
1249 666 1402 735 cujus
1433 663 1648 718 nomine
1682 662 1842 731 hujus
1870 661 2036 716 etiam

455 763 698 833 epistola:
720 760 1035 816 vestibulum
1070 758 1357 811 illustravi.
1532 821 1538 827 ι

987 848 1319 905 EPISTOLA
1398 847 1509 902 VII.

1083 958 1152 996 ΔΙ)
1184 955 1430 997 ευιωειι.

526 1035 837 1105 Ᾱίαιιυιηηθ
893 1034 1061 1088 fuisse
1110 1042 1288 1102 putas,
1333 1046 1456 1085 cum
1511 1037 1563 1082 te
1589 1040 1830 1081 mearum
1854 1035 2037 1078 rerum

459 1126 774 1180 fidissimum
801 1124 1048 1178 fecissem
1063 1121 1360 1182 custodem,
1380 1119 1424 1172 si
1441 1133 1526 1171 me
1541 1126 1750 1170 tuarutn
1766 1121 2042 1168 exsortem

454 1218 543 1270 diu
574 1230 792 1270 manere
848 1214 1098 1286 paterer?
1126 1213 1392 1267 CtBlel‘lllll
1434 1219 1634 1278 quanta
1672 1206 1860 1261 metui
1908 1218 2040 1258 cura

452 1305 746 1376 possideat,
795 1305 992 1358 nedum
1039 1312 1116 1367 tu,
1164 1317 1322 1356 nemo
1353 1297 1700 1361 dubitaverit,
1736 1297 1782 1350 si
1811 1295 2042 1364 sospita-

455 1409 563 1452 tem
587 1397 746 1450 nobis
774 1404 831 1450 et
858 1409 1019 1463 quam
1063 1394 1244 1447 animo
1282 1391 1534 1461 praecipio
1565 1389 1870 1444 facultatem
1902 1387 2043 1440 Deus

453 1487 749 1544 suffecerit.
782 1486 1026 1556 Namque
1051 1486 1194 1555 quod
1221 1485 1412 1554 scripsi
1441 1497 1545 1536 non
1573 1497 1637 1537 eo
1668 1490 1720 1535 te
1748 1480 1905 1535 modo
1933 1493 2041 1548 quo

454 1580 801 1649 disposueras
845 1578 985 1648 apud
1023 1593 1110 1632 me
1159 1593 1300 1631 nunc
1348 1590 1505 1644 posse
1552 1574 1789 1638 studere,
1826 1588 1949 1626 cum
1975 1571 2043 1626 ad

454 1683 543 1721 me
568 1667 800 1736 veneris,
836 1676 892 1722 et
919 1675 1104 1721 nostra
1129 1682 1250 1736 quae
1289 1664 1484 1719 litteris
1517 1661 1902 1733 comprehendi
1935 1677 2040 1716 non

2140 479 2272 534 dicit
2296 481 2490 535 docere
2511 481 2740 536 aliorum
2761 492 3066 553 temporum
3082 484 3146 538 de
3181 484 3502 539 linationem
3531 485 3745 553 absque

2140 569 2383 638 perfecto
2409 581 2464 624 et
2501 572 2584 626 his
2607 572 2698 642 qui
2726 588 2792 626 ex
2819 588 2885 627 eo
2909 584 3222 638 nascuntur,
3249 593 3367 641 qua:
3400 577 3486 642 ﬁt,
3541 575 3746 644 inquit,

2139 663 2426 716 secundum
2473 679 2898 735 unamquamque
2945 668 3206 720 extribus
3239 669 3745 738 coniugationibus.

2139 752 2282 823 Ergo
2333 754 2473 808 sicut
2528 770 2765 823 prtesens
2800 757 2975 811 tertias
3020 757 3420 830 coniugationis
3457 763 3750 830 passivum

2141 845 2211 899 ab
2252 846 2428 900 activo
2486 846 2569 912 fit,
2618 847 2932 918 interposita
2980 866 3027 912 r,
3071 851 3316 916 itamen,
3347 861 3410 905 ut
3452 855 3578 923 ipse
3617 855 3754 922 vigi-

2142 935 2317 989 lanter
2343 938 2644 1003 admonuit,
2673 939 2726 993 in
2775 956 2804 992 e
2845 948 3075 1002 mutata,
3117 943 3218 997 hoc
3245 952 3348 1006 est,
3381 945 3612 1013 legeris,
3647 961 3754 1000 non

2141 1022 2340 1093 legiris,
2362 1025 2552 1080 eodem
2595 1027 2777 1090 modo,
2803 1029 2931 1098 quia
2974 1029 3191 1094 docebo,
3221 1041 3408 1086 servat
3453 1034 3756 1087 deductio-

2142 1129 2264 1167 nem
2292 1115 2467 1170 tertiae
2486 1115 2881 1187 conjugationis
2907 1119 3199 1185 docebaris,
3231 1123 3250 1174 i
3297 1125 3467 1178 activi
3511 1140 3756 1179 convcr-

2145 1205 2208 1259 tit
2244 1205 2296 1260 in
2328 1222 2374 1259 e.
2407 1206 2569 1261 Multa
2593 1224 2659 1262 ex
2691 1209 2792 1263 hac
2811 1219 2868 1264 et
2887 1211 3069 1280 priore
3101 1214 3400 1282 quzestione
3441 1217 3551 1270 dici
3583 1233 3752 1286 posse

2143 1293 2401 1366 intelligo.
2452 1293 2559 1351 Sed
2606 1297 2915 1368 epistolaris
2959 1301 3198 1356 brevitas
3241 1318 3304 1357 ea
3365 1320 3461 1360 me
3513 1307 3759 1360 reticere

2143 1385 2435 1454 compellit.
2477 1385 2664 1442 Habeo
2686 1404 2817 1444 vero
2845 1390 2941 1445 tibi
2969 1390 3231 1460 plurimas
3251 1396 3463 1462 gratias
3514 1398 3676 1464 quod
3707 1399 3758 1450 in

2143 1475 2417 1532 Macrobio
2437 1479 2759 1548 corrigendo
2793 1480 3093 1536 fraternum
3140 1485 3440 1541 adhibuisti
3477 1487 3756 1544 laborem.

2145 1565 2464 1637 Quanquam
2491 1569 2707 1636 librum,
2732 1570 2885 1639 cujus
2913 1574 3045 1627 mihi
3075 1588 3141 1628 ex
3167 1576 3358 1630 eadem
3406 1577 3613 1632 folium
3674 1581 3755 1634 di-

2145 1657 2360 1721 rexisti,
2390 1669 2746 1729 praeoptarem
2785 1662 2988 1716 videre.
3036 1663 3132 1718 Est
3172 1677 3360 1720 revera
3407 1668 3760 1723 venerabilis

453 1767 682 1826 possunt
741 1758 1078 1828 cognoveris,
1151 1767 1240 1811 tua
1309 1755 1686 1826 comprobahit
1733 1753 2043 1823 prudentia.
2075 1739 2122 1800 Β
2150 1757 2204 1803 et
2234 1752 2596 1806 exactissima:
2652 1753 2962 1824 diligentiae.
2997 1755 3108 1811 Nec
3139 1759 3319 1812 minus
3365 1761 3468 1814 tibi
3505 1762 3759 1831 gratulor

460 1849 804 1917 Quanquam,
833 1851 875 1903 si
907 1849 1051 1902 nulla
1082 1849 1184 1902 mei
1215 1855 1390 1902 status
1418 1845 1740 1916 provenerit,
1769 1844 1941 1898 satius
1964 1852 2048 1898 est

455 1949 517 1994 ut
543 1941 785 2010 apprime
827 1941 903 1993 sis
930 1950 985 1994 et
1011 1941 1063 1994 in
1099 1939 1399 2010 V'irgiliana
1431 1938 1686 2001 lectione,
1741 1946 1819 1990 ub
1847 1935 2048 2004 optime

457 2041 634 2103 potes,
654 2031 1244 2102 proficiasAbundabis
1261 2031 1402 2084 enim
1417 2031 1551 2093 otio,
1568 2044 1794 2097 meaque
1811 2043 1976 2098 prona
1995 2027 2047 2080 in

456 2130 510 2174 te
531 2120 828 2190 diligentia,
851 2137 1012 2190 quam
1034 2120 1321 2189 temetipso
1341 2118 1510 2172 uteris
1533 2117 1792 2186 magistro
1811 2131 1914 2168 non
1937 2124 2048 2168 tam

455 2209 732 2264 fructuose
775 2226 938 2279 quam
985 2209 1255 2264 laboriose
1299 2208 1576 2277 proficias.
1626 2208 1736 2262 Deo
1776 2206 1918 2258 enim
1945 2203 2051 2258 lar-

457 2305 635 2374 giente
678 2312 735 2358 et
784 2319 1001 2374 possunt
1051 2311 1103 2356 et
1146 2303 1256 2372 26
1305 2302 1494 2355 adesse
1522 2300 1618 2353 tibi
1662 2297 2050 2352 incredibiliter

456 2395 633 2463 cupio.
682 2393 809 2448 Feci
839 2403 1018 2447 autem
1045 2393 1255 2446 litteras
1273 2391 1677 2462 adAuduinum
1696 2399 1750 2443 et
1778 2389 2047 2444 Ebrorum

456 2487 522 2540 de
553 2497 639 2540 tua
674 2487 1003 2548 reversione,
1039 2501 1199 2554 qttam
1237 2484 1564 2537 visitationis
1591 2482 1909 2536 adutnbravi
1951 2495 2048 2533 νο-
2089 2492 2107 2523 ί

456 2576 666 2630 cabulo.
695 2574 889 2629 Verum
913 2575 1230 2628 deliberatio
1266 2583 1470 2637 nostra,
1504 2582 1787 2642 postquam
1813 2570 2047 2634 veneris,

458 2668 782 2721 tuanenduzn
846 2665 1247 2721 redeundumne
1297 2666 1389 2719 tibi
1434 2667 1526 2729 sit,
1586 2664 1740 2718 facile
1787 2661 2042 2717 inveniet.

456 2759 806 2813 Prtesentiam
859 2767 1037 2813 tamen
1083 2769 1228 2813 tuam
1271 2756 1527 2812 Kalendis
1553 2756 1679 2812 Julii
1712 2756 1914 2826 absque
1942 2754 2050 2808 ulla

460 2851 846 2902 retractatione
879 2849 1007 2901 mihi
1055 2849 1269 2911 exhibe,
1299 2863 1463 2916 quam
1511 2845 1711 2900 differri
1756 2845 2050 2898 maximum

453 2952 563 2992 non
596 2939 724 2992 sinit
751 2941 892 3007 quod
922 2939 1193 3006 impendet
1221 2938 1510 3007 negotium.
1531 2936 1672 2991 Bene
1692 2935 1832 2989 vale.

982 3037 1318 3092 EPISTOLA
1377 3035 1512 3090 Vill.

1018 3144 1087 3182 AD
1114 3141 1486 3182 ADALGARDUI.

533 3215 895 3285 Singulariter
917 3216 1184 3288 uniceque
1211 3217 1406 3271 dilecto
1440 3215 1747 3288 Adalgardo
1783 3214 1967 3286 Lupus
1993 3214 2049 3270 in

463 3308 697 3365 Domino
723 3309 972 3363 salutem.

529 3401 832 3458 Obsecutus
857 3399 1118 3454 voluntati
1149 3408 1272 3464 tute,
1293 3413 1602 3469 quanquam
1628 3407 1873 3468 gravate,
1907 3396 2052 3451 litte-

459 3509 550 3548 ras
581 3495 678 3547 bas
707 3492 820 3562 ipse
845 3490 1105 3555 formavi;
1138 3507 1258 3560 qua:
1280 3491 1325 3545 si
1347 3490 1622 3545 breviores
1645 3504 1806 3558 quam
1849 3487 2049 3543 voluis-

455 3598 566 3650 ses,
605 3592 664 3637 ut
701 3590 878 3648 erunt,
913 3579 1142 3644 fuerint,
1180 3580 1273 3635 tibi
1315 3580 1536 3634 debebis
1583 3579 1885 3649 imputare;
1923 3576 2050 3648 quia

468 3690 557 3730 me
602 3671 1053 3729 inextricabiliter
1102 3671 1417 3741 implicitum
1472 3671 1578 3724 duo
1647 3685 1756 3723 uno
1810 3678 2051 3738 tempore

454 3768 755 3840 eodemque
797 3763 1180 3834 angustissimo
1221 3777 1445 3816 munera
1493 3761 1792 3815 extorsisti.
1844 3759 1950 3815 Sed
1983 3774 2050 3813 ne

457 3863 548 3916 diu
574 3873 626 3917 te
657 3877 856 3925 morer,
884 3862 937 3914 in
973 3859 1167 3913 talibus
1197 3857 1601 3927 intelligendum
1631 3871 1752 3910 reor
1773 3853 1912 3925 quod
1932 3853 2050 3906 Pri-

457 3954 676 4009 scianus
730 3955 828 4019 ait,
884 3954 936 4007 in
992 3953 1112 4007 aliis
1158 3966 1287 4006 vero
1336 3950 1631 4014 rarissime,
1664 3963 1769 4002 non
1805 3945 2049 4000 absolute

459 4045 792 4115 quibuslibet
817 4045 1022 4108 verbis,
1049 4044 1142 4098 sed
1171 4043 1311 4097 unde
1345 4041 1416 4096 illi
1451 4055 1630 4096 sermo
1660 4047 1800 4103 erat,
1824 4051 2048 4090 anoma-

465 4136 556 4191 lis.
589 4134 831 4205 Namque
861 4135 1003 4204 quod
1033 4134 1134 4188 alia
1166 4133 1514 4204 penultimam
1543 4131 1729 4200 prima:
1754 4128 1836 4182 vel
1859 4143 2050 4182 secun-

460 4229 544 4283 dae
566 4243 809 4298 personae
838 4227 1139 4295 producant
1164 4226 1385 4280 Servius
1415 4232 1605 4277 auctor
1630 4230 1733 4286 est,
1765 4221 1856 4290 qui
1885 4221 1937 4273 in
1983 4235 2049 4273 eo

461 4333 623 4373 versu
647 4317 736 4372 ubi
765 4314 1014 4384 Virgilius
1037 4315 1257 4369 sistolen
1288 4315 1417 4368 fecit
1451 4314 1535 4368 his
1563 4312 1780 4366 verbis:

553 4431 819 4497 Egerimus
841 4431 966 4481 nosti
990 4435 1045 4481 et
1063 4431 1265 4478 nimium
1288 4427 1570 4478 meminisse
1595 4439 1804 4476 necesse
1829 4431 1930 4484 est,

1390 4510 1527 4560 Viae.
1554 4509 1748 4559 ﬁnem.
1776 4509 1861 4558 lib.
1891 4525 1952 4558 vl.

530 4600 595 4666 Β,
638 4600 833 4671 inquit,
897 4596 1057 4653 metri
1104 4595 1424 4652 necessitate
1464 4593 1749 4662 corripuit.
1777 4592 1911 4647 Item
1947 4590 2046 4646 Ju-

459 4708 663 4748 νθιιειιε
681 4710 695 4746 2

584 4781 658 4830 Ne
677 4790 892 4833 sanctum
915 4781 1114 4832 canibus
1134 4777 1394 4840 dederitis,
1424 4791 1552 4828 neve
1576 4776 1764 4838 velitis,

460 4861 591 4917 licet
623 4864 840 4931 quidam
889 4863 1221 4933 praeteritum
1271 4860 1570 4930 perfectum
1624 4856 1950 4927 subjunctivi
1987 4865 2045 4911 et

461 4953 702 5006 futurum
743 4951 959 5006 differre
982 4951 1241 5006 scribant.
1286 4949 1581 5003 Rarissime
1615 4957 1798 5002 autem
1843 4947 1896 5000 id
1926 4946 2042 5001 fieri

463 5048 517 5102 in
551 5046 672 5100 aliis
692 5046 974 5109 anomalis,
998 5043 1575 5116 proptervoluerimus,
1594 5043 1731 5107 ritis,
1756 5042 2039 5106 ederimus,

459 5143 569 5212 27
603 5143 736 5206 ritis,
758 5151 813 5196 et
841 5142 887 5197 si
914 5159 1019 5212 qua
1045 5156 1170 5199 sunt
1197 5154 1394 5198 caetera
1436 5141 1763 5212 hujusmodi,
1813 5154 1873 5198 ut
1922 5157 2039 5200 mea

462 5235 568 5288 fert
593 5233 794 5302 Opinio,
816 5233 1102 5302 expressit,
1124 5249 1355 5303 quorum
1371 5234 1702 5303 penultimas
1724 5234 2044 5288 incunctan-

463 5331 546 5378 ter
579 5323 946 5393 producimus.
977 5323 1250 5379 Doceberis
1282 5340 1378 5395 per
1407 5342 1434 5379 e
1476 5325 1828 5395 penultimam
1861 5325 2042 5380 dicen-

460 5413 587 5468 dum
618 5413 731 5483 ipsc
755 5412 1066 5468 Priscianus
1091 5415 1306 5481 astruit,
1337 5415 1428 5485 qui
1452 5416 1596 5470 sicut
1640 5415 1694 5470 in
1729 5415 1930 5480 activo,
1963 5415 2046 5471 sic

532 5555 560 5585 ι
597 5544 678 5598 Ad
709 5543 857 5599 Leot.
881 5545 957 5600 lta
980 5562 1200 5610 prorsus
1245 5547 1414 5600 codex
1447 5561 1573 5611 ms.,
1622 5561 1721 5616 pro
1750 5561 1859 5616 quo
1898 5545 2044 5601 Mas-

461 5629 626 5672 sonus
677 5616 864 5677 edidit,
919 5618 988 5669 ad
1040 5617 1384 5671 Leotericum.
1445 5616 1551 5670 Sed
1627 5617 1876 5671 fortassis
1929 5619 2045 5672 haec

457 5701 672 5759 quoque
693 5687 918 5757 epistola
944 5689 1144 5756 scripta
1179 5689 1279 5741 fuit
1305 5688 1372 5742 ad
1395 5685 1732 5752 Leotaldum,
1764 5689 1849 5740 cui
1887 5688 2044 5757 quin-

2153 1856 2249 1910 pro
2279 1855 2587 1897 commento
2607 1843 2797 1899 Boetii.
2827 1845 3019 1901 Nescio
3043 1858 3223 1902 tamen
3253 1850 3434 1905 adhuc
3471 1867 3548 1905 an
3583 1862 3758 1907 totum

2151 1928 2204 1984 id
2227 1932 2588 1996 contineatur,
2621 1943 2716 1988 aut
2758 1935 2801 1988 si
2831 1943 2979 1989 tuum
3024 1937 3114 2000 sit,
3159 1947 3254 1992 aut
3284 1939 3331 1992 si
3367 1954 3505 1994 cum
3543 1939 3664 1995 alio
3709 1941 3758 1995 id

2137 2024 2464 2096 contuleris.
2499 2026 2635 2081 Hinc
2663 2036 2843 2082 autem
2877 2038 2927 2084 te
2957 2030 3281 2101 castigatum
3320 2032 3378 2086 in
3416 2044 3757 2104 perpetuum

2151 2115 2333 2179 velim,
2369 2126 2426 2170 ut
2460 2117 2591 2171 nihil
2621 2119 2753 2172 mihi
2793 2135 3030 2189 unquam
3073 2131 3168 2175 aut
3195 2122 3407 2177 scribas
3446 2134 3558 2178 aut
3611 2126 3759 2180 dicas

2152 2205 2487 2276 ambiguum,
2546 2207 2690 2278 quod
2739 2219 2918 2263 tamen
2961 2210 3074 2280 ipse
3125 2222 3478 2283 compertum
3527 2215 3758 2278 habeas,

2151 2307 2207 2349 et
2242 2297 2292 2350 in
2327 2313 2530 2352 morem
2559 2300 2902 2355 oraculorum
2931 2300 3197 2371 Apollinis
3226 2305 3582 2360 sententiam
3614 2315 3757 2362 tuam

2155 2389 2681 2462 aliqua'obliquitate
2703 2392 3021 2448 confundas.
3047 2394 3324 2464 Siquidem
3349 2413 3548 2468 neque
3578 2407 3757 2454 utrum

2153 2480 2290 2535 liber
2339 2481 2766 2538 Tusculanarum
2824 2487 2980 2541 nobis
3050 2495 3195 2541 esset
3240 2490 3512 2557 scriptus,
3587 2507 3760 2560 nerine

2153 2571 2280 2640 quid
2317 2571 2453 2641 Agin
2484 2584 2685 2643 ageret,
2719 2592 2893 2645 neque
2919 2593 3055 2646 quos
3103 2577 3271 2635 libros
3310 2581 3640 2648 inveneris,
3668 2599 3759 2638 ue-

2152 2676 2276 2730 que,
2305 2664 2449 2730 quod
2493 2680 2578 2718 me
2625 2667 2758 2720 satis
2811 2667 3088 2734 sollicitat,
3134 2678 3315 2725 utrum
3371 2672 3482 2727 hoc
3535 2688 3760 2730 secessu

2151 2757 2575 2814 emolumentum
2636 2761 2712 2815 sis
2770 2761 2987 2831 aliquod
3045 2773 3341 2828 assecutus,
3395 2767 3758 2836 expressisti.

2151 2845 2416 2901 Caaterum
2471 2849 2748 2904 exercitus
2789 2859 2844 2904 et
2892 2850 2981 2905 alii
3037 2867 3188 2907 more
3237 2861 3329 2907 tuo
3359 2865 3604 2925 _agunt;
3653 2857 3760 2928 28

2153 2951 2253 2991 nec
2287 2936 2372 2991 his
2422 2939 2546 2992 novi
2595 2939 2798 3008 aliquid
2825 2942 3042 3005 accidit,
3094 2943 3198 2997 nisi
3239 2945 3383 3013 quod
3433 2947 3759 3003 interventu

2152 3026 2370 3082 Bosonii
2419 3037 2475 3082 et
2536 3029 2748 3085 Frosm.
2794 3040 2851 3086 et
2893 3031 3091 3087 librum
3155 3035 3353 3103 recepi,
3415 3047 3473 3091 et
3543 3038 3605 3091 iu
3679 3053 3760 3092 so-

2075 3090 2122 3154 C
2152 3122 2404 3178 cietatem
2439 3123 2809 3179 obnitentibus
2834 3127 3086 3181 omnibus
3117 3142 3235 3182 sum
3275 3090 3589 3184 admissus.
3618 3129 3760 3186 Bene

2148 3212 2288 3268 vale.

2697 3305 3034 3362 EPISTOLA
3071 3307 3163 3363 IX.

2807 3415 2875 3453 AD
2904 3415 3064 3455 LEOT.

2219 3487 2401 3558 Lupus
2429 3487 2600 3543 abbas
2631 3488 2825 3544 dilecto
2855 3505 2955 3544 suo
2982 3503 3008 3530 ι
3043 3490 3196 3546 Leot.
3229 3489 3483 3548 salutem.

2222 3580 2497 3636 Molimina
2522 3581 2756 3636 hostium
2787 3591 3122 3648 nostrorum,
3145 3599 3265 3653 qua:
3296 3584 3502 3640 litteris
3535 3591 3754 3643 nostris

2151 3686 2221 3726 ex
2249 3671 2460 3742 integro
2487 3687 2817 3743 cngnoscere
2837 3673 3161 3743 concupisti,
3193 3683 3300 3728 tam
3328 3691 3595 3745 numero,
3647 3688 3754 3732 ta

2151 3761 2342 3816 callida
2396 3773 2614 3832 tamque
2674 3764 2936 3817 tumentia
2986 3765 3312 3819 exstiterunt
3365 3773 3423 3820 ut
3483 3767 3530 3821 si
3591 3768 3755 3838 pleno

2150 3861 2569 3921 exponerentur,
2593 3852 2716 3908 libri
2747 3852 3174 3924 magnitudinem
3198 3854 3566 3911 vindicarent.
3600 3857 3754 3914 Unde

2151 3940 2353 3996 factum
2383 3950 2467 3996 est
2495 3953 2551 3996 ut
2578 3943 2678 3998 hac
2708 3943 2825 3998 vice
2856 3943 3110 4013 scriptori
3145 3959 3462 4013 parcerem;
3519 3946 3627 4002 tibi
3659 3963 3755 4002 au-

2152 4041 2258 4086 tem
2285 4040 2340 4085 et
2383 4032 2685 4101 quibusque
2736 4031 3001 4086 benivolis
3047 4033 3291 4088 beneficii
3343 4035 3515 4089 divini
3544 4039 3752 4092 seriem

2151 4139 2257 4176 non
2291 4124 2505 4193 quidem
2555 4125 2900 4195 denegarem,
2933 4125 3026 4179 sed
3069 4125 3122 4179 in
3171 4125 3315 4179 aliud
3349 4136 3564 4197 tempus
3597 4145 3753 4185 com-

2151 4217 2382 4280 modius,
2411 4227 2467 4269 ut
2492 4218 2678 4280 credo,
2711 4216 3003 4272 differrem.
3037 4218 3254 4272 Exitum
3291 4227 3478 4273 tamen
3526 4238 3640 4274 nun
3678 4233 3753 4274 ta~

2150 4309 2258 4373 cui,
2293 4318 2512 4378 prepter
2540 4323 2697 4378 quem
2725 4319 2780 4362 et
2809 4309 2941 4363 mihi
2972 4318 3028 4364 et
3051 4311 3307 4365 omnibus
3337 4313 3448 4365 mei
3483 4315 3751 4368 studiosis

2152 4401 2397 4468 ingentes
2428 4400 2538 4454 Deo
2569 4409 2696 4455 sunt
2719 4401 2910 4472 gratiae
2953 4411 3007 4456 et
3035 4403 3296 4457 habenda:
3331 4413 3389 4457 et
3420 4404 3744 4460 referenti-.r.

2431 4452 2440 4454 ν
2485 4452 2529 4454 ἡ-
2720 4452 2906 4472 um---
2958 4452 3006 4456 __
3035 4452 3292 4457 --ῃ----η
3336 4452 3388 4457 η

2074 4452 2127 4512 D
2152 4489 2481 4553 Guichardo,
2520 4490 2564 4545 si
2599 4491 2988 4561 cognoscendze
3015 4492 3264 4547 veritatis
3291 4494 3574 4553 desiderio
3613 4512 3746 4564 opus

2153 4592 2394 4638 nostrum
2423 4584 2648 4652 expetit,
2671 4584 2908 4638 arbitror
2929 4599 3033 4638 non
3065 4586 3391 4654 negandum.
3421 4585 3740 4642 Cavendum

2153 4682 2329 4726 tamen
2362 4673 2656 4740 prudenter
2689 4689 2756 4727 ne
2780 4674 2906 4727 dum
2937 4675 3222 4742 praetendit
3257 4675 3506 4731 discendi
3525 4680 3738 4734 deside—

2153 4767 2312 4830 rium,
2339 4767 2566 4822 nocendi
2599 4767 2805 4821 aditum
2842 4766 3066 4822 subdola
3089 4777 3271 4822 mente
3295 4768 3552 4824 rimetur.
3601 4769 3745 4828 Bene

2149 4855 2286 4909 vale.

2642 4945 2754 5016 29
2791 4945 3122 5002 EPISTOLA
3166 4945 3234 5000 x.

2685 5054 2754 5092 an
2794 5053 3194 5111 uancwmncu.

2214 5148 2540 5204 Litterarum
2561 5157 2871 5203 vestrarum
2920 5163 3025 5202 nou
3071 5147 3233 5201 aliam
3277 5162 3444 5217 quam
3475 5147 3583 5204 fuit
3621 5164 3735 5206 esse

2145 5240 2369 5295 decebat
2395 5237 2742 5300 sententiam,
2769 5252 2891 5291 cum
2931 5237 3060 5291 olim
3092 5245 3273 5290 tantus
3312 5251 3413 5290 nos
3452 5237 3733 5292 charitatis

2151 5330 2332 5386 fervor
2354 5329 2598 5385 atfecerit
2624 5339 2682 5382 ut
2708 5327 2824 5397 ejus
2850 5328 3201 5399 refrigerandi
3226 5342 3293 5384 ne
3319 5343 3492 5399 parva
3520 5330 3735 5401 quidem

2153 5435 2435 5477 remanere
2459 5428 2638 5490 posset
2661 5419 2917 5490 suspicio.
2941 5418 3050 5475 Res
3062 5434 3228 5489 quam
3250 5428 3466 5474 secreto
3481 5417 3733 5490 parvitati

2153 5564 2206 5612 ta
2230 5555 2435 5610 decima
2486 5555 2741 5624 inscripta
2782 5553 2901 5609 fuit.
2951 5554 3006 5611 Id
3029 5568 3204 5625 neque
3237 5550 3513 5611 afﬁrmare
3565 5563 3730 5623 neque

2155 5626 2418 5696 repellere
2444 5627 2496 5680 in
2527 5627 2709 5681 animo
2734 5635 2836 5679 est.
