3902 6300
112 311 220 371 ΑΞΒ

1538 301 1928 365 EPlSTOLE.

3270 318 3379 375 ιιςι

114 442 246 485 mea
262 424 623 499 signiﬁcastis,
646 436 812 497 quam
845 433 998 495 grata
1047 423 1137 490 sit,
1179 424 1351 497 tequis
1390 425 1585 494 oculis,
1625 437 1685 483 ut
1710 433 1759 493 Α
1786 435 1961 491 sanctl
2029 433 2250 505 Judocl,
2327 451 2491 508 quam
2540 436 2765 510 Magnus
2816 426 3044 494 Karolus
3099 438 3372 507 quondam

111 526 259 588 puto,
281 519 419 572 Deus
440 517 654 587 aspicit.
689 527 746 570 et
772 517 926 572 vobis
952 516 1021 571 ab
1062 532 1128 573 eo
1163 517 1256 587 qui
1307 516 1528 587 pertulit
1555 519 1683 574 fide;

110 607 241 663 liter
278 615 591 675 exponetur.
646 602 865 659 Gratias
920 604 1229 660 liberalitati
1274 616 1473 662 Vestrae
1522 621 1689 677 super

111 697 418 753 muneribus
468 695 601 750 mihi
630 702 687 750 et
718 694 976 750 fratribus
1014 695 1195 751 missis
1240 694 1533 751 artiﬁciose
1578 711 1685 751 non

109 804 244 861 egeo
262 788 462 844 referre
482 803 604 842 eum
628 802 727 858 pro
739 794 1015 856 comperto
1039 786 1267 843 teneatis
1291 788 1434 857 quod
1451 788 1590 843 sicut
1605 803 1689 844 ve-

108 890 278 936 stram
290 877 714 936 benevolentiam
730 877 784 932 in
800 893 904 933 nos
916 877 1123 949 singula
1132 879 1266 933 riter
1277 878 1485 947 experti
1501 894 1688 934 sumus

114 970 191 1025 ita
226 968 486 1040 privatam
515 966 804 1037 quamdam
834 964 954 1035 ejus
977 966 1292 1037 dignitatem
1334 967 1518 1021 animo
1561 981 1687 1036 spe-

109 1062 367 1117 culemur.
404 1058 672 1115 Caeterum
699 1066 758 1113 ut
776 1074 842 1114 ea
866 1072 993 1128 quae
1014 1058 1301 1113 monuistis
1331 1058 1386 1113 in
1416 1073 1505 1113 me
1546 1059 1688 1112 Deus

108 1162 375 1215 operetur,
414 1160 655 1207 vestrum
684 1151 790 1206 erit
840 1151 1071 1207 assiduis
1122 1150 1460 1207 orationibus
1509 1151 1686 1222 impe-

110 1249 275 1305 trare,
295 1242 503 1297 scilicet
524 1239 692 1308 utqui
724 1240 895 1295 nostri
922 1240 1076 1294 vobis
1098 1238 1296 1294 infudit
1319 1255 1534 1302 curam,
1559 1255 1688 1309 pro-

108 1330 283 1386 fectus
300 1329 561 1385 concedat
582 1328 772 1384 audire
794 1328 1057 1383 laetitiam.
1082 1328 1223 1395 Quid
1243 1344 1408 1399 super
1428 1326 1689 1384 Suetonio

106 1420 416 1492 Tranquillo
439 1429 496 1476 et
525 1417 760 1489 Josepbo
783 1434 816 1474 a
860 1420 1012 1474 vobis
1050 1420 1165 1474 fleri
1220 1429 1402 1490 optem
1450 1420 1684 1476 demon-

106 1514 303 1569 strabit
318 1512 489 1582 Eigel,
508 1520 819 1569 nostrarum
842 1525 1024 1565 rerum
1044 1510 1181 1567 fidus
1209 1511 1499 1582 interpres.
1533 1510 1685 1567 Saluo

107 1614 224 1657 tate
242 1616 424 1657 omnes
446 1601 644 1655 fratres
655 1615 719 1655 ex
737 1609 923 1655 nostra
949 1600 1238 1667 parvitate,
1251 1600 1685 1671 specialiterque,

104 1706 133 1735 ι
161 1692 488 1764 Gerungum,
520 1691 834 1746 Fulcoldum
867 1700 923 1745 et
939 1691 1300 1758 Ansboldum;
1331 1700 1385 1746 et
1411 1702 1470 1747 ut
1515 1691 1687 1749 nostri

103 1786 336 1858 benigne
358 1786 723 1851 meminerint,
755 1785 1049 1857 dignamini
1076 1788 1374 1857 postulare.

591 1899 700 1970 30
723 1898 1053 1955 EPISTOLA
1096 1898 1185 1954 XI.

458 2005 539 2045 sn
600 2004 1009 2044 Lorntntuu
1068 2004 1327 2055 ascen,

560 2077 640 2135 Dc
668 2077 800 2133 cella
821 2079 989 2132 sancti
1008 2077 1224 2133 Judoci.

177 2171 398 2227 Domine
421 2170 916 2241 pracellentissime
943 2170 1209 2239 Auguste,
1247 2185 1348 2225 nos
1378 2168 1576 2226 fratres
1611 2187 1681 2227 es

105 2250 353 2317 coenobio
384 2259 740 2324 Ferrariensi,
776 2259 960 2313 multis
998 2268 1050 2313 et
1097 2259 1347 2313 maximis
1393 2258 1496 2315 hoc
1537 2275 1683 2315 anno

101 2352 276 2422 pressi
292 2351 958 2423 angustiis,erubescimns
978 2350 1119 2419 quod
1137 2351 1332 2403 totiens
1345 2349 1681 2407 celsitudinis

96 2453 296 2499 vestra'.
323 2442 661 2511 maiestatem
715 2440 1015 2511 inquietare
1043 2440 1438 2511 compellimur.
1476 2440 1678 2497 Tamen

97 2535 447 2590 recordantes
474 2534 597 2604 quia
627 2548 726 2604 pro
754 2533 907 2587 vobis
934 2532 1164 2587 fideliter
1191 2532 1465 2586 oravimus
1485 2541 1540 2587 et
1558 2549 1681 2587 ora-

94 2639 244 2689 mus,
273 2636 326 2679 et
345 2624 759 2695 promissionem
785 2622 1038 2690 adjutorii
1064 2623 1229 2678 vestri
1264 2633 1531 2687 tenentes,
1572 2640 1677 2679 non

94 2715 446 2784 desperamus
474 2730 573 2768 nos
598 2714 980 2783 impetraturos
994 2715 1135 2783 quod
1152 2714 1404 2783 petimus.
1426 2712 1630 2770 Cellam
1647 2716 1676 2755 ιι

171 2855 197 2883 ι
238 2841 559 2912 Ccrungum.
585 2840 680 2912 Vijl
709 2856 775 2896 ex
798 2857 863 2896 eo
890 2852 1038 2910 patet
1087 2844 1231 2899 hunc
1283 2842 1449 2899 fuisse
1491 2859 1678 2899 mona-

92 2915 274 2982 chum
300 2910 441 2982 quod
482 2928 604 2967 eum
645 2910 827 2982 Lupus
871 2923 1025 2967 vorat
1058 2913 1299 2967 fratrem.
1350 2917 1433 2968 An
1464 2929 1593 2969 vero
1631 2918 1676 2970 is

90 2985 169 3039 sit
192 2981 283 3053 qui
310 2981 404 3053 per
431 2998 494 3036 ea
522 2981 759 3053 tempora
790 2983 1087 3053 monachus
1133 2985 1233 3037 fuit
1279 2983 1561 3040 Fuldensis
1609 3001 1673 3041 ac

89 3051 282 3125 postea
314 3051 501 3107 abbas
553 3051 973 3122 HirsaugienSis,
1036 3057 1301 3125 nondum,
1339 3054 1468 3107 mihi
1533 3055 1672 3112 bene

1792 534 1816 565 ο
1849 525 2077 583 Alcuino
2103 528 2170 583 ad
2197 526 2591 601 eleemosynam
2655 529 3014 584 exhibendam
3074 528 3374 600 peregrinis

1788 616 2155 680 commiserat,
2187 618 2359 673 beata:
2392 621 2670 674 memoriae
2713 628 2869 689 pater
2900 625 3082 672 vester
3120 617 3277 673 nobis
3300 633 3369 673 ea

1790 705 2001 761 ratione
2019 709 2309 774 concessit,
2334 709 2474 764 sicut
2494 711 2729 765 edictum
2762 709 2906 763 illius
2949 717 3257 773 attestatur,
3300 720 3364 765 ut

1788 797 1930 865 quod
1946 797 2302 869 eleemosynte
2332 812 2644 870 superesset
2663 802 2715 855 in
2749 810 2991 855 nostrum
3019 813 3174 854 usum
3209 800 3373 856 cede-

1788 896 1892 941 ret.
1923 885 2073 943 Hanc
2111 902 2209 957 per
2261 892 2663 961 subreptionem
2688 889 2714 930 ά
2744 888 3100 960 Rbuodingus
3138 902 3169 942 a
3215 888 3371 943 vobis

1787 974 2043 1041 obtinuit,
2074 977 2338 1047 nobisque
2360 978 2655 1050 legitimam
2683 979 3030 1032 donationem
3071 978 3244 1048 patris
3274 993 3370 1034 ve-

1787 1065 1885 1119 stri
1938 1068 2309 1136 repetentibus
2358 1068 2711 1140 impostorum
2756 1070 2959 1124 crimen
3001 1070 3188 1124 inurit.
3219 1068 3373 1125 Unde

1788 1153 2023 1224 petimus
2060 1164 2119 1210 ut
2167 1157 2411 1226 inspecto
2439 1158 2615 1213 edicto
2643 1160 2815 1227 patris
2842 1159 3027 1222 vestri,
3069 1173 3167 1229 pro
3215 1173 3373 1214 reve-

1789 1248 1963 1302 rentia
1992 1249 2134 1303 beati
2156 1248 2308 1304 Petri
2343 1259 2399 1304 et
2439 1262 2464 1290 ε
2494 1251 2665 1304 brain:
2691 1250 2871 1306 Maria:
2911 1262 2965 1305 et
3006 1250 3182 1318 Pauli,
3231 1253 3373 1322 apud

1788 1352 1925 1408 quos
1945 1355 2287 1395 conmmnem
2322 1341 2603 1395 Dominum
2635 1358 2731 1412 pro
2758 1343 2909 1398 vobis
2932 1358 3246 1408 exoramus,
3292 1344 3373 1399 sic

1789 1430 1893 1487 hoc
1923 1433 2194 1504 negotium
2248 1434 2543 1489 terminare
2590 1435 2881 1505 dignemini
2938 1444 2996 1489 ιη
3044 1450 3149 1490 non
3196 1434 3371 1490 solum

1788 1522 2007 1579 invasor
2041 1524 2189 1579 cella:
2227 1524 2374 1579 illius
2405 1526 2456 1579 in
2499 1527 2751 1596 praesenti
2795 1526 2942 1595 juste
2991 1528 3371 1599 redarguatur,

1788 1626 1977 1670 verum
2043 1616 2208 1670 etiam
2255 1618 2486 1687 posteris
2526 1617 2891 1674 calumniandi
2942 1620 3099 1675 nobis
3153 1620 3374 1675 occ-asia

1790 1703 2090 1759 auferatur.
2117 1703 2252 1759 Nam
2281 1706 2385 1761 etsi
2408 1705 2658 1761 dominus
2686 1717 2893 1774 noster,
2916 1718 3074 1777 pater
3093 1709 3371 1778 quondam

1714 1798 1762 1859 B
1792 1806 1994 1862 vester,
2023 1798 2126 1853 hoc
2157 1799 2315 1854 nobis
2341 1815 2538 1854 munus
2571 1815 2675 1853 non
2709 1801 3093 1866 concessisset,
3130 1811 3239 1855 tam
3279 1800 3369 1855 in—

1788 1899 1936 1945 tente
1980 1905 2079 1960 pro
2107 1891 2260 1945 vobis
2288 1899 2345 1944 et
2389 1889 2756 1945 laboravimus
2785 1900 2838 1945 et
2868 1892 3177 1946 laboramus
3221 1900 3281 1945 ut
3322 1891 3370 1946 si

1784 1978 2033 2032 eamdem
2056 1977 2243 2032 cellam
2274 1987 2368 2033 aut
2389 1979 2620 2048 amplius
2641 1978 2768 2048 quid
2790 1994 2818 2032 a
2849 1988 3028 2033 vestra
3048 1978 3370 2035 excellentia

1783 2079 2112 2139 peteremus,
2173 2085 2280 2125 non
2327 2085 2448 2125 esse
2501 2070 2659 2125 nobis
2703 2072 3008 2141 negandum
3038 2072 3371 2128 unanimiter

1780 2157 1885 2229 31
1911 2159 2267 2215 confidamus.
2291 2160 2406 2229 Ipse
2427 2171 2604 2214 autem
2642 2161 2782 2215 Deus
2811 2161 3039 2232 inspiret
3064 2163 3367 2231 prudentius

1782 2262 1975 2306 vestrae
2003 2262 2062 2306 ut
2101 2252 2243 2309 sicut
2285 2254 2390 2309 hoc
2431 2253 2745 2309 scandalum
2775 2266 2957 2323 vestro
2984 2263 3228 2325 tempore
3254 2270 3371 2325 cm-

1780 2344 1883 2415 pit,
1912 2345 1984 2399 ita
2014 2345 2177 2400 etiam
2201 2359 2295 2415 per
2319 2358 2414 2401 vos
2435 2345 2807 2400 firmissimum
2833 2346 2996 2406 linem
3014 2321 3283 2418 accipiat;

1782 2437 1885 2491 hoc
1931 2437 2196 2493 beneficio
2238 2445 2295 2492 et
2321 2453 2420 2491 nos
2462 2445 2519 2492 et
2562 2438 2763 2508 posteri
2810 2439 2979 2499 nostri
3012 2454 3113 2510 pro
3136 2440 3369 2496 vobiset

1781 2527 1907 2582 filiis
1940 2529 2137 2583 vestris
2173 2529 2411 2582 nitamur
2438 2544 2560 2583 eum
2592 2528 2852 2584 attentius
2898 2528 3211 2599 implorare,
3242 2545 3369 2587 vos»

1779 2633 1886 2688 que
1919 2618 1997 2674 sic
2025 2618 2221 2673 tribuat
2264 2620 2530 2688 imperare
2576 2619 2630 2673 in
2673 2618 2833 2675 terris
2879 2627 2938 2673 ut
2979 2630 3243 2676 mtemum
3282 2636 3371 2678 re-

1779 2724 1943 2779 gnum
1967 2708 2364 2779 possidemis‘in
2390 2708 2567 2765 cmlis.

1775 2840 1855 2896 vit
1879 2841 1946 2894 ad
1987 2840 2233 2910 Capitula
2264 2838 2442 2894 Caroli
2464 2838 2639 2905 Calvi,
2662 2840 2757 2896 tit.
2777 2838 2870 2910 5i)
2900 2839 3187 2895 dicebatur
3231 2842 3363 2897 sim-

1776 2911 1991 2982 pliciter
2055 2909 2250 2982 Vicus;
2311 2912 2580 2982 interdum
2629 2926 2781 2975 vero,
2831 2911 2974 2981 quod
3020 2913 3088 2964 ad
3134 2909 3359 2982 ﬂuvium

1776 2980 2044 3049 Quentum
2096 2980 2233 3036 situs
2270 2990 2435 3045 esset,
2492 2980 2878 3047 Qucutowicus,
2926 2982 2979 3036 id
3017 2990 3122 3046 est,
3179 2981 3362 3038 Wicus

1778 3051 1987 3122 Quanti,
2017 3067 2122 3122 nou
2151 3066 2309 3122 secus
2359 3066 2424 3106 ac
2471 3051 2656 3122 Briva,
2700 3053 2843 3122 quod
2879 3052 3261 3122 estioppidum
3304 3055 3363 3109 in

92 3120 430 3203 compertum
461 3132 581 3184 est;
616 3120 924 3215 quali-illiilli)
976 3124 1109 3215 satis
1141 3124 1245 3178 huc
1289 3124 1511 3215 inclinat
1554 3127 1672 3215 ani-
1697 3154 1742 3215 ο
1771 3120 2170 3215 Lemuv‘icibns,
2212 3138 2242 3176 a
2269 3120 2531 3215 Glregorio
2575 3120 2899 3204 Turonensi,
2943 3121 3017 3215 lib
3062 3120 3358 3215 llrnﬂlsl"

87 3210 237 3264 gruis,
284 3193 479 3264 quippe
537 3193 783 3246 monachi
816 3194 1138 3264 quandoque
1175 3196 1459 3248 mutabant
1487 3196 1667 3251 sedes.

89 3262 379 3333 Utcunque
406 3280 465 3317 se
499 3278 587 3316 res
615 3264 827 3325 habeat,
864 3262 1166 3333 Gerungns,
1217 3266 1515 3318 monachus
1550 3265 1673 3319 Ful-

85 3332 303 3397 densis,
332 3332 504 3387 factus
553 3342 637 3402 est
684 3333 849 3385 aibas
900 3332 1297 3402 Hirsaugiensis
1350 3350 1492 3389 anno
1541 3335 1669 3400 854,

84 3404 334 3472 obiitqne
357 3419 498 3455 anno
534 3401 661 3473 δήὸ,
691 3402 808 3456 Kal.
838 3404 1079 3473 AllgtlSLl,
1104 3401 1261 3457 {uino
1300 3405 1475 3459 aetatis
1518 3421 1667 3472 exn,

81 3471 329 3542 sepultus
362 3471 866 3542 :‘ptnlllirsaugiam
895 3471 946 3527 in
995 3473 1214 3528 basilica
1262 3473 1320 3528 S.
1354 3475 1578 3539 Aurelii,
1611 3487 1670 3531 ut

82 3541 444 3597 ianroniro
472 3541 839 3610 Hirsangiensi
874 3543 1039 3597 tradit
1089 3543 1438 3598 Tritbemius.
1473 3544 1672 3600 Fuerat

80 3612 219 3667 olim
247 3612 540 3682 discipulus
569 3611 749 3667 Strabi
782 3611 1084 3672 Fnldensis.
1120 3629 1148 3665 a
1182 3628 1289 3682 quo
1319 3614 1527 3669 litteras
1567 3632 1667 3670 sm-

79 3682 320 3755 culures,
374 3685 543 3755 idest
594 3683 937 3755 humaniores
1002 3683 1282 3755 didicerat.
1332 3684 1671 3755 lnsigaisque

74 3751 333 3824 profecto
359 3753 569 3824 videtur
610 3752 891 3824 inscriptio
936 3751 1460 3824 epistolaegejnsdeni
1487 3751 1669 3810 Strabi

78 3768 333 3824 proiecto
359 3768 569 3807 videtur
610 3768 891 3822 inseriptto
936 3768 1176 3822 epiStotae
1215 3768 1454 3877 eﬁttsuent
1487 3768 1669 3810 Strabi

78 3823 157 3876 ad
186 3824 435 3877 eumdem
464 3821 770 3892 Geruugum
797 3823 885 3891 qui
911 3822 959 3876 ei
985 3823 1172 3877 dicatis
1195 3822 1227 3875 li
1272 3840 1388 3892 runt
1441 3824 1507 3877 de
1554 3826 1670 3878 ari-

76 3892 365 3947 lbmeticis
393 3891 817 3947 ditnensio'nilms
847 3894 927 3947 sic
964 3892 1237 3962 loquitur:
1272 3891 1668 3962 licvcrendissi-

74 3979 172 4017 mo
202 3964 388 4015 nterim
406 3964 573 4033 patri,
615 3972 767 4016 a'talc
789 3961 1143 4033 ﬁliotlitlera
1177 3961 1455 4032 discipulo,
1494 3967 1669 4033 gratia

70 4034 362 4102 magistro,
389 4030 633 4102 Ccrungo
678 4030 870 4086 abbati.
923 4030 1165 4087 Similem
1194 4030 1522 4103 epigrapben
1570 4050 1668 4091 nos

71 4118 232 4172 almo
276 4103 945 4172 superiorerestitnimus
988 4103 1038 4156 in
1068 4102 1564 4171 epistola’Salviani
1600 4103 1666 4158 ad

75 4170 372 4243 Salonium
411 4188 532 4243 pag.
565 4170 692 4243 2l5.
734 4174 1001 4227 Caeterum
1037 4170 1125 4227 hic
1167 4173 1533 4228 adnotandum
1583 4185 1668 4228 est

70 4241 572 4314 hu_nc_Gerungum
611 4241 776 4296 videri
805 4257 910 4314 non
940 4256 1059 4297 esse
1086 4243 1356 4297 diversum
1388 4243 1456 4297 ab
1479 4259 1544 4299 eo
1573 4245 1667 4314 qni

70 4312 185 4367 sub
228 4312 499 4367 Ludovico
552 4313 646 4368 Pio
691 4316 818 4381 imp.
862 4312 960 4366 fuit
1024 4328 1267 4368 summus
1315 4312 1664 4369 ostiariorum

66 4383 228 4438 sacri
277 4382 462 4452 palatii
493 4383 780 4453 magister;
825 4383 891 4437 de
929 4397 1037 4451 quo
1088 4383 1207 4453 vide
1237 4382 1474 4438 Annales
1508 4382 1667 4453 Egin-

67 4453 240 4523 liardi
270 4454 337 4506 ad
360 4469 560 4523 annum
580 4452 687 4507 822
707 4460 764 4507 et
797 4453 1053 4523 epistolas
1101 4452 1394 4523 Frotliarii,
1425 4453 1661 4523 episcopi

65 4522 374 4578 'l'nllensis.
406 4521 540 4581 Nam
577 4523 723 4577 illum
745 4521 931 4590 postea
970 4522 1137 4578 fuisse
1158 4522 1477 4577 monachum
1506 4521 1664 4579 docet

63 4591 511 4717 \Vaniéiitjlbertus
530 4593 787 4649 diaconus
816 4592 909 4649 lib.
935 4608 995 4648 ιι.
1026 4592 1334 4649 Miraculor.
1360 4591 1417 4648 S.
1447 4591 1662 4661 Goaris,

63 4679 199 4717 ean.
312 4704 328 4717 .

62 4679 199 4720 can.
233 4669 328 4717 2i).

142 4679 199 4772 go
222 4679 426 4787 (illam
448 4730 506 4788 S.
536 4731 750 4787 Judaei.
777 4731 961 4788 Sancti
1012 4730 1204 4787 Judoci
1253 4733 1638 4789 monasterium

61 4806 192 4860 sive
217 4802 357 4857 cella
382 4804 671 4869 maritima,
696 4803 762 4857 de
776 4819 882 4873 qua
905 4805 993 4857 hic
1016 4804 1402 4873 sermo,_situm
1422 4814 1508 4858 est
1521 4775 1664 4861 haud

59 4873 270 4945 procul
296 4875 446 4945 ostio
470 4873 661 4941 Quenti
710 4871 965 4945 llujninis,
1023 4872 1180 4944 vulgo
1209 4871 1434 4945 Cane/te,
1467 4876 1663 4945 advero

58 4942 194 5000 sum
249 4944 507 4998 nimirmn
539 4944 734 5014 oppido
770 4942 1141 5014 Stapnlarum,
1167 4942 1308 5011 quod
1341 4944 1393 5014 in
1439 4959 1534 4999 ora
1561 4943 1664 4998 llu-

57 5014 244 5069 minis
275 5014 441 5068 situm
482 5011 586 5068 est.
611 5011 849 5068 Positum
883 5012 1048 5067 fuisse
1098 5011 1242 5066 hanc
1287 5011 1477 5066 cellam
1519 5015 1662 5070 baud

57 5083 265 5155 procul
294 5085 681 5155 Quentovvicot
703 5086 754 5138 in
784 5084 1044 5155 comitatu
1070 5080 1402 5155 Pontivensi,
1427 5084 1661 5138 arbitra-

57 5152 159 5211 tur
187 5154 257 5208 Β.
284 5154 347 5208 Ρ.
366 5154 640 5225 Philippus
664 5153 929 5208 Labheus.
955 5152 1355 5225 Sa_mmarthani
1382 5168 1507 5207 vero
1527 5155 1664 5208 scri-

57 5241 231 5296 psere
244 5223 554 5293 esseipsiiin
571 5228 997 5292 Quentowicum.
1014 5223 1434 5296 lstoruniautem
1452 5233 1662 5296 senten-

57 5293 155 5350 tiae.
198 5310 309 5366 ego
341 5297 539 5366 accedo
569 5305 788 5366 propter
825 5296 1203 5350 auctoritatem
1226 5293 1459 5366 Alcuini,
1486 5298 1574 5366 qui
1604 5295 1657 5347 in

57 5364 303 5435 epistola
333 5366 419 5432 95,
453 5364 638 5435 cellam
666 5364 723 5419 S.
747 5365 933 5420 Jndoci
974 5366 1116 5421 locat
1153 5366 1204 5435 in
1234 5364 1351 5418 loco
1378 5366 1464 5419 cui
1500 5364 1651 5419 Vicos

57 5430 273 5506 nomen
307 5430 444 5489 erat.
480 5434 765 5500 Martinus,
807 5436 999 5506 inquit,
1049 5436 1111 5506 in
1166 5430 1484 5506 l’icosapud
1511 5452 1654 5506 san-

57 5516 210 5559 ctum
238 5505 507 5559 Jodocum
533 5506 776 5575 inﬁrmus
800 5505 1069 5560 rcnmnsit.
1093 5505 1167 5560 De
1195 5519 1302 5575 quo
1326 5505 1466 5575 haud
1491 5505 1654 5561 dubie

57 5575 319 5647 lgquitur
343 5577 505 5631 etiam
524 5574 837 5647 Ain'iepistola
879 5576 947 5630 12
969 5577 1036 5630 ad
1064 5574 1313 5632 Carolum
1358 5574 1606 5647 Magnum
1634 5594 1649 5632 :

57 5644 372 5717 Rc'tcrtenti
399 5663 479 5700 me
498 5645 563 5700 de
600 5644 801 5717 “licus,
826 5658 1034 5717 propter
1081 5662 1270 5701 causas
1310 5644 1651 5717 necessarias,

57 5724 168 5772 etc.
206 5716 397 5773 Locus
437 5730 567 5787 ergo
593 5716 756 5788 (quod
785 5715 1103 5774 Sirmondus
1133 5732 1345 5787 quoque
1394 5715 1651 5773 observa-

1692 4498 1742 4558 D

1774 3208 1893 3263 cap.
1918 3191 2011 3253 10,
2053 3202 2275 3247 vocatur
2295 3190 2742 3263 Brira-Currclia,
2765 3208 2831 3247 eo
2860 3193 3006 3263 quod
3056 3194 3124 3247 ad
3146 3192 3355 3263 Curre-

1772 3261 1903 3318 tiam
1946 3277 2159 3318 amnem
2211 3264 2316 3318 sita
2361 3264 2451 3317 sit.
2502 3262 2557 3318 ld
2606 3278 2705 3316 nos
2733 3264 2916 3317 docuit
2939 3261 3263 3319 Wilibaldus
3301 3264 3359 3320 in

1774 3332 1896 3389 Vita
1964 3333 2142 3390 sancti
2226 3332 2520 3394 Bonifacii,
2586 3332 2978 3403 archiepiscopi
3035 3332 3358 3403 Moguntini,

1770 3416 1891 3474 cap.
1939 3404 1997 3469 5,
2021 3404 2109 3459 tibi
2138 3404 2215 3458 ait
2260 3404 2405 3459 hunc
2430 3412 2675 3459 sanctum
2705 3402 2787 3458 es
2816 3402 3355 3474 Angltaiprofectum

1769 3473 2041 3545 appulisse
2090 3489 2216 3530 cum
2266 3475 2429 3529 sociis
2476 3476 2590 3529 suis
2637 3474 2709 3545 ad
2746 3473 2966 3527 ﬂuvium
3002 3473 3188 3545 Cucnt,
3240 3476 3361 3530 sive

1771 3542 2063 3613 Qdentum,
2120 3545 2313 3600 deinde
2356 3560 2485 3599 vero
2532 3542 2804 3613 paululum
2857 3544 3164 3598 substitisse
3214 3546 3359 3614 apud

1770 3615 2066 3670 Cncntawic
2121 3616 2237 3670 sive
2302 3614 2731 3681 Quentawicnm.
2799 3614 2926 3668 llaec
2997 3626 3125 3667 sunt
3191 3617 3357 3669 verba

1768 3685 2082 3740 Wilibaldi:
2116 3704 2136 3736 ι
2188 3685 2356 3740 Pleno
2398 3693 2561 3740 vento
2606 3698 2970 3752 prospereque
3015 3699 3177 3737 cursu
3209 3686 3354 3740 ostia

1769 3754 2004 3809 fluminis
2029 3756 2189 3808 citius
2215 3756 2356 3824 quod
2387 3755 2585 3809 dicitur
2610 3752 2817 3815 Cosar,
2840 3754 2986 3807 omni
3006 3752 3118 3820 jam
3157 3769 3355 3823 exper-

1771 3834 1853 3879 tes
1866 3824 2103 3895 periculo
2120 3824 2411 3895 naufragii,
2427 3824 2715 3893 aspiciunt,
2729 3835 2787 3878 et
2804 3825 2872 3878 ad
2901 3824 3104 3895 aridam
3122 3825 3355 3895 sospites

1771 3892 1972 3950 terram
1999 3892 2341 3965 perveniunt.
2366 3892 2559 3949 Sedet
2601 3894 2973 3965 castrametati
3022 3895 3075 3947 in
3104 3892 3354 3950 Cusum-

1766 3982 1895 4031 wrc,
1942 3964 2115 4019 donec
2153 3966 2545 4034 superveniens
2589 3979 2648 4019 se
2716 3964 3046 4032 collegarum
3101 3965 3351 4021 multitu-

1767 4039 1838 4093 do
1879 4045 2282 4106 congregasset.
2343 4056 2362 4088 ι
2415 4035 2796 4106 Quentavviclr
2837 4044 3026 4104 portus
3066 4036 3351 4106 Ameminit

1767 4116 1962 4161 auctor
2006 4104 2259 4160 Chi-oniei
2315 4104 2745 4161 Fontanellensis
2788 4104 2873 4159 bis
2923 4104 3149 4159 verbis:
3195 4105 3348 4161 Anno

1765 4177 1871 4233 8M
1917 4176 2256 4242 Quentawich
2276 4186 2485 4247 portum
2533 4174 2819 4247 miserabili
2854 4174 3005 4247 clade
3051 4174 3352 4247 deuastans-

1766 4257 1888 4302 runt
1934 4244 2289 4310 Norlmanni,‘
2345 4245 2499 4315 cujus
2543 4244 2710 4301 cladis
2757 4245 3021 4316 meminit
3058 4244 3240 4316 Lupus
3291 4248 3348 4303 in

1764 4318 1993 4387 epistola
2040 4317 2130 4382 45,
2182 4327 2242 4371 ut
2284 4316 2391 4372 illic
2434 4317 2834 4387 adnotabimus.
2891 4315 3061 4387 Hodie
3105 4315 3349 4387 Quenta-

1765 4384 1957 4454 vvicns,
2000 4397 2060 4443 ut
2102 4388 2361 4459 pleraque
2398 4386 2502 4459 alia
2538 4386 2837 4459 Galliarum
2885 4384 3101 4459 oppida,
3158 4386 3349 4459 relicto

1767 4461 1939 4515 veteri
1982 4455 2222 4524 nomine,
2270 4455 2444 4513 sancti
2470 4457 2662 4516 Judoci
2695 4472 2893 4513 nomen
2925 4455 3143 4511 retinet.
3177 4455 3349 4528 Vulgo

1770 4530 2223 4601 Saintelosscyur
2251 4528 2388 4584 Mer.

1841 4612 1864 4638 ε
1879 4595 2128 4655 Λιουὶηοῖ
2150 4600 2405 4671 Magistro
2426 4598 2622 4671 nimiro
2637 4611 2757 4671 suo,
2775 4596 2865 4671 qui
2887 4597 3115 4671 integro
3127 4595 3347 4671 nomine

1767 4673 1945 4729 dictus
1985 4680 2070 4727 est
2125 4665 2352 4726 Flac'cus
2411 4668 2638 4724 Albinus
2683 4665 2960 4722 Alcuinus.
3018 4665 3199 4719 Abbas
3244 4667 3347 4722 fuit

1768 4742 2085 4816 monasterii
2120 4740 2506 4816 Ferrariensis,
2532 4738 2804 4816 _pbiitq_ue
2857 4750 2999 4816 anno
3043 4734 3175 4816 894.
3198 4734 3347 4816 _Ejus

1768 4814 1933 4869 funus
1958 4822 2206 4868 curatum
2228 4819 2315 4867 est
2338 4826 2369 4865 a
2398 4808 2630 4881 Sigulfo,
2658 4805 2856 4881 abbate
2877 4805 3234 4881 Ferrariensi.

1837 4883 1866 4925 (ι
1904 4881 2436 4954 Rhuodingus._ﬂinc
2462 4874 2626 4954 'patet
2674 4879 2815 4954 hanc
2861 4874 3147 4954 epistolam
3184 4945 3197 4954 _
3222 4891 3348 4954 esse

1767 4956 2025 5025 scriptam
2046 4944 2177 5025 ante
2195 4944 2514 5025 divisionem
2536 4949 2744 5025 imperii
2761 4944 2907 5025 inter
2917 4945 3058 5025 filios
3082 4944 3343 5025 Ludovici

1768 5013 2036 5081 Pii.'Nam
2077 5023 2301 5079 Carolus
2350 5021 2545 5076 Calvus
2588 5013 2790 5073 Cellam
2836 5015 2895 5072 S.
2935 5013 3124 5087 Judoci
3158 5027 3344 5087 postca

1763 5095 2119 5151 deditOdulfo
2138 5092 2345 5156 comiti,
2373 5101 2430 5146 ut
2458 5098 2607 5159 patet
2627 5104 2695 5144 ex
2723 5087 2953 5144 diversis
2974 5083 3107 5156 Lupi
3138 5083 3344 5157 epam-

1762 5168 1832 5223 lis
1858 5176 2309 5241 et_es__pra:cep_to
2334 5160 2570 5241 Carolin
2851 5237 2861 5241 _
2934 5228 2946 5240 ι
3070 5228 3083 5241 ⁸

1838 5250 1862 5279 ε
1891 5236 1959 5289 B.
1990 5227 2196 5289 M'ariw.
2217 5227 2459 5288 Tametsi
2486 5231 2630 5286 enim
2657 5228 3041 5282 monasterium
3069 5227 3212 5282 istud
3256 5243 3324 5282 vo

1758 5320 1919 5367 cetur
1967 5304 2351 5361 monasterium
2401 5304 2572 5358 sancti
2629 5299 2774 5355 Petri
2826 5298 3214 5363 Ferrariensis,
3271 5299 3343 5353 ob

1757 5382 1863 5437 hoc
1914 5379 2057 5437 quod
2113 5384 2303 5431 sancto
2344 5373 2506 5428 Petro
2552 5372 2787 5426 dicatum
2847 5373 2941 5432 sit,
2992 5386 3059 5424 ex
3106 5371 3206 5423 hoc
3254 5378 3339 5422 ta-

1759 5468 1881 5507 men
1933 5439 2078 5512 loco,
2122 5448 2357 5514 itemque
2385 5460 2453 5499 ex
2498 5444 2618 5514 Vita
2656 5441 2908 5514 Ludovici
2954 5439 3054 5514 l‘ii,
3078 5440 3340 5495 discimus

1759 5522 1889 5577 illud
1928 5518 2255 5575 beatissima:
2272 5512 2492 5585 quoque
2504 5512 2712 5585 Virgini
2730 5512 2911 5585 Mariae
2933 5512 3167 5585 dicatum
3192 5524 3337 5585 esse.

1760 5591 1852 5647 Sic
1879 5591 2033 5661 enim;
2053 5587 2240 5661 scribit
2259 5581 2448 5661 auctor
2468 5581 2893 5661 ﬁliae—Ludovici
2920 5581 3337 5661 :__Honast_eritu_n

1758 5670 1955 5718 sancta:
1982 5658 2169 5715 Maria!
2191 5669 2238 5712 et
2265 5658 2433 5712 sancti
2461 5655 2604 5711 Petri
2628 5656 2694 5710 de
2722 5652 3010 5717 Fcrrariis,
3036 5652 3175 5723 quod
3200 5652 3342 5704 anti-
3402 5709 3408 5717 _

1758 5741 1933 5797 quitus
1961 5727 2256 5784 Bctltleltcm
2304 5730 2600 5789 metabatur.
