3902 6300
59 277 145 335 ιδι
769 294 778 298 -
1476 267 1625 324 EPlS

1734 268 1858 323 [ΛΕ.

3209 279 3320 338 ὲϐἓ

59 391 356 466 movimus,
393 394 449 445 et
479 387 621 444 vires
647 386 802 443 vobis
844 400 876 440 a
904 383 1016 442 Deo
1054 385 1276 442 collatas
1305 394 1493 441 contra
1523 385 1629 439 ini-
1658 382 1708 444 Α
1737 385 1902 440 cedis.
1931 383 2065 451 Quia
2106 384 2196 456 qui
2225 385 2342 442 sine
2382 394 2560 442 vestra
2591 384 2880 458 largitione
2915 402 3015 459 pro
3039 388 3198 448 vobis
3237 390 3332 458 in-,

59 487 212 541 uicos
249 483 452 539 Christi
494 481 822 546 audivimus,
861 480 1286 550 omnipotentem
1314 480 1504 543 Deum,
1536 477 1629 546 qui

60 579 258 634 easdem
309 578 454 632 vires
501 575 718 639 tribuit,
767 589 1051 644 precamur
1097 583 1156 628 ut
1205 583 1393 628 contra
1439 588 1629 627 omnes

59 667 336 724 lhristiani
377 665 612 722 nominis
655 665 838 719 hostes
882 678 980 719 vos
1015 663 1410 734 insuperabiles
1439 663 1624 727 faciat,

59 764 124 832 [ui
184 766 456 832 potestate
502 773 599 814 sua
664 757 1231 827 incomprehensibili,
1285 757 1382 812 sed
1445 766 1627 811 tamen

59 863 198 919 asta,
233 852 416 909 omnia
462 865 678 922 semper
706 849 998 920 dispensat.
1037 849 1237 904 Verum
1275 850 1402 919 quia
1446 863 1628 903 meam

59 949 364 1002 .arvitatem
392 961 420 1000 a
449 954 630 1000 vestra
667 942 984 999 excellentia
1014 950 1231 1013 separat
1259 955 1286 984 α
1315 943 1624 1009 continens,

59 1035 390 1106 insequendo
434 1041 597 1090 notus
627 1033 778 1088 vobis
821 1032 938 1087 ﬁeri
969 1032 1161 1102 cupio;
1209 1033 1444 1087 maxime
1473 1040 1624 1102 post-

59 1143 199 1198 luam
248 1134 489 1181 vestrum
531 1123 587 1180 in
633 1124 729 1179 Dei
765 1122 908 1179 cultu
962 1121 1228 1178 fervorem
1279 1138 1346 1178 ex
1382 1123 1410 1162 δ
1450 1122 1628 1179 Felice

59 1219 230 1284 lidici,
274 1216 366 1288 qui
393 1227 416 1256 ο
442 1214 792 1285 epistularum
820 1222 1125 1269 vestrarum
1166 1211 1342 1269 ofﬁcio
1368 1213 1626 1285 fungeba-

59 1329 140 1366 ur.
192 1308 478 1380 Prtecipite
526 1307 691 1378 igitur
731 1304 990 1376 quidquid
1038 1305 1295 1374 possibile
1337 1305 1469 1360 mihi
1509 1321 1627 1362 cre-

59 1403 186 1467 litis,
232 1410 288 1457 et
325 1413 410 1455 me
457 1400 513 1454 in
541 1397 805 1478 omnibus
847 1396 915 1452 ad
935 1395 1328 1490 .famulandum
1376 1407 1626 1468 paratum

59 1492 346 1549 nvenietis.
399 1489 506 1547 Sed
536 1498 594 1546 ut
623 1505 719 1544 vos
763 1488 830 1544 ad
864 1488 1279 1559 prenterendum
1327 1489 1496 1545 Deum
1527 1505 1626 1544 ex-

60 1589 294 1652 :itemus,
324 1581 568 1640 certandi
614 1580 766 1637 vobis
793 1581 1066 1652 prioribus
1114 1581 1400 1636 materiam
1438 1590 1624 1637 osten-

59 1682 217 1734 Iimus
251 1677 387 1734 etin
417 1674 668 1746 praesenti
705 1688 853 1744 spem
888 1684 946 1730 et
982 1674 1036 1728 in
1065 1674 1172 1745 33
1214 1673 1396 1728 futuro
1429 1673 1626 1729 saeculo

1735 482 2065 533 tercessores
2106 493 2312 542 sumus,
2359 477 2654 534 alacriores
2703 478 2925 547 erimus,
2969 482 3014 538 si
3056 482 3211 542 vobis
3256 493 3318 542 et

1732 567 1887 622 nobis
1933 567 2307 637 profuturum,
2351 569 2418 624 ad
2471 569 2665 625 animm
2716 573 3088 630 tantummodo
3133 589 3314 636 reme-

1732 656 1910 724 dium,
1960 674 2155 713 munus
2207 660 2595 730 acceperimus.
2644 661 2860 718 Erimus
2906 672 3124 733 tamen,
3169 667 3314 726 sicut

1730 758 1855 804 ante
1883 749 2322 820 signiﬁcavimus,
2355 751 2408 806 in
2436 767 2596 808 omne
2641 753 2902 824 quidquid
2939 755 3096 813 nobis
3136 759 3316 830 possi-

1728 846 1837 902 bile
1867 846 2210 916 injunxeritis
2255 850 2447 919 parati.
2493 846 2848 920 Omnipotens
2889 850 3031 907 Deus
3075 852 3148 909 ad
3188 867 3315 925 pro-

1729 939 2070 1010 pagationem
2098 947 2152 995 et
2177 940 2648 998 conservationem
2689 955 2800 997 suae
2830 940 2954 998 ﬁdei
2983 955 3080 998 vos
3123 950 3179 1000 et
3216 959 3314 1014 po-

1731 1030 2028 1086 steritatem
2057 1039 2294 1088 vestram
2332 1031 2635 1088 diutissime
2663 1031 2903 1104 regionis
2928 1041 3124 1092 vestrm
3149 1033 3337 1094 faciat:

1728 1137 1850 1180 esse
1876 1123 2168 1194 principes,
2199 1133 2256 1180 et
2285 1125 2608 1195 quandoque
2649 1125 2993 1198 sempiternas
3027 1127 3318 1186 beatitudi-

1728 1215 1814 1272 nis
1841 1216 2103 1274 haeredes.

2258 1348 2595 1406 EPISTOLA
2632 1349 2771 1408 XIV.

2326 1461 2347 1501 ί
2384 1452 2454 1518 μω
2486 1479 2734 1520 raucam.

1803 1579 2166 1637 Dilectissimo
2185 1582 2360 1638 amico
2395 1579 2560 1640 Felici
2603 1575 2804 1656 Lupus,
2840 1587 3009 1644 abbas
3038 1596 3310 1646 monaste~

1727 1674 1796 1730 rii
1834 1673 2201 1731 Ferrariensis
2231 1684 2392 1745 atque
2427 1676 2598 1732 sancti
2637 1676 2824 1734 Judaei
2863 1679 3112 1736 salutem.

59 1770 345 1827 nercedem
392 1765 581 1838 procul
620 1765 786 1821 dubio
824 1765 1195 1836 praebituram.
1238 1764 1536 1821 Ecclesiam
1567 1765 1623 1820 in
1652 1754 1700 1814 B
1797 1766 1950 1822 Licet
2001 1766 2205 1836 aliquot
2236 1768 2363 1822 anni
2389 1766 2646 1823 fluxerint
2671 1784 2740 1824 ex
2772 1783 2880 1840 quo
2928 1785 3029 1831 nos
3059 1772 3314 1841 invicem,

59 1861 370 1920 nonasterio
406 1867 614 1925 nostro,
665 1858 812 1929 quod
855 1865 942 1915 est
976 1857 1002 1897 ά
1028 1859 1518 1924 mediterraneum,
1571 1867 1626 1914 et

59 1954 320 2009 "crrarias
347 1949 671 2024 appellatur,
704 1965 768 2006 ac
796 1948 1112 2006 Bethlebcm
1141 1965 1172 2004 a
1204 1950 1484 2006 conditore
1526 1949 1627 2004 im-

59 2047 271 2102 insitum
298 2060 492 2102 nomen
523 2043 788 2114 possidet,
821 2054 845 2082 θ
874 2043 1088 2115 operire
1118 2042 1336 2114 plumbo
1370 2043 1627 2098 molimur

59 2151 158 2197 rost
189 2141 355 2196 Deum
395 2139 448 2195 in
484 2139 689 2194 honore
717 2138 864 2193 beati
908 2136 1056 2192 Petri
1091 2145 1148 2192 et
1178 2137 1418 2192 omnium
1466 2145 1626 2191 caete-

60 2245 223 2284 orum
273 2229 638 2299 apostolorum
688 2237 1106 2284 consecratam:
1137 2227 1290 2299 cujus
1336 2226 1542 2296 operis,
1576 2226 1626 2282 si

59 2324 368 2396 lignamini,
412 2328 508 2379 vos
556 2338 678 2378 esse
743 2321 1034 2392 participes
1077 2336 1384 2392 precamur.
1439 2320 1625 2376 Estote

59 2418 204 2487 gitur
248 2417 300 2471 in
353 2415 450 2472 Dei
485 2415 746 2470 honorem
787 2414 858 2468 ad
905 2415 1006 2469 hoc
1044 2413 1431 2484 perﬁciendum
1467 2413 1620 2482 adju-

59 2522 214 2572 ores,
255 2522 360 2562 non
397 2506 578 2562 meriti
607 2505 796 2570 nostri,
826 2504 921 2560 sed
968 2512 1218 2574 respectu
1259 2503 1454 2559 divinae
1481 2520 1625 2561 mere

59 2639 201 2695 .oldo
245 2638 458 2693 tandem
496 2645 731 2701 mortuo,
775 2652 838 2692 ea
871 2636 1053 2707 nupsit
1091 2636 1354 2707 Balduino
1399 2635 1618 2700 comiti,

59 2727 149 2766 non
182 2710 550 2765 consentiente
591 2708 784 2777 Carolo
810 2706 974 2763 Calvo
1021 2716 1190 2776 patre.
1239 2706 1390 2763 Unde
1433 2722 1622 2777 graves

59 2783 300 2836 diversus
355 2780 677 2834 Balduinum
731 2775 1114 2847 Judithamque
1171 2775 1456 2847 procellae,
1501 2793 1622 2846 qua:

60 2867 188 2906 rnno
212 2852 424 2906 tandem
458 2849 562 2906 865
583 2850 1028 2919 conquieverunt.
1056 2849 1192 2903 Tum
1224 2849 1367 2903 enim
1397 2847 1621 2903 Carolus

93 2923 263 2976 ﬁliam
305 2937 459 2976 suam
499 2920 703 2986 Juditb,
743 2931 800 2974 ut
837 2919 1129 2990 loquuntur
1170 2919 1332 2973 iidem
1364 2919 1613 2980 Annales,

60 2993 188 3064 ient
215 2994 439 3048 domnus
480 2993 808 3064 apostolicus
835 3005 957 3044 eum
1004 2991 1252 3060 petierat,
1285 2990 1511 3064 consilio
1546 2991 1620 3064 _li-

59 3063 242 3118 lelium
293 3061 529 3118 suorum’
559 3061 842 3125 Balduino,
877 3076 1036 3131 quem
1083 3070 1266 3115 secuta
1304 3061 1499 3126 fuerat,
1545 3061 1615 3114 le-

1730 1857 1993 1928 largiente
2032 1857 2126 1912 Dei
2154 1858 2348 1930 gratia,
2392 1859 2444 1922 in
2480 1862 2505 1900 8
2556 1862 2890 1920 monasterio
2936 1863 3094 1931 Earte
3141 1865 3318 1935 primo

1730 1951 2105 2023 cognovimus,
2130 1964 2230 2006 nec
2256 1961 2444 2021 postea
2472 1952 2718 2007 evenerit
2749 1955 3150 2023 opportunitas,
3171 1959 3318 2028 quod

1729 2045 1930 2115 optavi,
1971 2051 2030 2100 ut
2074 2042 2415 2098 familiariter
2454 2044 2816 2114 loqueremur,
2867 2055 3047 2104 tamen
3093 2049 3221 2120 quia
3263 2050 3318 2108 in

1729 2145 1922 2192 neutro
1948 2147 2193 2192 nostrum
2219 2135 2400 2191 fervor
2421 2137 2705 2194 charitatis
2752 2138 2986 2206 refrixit,
3019 2156 3215 2211 precor
3250 2152 3312 2200 ut

1729 2229 1870 2298 apud
1919 2229 2246 2285 laudabilem
2291 2237 2533 2285 vestrum
2589 2227 2906 2287 Edilulfurn
2948 2249 3074 2291 mea
3124 2237 3314 2307 petitio

1731 2330 1910 2377 vestra
1939 2319 2048 2393 35
2067 2321 2343 2393 diligentia
2385 2321 2647 2376 sortiatur
2691 2321 2964 2381 effectum.
2991 2323 3050 2380 Si
3093 2326 3312 2396 quidem

1730 2414 2045 2471 recordatus
2080 2423 2297 2486 quantae
2327 2413 2474 2470 illum
2500 2414 2842 2471 liberalitatis
2869 2417 3318 2486 praedicaveritis,

1728 2519 1826 2576 per
1889 2505 2098 2562 litteras
2139 2503 2324 2577 ﬂagito
2371 2515 2432 2559 ut
2481 2505 2738 2576 quoniam
2801 2509 2963 2563 statui
3020 2509 3318 2566 Eeclesiam

1728 2636 2014 2694 Genovefm
2064 2636 2408 2703 Parisiensis,
2445 2635 2538 2708 qui
2568 2638 2690 2692 dein
2737 2639 3018 2709 episcopus
3045 2635 3147 2696 fuit
3181 2641 3318 2698 Tor-

1729 2710 1997 2774 nacensis,
2031 2710 2345 2778 reparanda:
2369 2709 2612 2766 ecclesiae
2637 2724 2746 2764 suae
2771 2712 3036 2775 intentus,
3068 2711 3234 2768 levari
3258 2729 3319 2770 se

1728 2788 2036 2854 sumptuum
2062 2779 2478 2854 parte_pos_tu|at
2502 2796 2531 2854 a
2558 2778 2905 2854 Waldemaro
2933 2784 3188 2854 episcopo
3216 2784 3316 2840 Se-

1727 2849 2021 2926 lewicensi,
2050 2865 2156 2920 quo
2186 2849 2462 2926 plumbum
2493 2850 2846 2926 Anglicanum
2885 2849 3072 2926 emere
3117 2849 3313 2926 possit,

1727 2922 1846 2976 usui
1878 2921 2116 2975 futurum
2157 2922 2224 2975 ad
2275 2921 2621 2990 operiendam
2663 2922 2832 2976 aedem
2883 2923 3028 2978 illam
3078 2921 3311 2982 sacram.

1726 2992 1802 3047 lla
1830 2993 1973 3070 enim
2001 2993 2067 3046 ad
2095 2992 2438 3070 e_um__scribit
2479 2993 2530 3045 in
2559 2992 2784 3070 epistola
2841 2995 2944 3070 [65
2973 3013 2986 3048 :
3021 2996 3188 3070 ¢_Eos
3237 2998 3315 3070 (id

1727 3071 1828 3126 est,
1861 3064 2095 3132 parietes
2123 3062 2359 3118 basilicae
2411 3073 2614 3136 sancth
2641 3064 2948 3136 Genovefae)
2980 3066 3203 3122 reﬁcere
3230 3062 3315 3124 i'n-

59 3136 233 3215 {aliter
259 3135 506 3215 coniugio
554 3135 752 3190 sociari
792 3123 1058 3215 perinisit.
1086 3151 1109 3212 ,ι
1140 3123 1621 3215 ΙῖΊιιόοιιιςΓιὶιιξιΙΙιι)ἶ
1650 3123 1702 3186 Ο»
1727 3123 2011 3205 coepimus,
2067 3142 2376 3215 comparata
2412 3132 2525 3214 jam
2585 3133 2853 3215 lignorum
2905 3123 3315 3215 tiiacerie,_qua3

59 3222 94 3259 ιι
127 3205 268 3260 Hist.
292 3201 510 3277 Rhein"
536 3222 656 3277 cap.
683 3221 758 3260 xu
785 3201 804 3258 ε’
829 3223 847 3255 ι
881 3206 954 3277 De
980 3201 1626 3277 coniunctioneBaldujni

59 3278 260 3331 :omitis
287 3286 340 3330 et
369 3270 555 3333 Juditb
585 3270 840 3332 indebita.
873 3274 1003 3342 Quae
1043 3273 1249 3330 scilicet
1277 3274 1482 3338 Judith,
1528 3274 1626 3329 Ca-

65 3349 341 3420 oliﬂregis
392 3348 535 3420 ﬁlia,
579 3345 852 3420 Etlilnulfo
898 3346 1008 3414 regi
1067 3346 1394 3420 Anglorum,
1442 3347 1532 3420 qui
1574 3355 1627 3400 et

59 3417 380 3478 idclboldus,
408 3419 606 3473 dudum
635 3417 808 3472 fuerat
845 3419 896 3470 in
921 3417 1327 3482 matrimonium
1354 3417 1621 3486 copulata,

59 3499 92 3543 τι
138 3491 336 3559 regina:
381 3490 580 3544 decore
611 3504 676 3542 ac
716 3488 1089 3559 benedictione
1125 3488 1410 3559 insignita.
1448 3507 1465 3538 ι
1517 3489 1625 3540 Ex-

65 3557 262 3615 tantin
289 3561 427 3615 libro
449 3559 817 3629 Capitulorutn
844 3557 1018 3629 Caroli
1045 3557 1189 3611 Calvi
1224 3558 1626 3613 Lenedicliones

67 3633 224 3702 utlilb
263 3631 436 3695 istius,
464 3626 707 3702 ejusdem
736 3626 1100 3702 Carolililia;
1146 3630 1378 3702 primum
1411 3630 1626 3696 (pratulo

59 3699 322 3757 .encdicta
370 3711 455 3758 est
493 3698 552 3757 ut
596 3717 794 3771 sponsa
835 3698 1112 3764 fEdilulti,
1165 3699 1357 3754 deinde
1403 3715 1531 3754 vero
1569 3707 1628 3754 ut

61 3789 248 3828 θριιιθ.

98 3817 474 3901 {iulio-mittens.
524 3844 658 3900 illud
702 3844 885 3898 dicere
924 3841 1092 3897 voluit
1139 3841 1340 3911 Lupus,
1385 3844 1525 3898 freto
1567 3858 1625 3899 se

60 3916 367 3982 .isjunctum
396 3933 515 3971 esse
553 3916 621 3969 ab
645 3913 907 3968 rEdilulfo
936 3913 1231 3984 Anglorum
1263 3929 1404 3985 rege.
1445 3913 1626 3968 Conti-

59 4002 180 4041 lt‘llS
218 3996 397 4041 autem
443 3989 581 4042 dixit
627 4002 725 4055 pro
774 3985 944 4050 mari,
1000 3985 1291 4053 impropria
1335 3986 1625 4040 admodum

62 4057 452 4128 igniﬁcatione.
486 4058 618 4113 Nam
643 4059 910 4128 continens
938 4057 1134 4128 dicitur
1162 4065 1305 4109 terra
1339 4072 1458 4125 qtue
1487 4056 1625 4112 mari

66 4127 272 4197 djacet.
326 4130 474 4184 Unde
525 4129 706 4184 Sicilia
760 4127 930 4181 insula
983 4127 1182 4182 dicitur
1233 4143 1261 4180 a
1313 4128 1627 4182 continente

65 4200 224 4253 vulsa
261 4200 328 4254 ob
355 4212 590 4255 veterem
617 4199 873 4253 fabulam.
908 4197 1037 4252 Vide
1070 4197 1524 4252 Freinsheiminm
1557 4198 1624 4252 ad

59 4275 97 4336 ρ.
155 4271 399 4350 Curtium
456 4273 545 4328 lib.
587 4287 660 4338 tv,
708 4285 825 4340 cap.
856 4271 950 4334 11,
997 4269 1066 4323 ad
1112 4268 1261 4324 illum
1305 4270 1524 4325 locum:
1570 4271 1625 4323 in

60 4353 321 4396 ontmentt
352 4360 440 4399 υοδ
469 4360 597 4398 ϐεδε.

106 4414 138 4452 b
183 4411 372 4484 felice.
405 4414 537 4469 Vide
561 4411 842 4484 epistolam
862 4420 1212 4484 sequentem.

1727 3215 1783 3280 et
1811 3204 2202 3275 Superponatur
2229 3204 2497 3280 innovatis
2535 3204 2848 3280 parietibus,
2887 3215 2940 3262 et
2970 3216 3110 3263 tecto
3138 3204 3315 3280 plum—

1725 3277 1828 3330 beo
1857 3285 2211 3346 supponatur.
2261 3275 2373 3330 Sub
2415 3277 2648 3346 quodam
2699 3276 2895 3332 rubore
2945 3275 3315 3337 mendicantes

1728 3363 2002 3416 rogamus,
2034 3357 2088 3400 et
2116 3347 2372 3415 petimus,
2405 3356 2463 3402 ut
2492 3347 2691 3416 aliquid
2718 3349 2782 3401 de
2812 3348 3072 3405 benevola
3123 3367 3185 3406 ac
3213 3352 3310 3408 be-

1728 3422 1899 3493 nctica
1955 3417 2277 3472 liberalitate
2309 3427 2483 3493 vestra
2515 3419 2669 3473 nobis
2705 3419 3092 3493 mittatis,quo
3137 3422 3314 3493 plum-

1729 3490 1853 3544 bum
1883 3505 2149 3551 eluamus,
2193 3503 2297 3561 non
2331 3489 2654 3552 Romanum,
2689 3491 2781 3545 sed
2825 3489 3315 3561 Anglicumeuo-

1729 3560 1871 3612 niam
1905 3561 2126 3629 Anglico
2159 3560 2377 3629 plumbo
2420 3570 2672 3628 teguntur
2722 3560 2987 3627 ecclesia},
3039 3560 3312 3618 nudantur

1726 3628 2022 3702 ltonnino.)
2042 3629 2258 3702 Curiam
2283 3628 2578 3684 Romanam
2604 3631 2689 3684 hic
2709 3631 2940 3702 satyrico
2958 3633 3312 3688 saledefricat

1729 3701 2056 3768 Stephanus,
2092 3701 2158 3774 ob
2192 3715 2309 3752 eam
2341 3702 2590 3774 videlicet
2632 3701 2850 3774 causam
2888 3703 3031 3770 quod
3076 3704 3163 3757 illa
3212 3719 3310 3774 pro

1727 3787 1857 3823 auro
1897 3787 1999 3823 non
2032 3771 2314 3833 carbones,
2349 3782 2405 3824 ut
2427 3773 2598 3834 aiunt,
2639 3772 2733 3825 sed
2765 3772 3040 3841 plumbum
3072 3771 3311 3830 tribuere

1727 3843 2135 3912 consuevissel,
2168 3841 2403 3910 illudque
2456 3843 2720 3912 inittietiso
2770 3844 2962 3912 pretio.
3019 3844 3170 3900 Unde
3217 3845 3309 3900 illa

1726 3911 1870 3965 Petri
1905 3911 2171 3987 Blesensis
2199 3912 2356 3987 verba
2387 3913 2450 3987 ad
2479 3911 3063 3987 llenricum’llregem
3101 3914 3306 3987 Anglo«

1731 3998 1847 4036 t‘unt
1887 3984 2175 4038 scribentis
2231 3983 2283 4036 in
2335 3983 2559 4051 cpistola
2614 3983 2679 4037 M
2712 4003 2723 4037 :
2760 4003 2778 4035 ι
2828 3984 3012 4040 Nuulii
3060 3983 3224 4042 vestri
3273 4005 3306 4044 a

1727 4053 1967 4130 lloinana
2001 4054 2153 4130 curia
2181 4053 2473 4118 redierunt,
2501 4055 2777 4110 exonerati
2819 4055 3035 4126 quidem
3062 4067 3314 4130 argento,

1726 4127 1935 4180 onerati
1965 4125 2200 4194 plumbo.
2245 4144 2262 4176 ι

1806 4195 1945 4271 ῐῌΑά
1979 4196 2224 4271 Felicem.
2256 4195 2487 4271 edito
2508 4197 2722 4268 legitur,
2759 4200 2826 4271 (id
2850 4197 3088 4271 Felicem
3105 4201 3308 4271 regium

1728 4267 1989 4331 scribam;
2029 4269 2169 4337 quod
2210 4267 2449 4339 additum
2502 4267 2628 4339 puto
2679 4285 2708 4323 a
2760 4269 3027 4327 Massono.
3070 4267 3205 4325 Nam
3258 4274 3311 4327 in

1729 4340 1894 4393 veteri
1924 4339 2108 4411 codice
2135 4338 2268 4393 nihil
2320 4339 2370 4411 in
2400 4338 2567 4411 titulo
2600 4342 2755 4396 istius
2805 4341 3044 4410 epistola:
3095 4341 3313 4411 legitur,

1727 4419 1927 4479 praeter
1967 4410 2078 4464 haec
2109 4411 2287 4471 verba,
2329 4410 2406 4462 Ad
2445 4409 2694 4464 Felicem.
2744 4412 2810 4466 Et
2839 4409 2970 4467 sane
3004 4409 3167 4477 tum,'
3189 4429 3313 4468 eum

107 4495 130 4522 ε
169 4482 454 4552 Epistolar.
507 4503 553 4539 v.
594 4481 790 4554 ‘0ﬁicio.
845 4481 975 4537 Erat
1015 4498 1144 4554 ergo
1186 4482 1336 4538 Felix
1387 4483 1630 4539 notarius
1661 4486 1709 4547 D
1737 4484 1849 4554 inec
1879 4481 2113 4554 epistola»
2129 4481 2328 4551 scripta
2351 4491 2450 4547 est,
2475 4483 2558 4536 vir
2581 4482 2668 4537 ille
2694 4499 2798 4537 non
2835 4484 3153 4554 eratregius
3182 4483 3315 4538 εει-ῖς

59 4555 301 4618 Ειιὶιιιηὶ,
331 4555 412 4610 vel
446 4557 654 4612 fortean
681 4554 1055 4610 cancellarius.

102 4625 131 4664 ιι
167 4625 628 4691 Mediterraneum,
653 4627 703 4679 id
727 4636 826 4691 est,
848 4626 1002 4694 longe
1033 4625 1216 4680 amari
1231 4634 1624 4680 constructum.

60 4709 227 4766 laque
283 4697 339 4751 in
400 4700 643 4767 margine
691 4698 886 4752 veteris
946 4697 1168 4762 codicis,
1219 4697 1304 4751 his
1352 4697 1626 4764 octoginta

63 4770 196 4821 nnis
223 4769 337 4822 haec
365 4768 704 4838 glossematis
725 4769 843 4822 vice
874 4768 1084 4837 adjecta
1103 4776 1244 4828 sunt,
1270 4768 1326 4821 id
1345 4776 1419 4822 est
1443 4767 1627 4821 amari

60 4839 398 4894 'uminibusve
430 4850 714 4905 remotum;
745 4840 911 4910 quod,
939 4841 1007 4893 ob
1054 4839 1377 4909 imperitiam
1422 4839 1628 4893 exscri-

69 4921 279 4973 torum,
312 4912 364 4965 in
399 4921 603 4966 textura
652 4911 774 4965 dein
816 4922 1092 4979 receptum
1151 4920 1236 4964 est
1277 4910 1331 4963 in
1387 4910 1626 4964 editione

59 4982 296 5035 lassoni.
331 4981 463 5037 Nam
497 4983 582 5037 bis
607 4984 828 5037 carebat
854 4981 1252 5050 mauuscriptus
1279 4980 1469 5043 codex,
1503 4996 1626 5034 nos-

67 5069 141 5105 ue
177 5053 468 5108 editionem
520 5063 759 5109 nostram
787 5053 854 5108 iis
879 5067 1070 5107 carere
1087 5049 1281 5106 debere
1295 5049 1625 5116 censuimus,

63 5126 100 5177 li
133 5138 255 5177 eam
284 5140 522 5180 causam.
555 5125 766 5180 Absunt
800 5125 964 5179 etiam
1011 5123 1078 5178 ab
1127 5123 1362 5177 editione
1393 5120 1630 5176 Duchcs-

111 5278 135 5302 (ε
185 5264 402 5336 Operire
455 5267 684 5337 plumbo.
755 5267 1047 5336 Postquam
1116 5263 1299 5336 Lupus
1344 5263 1630 5337 eccleSIam

71 5339 364 5392 tOttttSlct‘ii
418 5336 778 5394 Ferraricnsis
811 5339 1192 5403 mdiﬁcavcrat,
1240 5336 1633 5403 cediﬁciumque

60 5409 170 5460 llud
205 5410 348 5464 ineo
379 5418 517 5464 statu
544 5420 709 5475 esset,
757 5420 814 5463 ut
852 5409 983 5463 nihil
1034 5409 1140 5463 illic
1187 5417 1380 5478 prreter
1431 5413 1632 5478 tectum

60 5479 468 5544 .vsidcraretur,
509 5481 715 5536 litteras
738 5483 802 5536 ad
835 5479 1150 5534 Aidiluli‘um
1188 5476 1387 5550 iegem
1429 5476 1631 5547 Anglo-

65 5567 164 5602 mn
201 5553 615 5619 piculissimum,
649 5563 698 5606 et
722 5555 784 5606 ad
816 5552 1045 5606 Felicem
1102 5553 1304 5622 regium
1359 5551 1631 5619 querulum

60 5624 318 5675 talarium
373 5625 535 5688 dedit,
586 5626 783 5692 quibus
813 5641 904 5677 eos
960 5635 1078 5678 orat
1136 5634 1190 5676 ut
1245 5622 1519 5691 plumbum
1564 5635 1632 5692 ex

60 5693 238 5754 #321131!
287 5695 384 5748 sibi
424 5691 782 5764 suppeditent,
818 5696 956 5763 quini
1009 5697 1122 5747 usui
1174 5710 1291 5748 esse.
1347 5703 1522 5760 posset
1564 5691 1629 5744 ad

60 5766 396 5833 ritefl'lCll‘itiill
438 5771 709 5837 tmnplnm.
758 5771 845 5821 ific
895 5769 1195 5835 .5’i..-',2iiantts
1236 5765 1401 5820 abluas
1431 5773 1632 5816 actu-lic

1734 4552 1822 4625 lla,
1856 4553 2066 4625 iatltctsi
2090 4551 2457 4625 forteancsset
2487 4551 3126 4625 interitiiitposZEdilulfi
3144 4555 3308 4625 tegis.

1733 4621 1867 4676 Nam
1912 4623 1964 4676 in
2015 4623 2291 4692 superiore
2321 4623 2544 4691 epistola
2587 4623 2720 4678 dixit
2765 4621 2983 4694 Lupus:
3016 4622 3099 4677 Ea:
3138 4621 3314 4694 Felice

1732 4694 1912 4756 didici,
1940 4695 2029 4763 qui
2084 4693 2419 4760 epistolarum
2451 4705 2736 4748 vestrarum
2773 4693 2938 4764 oﬂlcio
2975 4693 3311 4764 fungebatur,

1730 4766 1882 4834 quod
1903 4774 1983 4817 est
2012 4765 2268 4834 praeteriti
2303 4765 2581 4834 temporis.

1806 4838 1828 4874 Β
1851 4829 1900 4887 Μ
1911 4829 2170 4888 ana—sterio
2189 4834 2364 4906 Ferte.
2383 4829 2456 4887 ita
2476 4837 2675 4890 diserte
2689 4835 2857 4890 codex
2890 4837 3157 4890 manuscri
3165 4845 3312 4906 plus.

1728 4907 1784 4960 in
1817 4922 1913 4977 ora
1947 4915 2124 4959 tamen
2157 4906 2279 4959 libri
2307 4905 2387 4977 bis
2421 4906 2690 4977 octoginta
2734 4906 2888 4959 anuis
2916 4905 3175 4977 scriptum
3205 4917 3311 4974 est,

1734 4978 1772 5047 f.
1805 4975 2087 5049 lt‘ei'ruriw.
2125 4977 2224 5044 Qui
2257 4976 2399 5031 enim
2428 4986 2535 5029 tum
2567 4976 2776 5040 legebat
2811 4979 2908 5031 bas
2936 4975 3069 5048 Lupi
3110 4980 3312 5049 episto-

1735 5049 1836 5111 las,
1865 5047 2098 5101 nondum
2145 5056 2368 5102 noverat
2417 5049 2632 5100 ubinam
2665 5059 2930 5102 terrarum
2963 5047 3124 5103 situm
3147 5047 3316 5104 esset

1737 5119 2122 5173 monasterium
2153 5120 2320 5172 lt‘arze.
2354 5117 2482 5170 illud
2515 5118 2799 5172 dolendmn
2846 5120 2986 5188 quod
3038 5121 3125 5174 hic
3163 5137 3317 5175 error

1737 5190 2216 5259 iniposuitcrudito
2243 5190 2356 5243 viro
2376 5188 2588 5261 Papirio
2612 5188 2877 5254 Massono,
2902 5191 3009 5260 qui,
3039 5192 3316 5261 repudiata

1738 5262 1967 5315 lectione
2025 5261 2255 5324 sincera,
2307 5260 2702 5381 supposititiam
2759 5263 2996 5316 retinuit.
3039 5260 3128 5317 Sic
3167 5265 3316 5320 enim

1739 5333 1927 5381 edidit.
1961 5333 2014 5381 in
2039 5344 2350 5381 monasterio
2423 5334 2721 5381 crmrtensi-
2771 5345 2896 5381 etc..-
2932 5348 3090 5381 uuam
3123 5333 3314 5381 lectio-

1739 5333 1927 5396 cdidit,
1961 5333 2014 5384 in
2039 5331 2350 5386 monasterio
2374 5331 2721 5392 Fcrrariensi,
2771 5345 2897 5397 ρῑιε.,
2932 5348 3091 5402 quam
3123 5333 3314 5398 lectio,-

1742 5420 1862 5456 ncm
1892 5404 2113 5456 retinuit
2138 5404 2303 5456 etiam
2330 5402 2576 5457 Andreas
2601 5403 2957 5460 Daciaesnius.
3003 5406 3099 5459 Est
3133 5414 3314 5460 autem

1739 5473 1891 5527 Fara:
1945 5475 2330 5527 monasterium
2375 5474 2424 5526 in
2478 5476 2693 5528 dicueesi
2738 5476 2992 5531 Meldensi
3025 5476 3206 5536 situm,
3261 5474 3317 5532 in

1739 5561 1874 5614 pago
1937 5545 2184 5598 videlicet
2219 5546 2451 5613 Brigcso.
2493 5546 2658 5614 Vulgo
2697 5546 3141 5601 ξ”ιιιιηοηδιὶθνεη
3173 5543 3314 5600 Brie.

1739 5616 1940 5669 Nmnen
1993 5617 2198 5684 accepit
2231 5633 2258 5669 ιι
2316 5616 2471 5677 ἰειιιηι,
2507 5618 2833 5684 pientissima
2880 5620 3099 5683 t'mnina,
3139 5633 3167 5671 a
3211 5631 3316 5686 qua

1743 5687 2016 5740 l'mnlatutn
2049 5698 2131 5740 est
2166 5689 2494 5757 temporalgzm
2529 5690 2807 5759 ηιξ-ἰωγῇ
2837 5692 2994 5756 regis.
