3902 6300
80 388 188 445 465

78 610 269 651 cessus
311 596 453 654 illius
487 599 779 657 vindictam
825 615 1026 662 nostrae
1070 607 1438 679 deprecationi
1477 612 1663 668 remit-

78 695 199 740 tere
243 702 349 742 non
405 688 785 761 dedignemini.
859 694 1136 768 Siquidem
1183 702 1507 759 temeritatis
1552 720 1663 761 sua:

76 776 216 831 adeo
243 777 464 848 dignum
489 778 653 836 refert
678 784 932 854 pretium,
964 797 1023 843 ut
1049 790 1093 845 si
1117 790 1208 859 qui
1243 790 1382 847 forte
1408 792 1520 849 sint
1545 791 1661 863 ejus

75 867 314 935 inimici,
364 878 555 938 tantm,
602 881 711 929 tam
740 877 1011 948 molestia,
1071 890 1181 937 tam
1224 883 1457 955 denique
1492 886 1661 942 infru-

73 969 280 1016 ctuosa
303 963 753 1034 peregrinationis
783 968 929 1026 illius
953 974 1255 1028 exsaturari
1284 975 1494 1045 possint
1519 978 1658 1049 inju-

72 1050 177 1104 ria.
248 1050 587 1108 Perditorum
631 1055 739 1128 37
789 1058 934 1114 enim
978 1062 1256 1118 hominum
1307 1066 1657 1137 acquiescens

70 1146 520 1203 circumventioni
548 1163 687 1219 pene
715 1167 885 1223 usque
910 1156 977 1211 ad
1010 1156 1227 1213 ultimas
1254 1158 1440 1217 Galliae
1467 1172 1651 1233 partes

68 1237 338 1293 abductus
384 1247 504 1306 est;
556 1241 810 1313 omnique
855 1260 956 1316 ope
986 1248 1247 1315 nudatus,
1296 1251 1421 1308 inde
1468 1253 1535 1310 ad
1558 1270 1655 1312 vos

69 1344 272 1400 magno
296 1345 419 1385 eum
453 1332 670 1399 rubore,
707 1343 765 1389 ut
802 1336 1017 1404 videtis,
1052 1342 1358 1399 revertitur.
1388 1344 1652 1412 Quocirca

69 1428 256 1475 vestra
299 1420 587 1479 clementia
632 1426 835 1482 nostris
877 1426 1015 1484 ﬂexa
1059 1432 1312 1501 precibus
1358 1445 1413 1491 et
1440 1437 1651 1509 culpam

67 1512 357 1583 dignanter
390 1515 697 1589 indulgeat,
754 1527 808 1576 et
851 1521 1069 1591 pietatis
1112 1527 1377 1596 gremium
1405 1528 1455 1584 ei
1489 1530 1650 1587 citius

70 1604 358 1670 pmnitenti
383 1608 609 1677 aperiat.

574 1758 911 1820 EPISTOLA
949 1765 1135 1822 XVIII.

60 1909 366 1958 QUIBDSDAI
392 1911 685 1954 FBA'I’RIBUS
706 1911 773 1953 EX
801 1914 1139 1958 IONASTERIO
1162 1914 1186 1943 n
1211 1918 1396 1961 SANC'I'I
1423 1921 1644 1964 AIALDI.
1674 1895 1723 1957 B

138 2049 479 2108 Charissimis
507 2051 765 2111 fratribus
790 2071 973 2126 gupus
1000 2057 1054 2112 in
1087 2058 1314 2116 Domino
1337 2061 1585 2118 salutem.

136 2141 165 2181 ιι
196 2139 388 2196 Curam
417 2144 583 2199 vestri
611 2158 711 2201 nec
741 2161 826 2202 me
852 2149 1043 2219 cupide
1072 2152 1342 2221 appetisse
1368 2169 1467 2210 nec
1496 2154 1645 2212 insa-

57 2229 239 2287 lenter
276 2231 554 2302 excepisse
601 2236 842 2303 vidistis,
898 2240 1041 2310 quod
1088 2242 1412 2310 parvitatem
1465 2258 1642 2300 meam

55 2322 259 2392 duplici
288 2338 454 2379 onere
481 2329 726 2395 gravari,
774 2343 880 2385 non
927 2334 1183 2401 provehi,
1239 2333 1397 2391 facile
1426 2339 1637 2395 sentieu

52 2414 185 2469 bam
209 2431 224 2480 ;
264 2424 316 2470 et
343 2432 484 2473 nunc
510 2420 755 2475 eamdem
780 2437 968 2479 curam
993 2425 1046 2480 in
1074 2438 1323 2498 promptu
1351 2439 1436 2485 est
1461 2430 1633 2500 conji-

51 2520 187 2560 cere
233 2523 318 2562 me
345 2508 574 2564 libenter
602 2510 902 2581 deponere,
955 2531 1056 2572 nec
1083 2517 1243 2576 alicui
1267 2535 1388 2575 eam
1426 2525 1636 2592 gerenti

50 2598 398 2667 aliquatenus
427 2602 705 2670 invidere;
746 2607 1012 2677 siquidem
1038 2619 1092 2665 et
1116 2612 1233 2666 sine
1259 2612 1444 2669 dolore
1478 2618 1637 2671 amit-

51 2696 246 2743 tuntur
288 2708 405 2761 quae
431 2694 632 2764 absque
671 2696 1044 2755 delectationis
1072 2702 1319 2759 illecebra
1351 2707 1635 2776 possiden-

46 2790 186 2849 tur;
216 2793 268 2839 et
282 2784 441 2865 juxta
471 2786 534 2840 Β.
567 2788 878 2859 Apostolum
909 2791 1077 2863 (Phil.
1106 2795 1169 2867 ι),
1199 2796 1313 2851 sive
1338 2813 1403 2853 ex
1433 2799 1634 2853 verita-

49 2883 130 2939 te,
165 2875 272 2930 sive
297 2892 361 2931 ex
402 2880 715 2946 occasione,
767 2882 1016 2940 Christus
1064 2889 1439 2955 annuutietur,
1486 2899 1541 2947 et
1578 2892 1631 2947 in

46 2963 160 3019 hoc
182 2967 382 3036 gaudeo
420 2977 473 3022 et
510 2971 771 3040 gaudebo.
823 2972 1057 3030 Proinde
1093 2975 1307 3033 videtur
1337 2981 1468 3035 mihi
1499 2984 1632 3037 obe-

45 3056 303 3112 diendum
344 3060 496 3115 vobis
538 3075 660 3117 esse
704 3065 789 3118 cui
818 3067 1148 3136 praecipitur,
1196 3078 1251 3125 et
1281 3072 1347 3126 ad
1376 3076 1632 3143 generale

45 3146 306 3215 placitum
321 3151 733 3217 occurrendum,
753 3156 894 3223 quod
918 3156 971 3209 in
994 3159 1195 3228 praidio
1222 3163 1452 3229 quodam
1474 3162 1628 3218 Pari-

45 3236 278 3301 siorum,
307 3239 390 3293 cui
421 3250 442 3278 ο
474 3238 731 3312 Bonogilo
759 3259 953 3299 nomen
977 3256 1083 3311 est,
1112 3248 1328 3318 incipiet
1355 3250 1471 3305 Kal.
1502 3251 1627 3309 Julii
1656 3246 1700 3309 C

45 3329 333 3386 celebrari.
353 3333 382 3372 ά
409 3332 594 3389 Sacris
619 3336 762 3390 enim
792 3339 932 3409 regis
958 3340 1163 3405 obniti,
1195 3345 1497 3411 praesertim
1527 3346 1630 3402 hoc

45 3431 311 3491 tempore,
358 3424 719 3493 periculosum
769 3429 1038 3485 existimo.
1090 3430 1451 3503 Exiguitatem
1498 3452 1627 3493 vero

48 3527 271 3579 meam,
321 3514 363 3570 si
402 3516 510 3570 vita
555 3533 740 3575 comes
768 3519 950 3587 fuerit,
994 3524 1197 3594 absque
1226 3526 1538 3585 dillieultate
1570 3532 1625 3585 in

45 3618 315 3662 conventu
341 3612 644 3680 reperietis.
671 3614 824 3681 Quod
847 3617 892 3671 si
917 3619 1123 3675 tardius
1145 3636 1306 3690 quam
1323 3624 1629 3682 voluissetis

45 3711 346 3781 pignsentes
394 3704 544 3759 vobis
585 3706 809 3763 reddita:
852 3708 1053 3765 fuerint
1093 3712 1326 3777 litterie,
1363 3718 1625 3773 noveritis

45 3800 262 3846 vestras
291 3808 343 3846 ix
373 3792 490 3847 Kal.
516 3794 621 3851 Jul.
654 3798 783 3851 mihi
808 3797 973 3854 fuisse
1014 3801 1224 3867 allatas,
1261 3816 1316 3857 et
1343 3819 1489 3860 meas
1514 3805 1627 3877 ω

45 3883 310 3953 postridie
353 3885 471 3955 ejus
517 3887 620 3942 diei
669 3889 912 3947 traditas.
968 3892 1069 3949 Mei
1099 3893 1328 3967 benigne
1358 3912 1625 3954 memores

45 3974 208 4043 :upio
237 3989 330 4030 vos
356 3976 536 4032 valere
562 3977 811 4035 feliciter.
900 3994 905 3999 '

112 4163 141 4191 ι
178 4148 359 4232 βατιαιὶ
387 4153 636 4211 Amandi.
666 4156 1014 4229 Elnonensis,
1067 4164 1120 4219 in
1148 4164 1367 4223 dioecesi
1412 4168 1623 4226 Torna-

45 4237 61 4254 ι
105 4234 217 4275 ηει.

45 4236 144 4331 Δὶ)
174 4288 367 4381 Curam
388 4296 568 4381 patri.
599 4298 881 4356 Assentior
909 4303 1114 4381 Donato
1151 4306 1413 4374 Candide,
1435 4312 1525 4381 qui
1554 4329 1620 4369 ex

50 4378 150 4417 ioc
181 4361 297 4416 loco
322 4364 534 4440 collegit
562 4383 749 4440 curam
777 4376 1159 4430 monachorum
1194 4361 1620 4440 sanctivAi'nandi

45 4433 198 4501 iiupo
209 4433 542 4522 mundoque
571 4436 736 4522 fuisse
757 4445 1121 4522 commissam.
1157 4448 1221 4503 Et
1243 4433 1618 4522 patctVL—upum‘

46 4519 159 4557 um
207 4502 372 4590 fuisse
430 4502 677 4590 abbatem
726 4512 860 4568 alius
914 4516 1211 4590 cujuspiam
1243 4502 1611 4590 'monasterrii,

46 4587 239 4668 :enipe
270 4574 654 4658 Ferraricnsis,
679 4595 806 4668 culp
824 4574 1205 4642 minuasteriiiiii
1231 4574 1397 4645 sancti
1422 4574 1616 4668 Xman:
1641 4606 1695 4668 Ι)

121 4644 230 4712 ipsi
249 4646 607 4731 commissum
633 4660 734 4705 est.
764 4653 896 4707 Nam
920 4671 1017 4731 per
1045 4672 1138 4731 eas
1164 4644 1616 4731 tempes’talégiiﬁ-

45 4713 152 4789 εἰιεεΔ
180 4714 449 4789 principes
490 4717 642 4789 plura
677 4713 1005 4781 monasteria
1048 4713 1618 4789 tribuebiintunivAvl—i-

46 4782 189 4837 rati.
207 4782 551 4872 Verpinﬂu'ia
573 4797 627 4844 et
655 4790 835 4872 [:upus
857 4796 1051 4865 duplici
1078 4782 1248 4872 onere
1264 4782 1618 4872 gravabatur,

45 4863 87 4906 el
112 4856 368 4930 monachi
401 4857 475 4911 illi
499 4874 642 4927 aigre
662 4856 906 4919 ferebant
929 4856 1055 4921 eum
1086 4869 1188 4923 sibi
1212 4856 1327 4925 dari
1368 4856 1618 4930 abbatem

45 4924 127 4993 lui
165 4940 290 4977 raro
320 4924 1227 5010 praesentiam__suam_exhibiturus
1274 4924 1616 5010 ipsi§"é§éei,

45 4999 603 5075 nonasteriumjllud
642 5003 730 5057 alii
788 5005 1019 5075 cuipiam
1078 4999 1423 5065 commissum
1466 4999 1620 5071 esta

45 5065 304 5150 {ri-incipe,
339 5066 494 5150 facile
517 5065 1214 5150 lubenterqueassentiente
1242 5080 1388 5150 Lupo
1417 5065 1614 5139 donum

52 5136 140 5215 ibi
186 5136 368 5224 datLum
400 5139 451 5193 in
490 5140 653 5224 alium
695 5136 991 5224 transferri.
1037 5148 1242 5221 Quippe
1287 5136 1615 5224 intelligeba—t

48 5207 171 5285 aiis
192 5206 316 5261 .sibi
355 5212 765 5285 occupationum
793 5216 937 5272 domi
979 5206 1214 5285 essm-et
1242 5236 1364 5277 eum
1391 5206 1488 5277 vii)
1508 5206 1613 5280 Sibi

47 5276 285 5352 allicere
310 5293 467 5352 posse
491 5276 582 5352 qui
607 5284 688 5339 vel
712 5287 868 5341 unius
894 5276 1203 5346 monasterii
1229 5276 1414 5348 curam
1438 5276 1618 5351 susce-

50 5346 196 5408 crit,
228 5346 394 5405 multo
423 5346 601 5407 minus
629 5354 874 5411 duorum.

103 5428 126 5453 ε
168 5416 446 5496 Bouogilo‘.
485 5422 615 5496 Vico
654 5427 765 5496 agri
814 5427 1155 5496 Parisiensis,
1210 5448 1369 5496 quem
1418 5434 1613 5493 Bonoi-

50 5502 375 5565 imnvocant
408 5490 648 5563 Capitula
677 5490 851 5552 Caroli
889 5499 1074 5565 Calvi,
1124 5490 1176 5558 et
1202 5490 1609 5564 Hiucmarusin

51 5556 353 5633 mafatioue
378 5556 690 5632 posterioris
734 5556 1073 5626 refutationis
1092 5556 1447 5632 Goteselialci.
1474 5578 1603 5633 Exi-

45 5630 219 5683 timat
268 5630 469 5720 autem.
498 5634 824 5720 §irinondus
885 5640 1228 5720 Hincmarum
1270 5630 1344 5701 de
1388 5630 1452 5703 eo
1474 5630 1605 5720 ipso

45 5711 305 5783 PII-Vell!!!
332 5705 773 5783 app-dponoilum
804 5711 945 5783 loqui
969 5713 1120 5783 cujus
1146 5716 1277 5769 Acta
1301 5705 1524 5774 exstant.
1547 5705 1600 5776 in

45 5769 233 5823 isdem
265 5769 441 5855 Calfoli
473 5775 616 5859 Calvi
645 5769 933 5859 Capitulis,
985 5769 1599 5859 LupumAde—alioqqu

45 5854 149 5892 aui
193 5844 489 5911 superiore.
529 5847 666 5902 Fieri
703 5844 880 5904 tamen
921 5844 1095 5921 potest
1124 5865 1179 5909 ut
1204 5857 1433 5914 indictus
1474 5844 1601 5915 con-

1525 406 1909 467 EPISTOLA‘I.

77 500 429 559 destinandas
455 500 825 576 decrevimus,
870 506 1065 580 quibus
1103 508 1456 583 imploramus
1478 524 1537 571 ut
1566 532 1660 573 ex-
1686 532 1740 593 Α

3229 438 3338 496 666

2295 528 2625 595 EPISTOLA
2665 538 2804 598 XIX.

2145 634 2167 661 ⁸
2203 638 2270 679 AD
2304 641 2640 685 BERIBOLDUI
2672 646 2983 691 EPISCOPIJI.

1835 725 2300 822 lixcellentissimo
2326 742 2542 810 praesuli
2570 743 2861 804 Heriboldo
2884 748 3088 822 Lupus.

1834 818 2060 888 Quidam
2085 835 2324 884 vestrum
2349 834 2665 903 monachus,
2682 837 2768 893 cui
2781 818 3002 897 Joannis
3015 857 3211 902 nomen
3230 856 3336 916 est,
3398 848 3405 863 '

1760 914 2044 971 nobiscum
2084 918 2136 973 in
2190 926 2519 983 monasterio
2563 939 2750 988 nostro
2798 944 3066 1002 versatur,
3114 949 3341 1012 propter

1759 1007 2051 1075 quamdam
2082 1012 2459 1070 necessitatem
2499 1032 2531 1072 a
2576 1021 2806 1090 quodam
2837 1022 3006 1081 fratre
3030 1007 3339 1088 nos—tro'vo-

1759 1108 1933 1167 catus,
1980 1117 2012 1157 a
2052 1119 2139 1159 me
2181 1114 2360 1163 autem
2400 1119 2588 1178 postea
2627 1123 2887 1185 retentus,
2925 1122 3071 1191 quod
3095 1132 3153 1179 et
3178 1127 3339 1186 nobis

1756 1191 1997 1263 prodest,
2027 1202 2082 1250 et
2103 1195 2158 1251 in
2180 1200 2427 1255 cmnobio
2458 1202 2599 1274 ejus,
2638 1213 2696 1260 ut
2733 1209 3059 1279 audivimus,
3086 1214 3337 1288 indigen-

1758 1281 1831 1336 tia
1870 1282 2164 1342 laboratur.
2198 1287 2316 1356 Quo
2352 1295 2669 1366 congregari
2717 1299 2954 1371 undique
2992 1281 3336 1364 fratres'vos

1755 1377 2075 1447 princepisse
2101 1383 2457 1451 comperiens,
2487 1386 2794 1444 celsitudini
2817 1397 3007 1448 vestra:
3032 1394 3133 1452 hos
3155 1394 3334 1454 direxi

1754 1469 1953 1539 apices,
1995 1474 2275 1541 postulans
2298 1486 2356 1532 ut
2376 1488 2432 1533 et
2461 1479 2606 1535 hunc
2632 1482 2765 1537 mihi
2790 1483 3099 1555 aliquandiu
3120 1482 3330 1561 jconce-

1752 1558 1915 1625 datis,
1958 1570 2015 1617 et
2061 1575 2323 1633 quantum
2374 1570 2548 1625 audeo
2581 1572 2893 1643 suppliciter
2934 1558 3226 1647 implorans
3268 1590 3331 1637 ut

1752 1651 2045 1707 secundum
2078 1655 2370 1727 ingenitam
2402 1661 2556 1716 vobis
2595 1663 2979 1735 benignitatem
3007 1678 3063 1723 et
3106 1670 3329 1742 imposi-

1751 1747 1863 1795 tam
1900 1743 2060 1799 ollicii
2092 1746 2423 1818 diligentiam
2454 1752 2573 1808 loco
2615 1754 2691 1808 illi
2716 1758 3052 1824 consulatis;
3092 1774 3160 1816 ne
3185 1759 3328 1819 forte

1753 1830 1979 1888 fratrum
2012 1839 2231 1905 penuria
2275 1856 2378 1895 non
2424 1842 2600 1899 solum
2644 1845 2783 1902 bona
2813 1857 2993 1905 vestra
3042 1851 3330 1921 obscuret,

1752 1936 1935 1977 verum
1962 1926 2125 1980 etiam
2166 1926 2259 1982 Dei
2289 1932 2455 1987 nostri
2480 1974 2495 2000 ,
2526 1936 2592 1990 ad
2623 1937 2776 2008 cujus
2803 1941 3043 2008 quotidie
3060 1942 3328 2019 judicium

1747 2025 2131 2083 properamus,
2177 2030 2431 2088 provocet
2471 2022 2764 2092 offensam,
2816 2039 2872 2084 et
2915 2030 3324 2091 irrevocabilem

1748 2102 2010 2159 acceleret
2032 2106 2345 2164 vindictam.
2388 2110 2496 2168 Res
2540 2113 2683 2169 enim
2709 2118 3092 2178 ecclesiastica:
3116 2132 3172 2179 et
3199 2126 3322 2179 auio

1746 2207 1954 2249 marum
1983 2211 2112 2252 cura
2148 2209 2345 2269 quanta
2375 2204 2584 2260 cautela
2625 2210 2920 2267 tractandae
2951 2213 3059 2269 sint
3098 2230 3197 2271 nec
3223 2216 3321 2271 ad-

1745 2288 1947 2343 monita
1990 2300 2171 2346 vestra
2212 2294 2358 2349 videt
2388 2297 2692 2366 prudentia.
2735 2302 2966 2360 Proinde
3004 2315 3060 2361 et
3089 2308 3241 2365 vobis
3263 2319 3320 2366 et

1744 2381 1850 2436 illis
1897 2382 2156 2442 fratribus
2199 2390 2481 2456 consulite,
2515 2400 2573 2447 ut
2597 2396 2741 2450 etde
2771 2406 2948 2453 vestra
2988 2399 3316 2473 indulgentia

1742 2487 1797 2532 et
1833 2479 1897 2533 de
1934 2480 2161 2536 illorum
2207 2483 2576 2542 sublevatione
2621 2488 2950 2560 glorificetur
3003 2495 3170 2561 Deus,
3225 2499 3317 2567 qui

1741 2568 1966 2638 singulis
1990 2571 2099 2625 cito
2112 2573 2382 2649 retribuet
2414 2578 2556 2644 quod
2583 2590 2877 2636 merentur.
2928 2582 3150 2652 Valeas,
3205 2587 3317 2643 Do-

1739 2659 1884 2714 mine
1924 2660 2261 2728 cbarissime,
2296 2665 2509 2735 meique
2549 2670 2816 2739 praecipue
2836 2674 2890 2727 in
2915 2675 3086 2732 sacris
3109 2679 3317 2734 oratio-

1738 2750 1897 2806 nibus
1936 2753 2249 2811 meminisse
2277 2756 2534 2826 digneris.

2211 2868 2321 2941 39
2357 2870 2689 2930 EPISTOLA
2730 2876 2847 2934 xx.

2291 2999 2358 3037 AI)
2399 2982 2419 3022 ἲ
2465 2972 2759 3045 innixum.

3340 2778 3364 2919 ’ξ

1804 3092 1911 3149 Cha
1922 3094 2133 3151 rissimo
2153 3096 2303 3154 fratri
2319 3099 2537 3157 Alluino
2554 3103 2732 3174 Lupus
2755 3096 3039 3177 plurimam
3061 3116 3309 3175 salutem.

1804 3184 2020 3240 Littera:
2054 3189 2357 3246 sanctitatis
2386 3201 2490 3248 tum
2513 3210 2572 3248 ιιι
2621 3194 2739 3250 Kal.
2772 3197 2895 3255 Maii
2930 3204 3057 3259 milii
3088 3208 3311 3266 reddita:

1732 3285 1895 3330 sunt:
1925 3292 2153 3346 quarum
2196 3282 2460 3336 sententia
2492 3300 2715 3353 pronum
2764 3288 2816 3343 in
2846 3307 2929 3345 me
2960 3302 3107 3349 tuum
3136 3297 3313 3357 declae-

1732 3366 1873 3420 ravit
1902 3364 2173 3434 affectum,
2203 3371 2613 3444 haudquaquam
2647 3392 2776 3433 sane
2820 3380 2978 3438 aliter
3001 3372 3160 3456 quam
3188 3402 3313 3457 per-

1732 3468 1981 3525 ceperam
2024 3458 2205 3513 auimo
2246 3476 2309 3516 ac
2352 3462 2659 3521 firmissime
2705 3470 3023 3529 retinebam.
3068 3474 3312 3550 Namque

1731 3560 1851 3599 eum
1900 3556 2005 3600 tam
2047 3552 2415 3618 concorditer,
2467 3564 2681 3628 tamque
2723 3561 2987 3631 jucunde,
3032 3582 3097 3621 ac
3124 3567 3309 3625 forsan

1732 3643 1838 3689 tam
1868 3637 2126 3707 proﬁeue,
2174 3641 2483 3713 aliquandiu
2511 3663 2734 3720 peregre
2756 3651 3071 3720 vixerimus,
3099 3658 3188 3725 qui
3213 3673 3311 3728 po-

1731 3733 1868 3781 terat
1892 3744 2046 3784 amor
2070 3739 2174 3785 tam
2204 3732 2359 3804 longo
2388 3752 2486 3790 usu
2510 3748 2795 3796 concretus
2824 3742 3178 3801 labefactari?
3205 3746 3298 3802 In-

1732 3815 2044 3873 firmitatem
2069 3835 2199 3876 vero
2226 3839 2386 3893 quam
2414 3827 2704 3898 contigisse
2728 3830 2858 3885 mihi
2885 3832 3079 3889 audisti
3105 3850 3307 3907 cogno-

1728 3924 1849 3963 scas
1870 3908 2200 3966 exuberante
2223 3915 2367 3969 eirca
2398 3931 2500 3983 me,
2536 3928 2595 3973 ut
2618 3933 2832 3993 semper
2861 3934 2917 3978 et
2943 3922 2996 3979 iu
3025 3927 3303 3995 omnibus,

1727 4001 1908 4058 divina
1932 4004 2107 4075 gratia
2146 4006 2455 4065 detrimenti
2479 4011 2633 4079 nihil,
2683 4026 2741 4071 at
2761 4016 3110 4076 emolumenti
3136 4020 3303 4093 pluri-

1724 4188 1917 4268 ventus
1945 4179 2106 4268 fue‘ri‘t
2132 4184 2197 4268 ad
2220 4184 2488 4268 Kalendas
2511 4187 2660 4268 Julii,
2696 4195 2789 4249 sed
2815 4196 3057 4268 Augusto
3083 4202 3302 4261 demum

1726 4265 1911 4306 mense
1952 4252 2284 4340 celebratus:
2305 4248 2499 4340 “Multa
2545 4248 2689 4340 enim
2712 4248 3297 4340 ’_p§i~§5e‘ii?iu§iii55i'§

1724 4323 2022 4403 praesertim
2049 4325 2100 4406 in
2132 4327 2403 4409 republica
2430 4323 2928 4409 perturbgtissinia,'
2948 4323 3299 4409 quiet—tracta:

1725 4393 1923 4447 “""cm
1946 4393 3299 4480 8m“Nemeaeum-differripraemunitam.

1727 4472 1914 4517 ventus
1942 4479 2103 4550 porro
2126 4467 2215 4523 ille
2239 4467 2378 4538 apud
2402 4470 2684 4550 Bouoilu_m_
2699 4467 2923 4550 habitus
2944 4467 3050 4547 est,
3080 4492 3139 4536 ut
3161 4467 3305 4550 disi,“

1719 4548 1910 4659 gielnse
1951 4534 2225 4606 Augusto,
2264 4534 2406 4596 anno
2456 4558 2581 4601 vero
2618 4546 2741 4613 856,
2794 4534 3055 4619 prasente
3090 4534 3299 4612 Carolo

1764 4620 1790 4658 a
1817 4620 1880 4659 vo
1902 4620 2047 4659 reae.

1764 4620 1880 4659 8W0
1902 4620 2047 4660 7620.

1791 4621 2188 4760 ἆνὲτῖἓιῆἰῖτεθὶε
2217 4682 2499 4763 ορηἱςί.η1(1
2524 4694 2659 4763 (ξβιἈ
2684 4689 2943 4763 principis
2961 4699 3114 4763 jussa
3142 4707 3295 4763 sper-

1723 4760 1873 4810 nere,
1890 4760 2009 4828 qua:
2036 4748 2149 4828 ipse
2171 4752 2385 4822 scriptis
2407 4754 2598 4828 litteris
2619 4748 3027 4828 gig'nium'veli't;
3061 4762 3111 4816 id
3133 4748 3295 4824 ante

1723 4831 1816 4870 sua
1854 4818 2217 4899 periculosum
2254 4818 2761 4904 esseexistimabat
2803 4818 3027 4904 lippus;
3070 4818 3294 4904 propter

1722 4886 2084 4965 suspicionem
2113 4894 2438 4965 secessionis
2463 4905 2518 4950 et
2545 4898 2798 4965 partium.
2824 4886 2959 4954 Nam
2988 4886 3157 4958 Callia
3171 4886 3291 4961 Γιιιὶ-

1723 4957 2007 5039 serandiun
2041 4959 2091 5013 iu
2132 4962 2348 5039 modum
2379 4957 2706 5039 scissa-erat.
2743 4968 2925 5039 Itaque
2951 4957 3289 5032 suadetrni—o-

1723 5028 1913 5114 nacliis
1941 5028 2330 5114 Eluonensibus
2358 5044 2417 5114 ut
2439 5037 2506 5114 ad
2528 5028 2855 5094 conventuin
2876 5028 3288 5114 Bonogileusem

1719 5098 1996 5165 accedant,
2029 5116 2097 5155 ne
2123 5100 2469 5158 infortunium
2488 5107 2537 5159 in
2560 5122 2617 5162 se
2643 5121 2942 5166 accersaut.
2968 5098 3288 5175 'i'iinéiiiiéiﬁ

1720 5183 1951 5247 namque
1992 5179 2114 5247 erat
2152 5187 2239 5247 ne
2261 5175 2593 5247 suspicacem
2640 5179 2813 5234 Caroli
2858 5182 3004 5238 Calvi
3044 5188 3287 5247 animum

1717 5239 2037 5324 percelleret
2062 5239 2443 5324 illudfaein'us,
2462 5247 2519 5324 _si
2538 5250 2736 5324 adesse
2768 5239 3115 5324 negligerent.

1795 5320 1817 5393 ιε
1848 5309 2319 5398 ‘H‘eriboldmn'.
2348 5309 2893 5398 Autissiodorensem,
3088 5309 3285 5398 priefe.

1720 5381 1874 5435 rebat
1902 5379 2086 5457 titulus
2111 5383 2361 5457 epistolae
2377 5385 2429 5439 in
2465 5389 2701 5447 editione
2723 5379 2977 5450 Massoni.
3002 5379 3285 5457 Νοὲξιῖἀῖε

1719 5465 1921 5529 nomen
1939 5452 2197 5529 omissum
2226 5454 2491 5529 voluimus
2514 5459 2566 5514 in
2587 5460 2689 5516 hac
2714 5474 2916 5529 nostra,
2956 5467 3026 5523 ob
3045 5452 3283 5528 studium

1716 5521 2074 5603 antiquitatis,
2103 5532 2158 5603 et
2190 5525 2525 5606 quiadeerat
2550 5531 2601 5585 in
2636 5521 3022 5606 manuscriplo.
3051 5521 3284 5597 Virili-iit

1714 5593 1891 5681 lmagni
1917 5592 2156 5681 npminis'
2167 5592 2268 5681 per
2288 5594 2800 5681 illasntempestates,
2827 5592 2986 5676 upéte
3013 5592 3152 5664 sacri
3179 5592 3282 5681 ᾖῆζ

1711 5660 1822 5782 Ιίιιίιὶ
1860 5660 2334 5786 arglilicapellanus.
2378 5669 2507 5727 Vide
2544 5660 2663 5743 qua:
2703 5660 3282 5752 adnotamusﬂad'erpi.

1711 5744 1793 5786 Sto
1815 5748 1900 5786 ani
2001 5772 2014 5785 .

1709 5744 1900 5787 SlOlalll
1927 5744 2014 5786 ὒι.

1784 5800 1803 5839 ί
1837 5802 2128 5858 ΑΙιιιὶηιιηι.
2162 5804 2291 5864 Vide
2319 5820 2474 5869 notas
2501 5813 2567 5869 ad
2595 5815 2869 5885 epistolam
2894 5819 2982 5876 54.
3220 5864 3268 5881 ,..
