3902 6300
582 328 682 385 471

1590 312 1653 392 1i.
1696 337 1753 393 s.
1794 336 1952 397 LUPl
1987 335 2281 402 ABBATIS
2321 347 2825 413 FERRARIENSIS
3661 378 3726 433 tu

577 441 701 497 non‘
751 440 1100 498 mediocriter
1150 444 1337 498 mirari
1387 444 1572 513 soleo;
1626 463 1751 505 cum
1803 450 1848 506 si
1892 465 1956 506 ea
2005 452 2164 523 paulo

2274 467 2551 522 sanctitati
2578 479 2773 525 vestra:
2802 471 3068 543 significo.
3103 484 3127 514 ε
3155 473 3405 534 Dominus
3423 490 3576 538 noster
3592 484 3613 524 ιι
3634 492 3726 546 nein

576 533 889 603 diligentius
923 535 1321 603 consideretur,
1359 553 1468 593 non
1496 541 1658 596 modo
1684 540 1939 613 dignitati
1970 556 2164 601 vestrae

575 624 716 680 nihil
744 625 1109 696 derogaverit,
1141 642 1329 684 verum
1357 630 1523 685 etiam
1553 631 1808 689 detulerit
1849 634 2161 704 plurimum,

577 719 798 787 quando
822 719 875 774 id
895 720 1036 789 quod
1057 735 1156 776 nos
1177 736 1370 794 magna
1394 724 1621 793 cogebat
1645 724 1829 785 facere
1846 728 2165 794 necessitas,

579 816 832 871 utvestra
847 826 979 880 pace
988 821 1170 882 posset
1189 812 1305 869 fieri
1322 817 1587 872 exoravit.
1606 816 1839 874 Tantum
1852 821 2000 876 enim
2014 822 2171 877 abest

579 915 671 956 me
697 909 933 957 vestram
977 903 1246 974 cogitasse
1291 905 1547 977 injuriam
1572 915 1632 962 ut
1659 908 1872 965 sincera
1900 911 2171 967 charitate

581 998 764 1061 optem
790 992 1016 1062 gradum
1045 1002 1290 1078 vestrum
1338 998 1889 1071 praedicationemque
1910 1016 2010 1056 vos
2032 1001 2172 1057 inte-

583 1081 781 1151 gritate
809 1082 935 1138 vitae
972 1099 1189 1155 semper
1231 1102 1465 1157 aequare,
1499 1090 1742 1161 nihilque
1771 1092 1826 1147 in
1853 1106 1917 1148 ea
1945 1107 2171 1163 prorsus

584 1185 846 1240 apparere
876 1174 1023 1243 quod
1064 1177 1369 1232 sanctitatis
1399 1187 1595 1234 vestrae
1625 1181 1935 1251 opinionem
1960 1178 2172 1238 fuscare

582 1260 896 1329 praevaleat.
954 1262 1094 1320 Hinc
1136 1263 1240 1320 fuit
1282 1266 1425 1336 quod
1473 1270 1763 1341 propinqui
1800 1272 1969 1326 vestri
1997 1283 2025 1313 ι
2052 1271 2172 1343 Agii

580 1349 737 1405 vobis
756 1353 1003 1421 exposui,
1032 1369 1155 1424 qua
1181 1369 1211 1408 a
1242 1354 1430 1411 multis
1459 1357 1795 1427 culparetur,
1824 1360 2173 1416 immodicam

582 1443 972 1512 rapacitatem;
1024 1453 1084 1500 ut
1124 1448 1251 1517 quia
1296 1458 1476 1504 vestra
1527 1449 1581 1504 id
1632 1450 1828 1507 fecisse
1868 1450 2174 1522 iactabatur

582 1533 896 1603 voluntate,
951 1551 1077 1592 cum
1130 1553 1164 1593 a
1214 1540 1368 1595 vobis
1415 1540 1672 1612 deinceps
1715 1557 2171 1615 compesceretur,

586 1634 745 1682 extra
774 1627 923 1684 illam
972 1644 1038 1685 ea
1085 1632 1270 1687 omnia
1300 1633 1539 1704 gessisse
1563 1634 1833 1704 inspicere
1870 1637 2174 1694 volentibus

580 1721 873 1801 emineret.
906 1722 974 1778 Et
1008 1739 1319 1795 quanquam
1351 1726 1554 1782 frustra
1580 1726 1691 1800 Μ
1720 1729 1920 1799 prioris
1944 1728 2174 1798 jactura

588 1815 869 1883 querelam
920 1817 1196 1873 omiserim
1217 1859 1232 1883 ,
1276 1827 1332 1875 et
1380 1821 1447 1875 de
1499 1820 1588 1875 illa
1636 1838 1799 1893 quam
1831 1822 2174 1893 postmodum
2202 1821 2251 1883 Β
2279 1815 2380 1904 tia;
2405 1855 2530 1895 cum
2560 1815 2738 1912 pridie
2767 1846 2894 1902 ldus

586 1904 790 1972 intulit,
820 1906 1222 1977 impellentibus
1254 1909 1340 1966 his
1364 1910 1456 1981 qui
1487 1912 1725 1968 maximo
1760 1911 1939 1969 affecti
1960 1912 2178 1969 fuerant

588 1995 790 2052 damno
818 2006 1047 2068 questus
1088 1997 1284 2055 fuerim
1326 2002 1544 2059 domino
1570 2014 1777 2072 nostro,
1804 2014 1967 2076 atque
1999 2004 2088 2061 ille
2118 2014 2179 2060 ut

584 2101 653 2142 ea
700 2087 756 2142 in
809 2103 872 2144 re
920 2088 1006 2144 lex
1055 2102 1473 2149 conservaretur
1520 2110 1579 2150 se
1619 2096 1757 2152 velle
1802 2097 2174 2167 responderit,

584 2183 840 2252 persequi
875 2184 1149 2255 negotium
1179 2187 1495 2243 reverentiae
1520 2198 1717 2244 vestrae
1744 2189 2179 2246 consideratione

586 2270 806 2340 destiti,
832 2273 1175 2331 hortantibus
1205 2276 1257 2332 id
1297 2277 1607 2333 clarissimo
1651 2279 1770 2336 viro
1816 2278 2071 2335 Eriboldo
2121 2288 2178 2335 et

583 2363 883 2420 venerabili
939 2365 1206 2433 Fulcone,
1259 2368 1629 2438 qui‘mallent
1675 2383 1764 2424 me
1816 2370 2178 2425 maximarum

583 2467 767 2509 rerum
789 2470 953 2525 quam
975 2457 1229 2514 amicitiae
1257 2467 1455 2515 vestrae
1486 2460 1765 2530 dispendia
1793 2462 2079 2518 sustinere.
2106 2461 2179 2518 Ut

582 2552 764 2600 autem
796 2559 924 2601 vere
955 2547 1108 2604 vobis
1133 2550 1399 2605 conﬁtear
1428 2551 1571 2621 quod
1595 2553 1754 2623 cupio
1778 2569 1876 2610 vos
1900 2546 2176 2625 episcopa-

582 2634 707 2691 liter
757 2638 1041 2708 accipere,
1095 2640 1153 2695 in
1198 2642 1335 2697 urbe
1364 2655 1546 2699 vestra
1602 2653 1658 2699 et
1703 2646 1758 2701 in
1807 2646 2009 2703 villulis
2042 2662 2176 2717 quas

583 2728 924 2786 extrinsecus
969 2731 1303 2789 habebamus
1347 2749 1448 2791 nec
1489 2743 1702 2792 tantum
1751 2738 1973 2808 quidem
2020 2739 2178 2796 nobis

583 2821 835 2877 relictum
884 2831 971 2879 est
1018 2825 1162 2880 unde
1214 2824 1425 2883 familia
1474 2830 1683 2885 viveret
1737 2830 1964 2901 agrique
2019 2829 2177 2889 fenus

584 2914 913 2984 acciperent.
947 2913 1075 2970 Fuit
1104 2926 1283 2982 autem
1315 2921 1472 2975 nobis
1511 2920 1586 2975 ibi
1633 2935 1742 2976 non
1783 2925 2177 2980 contemnenda

583 3004 698 3058 vini
744 3011 800 3059 et
842 3019 1074 3061 annona:
1104 3008 1284 3077 copia,
1317 3009 1450 3065 salis
1485 3023 1700 3080 quoque
1737 3011 2128 3081 aliquantulum
2157 3031 2172 3069 :

586 3108 708 3164 quae
732 3094 950 3150 vendita
978 3102 1035 3150 et
1051 3097 1503 3154 vestimentorum
1530 3100 1689 3155 nobis
1710 3102 1999 3172 praebitura
2023 3111 2178 3159 erant

588 3182 815 3246 solatia,
854 3191 911 3239 et
959 3184 1014 3239 in
1064 3186 1501 3256 expeditionibus
1550 3206 1671 3260 quae
1716 3191 1821 3248 hoc
1867 3192 2177 3264 reipublicae
2204 3191 2250 3255 C

588 3274 902 3331 turbulento
930 3283 1174 3348 tempore
1210 3279 1500 3351 exiguntur
1536 3284 2066 3357 quantulamcunque
2091 3286 2174 3342 fa-

589 3364 845 3422 cultatem
868 3369 1081 3440 argenti
1107 3388 1120 3424 :
1148 3386 1376 3441 quarum
1400 3386 1584 3428 rerum
1609 3382 1810 3429 tantam
1836 3391 1979 3432 nunc
2001 3378 2178 3447 patior

589 3457 922 3518 anxietatem
949 3469 1011 3516 ut
1039 3460 1167 3517 illud
1189 3462 1322 3517 mihi
1352 3463 1525 3519 solum
1561 3474 1818 3520 occurrat
1842 3466 2126 3523 dicendum
2157 3484 2172 3523 :

592 3548 673 3604 Tu
700 3568 754 3606 ea
781 3550 1043 3623 refugium
1063 3568 1237 3608 meum
1266 3572 1301 3608 a
1329 3555 1667 3611 tribulatione
1688 3574 1806 3628 qua:
1833 3559 2177 3615 circumdedit

588 3656 671 3695 me
696 3638 871 3713 (Paul.
892 3641 1067 3711 xxxi).
1089 3641 1231 3699 Hinc
1250 3644 1396 3699 enim
1419 3659 1505 3700 me
1531 3644 1764 3702 fratrum
1782 3656 1946 3702 vexat
1971 3649 2174 3719 inepia,

588 3736 716 3792 hinc
739 3736 1097 3809 impendenda
1124 3738 1410 3796 itineribus
1435 3741 1788 3798 vehementer
1814 3742 1999 3816 aﬁligit
2016 3759 2178 3816 pecu-

586 3827 712 3892 nia,
759 3835 816 3882 et
862 3842 1001 3897 pene
1046 3828 1301 3884 omnibus
1349 3829 1513 3887 rebus
1552 3832 1754 3888 nostris
1799 3833 2040 3905 undique
2082 3841 2178 3891 aut

587 3920 820 3976 sublatis
862 3930 956 3975 aut
993 3921 1315 3988 devastatis,
1346 3912 1613 3994 nusquam
1636 3925 1743 3981 nisi
1770 3926 1824 3981 in
1855 3927 1951 3983 Dei
1977 3928 2175 3984 amico-

589 4028 817 4083 rumque
842 4012 1098 4084 suﬂ‘ragio
1121 4014 1382 4071 auxilium
1416 4016 1566 4073 valeo
1605 4018 1862 4089 reperire.
1903 4020 2173 4077 Caeterum
2278 4060 2282 4065 -

587 4104 658 4159 de
680 4104 711 4144 ι)
743 4103 940 4159 abbate
980 4105 1251 4174 quondam
1289 4115 1477 4163 nostro
1502 4106 1635 4163 falsa
1664 4109 1851 4165 nescio
1876 4126 1997 4180 quae
2019 4110 2176 4167 vobis

589 4195 757 4252 relata
781 4211 904 4253 esse
934 4198 1131 4262 audio;
1161 4206 1216 4254 et
1240 4192 1307 4255 ne
1329 4200 1471 4271 apud
1498 4217 1592 4257 vos
1620 4216 1685 4258 ea
1715 4202 1944 4259 ulterius
1966 4216 2176 4274 praeva-

588 4287 770 4354 leant,
824 4304 945 4359 quae
991 4304 1156 4361 super
1198 4305 1265 4347 ea
1304 4300 1459 4365 gesta
1511 4302 1639 4351 sunt
1687 4308 1847 4366 quam
1891 4295 2174 4352 verissime

659 4480 685 4509 ι
726 4467 867 4545 Agii.
901 4466 1003 4534 Qui
1032 4466 1155 4523 dein
1177 4430 1896 4545 Aurelianensisepiscopus
1925 4471 2025 4545 fuit
2049 4481 2174 4545 post

2269 561 2602 618 monasterio
2620 571 2811 619 nostro
2835 579 2958 620 esse
2977 567 3726 646 permittereturjussitmmtatm

2269 646 2337 704 de
2378 665 2445 706 eo
2493 650 2624 706 talia
2652 667 2775 724 quae
2818 633 3012 712 melius
3038 657 3353 715 reticentur.

2271 742 2661 799 monasterium
2709 743 2819 817 45
2870 761 3031 816 quam
3080 748 3393 807 mollissime
3435 753 3582 809 eidem
3617 760 3729 816 abbati

2271 831 2463 900 edixi;
2515 843 2679 906 atque
2724 837 2803 892 illi
2848 838 3161 896 hominibus
3205 841 3298 913 qui
3347 858 3463 900 eum
3508 846 3730 907 deducerent

2272 922 2564 993 deputatis,
2582 927 2739 997 equis
2758 935 2814 985 et
2832 930 3173 988 vestimentis
3189 941 3247 989 et
3264 944 3476 1008 argento
3494 938 3550 992 ad
3566 940 3732 997 viaticum

2273 1018 2575 1084 concessis,
2600 1032 2726 1075 curn
2750 1019 2907 1090 jussu
2931 1023 3138 1081 domini
3165 1027 3306 1092 regis
3325 1031 3537 1085 secundo
3556 1031 3733 1088 Kalendas

2274 1104 2591 1166 Decembris
2618 1126 3016 1182 promoverem,
3050 1118 3307 1175 constitui
3343 1129 3401 1176 ut
3431 1121 3554 1178 intra
3578 1139 3625 1179 tu
3652 1124 3731 1181 Noe

2274 1202 2563 1256 memorati
2590 1206 2793 1261 mensis
2814 1210 3148 1266 monasterio
3175 1211 3472 1280 decederet,
3494 1216 3606 1284 quod
3629 1231 3672 1272 eo
3687 1218 3733 1271 de

2275 1300 2402 1347 ante
2434 1293 2713 1351 dominum
2743 1314 2927 1370 regem
2951 1316 3040 1357 me
3064 1311 3350 1360 venturum
3378 1319 3626 1376 sperarem.
3645 1306 3733 1373 Quod

2275 1397 2398 1439 cum
2417 1385 2574 1455 juxta
2602 1404 2780 1446 meam
2802 1393 3111 1463 opinionem
3134 1396 3403 1464 fecissem.
3420 1410 3527 1470 post
3540 1401 3733 1458 solemnem

2277 1481 2652 1550 exceptionem
2681 1485 2931 1553 quaesivit
2978 1489 3237 1559 quidnam
3286 1491 3352 1547 de
3398 1492 3589 1562 praefato
3617 1494 3734 1550 abbate

2278 1565 2549 1624 fecissem.
2600 1571 2715 1644 Ego
2761 1574 2853 1644 qui
2888 1577 3168 1634 crederem
3207 1580 3289 1636 sic
3324 1583 3549 1639 eumdem
3579 1583 3733 1639 abbate-

2277 1661 2509 1731 gessisse
2548 1672 2623 1745 ut‘
2654 1665 2813 1722 nobis
2856 1680 3205 1739 convenerat,
3233 1684 3543 1745 praeceptum
3578 1674 3660 1744 ejus
3689 1690 3735 1730 ne

2279 1762 2442 1819 super
2466 1765 2534 1807 eo
2561 1738 2917 1825 complevisse
2944 1738 3472 1835 respondi-Accepta
3496 1738 3624 1836 igitur
3640 1766 3736 1819 lim-

2933 1848 3261 1908 Decembres
3289 1857 3588 1910 monasterio
3606 1855 3736 1924 propit-

2279 1944 2565 1999 quassem,
2609 1939 2849 2008 comperi
2889 1942 3239 2012 saepedictum
3282 1945 3518 2002 abbatem
3544 1947 3602 2003 ibi
3634 1948 3735 2002 adhuc

2279 2024 2501 2078 morari.
2531 2024 2671 2083 Hinc
2692 2030 3043 2090 vehementer
3066 2024 3282 2104 anxius,
3307 2042 3443 2110 quod
3461 2040 3592 2096 aliter
3604 2041 3736 2096 domino

2279 2122 2468 2170 nostro
2497 2117 2772 2185 dixeram,
2817 2123 2977 2181 aliter
3023 2127 3399 2199 inveniebam,
3422 2133 3615 2203 praemisi
3645 2143 3735 2187 nocte

2279 2205 2371 2274 qui
2395 2206 2444 2262 ei
2467 2207 2693 2267 honeste
2717 2212 2925 2272 diceret
2944 2226 3005 2273 ut
3022 2221 3200 2290 primo
3221 2220 3456 2281 diluculo
3471 2224 3734 2295 egi-ederem:

2279 2310 2406 2351 non.
2427 2311 2547 2354 esse
2591 2301 2876 2360 honestum
2914 2315 2974 2362 ut
3011 2318 3105 2365 aut
3136 2327 3239 2384 ego
3271 2330 3444 2371 meum
3471 2315 3735 2372 ditl‘erremin-

2280 2403 2542 2460 gressum,
2562 2403 2656 2448 aut
2670 2394 2821 2450 illum
2836 2396 2905 2453 ibi
2922 2409 3110 2456 contra
3125 2403 3331 2461 domini
3353 2409 3509 2464 nostri
3521 2415 3735 2480 praceptnu

2279 2478 2602 2540 invenirem.
2641 2484 2884 2559 Cumque
2914 2489 3004 2545 ille
3045 2495 3358 2555 mandasset
3398 2515 3455 2556 se
3478 2478 3531 2555 in
3546 2500 3736 2555 crastinus

2278 2576 2430 2631 exire
2459 2579 2810 2650 disposuisse,
2841 2599 2912 2640 ne
2946 2584 3182 2656 aliquam
3230 2589 3462 2648 inimicis
3491 2588 3735 2647 calumniam

2281 2679 2469 2722 ansam
2500 2668 2884 2741 relinquerem,
2912 2677 3227 2735 remandavi
3257 2696 3347 2737 me
3375 2698 3473 2739 non
3499 2681 3736 2751 anteingrs

2280 2774 2466 2815 surum
2515 2776 2678 2832 quam
2721 2763 2836 2834 ipse
2884 2769 3252 2838 egrederetur.
3303 2773 3382 2830 lta
3420 2774 3501 2829 ille
3536 2772 3735 2829 canonum

2279 2858 2530 2925 egressus
2558 2861 2672 2919 est,
2698 2856 2980 2925 permissis
3021 2859 3124 2916 sibi
3171 2863 3424 2920 omnibus
3457 2878 3560 2934 qua:
3590 2860 3642 2916 illi
3668 2866 3736 2913 ue

2279 2941 2505 3013 largitus
2526 2942 2757 3013 fueram,
2774 2955 2830 3004 et
2847 2950 3358 3024 nonnullisinsuper
3375 2954 3622 3010 attributis.
3637 2950 3735 3017 ρυ-

2281 3049 2393 3089 rem
2424 3036 2616 3093 aulicis
2641 3036 3001 3098 familiaribus
3026 3043 3161 3100 meis
3181 3047 3439 3103 continuo
3458 3039 3693 3117 signiﬁcati.
3707 3044 3737 3093 ά

2280 3136 2582 3197 opportune
2610 3139 2827 3201 egomet
2854 3131 3074 3189 domino
3103 3144 3295 3192 nostro
3335 3137 3552 3209 exposui,
3584 3142 3624 3189 et
3653 3145 3736 3187 metr

2280 3218 2434 3276 dacia
2465 3236 2586 3293 quae
2620 3221 2749 3279 inde
2777 3234 3090 3282 sererentur
3113 3228 3406 3287 declaravi.
3432 3229 3535 3286 Non
3558 3227 3736 3284 alitem

2279 3312 2463 3369 facere
2498 3314 2750 3372 debuisse
2774 3316 2855 3373 eis
2882 3319 3227 3377 concorditer
3264 3322 3438 3378 visum
3469 3328 3557 3377 est.
3584 3314 3737 3373 Viderint

2279 3403 2371 3474 qui
2395 3404 2503 3459 alia
2528 3405 2655 3461 inde
2683 3418 3025 3477 sparserunt,
3061 3425 3128 3465 an
3151 3426 3438 3482 perperam
3467 3402 3736 3472 καθάπερ

2279 3507 2430 3552 certe
2455 3497 2754 3568 simplicem
2776 3500 2832 3555 in
2852 3500 2956 3557 hac
2976 3512 3132 3573 parte
3150 3505 3370 3587 oculum
3386 3499 3735 3570 habenam

2279 3591 2395 3649 fore
2435 3610 2632 3665 corpus
2683 3597 2796 3671 46
2840 3613 3020 3655 meum
3066 3599 3245 3656 divina
3277 3602 3576 3658 auctoritate
3592 3590 3735 3652 conﬁde

2279 3681 2421 3753 Opto
2468 3699 2565 3741 vos
2612 3686 2797 3745 valere
2838 3686 3070 3745 feliciter
3114 3698 3171 3746 et
3210 3689 3375 3750 bonis
3396 3688 3617 3768 omnibus
3636 3683 3736 3739 ebur

2278 3773 2427 3832 dare.
3691 3786 3705 3801 ‘

2796 3921 3135 3982 EPISTOLA
3173 3925 3345 3985 XXII.

2826 4047 2851 4076 θ
2889 4053 2959 4092 AD
2995 4053 3328 4121 ιιωονιςυι.

2346 4201 2619 4271 Quantum
2649 4204 3017 4274 congaudeam
3041 4205 3387 4263 successibus
3414 4203 3583 4262 vestris

2275 4292 2533 4359 rioribus,
2580 4294 2795 4351 etiamsi
2838 4310 2948 4351 non
2976 4294 3310 4375 scriberem,
3347 4297 3496 4354 facile
3518 4292 3735 4366 possetut!

2276 4469 2413 4543 Nam
2434 4470 2550 4529 Odo
2572 4473 2794 4542 pronior
2813 4481 2933 4529 erat
2947 4473 3002 4529 in
3017 4472 3434 4543 Lotharium,nt
3456 4490 3515 4529 ex
3533 4459 3736 4543 epistola“

582 4535 793 4614 donum:
831 4538 998 4614 Recte
1036 4535 1660 4614 autem_ex_c_anone_lo'
1681 4535 1896 4598 concilii
1924 4535 2094 4600 habiti
2117 4544 2173 4599 in
2200 4550 2254 4611 D
2278 4541 2455 4614 colligi
2501 4535 2697 4614 potest.
2749 4543 2830 4599 Ob
2871 4560 2993 4600 eam
3035 4559 3294 4613 causam.
3322 4535 3397 4613 ,ἑο
3439 4535 3735 4614 τοτιειὲεο.³¹ί²⁵υ

583 4608 764 4664 Veruo
805 4608 1008 4680 palatio
1042 4608 1267 4680 collegit
1318 4610 1642 4666 Sirmondus
1685 4627 1789 4667 non
1838 4614 1971 4670 satis
2015 4615 2173 4670 initio

583 4678 870 4750 probatam
898 4678 1093 4734 Carolo
1137 4678 1301 4737 Calvo
1350 4680 1520 4756 fuisse
1566 4681 1960 4740 ordinationem
2010 4685 2169 4756 Agii,

586 4759 773 4823 ratam
811 4758 990 4823 tamen
1037 4759 1224 4823 postea
1271 4752 1464 4823 synodi
1510 4761 1707 4823 rogatu
1752 4768 1875 4809 eam
1921 4752 2173 4813 habuisse

623 4820 728 4894 uod
749 4819 868 4891 Agii
890 4819 1397 4894 episcopideiuceps
1417 4819 1608 4877 crebra
1628 4824 1827 4894 passim
1850 4826 1922 4880 sit
1943 4830 2167 4885 mentio.

623 4836 728 4873 uou
749 4836 868 4891 agn
890 4836 1127 4889 episcopi
1143 4836 1397 4893 deinceps
1417 4836 1608 4877 crebra
1628 4839 1827 4894 passum
1850 4836 1922 4880 stt
1943 4836 2167 4885 mentio.

582 4836 721 4944 wide
750 4903 870 4958 quae
914 4904 1012 4945 nos
1059 4890 1200 4947 infra
1231 4900 1558 4950 annotamus
1598 4895 1669 4948 ad
1716 4910 1981 4952 canonem
2017 4898 2170 4958 illum

582 4959 940 5015 Vernensem.

655 5030 684 5068 ι)
721 5028 919 5104 Aobate
944 5033 1208 5102 quondam
1232 5044 1429 5090 nostro.
1455 5034 1642 5092 Odone
1668 5038 1949 5104 nimirum,
1977 5039 2173 5098 abbate

585 5098 1381 5177 Ferrariensi'auteALupum.
1418 5106 1656 5177 Reliquit
1700 5118 1882 5164 autem
1928 5098 2169 5177 regimen

586 5172 896 5246 monasterii
915 5170 1065 5246 jussu
1088 5170 1265 5230 Caroli
1294 5175 1482 5240 Calvi;
1514 5170 1573 5246 in'
1596 5192 1702 5246 quo
1733 5179 1975 5235 facinore
1992 5170 2171 5241 Elucet

582 5241 747 5316 etiam
764 5245 1057 5316 auctoritas
1075 5246 1218 5316 regia
1237 5246 1290 5301 in
1312 5241 1669 5315 dispositione
1693 5249 2168 5311 monasteriorum.

586 5311 722 5366 Tum
770 5312 995 5390 Carolus
1046 5311 1297 5390 abbatem
1348 5311 1459 5371 illic
1508 5317 1742 5374 instituit
1773 5319 2004 5390 Lupum.
2035 5320 2171 5382 Vide

584 5391 740 5439 notas
775 5385 841 5439 ad
868 5385 1154 5455 epistolam
1187 5386 1440 5455 primam.

654 5467 676 5493 ο
722 5455 973 5511 Dominus
1006 5467 1198 5510 noster.
1226 5456 1282 5511 ld
1301 5468 1384 5511 est
1419 5457 1645 5515 Carolus
1675 5460 1871 5517 Calvus
1904 5477 2019 5516 rex.

647 5525 677 5604 ξι
716 5525 799 5604 Ne
818 5527 1262 5604 .in'monasterio.
1286 5526 1412 5604 llam
1439 5540 1521 5604 est
1544 5533 1815 5586 sententia
1842 5532 2007 5604 hujus
2037 5534 2160 5591 loci.

580 5594 717 5661 Odo,
748 5597 916 5651 abbas
951 5597 1265 5651 monasterii
1294 5596 1690 5666 Ferrariensis,
1715 5594 1980 5658 atrocium
2029 5605 2167 5662 faci-

580 5682 949 5752 norumnreus,
985 5666 1119 5752 iram
1149 5665 1340 5752 'Caroli
1383 5671 1525 5752 regis
1555 5665 1933 5752 adversumse
1959 5678 2168 5752 excita-

578 5748 749 5792 verat.
782 5737 849 5811 Et
884 5737 1025 5811 haud
1073 5738 1253 5811 dubie
1279 5737 1504 5811 quaestio
1546 5752 1665 5797 erat
1709 5744 1774 5799 de
1815 5746 2010 5801 violata
2061 5746 2168 5803 lltle

582 5824 700 5879 qua
751 5807 978 5877 principi
1026 5807 1128 5863 sub
1173 5807 1324 5878 cujus
1370 5812 1599 5881 imperio
1642 5814 1863 5881 vivitur,
1916 5817 2163 5875 debetur.

2278 4608 2946 4692 Carolus'fumnremovit
2974 4631 3002 4670 a
3029 4608 3294 4686 regimine
3322 4608 3736 4692 monasterii}???

2276 4683 2631 4763 riensisLPer
2660 4683 2779 4741 illas
2801 4685 3004 4763 quippe
3051 4683 3399 4763 tempestates
3447 4687 3519 4742 sic
3557 4683 3736 4763 existing:

2276 4754 2407 4836 bant
2439 4755 2690 4836 abbatem
2725 4756 2816 4825 qui
2846 4754 3121 4836 negligens
3150 4754 3290 4812 foret
3313 4760 3451 4836 circa
3476 4754 3719 4836 respuatig

2277 4823 2652 4907 deponendum
2702 4823 2823 4907 9558
2869 4823 3099 4907 Ρὲοῐῖιθτ
3144 4842 3269 4907 9³³2
3311 4823 3655 4907 ηθε¹ίβθ¹¹ἱί²φῖ

2275 4895 2443 4968 enim,
2467 4895 2625 4968 aiunt
2644 4895 2889 4968 episcopi
2910 4896 2963 4951 in
2982 4895 3198 4968 synodo
3226 4895 3582 4968 Vermeriensi.

2275 4966 2384 5050 gati
2406 4981 2549 5050 anno
2564 4961 2695 5032 846;
2722 4967 2775 5050 in
2797 4961 2903 5036 qua
2920 4961 3528 5050 privilegia__monas_terii

2275 4982 2384 5033 gau
2406 4982 2549 5021 anno
2564 4982 2693 5032 uo,
2722 4982 2775 5020 In
2797 4982 2903 5036 qua
2964 4982 3204 5050 rrvuegta
3225 4982 3528 5050 monasterii
3550 4982 3738 5044 ῳωιξιυτ

2275 5036 2351 5090 sis
2374 5036 2770 5108 conﬁrmarunt
2802 5055 2816 5091 :
2854 5056 2874 5088 ι
2915 4982 3069 5104 δυοά
3099 5053 3144 5092 st
3169 5038 3451 5108 aliquando
3476 5029 3739 5108 contigeratii

2275 5115 2457 5182 rector
2486 5106 2682 5182 aliquis
2729 5108 2785 5162 in
2832 5100 3024 5182 eodem
3069 5107 3189 5182 loco
3228 5100 3333 5163 non
3356 5109 3513 5182 digne
3534 5100 3737 5182 ὓθόῙίῬξ

2275 5185 2368 5231 aut
2414 5177 2553 5254 forte
2579 5166 3087 5254 Iminus_oi_liciosus
3115 5180 3259 5235 circa
3286 5166 3738 5254 principemnsitrltff

2275 5249 2609 5331 statuimus",
2660 5258 2732 5331 ut
2759 5249 2829 5331 si_
2863 5248 2953 5331 ille
3000 5258 3221 5331 propter
3272 5244 3420 5331 ἑυαη)
3456 5244 3736 5331 ἰιθὲίξεῗῗξίῗίξ

2275 5318 2553 5390 ςιρνοεῇιιδ
2574 5318 2757 5390 fuerit,
2783 5319 2978 5390 electio
3000 5316 3116 5376 illis
3133 5320 3447 5376 intemerata
3466 5316 3735 5390 permam‘f,’

2277 5385 2410 5462 Yide
2448 5388 2694 5462 Capitula
2723 5390 2903 5446 Caroli
2940 5389 3117 5458 Calvi,
3148 5391 3232 5446 tit.
3268 5408 3330 5456 ll,
3353 5385 3542 5462 capfb,
3565 5392 3609 5440 et
3631 5386 3737 5435 conc?

2274 5457 2403 5513 lium
2437 5457 2578 5533 apud
2606 5459 2957 5533 saponarias,
2986 5476 3103 5533 cap.
3135 5463 3220 5517 ll.
3418 5457 3436 5462 ’
3639 5520 3648 5531 ,
3675 5488 3679 5533 ;

2352 5542 2375 5611 ὲ
2546 5525 2890 5611 Ludo-vicum.
2924 5530 3017 5588 Sic
3046 5525 3207 5611 vulgo
3234 5535 3398 5611 codex
3427 5525 3736 5611 manuscriplf;

2272 5609 2368 5673 aut
2420 5600 2853 5673 Htudoguicum,
2900 5620 3007 5673 quo
3051 5589 3212 5659 etiam
3261 5589 3414 5660 modo
3455 5601 3661 5673 scriptu")

2273 5660 2795 5745 frequenter'istud
2840 5660 3036 5730 nomen
3094 5676 3147 5730 in
3198 5660 3734 5745 Chronico‘Ce'utllilfﬁ'

2273 5726 3734 5829 ξὲιμὲιρευίουε’ὐὸτῖρξίίιὲῑεὶζίζρὶοιῖίῇίῑᾷἀέδὲἓίὲἓὲἐ

2273 5821 2327 5868 et
2344 5808 2513 5870 abbas
2531 5808 2843 5873 monasterii
2866 5818 3040 5873 sancti
3062 5808 3378 5889 Dionisiifin
3393 5827 3514 5883 agro
3523 5808 3735 5864 Parim
